code,internal_code,name,manufacturer_name,manufacture_country,manufacturer_item_description,unit_qty,quantity,unit_of_measure,weighted,qty_in_package,price,unit_of_measure_price,allow_discount,status,item_id
220,false,אפרסק,,,אפרסק,Unknown,0.00,"ק""ג",true,0,15.90,15.90,true,1,
602,false,קפה טורקי 85גרם,,,בצל יבש,Unknown,0.00,"ק""ג",true,0,3.90,3.90,true,1,
619,false,פלפל אדום,,,פלפל אדום,Unknown,0.00,"ק""ג",true,0,7.90,7.90,true,1,
678,false,נתח קצבים טרי,,,ברוקולי,Unknown,0.00,Unknown,false,1,14.90,14.90,true,1,
5942,false,"תפו""ע קריספי",,,"תפו""ע קריספי",Unknown,0.00,"ק""ג",true,0,18.90,18.90,true,1,
6031,false,נקניק פיקולו יבש שלם,,,נקניק פיקולו יבש שלם,Unknown,0.00,"ק""ג",true,0,129.00,129.00,true,1,
46549,false,קולאז מוצרלה 20% במשקל,,,קולאז מוצרלה,קילוגרמים,0.00,"ק""ג",true,0,90.00,90.00,true,1,
47027,false,גבינת גלעד קצ'קבל תנובה,,,קולאז קצקבל גלעד,קילוגרמים,0.00,"ק""ג",true,0,150.00,150.00,true,1,
47034,false,קולאז רוקפור גליל במשקל-חריץ,,,קולאז רוקפור גליל,קילוגרמים,0.00,"ק""ג",true,0,145.00,145.00,true,1,
47485,false,"פיראוס בולגרית 24% בפח 3 ק""ג",,,בולגרית פיראוס 24%,Unknown,0.00,"ק""ג",true,0,65.00,65.00,true,1,
53219,false,גבינה חריץ טל העמק 32% במשקל,,,גבינה טל העמק 32%,Unknown,0.00,"ק""ג",true,0,65.00,65.00,true,1,
54766,false,מארז לחמניות,,,מארז גבטה,Unknown,0.00,Unknown,false,1,16.90,16.90,true,1,
56326,false,גבינה שוויצרית במשקל,,,גבינה שוויצרית במשקל,Unknown,0.00,"ק""ג",true,0,74.00,74.00,true,1,
86958,false,גבינה סלמי במשקל,,,גבינה סלמי במשקל,Unknown,0.00,"ק""ג",true,0,62.00,62.00,true,1,
90010,false,מסכה *10 ללא החזרה KN95,,,ללא החזרה KN95 מסכות,Unknown,0.00,Unknown,false,1,129.90,129.90,true,1,
304050,false,מסיכה כירורגית 1 יחידה,,,מסיכה כירורגית 1 יחי,Unknown,0.00,Unknown,false,1,0.50,0.50,true,1,
321646,false,פיסטוק קלוי טבעי,,,פיסטוק קלוי,Unknown,0.00,"ק""ג",true,0,99.00,99.00,true,1,
363462,false,סלמי מעושן איטלקי טירת צבי במשקל,,,סלמי מעושן איטלקי,Unknown,0.00,"ק""ג",true,0,75.00,75.00,true,1,
363486,false,נקניק תה טירת צבי במשקל,,,נקניק תה טירת צבי,Unknown,0.00,"ק""ג",true,0,55.00,55.00,true,1,
365954,false,פסטרמה הודו גחלים טירת צבי,,,פסטרמה גחלים,Unknown,0.00,"ק""ג",true,0,85.00,85.00,true,1,
369341,false,לבנה אבו גוש ירוק במשקל,,,לבנה אבו גוש ירוק במ,Unknown,0.00,"ק""ג",true,0,50.00,50.00,true,1,
554655,false,מוצרלה נקניק מעושן במשקל,,,מוצרלה נקניק מעושן,Unknown,0.00,"ק""ג",true,0,92.00,92.00,true,1,
554754,false,מוצרלה במים כדורים קטנים 18%,,,מוצרלה קטן במשקל,Unknown,0.00,"ק""ג",true,0,98.00,98.00,true,1,
554792,false,בולגרית מעודנת 5% במשקל,,,בולגרית מעודנת 5%,Unknown,0.00,"ק""ג",true,0,64.00,64.00,true,1,
554815,false,מוצרלה טבעית במשקל,,,מוצרלה טבעית במשקל,Unknown,0.00,"ק""ג",true,0,88.00,88.00,true,1,
554891,false,גבינה בולגרית דלי %16,,,בולגרית מעודנת 16%,Unknown,0.00,"ק""ג",true,0,64.00,64.00,true,1,
554969,false,גבינת שמנת 30% במשקל,,,גבינת שמנת 30% טבעי,Unknown,0.00,"ק""ג",true,0,49.00,49.00,true,1,
554976,false,גבינת שמנת 30% זיתים במשקל,,,גבינת שמנת 30% זיתים,קילוגרמים,0.00,"ק""ג",true,0,49.00,49.00,true,1,
554990,false,מוצרלה במים כדורים גדולים 18% במשקל,,,כדורי מוצרלה במשקל,Unknown,0.00,"ק""ג",true,0,101.00,101.00,true,1,
624518,false,חמוציות חצאים,,,חמוציות חצאים,Unknown,0.00,"ק""ג",true,0,29.00,29.00,true,1,
1101346,false,בוזנינה לבנה להב,,,בוזנינה לבנה,Unknown,0.00,"ק""ג",true,0,109.00,109.00,true,1,
1101407,false,נקניק לוביטלסקיה במשקל להב,,,פריזר לוביטלסקיה,Unknown,0.00,"ק""ג",true,0,85.00,85.00,true,1,
1101414,false,סינטה לבנה מעושנת-להב,,,סינטה לבנה מעושנת,Unknown,0.00,"ק""ג",true,0,105.00,105.00,true,1,
1101858,false,אודסקיה להב,,,אודסקיה,Unknown,0.00,"ק""ג",true,0,82.00,82.00,true,1,
1101865,false,פולקה איטלקי להב,,,פולקה איטלקי,Unknown,0.00,"ק""ג",true,0,95.00,95.00,true,1,
1191255,false,דניס מעושן,,IL,דניס מעושן,Unknown,0.00,"ק""ג",true,0,204.00,204.00,true,1,
1258118,false,גבינת קממברט-יעקבס,,,גבינת קממבר-יעקבס,Unknown,0.00,"ק""ג",true,0,95.00,95.00,true,1,
1258149,false,גבינת פקורינו רומנו צאן במשקל-יעקבס,,,גבינת פקורינו רומנו,קילוגרמים,0.00,"ק""ג",true,0,139.00,139.00,true,1,
1258170,false,גבינת רוקפור צאן במשקל-יעקבס,,,גבינת רוקפור צאן במש,גרמים,0.00,"ק""ג",true,0,136.00,136.00,true,1,
1258453,false,קממבר בקר עם אגוזים במשקל,,,קממבר בקר עם אגוזים,קילוגרמים,0.00,"ק""ג",true,0,95.00,95.00,true,1,
1258989,false,קממברט בקר בייבי במשקל,,,קממבר בקר בייבי,Unknown,0.00,"ק""ג",true,0,95.00,95.00,true,1,
1356111,false,הרינג כספי במשקל,,,הרינג כספי במשקל,Unknown,0.00,"ק""ג",true,0,32.00,32.00,true,1,
1356210,false,רוטבש במשקל,,,רוטבש במשקל,Unknown,0.00,"ק""ג",true,0,95.00,95.00,true,1,
1356241,false,מקרל מעושן חם -פיקלינג,,,מקרל מעושן חם -פיקלי,Unknown,0.00,"ק""ג",true,0,99.00,99.00,true,1,
1356418,false,פילה הרינג במשקל,,,פילה הרינג במשקל,Unknown,0.00,"ק""ג",true,0,42.00,42.00,true,1,
1356425,false,פילה מטיאס במשקל,,,פילה מטיאס במשקל,Unknown,0.00,"ק""ג",true,0,47.00,47.00,true,1,
1356463,false,בטן בייבי סלמון במשקל,,,בטן בייבי סלמון במשק,Unknown,0.00,"ק""ג",true,0,89.00,89.00,true,1,
1356500,false,קילקה בלי ראש במשקל,,,קילקה בלי ראש במשקל,Unknown,0.00,"ק""ג",true,0,63.00,63.00,true,1,
1356548,false,מקרל מלוח במשקל,,,מקרל מלוח במשקל,Unknown,0.00,"ק""ג",true,0,82.00,82.00,true,1,
1356586,false,מקרוסקה,,,מקרוסקה,Unknown,0.00,"ק""ג",true,0,139.00,139.00,true,1,
1356630,false,פילה הרינג כבוש במשקל,,,פילה הרינג כבוש במש,Unknown,0.00,"ק""ג",true,0,47.00,47.00,true,1,
1356715,false,סאלאקה מעושנת במשקל,,,סאלאקה מעושנת במשקל,Unknown,0.00,"ק""ג",true,0,84.00,84.00,true,1,
1356838,false,פלטוס במשקל,,,פלטוס במשקל,Unknown,0.00,"ק""ג",true,0,159.00,159.00,true,1,
1356982,false,סלמון בייבי במשקל,,,סלמון בייבי במשקל,Unknown,0.00,"ק""ג",true,0,175.00,175.00,true,1,
1401163,false,פריזר דוקטורסקייה מיני,,,פריזר דוקטורסקייה,Unknown,0.00,"ק""ג",true,0,69.00,69.00,true,1,
1404379,false,נקניק בריאנסקיה,,,נקניק בריאנסקיה,Unknown,0.00,"ק""ג",true,0,89.00,89.00,true,1,
1404447,false,נקניק סופר דומגנייאה,,,נקניק סופר דומגנייאה,Unknown,0.00,"ק""ג",true,0,139.00,139.00,true,1,
1406113,false,פריזר פרלמנט במשקל,,,פריזר פרלמנט במשקל,Unknown,0.00,"ק""ג",true,0,99.00,99.00,true,1,
1407028,false,חלבה שיש שקיל,,,חלבה שיש שקיל,Unknown,0.00,"ק""ג",true,0,49.00,49.00,true,1,
1418475,false,פריזר אליטנאיה במשקל,,,פריזר אליטנאיה במשקל,Unknown,0.00,"ק""ג",true,0,95.00,95.00,true,1,
1418789,false,פריזר אליטנאיה קטן במשקל,,,פריזר אליטנאיה קטן,Unknown,0.00,"ק""ג",true,0,95.00,95.00,true,1,
1421109,false,בוזנינה פסטיבל ביתי,,,בוזנינה פסטיבל ביתי,Unknown,0.00,"ק""ג",true,0,139.00,139.00,true,1,
1442135,false,לשון בקר מעושן,,,לשון בקר מעושן,Unknown,0.00,"ק""ג",true,0,85.00,85.00,true,1,
1499115,false,סלמי דוקטורסקיה להב,,,פריזר דוקטורסקיה,Unknown,0.00,"ק""ג",true,0,85.00,85.00,true,1,
1499313,false,פסטרמה קוטלט מעושן להב,,,פסטרמה קוטלט מעושן,Unknown,0.00,"ק""ג",true,0,96.00,96.00,true,1,
1499689,false,פסטרמה צוואר מעושן להב,,,פסטרמה צוואר מעושן,Unknown,0.00,"ק""ג",true,0,120.00,120.00,true,1,
1499733,false,נקניקיות שפיקצקי במשקל להב ארוז,,,נקניקיות שפיקצקי,Unknown,0.00,"ק""ג",true,0,68.00,68.00,true,1,
1499757,false,נקניקיות שפיקצקי במשקל להב,,,נקניקיות שפיקצקי,Unknown,0.00,"ק""ג",true,0,68.00,68.00,true,1,
1532010,false,סלמון מעושן חם במשקל,,,סלמון מעושן חם במשקל,Unknown,0.00,"ק""ג",true,0,188.00,188.00,true,1,
1532034,false,פורל בעישון חם במשקל,,,פורל בעישון חם במשקל,Unknown,0.00,"ק""ג",true,0,175.00,175.00,true,1,
1532065,false,דג טונה מעושן חם במשקל,,,דג טונה מעושן חם במש,Unknown,0.00,"ק""ג",true,0,149.00,149.00,true,1,
1532133,false,פילה הרינג מעושן במשקל,,,פילה הרינג מעושן במש,Unknown,0.00,"ק""ג",true,0,55.00,55.00,true,1,
1532140,false,דג מלוח גדול במשקל,,,דג מלוח גדול במשקל,Unknown,0.00,"ק""ג",true,0,32.00,32.00,true,1,
1532171,false,דג מלוח בוואקום במשקל,,,דג מלוח בוואקום במשק,Unknown,0.00,"ק""ג",true,0,32.00,32.00,true,1,
1532188,false,מקרל מעושן גדול במשקל,,,מקרל מעושן גדול במשק,Unknown,0.00,"ק""ג",true,0,95.00,95.00,true,1,
1532225,false,פילה לקרדה במשקל,,,פילה לקרדה במשקל,Unknown,0.00,"ק""ג",true,0,125.00,125.00,true,1,
1532249,false,מקרוסקה במשקל,,,מקרוסקה במשקל,Unknown,0.00,"ק""ג",true,0,129.00,129.00,true,1,
1532263,false,פילה סלמון במשקל,,,פילה סלמון במשקל,Unknown,0.00,"ק""ג",true,0,177.00,177.00,true,1,
1532270,false,דג הליבוט מעושן במשקל,,,דג הליבוט מעושן במשק,Unknown,0.00,"ק""ג",true,0,159.00,159.00,true,1,
1532317,false,מקרל בשמן במשקל,,,מקרל בשמן במשקל,Unknown,0.00,"ק""ג",true,0,99.00,99.00,true,1,
2073390,false,אוסובוקו לבן טרי,,,אוסובוקו לבן טרי,Unknown,0.00,"ק""ג",true,0,28.90,28.90,true,1,
2073932,false,פסטרמה רוסט ריב עגל,,,פסטרמה רוסט ריב עגל,Unknown,0.00,"ק""ג",true,0,113.00,113.00,true,1,
2265153,false,פלמידה מעושן בוואקום במשקל 400-600,,,פלמידה מעושן בוואקום,Unknown,0.00,"ק""ג",true,0,83.00,83.00,true,1,
2265214,false,פילה הרינג בשמן במשקל,,,פילה הרינג בשמן במשק,Unknown,0.00,"ק""ג",true,0,52.00,52.00,true,1,
2265269,false,רינגו במשקל,,,רינגו במשקל,Unknown,0.00,"ק""ג",true,0,42.00,42.00,true,1,
2265276,false,דג לש מעושן במשקל,,,דג לש מעושן במשקל,Unknown,0.00,"ק""ג",true,0,84.00,84.00,true,1,
2265283,false,וובלה יבש במשקל,,,וובלה יבש במשקל,Unknown,0.00,"ק""ג",true,0,90.00,90.00,true,1,
2265306,false,דג לש מיובש במשקל,,,דג לש מיובש במשקל,Unknown,0.00,"ק""ג",true,0,80.00,80.00,true,1,
2265337,false,מויבה מעושן במשקל,,,מויבה מעושן במשקל,Unknown,0.00,"ק""ג",true,0,83.00,83.00,true,1,
2265344,false,מויבה מעבש במשקל,,,מויבה מיובש במשקל,Unknown,0.00,"ק""ג",true,0,105.00,105.00,true,1,
2265672,false,דג מויבה קפוא במשקל,,,דג מויבה קפוא במשקל,Unknown,0.00,"ק""ג",true,0,45.00,45.00,true,1,
2265702,false,מקרל נורבגי קפוא שקיל,,,מקרל נורבגי קפוא,Unknown,0.00,"ק""ג",true,0,42.00,42.00,true,1,
2265719,false,הרינג נורבגי קפוא שקיל,,,הרינג נורבגי קפוא,Unknown,0.00,"ק""ג",true,0,30.00,30.00,true,1,
2345879,false,פרמזנו רגאנו במשקל,,IT,פרמזנו רגאנו במשקל,Unknown,0.00,"ק""ג",true,0,173.00,173.00,true,1,
2385455,false,בולגרית מעודנת 24% גד במשקל,,,בולגרית מעודנת 24% ג,Unknown,0.00,"ק""ג",true,0,63.00,63.00,true,1,
2385738,false,מנצגו חלב כבשים במשקל,,,מנצגו חלב כבשים,Unknown,0.00,"ק""ג",true,0,148.00,148.00,true,1,
2438045,false,נקניקיות באיירן,,IL,נקניקיות באיירן,Unknown,0.00,"ק""ג",true,0,45.90,45.90,true,1,
2511137,false,פטה עיזים 20% במשקל,,,פטה עיזים 20% במשקל,Unknown,0.00,"ק""ג",true,0,105.00,105.00,true,1,
2511236,false,גבינה בולגרית מעודנת 5% במשקל,,,גבינה בולגרית מעודנת,גרמים,0.00,"ק""ג",true,0,50.00,50.00,true,1,
2511281,false,ברינזה צאן במשקל,,,ברינזה צאן במשקל,Unknown,0.00,"ק""ג",true,0,80.00,80.00,true,1,
2511427,false,אצבעות שוקלד וניל במשקל,,,אצבעות שוקלד וניל במ,Unknown,0.00,"ק""ג",true,0,70.00,70.00,true,1,
2560005,false,פירות קפואים במשקל,,,פירות קפואים במשקל,Unknown,0.00,"ק""ג",true,0,49.00,49.00,true,1,
2560029,false,עוגיות בקלוואה,,,עוגיות בקלוואה במשקל,Unknown,0.00,"ק""ג",true,0,59.00,59.00,true,1,
2617471,false,גבינת צדר אנגלית מיושנת במשקל,,,גבינת צדר אנגלית,Unknown,0.00,"ק""ג",true,0,126.00,126.00,true,1,
2617488,false,גבינת צדר אנגלית מיושנת במשקל,,,גבינת צדר אנגלית,Unknown,0.00,"ק""ג",true,0,120.00,120.00,true,1,
2617495,false,גבינת צדר אנגלית עם וויסקי במשקל,,,גבינת צדר אנגלית,Unknown,0.00,"ק""ג",true,0,159.00,159.00,true,1,
2617501,false,גבינת צדר עם חמוציות במשקל,,,גבינת צדר עם חמוציות,Unknown,0.00,"ק""ג",true,0,166.00,166.00,true,1,
2749004,false,נקניק פולטבסקיה חצי יבש מזרע,,,נקניק פולטבסקיה,Unknown,0.00,"ק""ג",true,0,105.00,105.00,true,1,
2749561,false,נקניקיות בוואריה מזרע,,,נקניקיות בוואריה,Unknown,0.00,"ק""ג",true,0,79.00,79.00,true,1,
2749899,false,פילה לבן טרי,,,פילה לבן טרי,Unknown,0.00,"ק""ג",true,0,84.90,84.90,true,1,
2812530,false,גאודה הולנדי עשבי תיבול במשקל,,,גאודה עשבי תיבול,Unknown,0.00,"ק""ג",true,0,102.00,102.00,true,1,
2812540,false,גאודה הולנדית חרדל במשקל,,,גאודה הולנדית חרדל,Unknown,0.00,"ק""ג",true,0,137.00,137.00,true,1,
2830245,false,פילה לברק קפוא נטו,,,פילה לברק קפוא,Unknown,0.00,"ק""ג",true,0,59.90,59.90,true,1,
2837046,false,גבינת קרלובסקי במשקל,,,גבינת קרלובסקי במשקל,Unknown,0.00,"ק""ג",true,0,85.00,85.00,true,1,
2837121,false,גבינת פושיחונסקי במשקל,,,גבינת פושיחונסקי במש,Unknown,0.00,"ק""ג",true,0,79.00,79.00,true,1,
2920311,false,גבינת קממבר צאן במשקל גד,,,גבינת קממבר צאן במשק,Unknown,0.00,"ק""ג",true,0,144.00,144.00,true,1,
2966043,false,מעדן צמחי בטעם קוויאר אדום,,,מעדן צמחי טעם קוויאר,Unknown,0.00,"ק""ג",true,0,118.50,118.50,true,1,
3006021,false,קוביות מעדן פטה במשקל,,,קוביות מעדן פטה,Unknown,0.00,"ק""ג",true,0,92.00,92.00,true,1,
3006120,false,טאפס שכונתי במשקל,,,טאפס שכונתי במשקל,Unknown,0.00,"ק""ג",true,0,170.00,170.00,true,1,
3018246,false,פיקוליני שישליק אישי במשקל דימוב,,,פיקוליני שישליק אישי,Unknown,0.00,"ק""ג",true,0,165.00,165.00,true,1,
3018307,false,נקניקיות שויצרסקיה במשקל דימוב,,,נקניקיות שויצרסקיה,Unknown,0.00,"ק""ג",true,0,85.00,85.00,true,1,
3018338,false,נקניקיות סבינייה במשקל דימוב,,,נקניקיות סבינייה,Unknown,0.00,"ק""ג",true,0,75.00,75.00,true,1,
3018345,false,נקניק דוקטורסקיה במשקל דימוב,,,נקניק דוקטורסקיה,Unknown,0.00,"ק""ג",true,0,85.00,85.00,true,1,
3018352,false,סלמי מולוצניה דימוב,,,פריזר מולוצניה,Unknown,0.00,"ק""ג",true,0,85.00,85.00,true,1,
3018376,false,ליברניה דימוב,,,ליברניה,Unknown,0.00,"ק""ג",true,0,85.00,85.00,true,1,
3018512,false,נקניק בראונשווגסקיה במשקל דימוב,,,נקניק בראונשווגסקיה,Unknown,0.00,"ק""ג",true,0,165.00,165.00,true,1,
3018598,false,פיקוליני בייקון אישי במשקל דימוב,,,פיקוליני בייקון אישי,Unknown,0.00,"ק""ג",true,0,165.00,165.00,true,1,
3018611,false,פיקוליני גבינה אישי במשקל דימוב,,,פיקוליני גבינה אישי,Unknown,0.00,"ק""ג",true,0,165.00,165.00,true,1,
3018680,false,נקניק קרקובסקיה דימוב,,,נקניק קרקובסקיה,Unknown,0.00,"ק""ג",true,0,109.00,109.00,true,1,
3018703,false,סלמי פינסקיה דימוב,,,סלמי פינסקיה,Unknown,0.00,"ק""ג",true,0,105.00,105.00,true,1,
3018727,false,נקניק וארשבסקיה דימוב,,,נקניק וארשבסקיה,Unknown,0.00,"ק""ג",true,0,112.00,112.00,true,1,
3018734,false,נקניק חי איטליינסקיה דימוב,,,נקניק חי איטלינסקיה,Unknown,0.00,"ק""ג",true,0,165.00,165.00,true,1,
3131198,false,כוסברה שלם במשקל,,,כוסברה שלם במשקל,Unknown,0.00,"ק""ג",true,0,39.00,39.00,true,1,
3131211,false,כוסברה במשקל,,,כוסברה במשקל,Unknown,0.00,"ק""ג",true,0,39.00,39.00,true,1,
3131228,false,פשתן,,,פשתן,Unknown,0.00,"ק""ג",true,0,11.00,11.00,true,1,
3131242,false,קוקוס טחון,,,קוקוס טחון,Unknown,0.00,"ק""ג",true,0,29.00,29.00,true,1,
3131297,false,בננה ציפס שטוח,,,בננה ציפס שטוח,Unknown,0.00,"ק""ג",true,0,35.00,35.00,true,1,
3131310,false,בוטן טבעי,,,בוטן טבעי,Unknown,0.00,"ק""ג",true,0,25.00,25.00,true,1,
3131334,false,פפאיה,,,פפאיה,Unknown,0.00,"ק""ג",true,0,30.00,30.00,true,1,
3131358,false,שזיף מגולען,,,שזיף מגולען,Unknown,0.00,"ק""ג",true,0,39.00,39.00,true,1,
3131938,false,תבלין שום שמיר,,,תבלין שום שמיר,Unknown,0.00,"ק""ג",true,0,70.00,70.00,true,1,
3132157,false,מקלות קינמון במשקל,,,מקלות קינמון במשקל,Unknown,0.00,"ק""ג",true,0,90.00,90.00,true,1,
3132799,false,אננס מיובש ארוז במשקל אותנטי,,,אננס מיובש ארוז במש,Unknown,0.00,"ק""ג",true,0,49.00,49.00,true,1,
3132836,false,אורגנו מקומי,,,אורגנו מקומי,Unknown,0.00,"ק""ג",true,0,70.00,70.00,true,1,
3133062,false,תבלין לסטייקם במשקל,,,תבלין לסטייקם במשקל,Unknown,0.00,"ק""ג",true,0,60.00,60.00,true,1,
3189045,false,צהובה הולנדית במשקל,,,צהובה הולנדית במשקל,קילוגרמים,0.00,"ק""ג",true,0,37.00,37.00,true,1,
3189199,false,גבינה חריפה מקסיקני 26% מעדניה,,,צהובה חריפה במשקל,Unknown,0.00,"ק""ג",true,0,30.00,30.00,true,1,
3189274,false,צהובה מעושנת במשקל,,,צהובה מעושנת במשקל,קילוגרמים,0.00,"ק""ג",true,0,40.00,40.00,true,1,
3192014,false,פקאן במשקל,,,פקאן במשקל,Unknown,0.00,"ק""ג",true,0,99.00,99.00,true,1,
3192137,false,ציפורן טחון במשקל,,,ציפורן טחון במשקל,Unknown,0.00,"ק""ג",true,0,143.00,143.00,true,1,
3192212,false,פלפל שחור גרוס דק במשקל,,,פלפל שחור גרוס דק במ,Unknown,0.00,"ק""ג",true,0,99.00,99.00,true,1,
3192236,false,פלפל שחור שלם במשקל,,,פלפל שחור שלם במשקל,Unknown,0.00,"ק""ג",true,0,90.00,90.00,true,1,
3192243,false,פלפל לבן שלם במשקל,,,פלפל לבן שלם במשקל,Unknown,0.00,"ק""ג",true,0,149.00,149.00,true,1,
3192335,false,אגוז מוסקט במשקל,,,אגוז מוסקט במשקל,Unknown,0.00,"ק""ג",true,0,168.00,168.00,true,1,
3192342,false,אגוז מוסקט שלם במשקל,,,אגוז מוסקט שלם במשקל,Unknown,0.00,"ק""ג",true,0,170.00,170.00,true,1,
3192359,false,תרמילי הל במשקל,,,תרמילי הל במשקל,Unknown,0.00,"ק""ג",true,0,300.00,300.00,true,1,
3192502,false,חמוצים ב-6.90 ₪ ל-100 גר,,,חמוצים בתפזורת,Unknown,0.00,"ק""ג",true,0,69.00,69.00,true,1,
3192519,false,חמוצים ב-4.90 שח ל-100 גר,,,חמוצים ב-4.90 שח ל-1,Unknown,0.00,"ק""ג",true,0,49.00,49.00,true,1,
3192564,false,תמר מגהול ענק,,,תמר מגהול ענק,Unknown,0.00,"ק""ג",true,0,59.00,59.00,true,1,
3192595,false,ראס אל חנות במשקל,,,ראס אל חנות במשקל,Unknown,0.00,"ק""ג",true,0,90.00,90.00,true,1,
3192601,false,תות מיובש במשקל,,,תות מיובש במשקל,Unknown,0.00,"ק""ג",true,0,100.00,100.00,true,1,
3192618,false,צנובר סיני,,,צנובר סיני,Unknown,0.00,"ק""ג",true,0,199.00,199.00,true,1,
3192748,false,צימוק לבן ענק,,,צימוק לבן ענק,Unknown,0.00,"ק""ג",true,0,45.00,45.00,true,1,
3192854,false,קשיו טבעי במשקל,,,קשיו טבעי במשקל,Unknown,0.00,"ק""ג",true,0,80.00,80.00,true,1,
3192960,false,חמניה מקולף,,,חמניה מקולף,Unknown,0.00,"ק""ג",true,0,29.00,29.00,true,1,
3192977,false,דלעת מקולפת,,,דלעת מקולפת,Unknown,0.00,"ק""ג",true,0,39.00,39.00,true,1,
3211029,false,כורכום שלם במשקל,,,כורכום שלם במשקל,Unknown,0.00,"ק""ג",true,0,49.00,49.00,true,1,
3211104,false,צימוק חום,,,צימוק חום,Unknown,0.00,"ק""ג",true,0,30.00,30.00,true,1,
3211111,false,בוטנים במלח במשקל,,,בוטנים במלח במשקל,Unknown,0.00,"ק""ג",true,0,50.00,50.00,true,1,
3211128,false,בוטנים מסוכרים,,,בוטנים מסוכרים,Unknown,0.00,"ק""ג",true,0,39.00,39.00,true,1,
3211203,false,תאנים מיובשות במשקל,,,תאנים מיובשות במשקל,Unknown,0.00,"ק""ג",true,0,48.00,48.00,true,1,
3211234,false,פפריקה מתוקה במשקל,,,פפריקה מתוקה במשקל,Unknown,0.00,"ק""ג",true,0,47.00,47.00,true,1,
3211241,false,שום גבישי שקיל,,,שום גבישי שקיל,Unknown,0.00,"ק""ג",true,0,99.00,99.00,true,1,
3211258,false,קינמון טחון במשקל,,,קינמון טחון במשקל,Unknown,0.00,"ק""ג",true,0,59.00,59.00,true,1,
3211289,false,חרדל שחור במשקל,,,חרדל שחור במשקל,Unknown,0.00,"ק""ג",true,0,59.00,59.00,true,1,
3211357,false,צימוק לבן קטן,,,צימוק לבן קטן,Unknown,0.00,"ק""ג",true,0,30.00,30.00,true,1,
3211364,false,חלבה במשקל,,,חלבה במשקל,Unknown,0.00,"ק""ג",true,0,60.00,60.00,true,1,
3211432,false,פיסטוק חלבי מקולף,,,פיסטוק חלבי מקולף,Unknown,0.00,"ק""ג",true,0,160.00,160.00,true,1,
3211456,false,בצל מטוגן במשקל,,,בצל מטוגן במשקל,Unknown,0.00,"ק""ג",true,0,70.00,70.00,true,1,
3211593,false,זעתר עם שומשום במשקל,,,זעתר עם שומשום במשקל,Unknown,0.00,"ק""ג",true,0,57.00,57.00,true,1,
3211623,false,פלפל אנגלי שלם במשקל,,,פלפל אנגלי שלם במשקל,Unknown,0.00,"ק""ג",true,0,85.00,85.00,true,1,
3211739,false,אננס צהוב עיגולים,,,אננס צהוב עיגולים,Unknown,0.00,"ק""ג",true,0,39.00,39.00,true,1,
3211746,false,ציפורן שלם במשקל,,,ציפורן שלם במשקל,Unknown,0.00,"ק""ג",true,0,160.00,160.00,true,1,
3211760,false,תבלין לשווארמה במשקל,,,תבלין לשווארמה במשקל,Unknown,0.00,"ק""ג",true,0,59.00,59.00,true,1,
3211777,false,תבלין לגריל עוף במשקל,,,תבלין לגריל עוף במשק,Unknown,0.00,"ק""ג",true,0,69.00,69.00,true,1,
3211807,false,תבלין לדג במשקל,,,תבלין לדג במשקל,Unknown,0.00,"ק""ג",true,0,75.00,75.00,true,1,
3211845,false,פלפל שטה טחון במשקל,,,פלפל שטה טחון במשקל,Unknown,0.00,"ק""ג",true,0,59.00,59.00,true,1,
3211890,false,סוכריות גומי במשקל,,,סוכריות גומי במשקל,Unknown,0.00,"ק""ג",true,0,69.00,69.00,true,1,
3211944,false,חוואג לקפה במשקל,,,חוואג לקפה במשקל,Unknown,0.00,"ק""ג",true,0,75.00,75.00,true,1,
3211999,false,פריכיות אורז ריזוטו במשקל,,,פריכיות אורז ריזוטו,Unknown,0.00,"ק""ג",true,0,89.00,89.00,true,1,
3213061,false,קצח במשקל,,,קצח במשקל,Unknown,0.00,"ק""ג",true,0,69.00,69.00,true,1,
3213078,false,תבלין טוסקנה,,,תבלין טוסקנה,Unknown,0.00,"ק""ג",true,0,79.00,79.00,true,1,
3213092,false,בונדוק לא קלוי,,,בונדוק לא קלוי,Unknown,0.00,"ק""ג",true,0,69.00,69.00,true,1,
3213153,false,שמיר במשקל,,,שמיר במשקל,Unknown,0.00,"ק""ג",true,0,99.00,99.00,true,1,
3213160,false,כורכום במשקל,,,כורכום במשקל,Unknown,0.00,"ק""ג",true,0,69.00,69.00,true,1,
3213177,false,פילדפיה במשקל,,,פילדפיה במשקל,Unknown,0.00,"ק""ג",true,0,79.00,79.00,true,1,
3213207,false,צילי חריף גרוס במשקל,,,צילי חריף גרוס במשקל,Unknown,0.00,"ק""ג",true,0,90.00,90.00,true,1,
3213221,false,קארי מסאלה 1במשקל,,,קארי מסאלה 1במשקל,Unknown,0.00,"ק""ג",true,0,79.00,79.00,true,1,
3213252,false,קייגין במשקל,,,קייגין במשקל,Unknown,0.00,"ק""ג",true,0,90.00,90.00,true,1,
3213283,false,קינואה במשקל,,,קינואה במשקל,Unknown,0.00,"ק""ג",true,0,29.00,29.00,true,1,
3213306,false,כמון מזרחי במשקל,,,כמון מזרחי במשקל,Unknown,0.00,"ק""ג",true,0,69.00,69.00,true,1,
3213337,false,חוואג למרק במשקל,,,חוואג למרק במשקל,Unknown,0.00,"ק""ג",true,0,79.00,79.00,true,1,
3213375,false,שקד טבעי,,,שקד טבעי,Unknown,0.00,"ק""ג",true,0,69.00,69.00,true,1,
3213382,false,אגוז מלך,,,אגוז מלך,Unknown,0.00,"ק""ג",true,0,59.00,59.00,true,1,
3213399,false,אגוז ברזיל,,,אגוז ברזיל,Unknown,0.00,"ק""ג",true,0,59.00,59.00,true,1,
3213405,false,קיווי במשקל,,,קיווי במשקל,Unknown,0.00,"ק""ג",true,0,100.00,100.00,true,1,
3213443,false,אננס טבעי,,,אננס טבעי,Unknown,0.00,"ק""ג",true,0,79.00,79.00,true,1,
3213498,false,תפוח עץ מיובש טבעות במשקל,,,תפוח עץ מיובש טבעות,Unknown,0.00,"ק""ג",true,0,49.00,49.00,true,1,
3213559,false,בננה מיובשת,,,בננה מיובשת,Unknown,0.00,"ק""ג",true,0,99.00,99.00,true,1,
3213573,false,משמש מיובש אוזבקי במשקל,,,משמש מיובש אוזבקי,Unknown,0.00,"ק""ג",true,0,69.00,69.00,true,1,
3213580,false,פלחי מנדרינה,,,פלחי מנדרינה,Unknown,0.00,"ק""ג",true,0,119.00,119.00,true,1,
3213603,false,מנגו רצועות טבעי,,,מנגו רצועות טבעי,Unknown,0.00,"ק""ג",true,0,119.00,119.00,true,1,
3213665,false,פלפל סודאני נווה תבלין,,,פלפל סודאני נווה תבל,Unknown,0.00,"ק""ג",true,0,69.00,69.00,true,1,
3213733,false,תערובת לאורז במשקל,,,תערובת לאורז במשקל,Unknown,0.00,"ק""ג",true,0,79.00,79.00,true,1,
3213757,false,קשיו בדבש,,,קשיו בדבש,Unknown,0.00,"ק""ג",true,0,99.00,99.00,true,1,
3213764,false,פקאן מסוכר,,,פקאן מסוכר,Unknown,0.00,"ק""ג",true,0,120.00,120.00,true,1,
3213771,false,פלפל שחור טחון במשקל,,,פלפל שחור טחון במשקל,Unknown,0.00,"ק""ג",true,0,99.00,99.00,true,1,
3213788,false,פלפל לבן במשקל,,,פלפל לבן במשקל,Unknown,0.00,"ק""ג",true,0,135.00,135.00,true,1,
3213818,false,אניס ינסון גרגירים,,,אניס ינסון גרגירים,Unknown,0.00,"ק""ג",true,0,120.00,120.00,true,1,
3213832,false,שקד מולבן פרוס/חצוי/טחון/שלם,,,שקד מולבן פרוס/חצוי/,Unknown,0.00,"ק""ג",true,0,79.00,79.00,true,1,
3213849,false,רצועות קוקוס,,,רצועות קוקוס,Unknown,0.00,"ק""ג",true,0,59.00,59.00,true,1,
3213856,false,פרוסות תפוז,,,פרוסות תפוז,Unknown,0.00,"ק""ג",true,0,94.00,94.00,true,1,
3213948,false,רוזמרין,,,רוזמרין,Unknown,0.00,"ק""ג",true,0,75.00,75.00,true,1,
3345731,false,כרעיים ללא עור ושומן,,,כרעיים ללא עור ושומן,Unknown,0.00,"ק""ג",true,0,27.90,27.90,true,1,
3714292,false,הרץ בייבי במשקל מניה,,,הרץ בייבי במשקל,Unknown,0.00,"ק""ג",true,0,105.00,105.00,true,1,
3714339,false,וינר עבה במשקל מניה,,,וינר עבה במשקל מניה,Unknown,0.00,"ק""ג",true,0,69.00,69.00,true,1,
3800001,false,כנפיים טרי לוקס,,,כנפיים טרי לוקס,Unknown,0.00,"ק""ג",true,0,21.90,21.90,true,1,
3800513,false,פילה עוף טרי,,,פילה עוף טרי,Unknown,0.00,"ק""ג",true,0,39.90,39.90,true,1,
4050030,false,פסטרמה קופצסקיה מזרע,,,פסטרמה קופצסקיה מזרע,Unknown,0.00,"ק""ג",true,0,105.00,105.00,true,1,
4050191,false,נקניק סלמי הונגרי,,,נקניק סלמי הונגרי,Unknown,0.00,"ק""ג",true,0,175.00,175.00,true,1,
4050283,false,פפרוני עגל במשקל,,,פפרוני עגל במשקל,Unknown,0.00,"ק""ג",true,0,165.00,165.00,true,1,
4050368,false,סלמי קופצסקי סרוולט,,,סלמי קופצסקי סרוולט,Unknown,0.00,"ק""ג",true,0,110.00,110.00,true,1,
4050382,false,סלמי ספרטק,,,סלמי ספרטק,Unknown,0.00,"ק""ג",true,0,150.00,150.00,true,1,
4050429,false,קבנוס אוחוטניצי קולבסי,,,קבנוס אוחוטניצי קולב,Unknown,0.00,"ק""ג",true,0,125.00,125.00,true,1,
4050443,false,בייקון במשקל,,,בייקון במשקל,Unknown,0.00,"ק""ג",true,0,200.00,200.00,true,1,
4050559,false,מורטדלה איטלקית זיתים מזרע,,,מורטדלה איטלקית זיתי,Unknown,0.00,"ק""ג",true,0,66.00,66.00,true,1,
4050597,false,פרושוטו,,,פרושוטו,Unknown,0.00,"ק""ג",true,0,312.00,312.00,true,1,
4050801,false,לשון בקר איטלקי,,,לשון בקר איטלקי,Unknown,0.00,"ק""ג",true,0,135.00,135.00,true,1,
4050894,false,נקניק סלמי כפרי,,,נקניק סלמי כפרי,Unknown,0.00,"ק""ג",true,0,175.00,175.00,true,1,
4051013,false,בלוק פטה כבד עוף,,,בלוק פטה כבד עוף,Unknown,0.00,"ק""ג",true,0,85.00,85.00,true,1,
4051037,false,נקניקיות סליווצנה,,,נקניקיות סליווצנה,Unknown,0.00,"ק""ג",true,0,60.00,60.00,true,1,
4051082,false,קורנביף במשקל,,,קורנביף במשקל,Unknown,0.00,"ק""ג",true,0,120.00,120.00,true,1,
4051174,false,סרוולט אוסטרי במשקל,,,סרוולט אוסטרי,Unknown,0.00,"ק""ג",true,0,175.00,175.00,true,1,
4051204,false,פסטרמה הודו עם אווז,,,פסטרמה הודו עם אווז,Unknown,0.00,"ק""ג",true,0,135.00,135.00,true,1,
4051402,false,צוואר מעושן במשקל,,,צוואר מעושן במשקל,Unknown,0.00,"ק""ג",true,0,170.00,170.00,true,1,
4051457,false,שוק מעושן במשקל,,,שוק מעושנת במשקל,Unknown,0.00,"ק""ג",true,0,100.00,100.00,true,1,
4051464,false,נקניק סלמי מילאנו,,,נקניק סלמי מילאנו,Unknown,0.00,"ק""ג",true,0,155.00,155.00,true,1,
4051488,false,גבינה קייבסקי במשקל,,,גבינה קייבסקי במשקל,Unknown,0.00,"ק""ג",true,0,74.00,74.00,true,1,
4051495,false,בוזנינה כפרית במשקל,,,בוזנינה כפרית במשקל,Unknown,0.00,"ק""ג",true,0,170.00,170.00,true,1,
4051563,false,נקניק סלמי צרפתי,,,נקניק סלמי צרפתי,Unknown,0.00,"ק""ג",true,0,175.00,175.00,true,1,
4051594,false,נקניק סלמי פארמה במשקל,,,נקניק סלמי פארמה,Unknown,0.00,"ק""ג",true,0,105.00,105.00,true,1,
4051617,false,נקניק סלמי רוונה במשקל,,,נקניק סלמי רוונה,Unknown,0.00,"ק""ג",true,0,100.00,100.00,true,1,
4051785,false,מורטדלה איטלקית,,,מורטדלה איטלקית,Unknown,0.00,"ק""ג",true,0,70.00,70.00,true,1,
4052034,false,נקניק מוסקובסקיה -מזרע,,,נקניק מוסקובסקיה,Unknown,0.00,"ק""ג",true,0,115.00,115.00,true,1,
4052065,false,גרודינקה בייקון,,,גרודינקה בייקון,Unknown,0.00,"ק""ג",true,0,220.00,220.00,true,1,
4052072,false,סלה דומשניה,,,סלה דומשניה,Unknown,0.00,"ק""ג",true,0,105.00,105.00,true,1,
4052096,false,סלה הונגרי-מזרע,,,סלה הונגרי,Unknown,0.00,"ק""ג",true,0,100.00,100.00,true,1,
4052102,false,עוף מעושן בטעם רוסי במשקל,,,עוף מעושן בטעם רוסי,Unknown,0.00,"ק""ג",true,0,75.00,75.00,true,1,
4052119,false,חטיפי קבנוס רו,,,חטיפי קבנוס רו,Unknown,0.00,"ק""ג",true,0,179.00,179.00,true,1,
4052348,false,קבנוס מזרע,,,קבנוס מזרע,Unknown,0.00,"ק""ג",true,0,100.00,100.00,true,1,
4052386,false,פסטרמה אסאדו לבן במשקל,,,פסטרמה אסאדו לבן במש,Unknown,0.00,"ק""ג",true,0,140.00,140.00,true,1,
4052423,false,ברזאולה,,,ברזאולה,Unknown,0.00,"ק""ג",true,0,295.00,295.00,true,1,
4052577,false,שווארמה הודו צועני במשקל,,,שווארמה הודו צועני,Unknown,0.00,"ק""ג",true,0,125.00,125.00,true,1,
4052614,false,שווארמה הודו אפויה במשקל,,,שווארמה הודו אפויה,Unknown,0.00,"ק""ג",true,0,125.00,125.00,true,1,
4052652,false,רו בייקון במשקל,,,רו בייקון במשקל,Unknown,0.00,"ק""ג",true,0,260.00,260.00,true,1,
4052676,false,נקניקיות פרגית במשקל מזרע,,,נקניקיות פרגית במשקל,Unknown,0.00,"ק""ג",true,0,36.00,36.00,true,1,
4052751,false,נקניקיות נטורל,,,בייבי בק ריבס לבן טר,Unknown,0.00,"ק""ג",true,0,109.90,109.90,true,1,
4052799,false,פסטרמה לבנה,,,פסטרמה לבנה,Unknown,0.00,"ק""ג",true,0,120.00,120.00,true,1,
4052966,false,נקניק תה רחב במשקל,,,נקניק תה במשקל,Unknown,0.00,"ק""ג",true,0,65.00,65.00,true,1,
4052973,false,רוסטביף ללא חומר משמר במשקל,,,רוסטביף,Unknown,0.00,"ק""ג",true,0,195.00,195.00,true,1,
4053000,false,נקניק רו סרוולט,,,נקניק רו סרוולט,Unknown,0.00,"ק""ג",true,0,165.00,165.00,true,1,
4053017,false,נקניק סלמי הרץ מזרע,,,נקניק סלמי הרץ מזרע,Unknown,0.00,"ק""ג",true,0,152.00,152.00,true,1,
4053024,false,נקניק פפרוני,,,נקניק פפרוני,Unknown,0.00,"ק""ג",true,0,165.00,165.00,true,1,
4053161,false,נקניק רוסקי סרוולט,,,נקניק רוסקי סרוולט,Unknown,0.00,"ק""ג",true,0,165.00,165.00,true,1,
4053215,false,פסטרמה על האש,,,פסטרמה על האש,Unknown,0.00,"ק""ג",true,0,139.00,139.00,true,1,
4053246,false,בסטרומה ארמנית דל שומןמזרע,,,"בסטרומה ארמנית ד""ש",Unknown,0.00,"ק""ג",true,0,210.00,210.00,true,1,
4053413,false,קרביינקה,,,קרביינקה,Unknown,0.00,"ק""ג",true,0,80.00,80.00,true,1,
4053710,false,פסטרמה חזה הודו מקסיקני,,,פסטרמה חזה הודו,Unknown,0.00,"ק""ג",true,0,80.00,80.00,true,1,
4053918,false,כתף בקר מעושנת במשקל,,,כתף בקר מעושנת במשקל,Unknown,0.00,"ק""ג",true,0,125.00,125.00,true,1,
4054014,false,שינקן מעושן במשקל,,,שינקן מעושן במשקל,Unknown,0.00,"ק""ג",true,0,130.00,130.00,true,1,
4054021,false,שינקן פולני פולני חצי במשקל,,,שינקן פולני במשקל,Unknown,0.00,"ק""ג",true,0,120.00,120.00,true,1,
4054038,false,שינקן צועני במשקל,,,שינקן צועני במשקל,Unknown,0.00,"ק""ג",true,0,120.00,120.00,true,1,
4054373,false,סלמי פינלנד,,,סלמי פינלנד,Unknown,0.00,"ק""ג",true,0,160.00,160.00,true,1,
4054380,false,סלמי זרניסטיה,,,סלמי זרניסטיה,Unknown,0.00,"ק""ג",true,0,160.00,160.00,true,1,
4054397,false,פרושוטו רוסי,,,פרושוטו רוסי,Unknown,0.00,"ק""ג",true,0,215.00,215.00,true,1,
4054427,false,שוק חזירון בלי עצם,,,פסטרמה שוק חזירון,Unknown,0.00,"ק""ג",true,0,110.00,110.00,true,1,
4054434,false,וצינה מוסקובסקיה,,,וצינה מוסקובסקיה,Unknown,0.00,"ק""ג",true,0,150.00,150.00,true,1,
4054502,false,לשון עגל קרושה,,,לשון עגל קרושה,Unknown,0.00,"ק""ג",true,0,90.00,90.00,true,1,
4054946,false,סלמי קרמליובסקי סרוולט,,,סלמי קרמליובסקי,Unknown,0.00,"ק""ג",true,0,100.00,100.00,true,1,
4054953,false,סרוולט איטלקי,,,סרוולט איטלקי,Unknown,0.00,"ק""ג",true,0,115.00,115.00,true,1,
4054960,false,נקניק סבינייה,,,נקניק סבינייה,Unknown,0.00,"ק""ג",true,0,190.00,190.00,true,1,
4055103,false,נקניקיות עגל במשקל,,,נקניקיות עגל במשקל,Unknown,0.00,"ק""ג",true,0,50.00,50.00,true,1,
4055233,false,נקניק פודקובה,,,נקניק פודקובה,Unknown,0.00,"ק""ג",true,0,75.00,75.00,true,1,
4055479,false,פסטרמה בקר בפלפל,,,פסטרמה בקר בפלפל,Unknown,0.00,"ק""ג",true,0,125.00,125.00,true,1,
4055608,false,פריזר איטלקי,,,פריזר איטלקי,Unknown,0.00,"ק""ג",true,0,62.00,62.00,true,1,
4055615,false,פריזר עגל,,,פריזר עגל,Unknown,0.00,"ק""ג",true,0,45.00,45.00,true,1,
4055769,false,נקניק לוביטליסקיה,,,נקניק לוביטליסקיה,Unknown,0.00,"ק""ג",true,0,105.00,105.00,true,1,
4055813,false,נקניק טורו מבשר בקר,,,נקניק טורו מבשר בקר,Unknown,0.00,"ק""ג",true,0,135.00,135.00,true,1,
4055943,false,לקס עגל,,,לקס עגל,Unknown,0.00,"ק""ג",true,0,220.00,220.00,true,1,
4068332,false,קממבר בקר משולשים,,,קממבר בקר משולשים,Unknown,0.00,"ק""ג",true,0,125.00,125.00,true,1,
4068400,false,קאשקבל במשקל,,,קאשקבל במשקל,Unknown,0.00,"ק""ג",true,0,129.00,129.00,true,1,
4068417,false,ברי פקאן מחלב בקר במשקל,,,ברי פקאן מחלב בקר במ,Unknown,0.00,"ק""ג",true,0,142.00,142.00,true,1,
4135324,false,בולגרית מעודנת פיראוס 5% למעדניה,,,בולגרית פיראוס מעודנ,Unknown,0.00,"ק""ג",true,0,52.00,52.00,true,1,
4136291,false,צפתית מעודנת פיראוס 5% למעדניה,,,גבינה צפתית מעודנת 5,Unknown,0.00,"ק""ג",true,0,65.00,65.00,true,1,
4137137,false,טוסטי בתפזורת במשקל,,,טוסטי בתפזורת במשקל,Unknown,0.00,"ק""ג",true,0,40.00,40.00,true,1,
4234256,false,ברווז קפוא,,,ברווז קפוא,Unknown,0.00,"ק""ג",true,0,54.90,54.90,true,1,
4412135,false,לוף,,,לוף,Unknown,0.00,"ק""ג",true,0,8.90,8.90,true,1,
4412142,false,"תפו""ע גאלה",,,תפוע גאלה,Unknown,0.00,"ק""ג",true,0,12.90,12.90,true,1,
4412166,false,אשכולית אדומה,,,אשכולית אדומה,Unknown,0.00,"ק""ג",true,0,8.90,8.90,true,1,
4412173,false,"תפו""ע ענה",,,תפוע ענה,Unknown,0.00,"ק""ג",true,0,12.90,12.90,true,1,
4412210,false,זנגביל,,,זנגביל,Unknown,0.00,"ק""ג",true,0,24.90,24.90,true,1,
4412227,false,"תפו""א אדום",,,תפוא אדום,Unknown,0.00,"ק""ג",true,0,4.90,4.90,true,1,
4412234,false,מלון שרנטל,,,מלון שרנטל,Unknown,0.00,"ק""ג",true,0,5.90,5.90,true,1,
4412272,false,שזיף שגיב מאורך,,,שזיף שגיב מאורך,Unknown,0.00,"ק""ג",true,0,24.90,24.90,true,1,
4412289,false,תפוזינה,,,תפוזינה,Unknown,0.00,"ק""ג",true,0,6.90,6.90,true,1,
4412296,false,שזיף גדול,,,שזיף גדול,Unknown,0.00,"ק""ג",true,0,17.90,17.90,true,1,
4412319,false,בטטה,,,בטטה,Unknown,0.00,"ק""ג",true,0,8.90,8.90,true,1,
4412340,false,קלמנטינה,,,קלמנטינה,Unknown,0.00,"ק""ג",true,0,9.90,9.90,true,1,
4412357,false,רימון,,,רימון,Unknown,0.00,"ק""ג",true,0,9.90,9.90,true,1,
4412388,false,שומר,,,שומר,Unknown,0.00,"ק""ג",true,0,8.90,8.90,true,1,
4412395,false,תפוז ברשת,,,תפוז ברשת,Unknown,0.00,"ק""ג",true,0,8.90,8.90,true,1,
4412401,false,תפוז סיני,,,תפוז סיני,Unknown,0.00,"ק""ג",true,0,8.90,8.90,true,1,
4412418,false,קיווי,,,קיווי,Unknown,0.00,"ק""ג",true,0,17.90,17.90,true,1,
4412432,false,תפוזים,,,תפוזים,Unknown,0.00,"ק""ג",true,0,6.90,6.90,true,1,
4412449,false,"תפו""ע יהונתן",,,תפוע יהונתן,Unknown,0.00,"ק""ג",true,0,13.90,13.90,true,1,
4412456,false,"תפו""ע חרמון",,,תפוע חרמון,Unknown,0.00,"ק""ג",true,0,11.90,11.90,true,1,
4412463,false,"תפו""ע מוזהב",,,תפוע מוזהב,Unknown,0.00,"ק""ג",true,0,12.90,12.90,true,1,
4412470,false,"תפו""ע סמיט",,,תפוע סמיט,Unknown,0.00,"ק""ג",true,0,11.90,11.90,true,1,
4412487,false,שזיף אדום,,,שזיף אדום,Unknown,0.00,"ק""ג",true,0,16.90,16.90,true,1,
4412500,false,בצל אדום,,,בצל אדום,Unknown,0.00,"ק""ג",true,0,7.90,7.90,true,1,
4412524,false,פומלית,,,פומלית,Unknown,0.00,"ק""ג",true,0,8.90,8.90,true,1,
4412531,false,ענבים ירוקים,,,ענבים ירוקים,Unknown,0.00,"ק""ג",true,0,27.90,27.90,true,1,
4412548,false,ענבים שחורים,,,ענבים שחורים,Unknown,0.00,"ק""ג",true,0,27.90,27.90,true,1,
4412586,false,לימון,,,לימון,Unknown,0.00,"ק""ג",true,0,7.90,7.90,true,1,
4412616,false,בננות,,,בננות,Unknown,0.00,"ק""ג",true,0,6.90,6.90,true,1,
4412623,false,אגסים,,,אגסים,Unknown,0.00,"ק""ג",true,0,12.90,12.90,true,1,
4412630,false,אשכוליות,,,אשכוליות,Unknown,0.00,"ק""ג",true,0,8.90,8.90,true,1,
4412647,false,אבוקדו,,,אבוקדו,Unknown,0.00,"ק""ג",true,0,13.90,13.90,true,1,
4412654,false,אפרסמון,,,אפרסמון,Unknown,0.00,"ק""ג",true,0,19.90,19.90,true,1,
4412678,false,"תפו""א לבן",,,תפוא לבן,Unknown,0.00,"ק""ג",true,0,3.90,3.90,true,1,
4412685,false,פומלה,,,פומלה,Unknown,0.00,"ק""ג",true,0,10.90,10.90,true,1,
4412708,false,קולרבי,,,קולורבי,Unknown,0.00,"ק""ג",true,0,6.90,6.90,true,1,
4412715,false,קשואים,,,קישואים,Unknown,0.00,"ק""ג",true,0,6.90,6.90,true,1,
4412722,false,פרסה,,,פרסה,Unknown,0.00,"ק""ג",true,0,8.90,8.90,true,1,
4412746,false,פלפל חריף,,,פלפל חריף,Unknown,0.00,"ק""ג",true,0,6.90,6.90,true,1,
4412760,false,פלפל ירוק,,,פלפל ירוק,Unknown,0.00,"ק""ג",true,0,10.90,10.90,true,1,
4412777,false,פלפל צהוב,,,פלפל צהוב,Unknown,0.00,"ק""ג",true,0,6.90,6.90,true,1,
4412784,false,עגבניות,,,עגבניות,Unknown,0.00,"ק""ג",true,0,8.90,8.90,true,1,
4412791,false,סלק,,,סלק,Unknown,0.00,"ק""ג",true,0,4.90,4.90,true,1,
4412814,false,מלפפונים,,,מלפפונים,Unknown,0.00,"ק""ג",true,0,4.90,4.90,true,1,
4412838,false,כרובית,,,כרובית,Unknown,0.00,"ק""ג",true,0,14.90,14.90,true,1,
4412845,false,כרוב אדום,,,כרוב אדום,Unknown,0.00,"ק""ג",true,0,4.90,4.90,true,1,
4412852,false,כרוב לבן,,,כרוב לבן,Unknown,0.00,"ק""ג",true,0,3.90,3.90,true,1,
4412869,false,חצילים,,,חצילים,Unknown,0.00,"ק""ג",true,0,4.90,4.90,true,1,
4412876,false,דלעת,,,דלעת,Unknown,0.00,"ק""ג",true,0,8.90,8.90,true,1,
4412883,false,גזר,,,גזר,Unknown,0.00,"ק""ג",true,0,3.90,3.90,true,1,
4412999,false,קישוא זוקיני צהוב,,,קישוא זוקיני צהוב,Unknown,0.00,"ק""ג",true,0,7.90,7.90,true,1,
4421014,false,כמון מזרחי שלם במשקל,,,כמון מזרחי שלם במשקל,Unknown,0.00,"ק""ג",true,0,62.00,62.00,true,1,
4421045,false,קימל שלם במשקל,,,קימל שלם במשקל,Unknown,0.00,"ק""ג",true,0,75.00,75.00,true,1,
4421106,false,חמוציות חתוך ברכז תפ,,,חמוציות חתוך ברכז תפ,Unknown,0.00,"ק""ג",true,0,59.00,59.00,true,1,
4421137,false,שומשום שחור,,,שומשום שחור,Unknown,0.00,"ק""ג",true,0,39.00,39.00,true,1,
4421939,false,פול מצרי אפוי,,,פול מצרי אפוי,Unknown,0.00,"ק""ג",true,0,55.00,55.00,true,1,
4421984,false,זנגביל גינגר טחון,,,זנגביל גינגר טחון,Unknown,0.00,"ק""ג",true,0,80.00,80.00,true,1,
4421991,false,חטיף תירס,,,חטיף תירס,Unknown,0.00,"ק""ג",true,0,57.00,57.00,true,1,
4429614,false,גבינה נועה בסגנון גאודה בזיליקום במשקל,,,גבינה נועה בסגנון,Unknown,0.00,"ק""ג",true,0,153.00,153.00,true,1,
4467180,false,שניצל עוף דק דק שירות עצמי,,,שניצל עוף דק דק,Unknown,0.00,"ק""ג",true,0,48.90,48.90,true,1,
4530044,false,אמנטל צרפתי במשקל,,,אמנטל צרפתי במשקל,Unknown,0.00,"ק""ג",true,0,115.00,115.00,true,1,
4725600,false,גבינה צהובה סקנדינבית 31% במשקל,,,גבינה צהובה סקנדינבי,Unknown,0.00,"ק""ג",true,0,90.00,90.00,true,1,
4861025,false,גבינה בולגרית 5%,,,גבינה בולגרית 5%,Unknown,0.00,"ק""ג",true,0,50.00,50.00,true,1,
4861056,false,גבינה צפתית עגולה 5%,,,גבינה צפתית עגולה 5%,קילוגרמים,0.00,"ק""ג",true,0,49.00,49.00,true,1,
4861063,false,גבינת קאש 9% במשקל,,,גבינת קאש 9% במשקל,קילוגרמים,0.00,"ק""ג",true,0,55.00,55.00,true,1,
4861070,false,צפתית קשה 5%,,,צפתית קשה 24%,Unknown,0.00,"ק""ג",true,0,100.00,100.00,true,1,
4861261,false,טבורוג בטעמים 9%,,,טבורוג בטעמים 9%,Unknown,0.00,"ק""ג",true,0,40.00,40.00,true,1,
4861285,false,טבורוג טבעי 9%,,,טבורוג טבעי 9%,Unknown,0.00,"ק""ג",true,0,39.00,39.00,true,1,
4861445,false,לבנה כדורים בשמן זית,,,לבנה כדורים בשמן זית,Unknown,0.00,"ק""ג",true,0,109.00,109.00,true,1,
4861520,false,גבינה קרם שמנת 5% במשקל,,,גבינה קרם שמנת 5% במ,Unknown,0.00,"ק""ג",true,0,38.00,38.00,true,1,
4982379,false,גבינת פול אפי במשקל,,,גבינת פול אפי במשקל,Unknown,0.00,"ק""ג",true,0,220.00,220.00,true,1,
4982393,false,ברס בלו במשקל,,,ברס בלו במשקל,Unknown,0.00,"ק""ג",true,0,194.00,194.00,true,1,
5678400,false,ענבים ראד גלוב חרצנים,,,ענבים ראד גלוב חרצני,Unknown,0.00,"ק""ג",true,0,19.90,19.90,true,1,
5697173,false,ברי עיזים במשקל גלילי,,,ברי עיזים במשקל,Unknown,0.00,"ק""ג",true,0,170.00,170.00,true,1,
5697197,false,פרובנס עיזים במשקל גלילי,,,פרובנס עיזים הגלילי,Unknown,0.00,"ק""ג",true,0,190.00,190.00,true,1,
5697241,false,גבינת קממבר בקר במשקל גלילי,,,גבינת קממבר בקר,Unknown,0.00,"ק""ג",true,0,126.00,126.00,true,1,
5697340,false,ברי עיזים מנות שקיל,,,ברי עיזים מנות שקיל,Unknown,0.00,"ק""ג",true,0,188.00,188.00,true,1,
5697388,false,קממבר גלילי מנות שקיל,,,קממבר גלילי מנות שקי,Unknown,0.00,"ק""ג",true,0,154.00,154.00,true,1,
5992858,false,פטה 5% מעודנת במשקל,,,פטה 5% מעודנת במשקל,Unknown,0.00,"ק""ג",true,0,127.00,127.00,true,1,
5992872,false,צפתית במים 5% במשקל,,,צפתית 5% במשקל,Unknown,0.00,"ק""ג",true,0,67.00,67.00,true,1,
5992889,false,גבינת שמנת 30% שמיר,,,גבינת שמנת 30% שמיר,קילוגרמים,0.00,"ק""ג",true,0,49.00,49.00,true,1,
5992902,false,גבינת שמנת 30% ירקות,,,גבינת שמנת 30% ירקות,קילוגרמים,0.00,"ק""ג",true,0,49.00,49.00,true,1,
6186027,false,בשר לבן טרי טחון,,,בשר לבן טרי טחון,Unknown,0.00,"ק""ג",true,0,64.90,64.90,true,1,
6187253,false,סלמי סוגוק,,,סלמי סוגוק,Unknown,0.00,"ק""ג",true,0,150.00,150.00,true,1,
6187260,false,סינטה לבן טרי מפורק,,,סינטה לבנה מפורקת,Unknown,0.00,"ק""ג",true,0,79.90,79.90,true,1,
6187390,false,רגל לבן טרי,,,רגל לבן טרי,Unknown,0.00,"ק""ג",true,0,8.90,8.90,true,1,
6187451,false,סטייק צוואר לבן טרי,,,סטייק צוואר לבן טרי,Unknown,0.00,"ק""ג",true,0,84.90,84.90,true,1,
6187468,false,סטייק צלע לבן טרי,,,סטייק צלע לבן טרי,Unknown,0.00,"ק""ג",true,0,71.90,71.90,true,1,
6188663,false,חזה הודו ברביקיו דל שומן מזרע,,,חזה הודו דל שומן,Unknown,0.00,"ק""ג",true,0,80.00,80.00,true,1,
6188717,false,חזה הודו רומני דל שומן מזרע,,,חזה הודו רומני דל.ש,Unknown,0.00,"ק""ג",true,0,85.00,85.00,true,1,
6189042,false,סרוולט הזהב,,,סרוולט הזהב,Unknown,0.00,"ק""ג",true,0,179.00,179.00,true,1,
6190062,false,צוואר לבן מפורק טרי,,,צוואר לבן בלי עצם,Unknown,0.00,"ק""ג",true,0,109.90,109.90,true,1,
6191762,false,סוכריות חלבה בשוקולד/רוט פרונט במשקל,,,סוכריות קבוצת 8 במשק,Unknown,0.00,"ק""ג",true,0,110.00,110.00,true,1,
6191915,false,גבינה מגורדת,,,גבינה מגורדת,Unknown,0.00,"ק""ג",true,0,55.00,55.00,true,1,
6192202,false,אגוז מלך במשקל,,,אגוז מלך במשקל,Unknown,0.00,"ק""ג",true,0,105.00,105.00,true,1,
6192387,false,שרימפס וסת,,,פילה נסיכת הנילוס,Unknown,0.00,"ק""ג",true,0,69.90,69.90,true,1,
6194589,false,סוכריות מונבלאן רושן במשקל,,,סוכריות רושן קבוצה 7,Unknown,0.00,"ק""ג",true,0,95.00,95.00,true,1,
6195098,false,גבינת כדור אדם במשקל,,,גבינת כדור אדם במשקל,Unknown,0.00,"ק""ג",true,0,74.00,74.00,true,1,
6195173,false,קראסניי מאק/קארא קום/לצנה רושן במשקל,,,סוכריות רושן קבוצה 6,Unknown,0.00,"ק""ג",true,0,79.00,79.00,true,1,
6217066,false,נקניקיות וינר מניה,,,נקניקיות וינר במשקל,Unknown,0.00,"ק""ג",true,0,69.00,69.00,true,1,
6217189,false,קייזר במשקל מניה,,,קייזר במשקל,Unknown,0.00,"ק""ג",true,0,139.00,139.00,true,1,
6217257,false,בוזנינה רגילה מניה,,,בוזנינה רגילה,Unknown,0.00,"ק""ג",true,0,130.00,130.00,true,1,
6217325,false,בייקון חי במשקל מניה,,,בייקון חי במשקל,Unknown,0.00,"ק""ג",true,0,180.00,180.00,true,1,
6217431,false,צוואר מעושן במשקל,,,צוואר מעושן במשקל,Unknown,0.00,"ק""ג",true,0,130.00,130.00,true,1,
6217448,false,צוואר פיקנטי במשקל,,,צוואר פיקנטי במשקל,גרמים,0.00,"ק""ג",true,0,130.00,130.00,true,1,
6217455,false,פסטרמה פילה לבן במשקל,,,פסטרמה פילה לבן,Unknown,0.00,"ק""ג",true,0,130.00,130.00,true,1,
6217622,false,לחם בשר מניה,,,לחם בשר במשקל,Unknown,0.00,"ק""ג",true,0,65.00,65.00,true,1,
6217738,false,פסטרמה הונגרית במשקל,,,פסטרמה הונגרית במשקל,גרמים,0.00,"ק""ג",true,0,130.00,130.00,true,1,
6217783,false,אסאדו על האש במשקל מניה,,,אסאדו על האש במשקל,Unknown,0.00,"ק""ג",true,0,130.00,130.00,true,1,
6217844,false,בליק דרניצקי במשקל,,,בליק דרניצקי במשקל,Unknown,0.00,"ק""ג",true,0,165.00,165.00,true,1,
6217936,false,קוסטיצה שחור במשקל מניה,,,קוסטיצה שחור במשקל,Unknown,0.00,"ק""ג",true,0,139.00,139.00,true,1,
6217943,false,נקניקיות וינר עבה מניה,,,נקניקיות וינר,קילוגרמים,0.00,"ק""ג",true,0,69.00,69.00,true,1,
6217950,false,נקניקיות וינר חדש פרדי מניה,,,נקניקיות וינר פרדי,Unknown,0.00,"ק""ג",true,0,75.00,75.00,true,1,
6217998,false,קנקרס מעושן במשקל מניה,,,קנקרס מעושן במשקל,Unknown,0.00,"ק""ג",true,0,36.00,36.00,true,1,
6218100,false,נקניקיות גבינה בוואקום במשקל מניה,,,נקניקיות גבינה,Unknown,0.00,"ק""ג",true,0,65.00,65.00,true,1,
6218797,false,קייבסקייה בייבי במשקל מניה,,,קייבסקייה בייבי,Unknown,0.00,"ק""ג",true,0,105.00,105.00,true,1,
6219015,false,נקניק הרץ מניה,,,נקניק הרץ,Unknown,0.00,"ק""ג",true,0,105.00,105.00,true,1,
6219060,false,נקניק רוסקייה,,,נקניק רוסקייה,Unknown,0.00,"ק""ג",true,0,160.00,160.00,true,1,
6219077,false,נקניק סלמי רוחברג מניה,,,נקניק סלמי רוחברג,Unknown,0.00,"ק""ג",true,0,160.00,160.00,true,1,
6219138,false,נקניק זרניסטיה מניה,,,נקניק זרניסטיה,Unknown,0.00,"ק""ג",true,0,160.00,160.00,true,1,
6219176,false,קנקרס מעושן במשקל מניה,,,קנקרס מעושן במשקל מנ,Unknown,0.00,"ק""ג",true,0,40.00,40.00,true,1,
6219237,false,אכוטניצה במשקל,,,אכוטניצה במשקל,Unknown,0.00,"ק""ג",true,0,105.00,105.00,true,1,
6219251,false,פריזר בייגלה במשקל,,,פריזר בייגלה מניה,Unknown,0.00,"ק""ג",true,0,70.00,70.00,true,1,
6219374,false,פריזר גדול רוסי במשקל מניה,,,פריזר גדול רוסי במשק,Unknown,0.00,"ק""ג",true,0,65.00,65.00,true,1,
6219602,false,דליקטסנייה בייבי במשקל מניה,,,דליקטסנייה בייבי,Unknown,0.00,"ק""ג",true,0,105.00,105.00,true,1,
6219619,false,קבנוס במשקל,,,קבנוס במשקל,Unknown,0.00,"ק""ג",true,0,62.00,62.00,true,1,
6219640,false,קוסטיצה לבן במשקל מניה,,,קוסטיצה לבנה במשקל,קילוגרמים,0.00,"ק""ג",true,0,139.00,139.00,true,1,
6219718,false,פריזר ביצה במשקל,,,פריזר ביצה במשקל,Unknown,0.00,"ק""ג",true,0,43.00,43.00,true,1,
6219879,false,פריזר טעם של פעם מניה,,,פריזר טעם של פעם,Unknown,0.00,"ק""ג",true,0,70.00,70.00,true,1,
6219893,false,פריזר גדול צהוב מניה,,,פריזר גדול צהוב,Unknown,0.00,"ק""ג",true,0,40.00,40.00,true,1,
6219909,false,פריזר קטן רוסי מניה,,,פריזר קטן רוסי,Unknown,0.00,"ק""ג",true,0,65.00,65.00,true,1,
6356000,false,סוכריות מותג MICAELLO במשקל,,,סוכריות מותג MICAELL,Unknown,0.00,"ק""ג",true,0,129.00,129.00,true,1,
6357304,false,סוכריות מותג GIZELL במשקל,,,סוכריות מותג GIZELL,Unknown,0.00,"ק""ג",true,0,62.00,62.00,true,1,
6357311,false,סוכריות SPARTAK/KOMMUNARKA במשקל,,,סוכריות SPARTAK/KOMM,Unknown,0.00,"ק""ג",true,0,84.00,84.00,true,1,
6357335,false,ברבריס /דושס/ציטרוס/ בים בום/ מנטה במשקל,,,סוכריות רושן קבוצה 1,Unknown,0.00,"ק""ג",true,0,26.00,26.00,true,1,
6357571,false,סמוקרלה בסגנון שקיל,,,סמוקרלה בסגנון שקיל,Unknown,0.00,"ק""ג",true,0,62.00,62.00,true,1,
6452269,false,חטיף סויה קריספי תפז,,,חטיף סויה קריספי תפז,Unknown,0.00,"ק""ג",true,0,110.00,110.00,true,1,
6452313,false,גרעינים לבנים זורבה,,,גרעינים לבנים זורבה,Unknown,0.00,"ק""ג",true,0,49.00,49.00,true,1,
6452351,false,אגוז מלך בקליפה,,,אגוז מלך בקליפה,Unknown,0.00,"ק""ג",true,0,33.00,33.00,true,1,
6452382,false,זנגויל לא מסוכר,,,זנגויל לא מסוכר,Unknown,0.00,"ק""ג",true,0,39.00,39.00,true,1,
6452429,false,רחת לוקום,,,רחת לוקום,Unknown,0.00,"ק""ג",true,0,70.00,70.00,true,1,
6452474,false,אניס טחון,,,אניס טחון,Unknown,0.00,"ק""ג",true,0,100.00,100.00,true,1,
6452597,false,צימוקים אוזבקי,,,צימוקים אוזבקי,Unknown,0.00,"ק""ג",true,0,90.00,90.00,true,1,
6452771,false,עוגיות במשקל,,,עוגיות במשקל,Unknown,0.00,"ק""ג",true,0,90.00,90.00,true,1,
6453105,false,פקאן מלוח,,,פקאן מלוח במשקל,Unknown,0.00,"ק""ג",true,0,119.00,119.00,true,1,
6519511,false,פריזר עוף מזרע,,,פריזר עוף,Unknown,0.00,"ק""ג",true,0,35.00,35.00,true,1,
6519566,false,פריזר אדום גדול,,,פריזר אדום גדול,Unknown,0.00,"ק""ג",true,0,59.00,59.00,true,1,
6519597,false,נקניק מוסקובסקיה חצי יבש מזרע,,,נקניק מוסקובסקיה,Unknown,0.00,"ק""ג",true,0,95.00,95.00,true,1,
6520227,false,טחון הודו טרי,,,טחון הודו טרי,Unknown,0.00,"ק""ג",true,0,34.90,34.90,true,1,
6520333,false,שניצל הודו פרוס טרי,,,שניצל הודו פרוס טרי,Unknown,0.00,"ק""ג",true,0,39.90,39.90,true,1,
6520388,false,שניצל חזה עוף פרוס טרי,,,שניצל חזה עוף פרוס,Unknown,0.00,"ק""ג",true,0,39.90,39.90,true,1,
6520395,false,בשר עוף טרי טחון,,,בשר עוף טרי טחון,Unknown,0.00,"ק""ג",true,0,36.90,36.90,true,1,
6707390,false,שווארמה עוף ללא אנטיביוטיקה ע טוב מגש,,,שווארמה ללא אנטיביוט,Unknown,0.00,"ק""ג",true,0,82.90,82.90,true,1,
6707420,false,עוף שלם ללא אנטיביוטיקה עוף טוב ארוז,,,עוף שלם טרי ללא אנטי,Unknown,0.00,"ק""ג",true,0,26.90,26.90,true,1,
6707437,false,כנפיים עוף ללא אנטיביוטיקה ארוז עוף טוב,,,כנפיים עוף טרי,Unknown,0.00,"ק""ג",true,0,14.90,14.90,true,1,
6707444,false,קורקבן עוף טרי ללא אנטיביוטיקה עוף טוב,,,קורקבן עוף טרי,Unknown,0.00,"ק""ג",true,0,12.90,12.90,true,1,
6707451,false,לב עוף טרי ללא אנטיביוטיקה עוף טוב מגש,,,לב עוף ללא אנטיביוטי,Unknown,0.00,"ק""ג",true,0,34.90,34.90,true,1,
6707574,false,כרעיים עוף טרי בלי עור עוף טוב במגש,,,כרעיים טרי בלי עור,Unknown,0.00,"ק""ג",true,0,39.90,39.90,true,1,
6707734,false,שניצל ללא אנטיביוטיקה פרימיום,,,שניצל ללא אנטיביוטיק,Unknown,0.00,"ק""ג",true,0,48.90,48.90,true,1,
6707741,false,חזה עוף ללא אנטיביוטיקה פרימיום,,,חזה עוף ללא אנטיביוט,Unknown,0.00,"ק""ג",true,0,46.90,46.90,true,1,
6707758,false,פילה עוף ללא אנטיביוטיקה פרימיום,,,פילה עוף ללא אנטיביו,Unknown,0.00,"ק""ג",true,0,49.90,49.90,true,1,
6707765,false,כרעיים עוף ללא אנטיביוטיקה פרימיום,,,כרעיים עוף ללא אנטיב,Unknown,0.00,"ק""ג",true,0,37.90,37.90,true,1,
6707772,false,שוקיים עוף ללא אנטיביוטיקה פרימיום,,,שוקיים עוף ללא אנטיב,Unknown,0.00,"ק""ג",true,0,39.90,39.90,true,1,
6831828,false,שניצל עגל טרי,,,שניצל עגל טרי,Unknown,0.00,"ק""ג",true,0,99.90,99.90,true,1,
6833778,false,דניס טרי 400-500 נטו,,,דניס טרי 400-500 נטו,Unknown,0.00,"ק""ג",true,0,69.90,69.90,true,1,
6835147,false,פסטרמה לבנה רוסית בשום מזרע,,,פסטרמה לבנה רוסית,Unknown,0.00,"ק""ג",true,0,115.00,115.00,true,1,
6835161,false,פסטרמה לבנה רוסית מעושנת מזרע,,,פסטרמה לבנה רוסית,Unknown,0.00,"ק""ג",true,0,120.00,120.00,true,1,
6836496,false,ברי אגוזים במשקל,,,ברי אגוזים במשקל,Unknown,0.00,"ק""ג",true,0,157.00,157.00,true,1,
6837004,false,גבינה מעורב במשקל,,,גבינה מעורב במשקל,Unknown,0.00,"ק""ג",true,0,43.00,43.00,true,1,
6837592,false,תחליף גבינה במשקל SVALIA,,,SVALIA גבינה אנלוגי,Unknown,0.00,"ק""ג",true,0,70.00,70.00,true,1,
6837639,false,תחליף גבינה במשקל ROSSIYSKIY,,,ROSSIYSKIY גבינה אנל,Unknown,0.00,"ק""ג",true,0,70.00,70.00,true,1,
6842336,false,קרפיון טרי 1-2,,,קרפיון ענק טרי,Unknown,0.00,"ק""ג",true,0,34.90,34.90,true,1,
6843371,false,ספריבס חזה לבן ללא עור טרי,,,ספריבס חזה לבן ללא ע,Unknown,0.00,"ק""ג",true,0,85.90,85.90,true,1,
6843913,false,ירכיים עוף טרי,,,ירכיים עוף טרי,Unknown,0.00,"ק""ג",true,0,24.90,24.90,true,1,
6843944,false,עוף שלם טרי,,,עוף שלם טרי,Unknown,0.00,"ק""ג",true,0,17.90,17.90,true,1,
6843951,false,גרון/גב/עצמות עוף טרי,,,גרון/גב/עצמות עוף טר,Unknown,0.00,"ק""ג",true,0,5.90,5.90,true,1,
8286800,false,פילה סלמון 1.1-1.4 קפוא,,NO,פילה סלמון 1.4-1.8,Unknown,0.00,"ק""ג",true,0,79.90,79.90,true,1,
8286824,false,נסיכת הנילוס מנות,,NO,נסיכת הנילוס מנות,Unknown,0.00,"ק""ג",true,0,54.90,54.90,true,1,
8286947,false,"פילה סלמון מנות ע""ע",,NO,"פילה סלמון מנות ע""ע",Unknown,0.00,"ק""ג",true,0,84.90,84.90,true,1,
8371100,false,מבער 101,,,מבער 101,קילוגרמים,0.00,"ק""ג",false,1,29.90,29.90,true,1,
8379038,false,שמנת חמוצה 15%,,,שמנת חמוצה 15%,Unknown,0.00,"ק""ג",true,0,22.00,22.00,true,1,
8379250,false,צמת מוצרלה,,,צמת מוצרלה,Unknown,0.00,"ק""ג",true,0,105.00,105.00,true,1,
8379854,false,גבינה גרוזינסקי במשקל,,,גבינה גרוזינסקי במשק,Unknown,0.00,"ק""ג",true,0,59.00,59.00,true,1,
8379977,false,גבינת סולוגוני במשקל,,,גבינת סולוגוני במשקל,Unknown,0.00,"ק""ג",true,0,74.00,74.00,true,1,
8403085,false,טום עיזים דה מונטן ב,,,טום עיזים דה מונטן ב,Unknown,0.00,"ק""ג",true,0,260.00,260.00,true,1,
8403535,false,גבינה פרימדונה במשקל,,,גבינה פרימדונה במשקל,Unknown,0.00,"ק""ג",true,0,190.00,190.00,true,1,
8403641,false,גבינה בימסטר רויאל במשקל,,,גבינה בימסטר רויאל ב,Unknown,0.00,"ק""ג",true,0,180.00,180.00,true,1,
8403788,false,פורמזה דה פינואה במשקל,,IT,פורמזה דה פינואה במש,Unknown,0.00,"ק""ג",true,0,170.00,170.00,true,1,
8433686,false,נקניקיות מרגז קפוא ארוז,,,נקניקיות מרגז קפואות,Unknown,0.00,"ק""ג",true,0,68.90,68.90,true,1,
8433853,false,כתף בקר מעושן מזרע,,,כתף בקר מעושנת מזרע,Unknown,0.00,"ק""ג",true,0,130.00,130.00,true,1,
8434638,false,פרגיות עוף שווארמה טרי,,IL,פרגית קצרה/ שווארמה,Unknown,0.00,"ק""ג",true,0,59.90,59.90,true,1,
8434683,false,צדר אדום גרמני במשקל,,,צדר אדום גרמני במשקל,Unknown,0.00,"ק""ג",true,0,84.00,84.00,true,1,
8434799,false,צדר לבן גרמני במשקל,,,צדר לבן גרמני במשקל,Unknown,0.00,"ק""ג",true,0,95.00,95.00,true,1,
8435208,false,בורי טרי 600-700,,,בורי טרי נקי,Unknown,0.00,"ק""ג",true,0,39.90,39.90,true,1,
8436175,false,פילה סלמון פרוס קפוא,,,פילה סלמון פרוס קפוא,Unknown,0.00,"ק""ג",true,0,104.90,104.90,true,1,
8437103,false,גבינת סנט מור פחם במשקל,,,גבינת סנט מור פחם במ,Unknown,0.00,"ק""ג",true,0,157.00,157.00,true,1,
8437288,false,גבינת הדר בסגנון קממבר במשקל,,,גבינת הדר בסגנון קממ,Unknown,0.00,"ק""ג",true,0,157.00,157.00,true,1,
8437462,false,גבינת ולנסי במשקל,,IL,גבינה קממבר כמהין במ,Unknown,0.00,"ק""ג",true,0,178.00,178.00,true,1,
8438353,false,עצמות בקר,,,עצמות בקר,Unknown,0.00,"ק""ג",true,0,9.90,9.90,true,1,
8438544,false,גבינה ברי במשקל,,,גבינה בר בסגנון ברי,Unknown,0.00,"ק""ג",true,0,150.00,150.00,true,1,
8438667,false,פסטרמה כתף רומני מזרע,,,פסטרמה כתף רומני,Unknown,0.00,"ק""ג",true,0,120.00,120.00,true,1,
8439213,false,פסטרמה הודו פרפר על האש מזרע,,,פסטרמה הודו פרפר על,Unknown,0.00,"ק""ג",true,0,75.00,75.00,true,1,
8439428,false,פסטרמה לבנה מעודנת רומנית מזרע,,,פסטרמה לבנה מעודנת,Unknown,0.00,"ק""ג",true,0,135.00,135.00,true,1,
8439510,false,פסטרמה הודו בדבש מזרע,,,פסטרמה הודו בדבש,Unknown,0.00,"ק""ג",true,0,70.00,70.00,true,1,
8439527,false,פסטרמה הודו פרפר מעושן מזרע,,,פסטרמה הודו פרפר מעו,Unknown,0.00,"ק""ג",true,0,75.00,75.00,true,1,
8439541,false,פסטרמה הודו על האש,,,פסטרמה הודו על האש,Unknown,0.00,"ק""ג",true,0,70.00,70.00,true,1,
8439572,false,פסטרמה הודו פרפר רומני מזרע,,,פסטרמה הודו פרפר,Unknown,0.00,"ק""ג",true,0,75.00,75.00,true,1,
8439589,false,פסטרמה הודו פרפר בשום,,,פסטרמה הודו פרפר בשו,Unknown,0.00,"ק""ג",true,0,72.00,72.00,true,1,
8439787,false,פסטרמה לבנה רומנית מזרע,,,פסטרמה לבנה רומנית,Unknown,0.00,"ק""ג",true,0,120.00,120.00,true,1,
8440004,false,ירך לבן (פולקה) טרי,,,ירך לבן טרי,Unknown,0.00,"ק""ג",true,0,64.90,64.90,true,1,
8441056,false,זלץ מזרע,,,זלץ,Unknown,0.00,"ק""ג",true,0,80.00,80.00,true,1,
8442060,false,נקניק קבנוס מזרע,,,נקניק קבנוס מזרע,Unknown,0.00,"ק""ג",true,0,90.00,90.00,true,1,
8442114,false,דמשניה ארוכה מזרע,,,דמשניה ארוכה מזרע,Unknown,0.00,"ק""ג",true,0,110.00,110.00,true,1,
8442350,false,גבינה מעושנת SNACKS במשקל,,,SNACKS גבינה אנלוגי,Unknown,0.00,"ק""ג",true,0,125.00,125.00,true,1,
8442374,false,סלמי פיין כפרית מזרע,,,סלמי פיין כפרית,Unknown,0.00,"ק""ג",true,0,95.00,95.00,true,1,
8442473,false,נקניק הרץ יבש מזרע,,,נקניק הרץ יבש,Unknown,0.00,"ק""ג",true,0,175.00,175.00,true,1,
8442602,false,נקניק פיקולו יבש,,,נקניק פיקולו יבש,Unknown,0.00,"ק""ג",true,0,152.00,152.00,true,1,
8442671,false,נקניק אגסי יבש מזרע,,,נקניק אגסי יבש,Unknown,0.00,"ק""ג",true,0,175.00,175.00,true,1,
8442688,false,נקניק כפרית יבש מזרע,,,נקניק כפרית יבש,Unknown,0.00,"ק""ג",true,0,162.00,162.00,true,1,
8442831,false,שינקין מעודן מעושן דל שומן מזרע,,,שינקין מעודן מעושן,Unknown,0.00,"ק""ג",true,0,135.00,135.00,true,1,
8461047,false,גבינת ברי לה רוסטיק במשקל,,,גבינת ברי לה רוסטיק,Unknown,0.00,"ק""ג",true,0,172.00,172.00,true,1,
8462310,false,גבינה סנט מור צרפתית במשקל,,,גבינה סנט מור צרפתית,Unknown,0.00,"ק""ג",true,0,170.00,170.00,true,1,
8498005,false,גבינת פרמזן טחון במשקל,,,גבינת פרמזן טחון במש,Unknown,0.00,"ק""ג",true,0,114.00,114.00,true,1,
8498210,false,גבינת כבשים עם פטריות כמהין במשקל,,,גבינת כבשים עם פטריו,Unknown,0.00,"ק""ג",true,0,314.00,314.00,true,1,
8498234,false,גבינת עיזים מאוריסיו שקיל,,,גבינת עיזים מאוריסיו,Unknown,0.00,"ק""ג",true,0,198.00,198.00,true,1,
8498265,false,גבינה תום דה קטלוניה במשקל,,,גבינה תום דה קטלוניה,Unknown,0.00,"ק""ג",true,0,189.00,189.00,true,1,
8498456,false,פרובלונה דולצה שקיל,,,פרובלונה דולצה שקיל,Unknown,0.00,"ק""ג",true,0,166.00,166.00,true,1,
8498531,false,גבינת עיזים כמהין במשקל,,,גבינת עיזים כמהין במ,Unknown,0.00,"ק""ג",true,0,314.00,314.00,true,1,
8498654,false,אפנזלר במשקל,,,אפנזלר במשקל,Unknown,0.00,"ק""ג",true,0,251.00,251.00,true,1,
8498661,false,אפנזלר מיושן במשקל,,,אפנזלר מיושן במשקל,Unknown,0.00,"ק""ג",true,0,304.00,304.00,true,1,
8498753,false,גבינת בושה עיזים במשקל,,,גבינת בושה עיזים במש,Unknown,0.00,"ק""ג",true,0,173.00,173.00,true,1,
8498760,false,גבינה תום דה סאוואה במשקל,,,גבינה תום דה סאוואה,Unknown,0.00,"ק""ג",true,0,220.00,220.00,true,1,
8498814,false,גאודה בקר מעושנת 24 חודשים במשקל,,,גאודה בקר מיושנת 24,Unknown,0.00,"ק""ג",true,0,138.00,138.00,true,1,
8498838,false,גאודה עיזים מיושנת במשקל,,,גאודה עיזים מיושנת ב,Unknown,0.00,"ק""ג",true,0,194.00,194.00,true,1,
8498869,false,גבינת גאודה פסטו במשקל,,,גבינת גאודה פסטו במש,Unknown,0.00,"ק""ג",true,0,191.00,191.00,true,1,
8498890,false,גאודה כמהין פטריות וחילבה,,,גאודה כמהין פטריות ו,Unknown,0.00,"ק""ג",true,0,189.00,189.00,true,1,
8498913,false,גבינת לנדנה עיזים יין שקיל,,,גבינת לנדנה עיזים יי,Unknown,0.00,"ק""ג",true,0,210.00,210.00,true,1,
8498920,false,גבינת לנדנה,,,גבינת לנדנה,Unknown,0.00,"ק""ג",true,0,185.00,185.00,true,1,
8498975,false,בלאק פארל מעושנת 24 חודשים במשקל,,,בלאק פארל מיושנת 24,Unknown,0.00,"ק""ג",true,0,189.00,189.00,true,1,
8618007,false,פילה סלמון פרוס טרי סקין,,IL,פילה סלמון פרוס טרי,Unknown,0.00,"ק""ג",true,0,124.90,124.90,true,1,
8618021,false,פילה דניס טרי סקין,,IL,פילה דניס טרי,Unknown,0.00,"ק""ג",true,0,134.90,134.90,true,1,
8618038,false,פילה לברק טרי סקין,,IL,פילה לברק טרי,Unknown,0.00,"ק""ג",true,0,149.90,149.90,true,1,
8618052,false,פילה בורי טרי,,,פילה בורי טרי,Unknown,0.00,"ק""ג",true,0,104.90,104.90,true,1,
8618069,false,פילה ברמונדי טרי,,,פילה ברמונדי טרי,Unknown,0.00,"ק""ג",true,0,119.90,119.90,true,1,
8713438,false,גאודה מיושנת גלגל במשקל D DAIRY,,,גאודה הולנדית מיושנת,Unknown,0.00,"ק""ג",true,0,115.00,115.00,true,1,
8713573,false,גאודה הולנדית חרדל במשקל,,,גאודה הולנדית חרדל,Unknown,0.00,"ק""ג",true,0,122.00,122.00,true,1,
8774604,false,שטרודל רולדה ברלה- מאפית,,,שטרודל רולדה ברלה,Unknown,0.00,"ק""ג",true,0,61.00,61.00,true,1,
9441017,false,עגבניות שרי,,,עגבניות שרי,Unknown,0.00,"ק""ג",true,0,29.90,29.90,true,1,
9441024,false,עגבניות תמר,,,עגבניות שרי,Unknown,0.00,"ק""ג",true,0,29.90,29.90,true,1,
9915259,false,לחם שאור 30% שיפון,,,פלפל צילי חריף,Unknown,0.00,Unknown,false,1,9.90,9.90,true,1,
9994100,false,סלמון טראוט מעושן פוסן במשקל,,,סלמון טראוט מעושן פו,Unknown,0.00,"ק""ג",true,0,195.00,195.00,true,1,
11549475,false,לחמניה שמרים,,,לחמניה שמרים,גרמים,180.00,100 גרם,false,1,4.10,2.28,true,1,
32147230,false,לימונית - מיץ לימון משומר,ג'נרל מילס סאן אדריא,CH,מיץ לימון משומר 200,מיליליטרים,200.00,"100 מ""ל",false,1,6.90,3.45,true,1,
40084107,false,ביצת שוקולד הפתעה קינדר,פרדי קונדטוריה אס פי,IT,קינדר ביצת הפתעה,Unknown,0.00,Unknown,false,1,5.30,5.30,true,1,
40111445,false,מ&מס פינאטס 45 גרם,,,מ&מס פינאטס 45 גרם,גרמים,45.00,100 גרם,false,1,4.50,10.00,true,1,
40144016,false,סוכריות חמאה וורטר אורגינל גליל בודד 50,קריניציה ויטמינה אס,DE,סוכריות חמאה וורטר א,גרמים,50.00,100 גרם,false,1,5.20,10.40,true,1,
40144061,false,קנופרס חטיף וופל 25 גרם 24 יח,שטורק,DE,קנופרס חטיף וופל 25,גרמים,25.00,100 גרם,false,1,3.50,14.00,true,1,
42101666,false,איירוייבז מנטה ואקליפטוס בקופסה 25 יח HP,ריגלי,GB,איירוייבז מנטה ואקלי,Unknown,0.00,Unknown,false,1,5.90,5.90,true,1,
42134978,false,סרגל מרציפן סנטה ארסמי כאסטן 100 גר,Erasmi & Carstens Gm,DE,סרגל מרציפן סנטה ארס,גרמים,100.00,100 גרם,false,1,13.90,13.90,true,1,
42135012,false,סרגל איש קרח נוגט 100 ג CARSTEN,Erasmi & Carstens Gm,DE,סרגל איש קרח נוגט 10,גרמים,100.00,100 גרם,false,1,11.80,11.80,true,1,
42138105,false,סיגריות וינסטון סופר סלימס כחול,גיי טי אינטרנשיונל,,ווינסטון סופר סלימס,Unknown,0.00,Unknown,false,1,33.00,33.00,true,1,
42138129,false,סיגריות וינסטון סופר סלימס מנטול,JTI,,ווינסטון סופר סלימס,Unknown,0.00,Unknown,false,1,33.00,33.00,true,1,
42154662,false,אורביט באריזת מעטפה ספירמינט מסטיק,ריגלי צרפת,FR,אורביט באריזת מעטפה,Unknown,0.00,Unknown,false,1,5.90,5.90,true,1,
42182115,false,אורביט פייב ספירמינט 12 סטיקס 29 גר,ריגלי צרפת,FR,אורביט פייב ספירמינט,Unknown,0.00,Unknown,false,1,6.50,6.50,true,1,
42188889,false,אורביט פייב אבטיח 12 סטיקס 29 גר,ריגלי צרפת,FR,אורביט פייב אבטיח 12,Unknown,0.00,Unknown,false,1,6.50,6.50,true,1,
42212119,false,מסטיק אורביט פרופשיויל פפרמינט מעטפה,ריגלי צרפת,FR,מסטיק אורביט פרופשיו,Unknown,0.00,Unknown,false,1,5.90,5.90,true,1,
42299363,false,"ניוואה - דאודורנט רול און לגבר פרש פאוור 50 מ""ל",ביירסדורף,DE,דאו רול און לגבר FRE,מיליליטרים,50.00,"100 מ""ל",false,1,23.50,47.00,true,1,
42306788,false,איירוייבז אוכמניות ומנטה בקופסה 25 יח HP,ריגלי,GB,איירוייבז אוכמניות ו,Unknown,0.00,Unknown,false,1,5.90,5.90,true,1,
42370314,false,גונץ-סמרטיז קלפר מולטי מיקס 55.5 גר,,,גונץ-סמרטיז קלפר מול,גרמים,55.00,100 גרם,false,1,15.90,28.91,true,1,
50184385,false,"מרמייט דרא""פ 125 גרם",יוניליוור,,"מרמייט דרא""פ 125 גרם",גרמים,125.00,100 גרם,false,1,26.90,21.52,true,1,
52070082,false,פאל מאל ס.ס.ויולט חפיסה,BAT,,פאל מאל ס.ס.ויולט חפ,Unknown,0.00,Unknown,false,1,30.00,30.00,true,1,
54051140,false,מעדן סויה טעם וניל אלפרו רביעיה * 125 ג',הנסיך- מפעל לייצור ט,BE,אלפרו מעדן סויה בטעם,מיליליטרים,500.00,"100 מ""ל",false,1,18.90,3.78,true,1,
54079014,false,"בירה סן ברנרדוס פריור 8 330 מ""ל בקבוק",,,בירה סן ברנרדוס פריו,מיליליטרים,330.00,"100 מ""ל",false,1,14.90,4.52,true,1,
54079021,false,"בירה סן ברנרדוס אבט 330 מ""ל בקבוק",,,בירה סן ברנרדוס אבט,מיליליטרים,330.00,"100 מ""ל",false,1,14.90,4.52,true,1,
59016441,false,"רקסונה - דאודורנט רול און לאישה פרוט ספין 50 מ""ל",,GB,דאו רקסונה רול און פ,מיליליטרים,150.00,"100 מ""ל",false,1,20.90,13.93,true,1,
59039549,false,ווג פריזון מנטול חפיסה,BAT,,ווג פריזון מנטול חפי,Unknown,0.00,Unknown,false,1,38.00,38.00,true,1,
59068907,false,סיגריות פאל מאל כחול דמי סלימס,גלוברנס,,פאל מאל כחול דמי סלי,Unknown,0.00,Unknown,false,1,26.00,26.00,true,1,
59068914,false,סיגריות פאל מאל סילבר דמי סלימס,,,פאל מאל סילבר דמי סל,Unknown,0.00,Unknown,false,1,26.00,26.00,true,1,
59081630,false,"דאו דאב רול און קוקוס ויסמין 150 מ""ל",יוניליוור,GB,דאו דאב רול און קוקו,מיליליטרים,50.00,"100 מ""ל",false,1,26.90,53.80,true,1,
59455233,false,סיגריות ווג ליידי כח,BAT,,ווג סופרסלימס כחול,יחידה,1.00,יחידה,false,1,38.00,38.00,true,1,
59455240,false,ווג סופרסלימס לילך חפיסה,BAT,,ווג סופרסלימס לילך,יחידה,1.00,יחידה,false,1,38.00,38.00,true,1,
72917367,false,טעמי חטיף במילוי קרם נוגט וקרמל,"שטראוס גרופ בע""מ",IL,טעמי 40 גרם,גרמים,40.00,100 גרם,false,1,3.80,9.50,true,1,
72940754,false,מעדן מילקי בטעם וניל עם קצפת,"שטראוס גרופ בע""מ",IL,מילקי וניל 130 גרם,גרמים,130.00,100 גרם,false,1,2.90,2.23,true,1,
72940761,false,מעדן מילקי בטעם שוקולד עם קצפת,מיוצר עי קונדיטוריית,IL,מילקי שוקולד 130 גרם,גרמים,130.00,100 גרם,false,1,2.90,2.23,true,1,
72940952,false,מעדן מילקי בטעם שוקולד עם אקסטרה קצפת,"שטראוס גרופ בע""מ",IL,מילקי פי 2 קצפת 104,גרמים,104.00,100 גרם,false,1,3.70,3.56,true,1,
72940976,false,כרוב אדום אחלה 250 ג',מיוצר עי קונדיטוריית,IL,כרוב אדום 250 גרם,גרמים,250.00,100 גרם,false,1,10.00,4.00,true,1,
72940983,false,חומוס אחלה 250 גרם,אחלה - שטראוס,IL,חומוס אחלה 250 גרם,גרמים,250.00,100 גרם,false,1,8.30,3.32,true,1,
72941041,false,מעדן מילקי מיני בטעם שוקולד עם קצפת,"שטראוס גרופ בע""מ",IL,מיני מילקי שוקולד 62,גרמים,62.00,100 גרם,false,1,2.10,3.39,true,1,
72945308,false,קוביות שמרים לאפיה שמרית 2*25 ג',"פאקא תעשיות בע""מ",IL,שמרית קוביה 50 גרם,גרמים,50.00,100 גרם,false,1,4.00,8.00,true,1,
72961506,false,יוגורט עם תות 1.5% שומן 125 ג' פרילי,מיוצר עי קונדיטוריית,IL,פרילי תות 1.5% 125 ג,גרמים,125.00,100 גרם,false,1,4.30,3.44,true,1,
72961520,false,יוגורט עם אננס 1.5% שומן 125 ג' פרילי,מיוצר עי קונדיטוריית,IL,פרילי אננס 1.5% 125,גרמים,125.00,100 גרם,false,1,4.30,3.44,true,1,
72961544,false,באדי יוגורט בטעם תות שדה 3%,מחלבת אלון תבור,IL,"באדי תות 3% 125 מ""ל",גרמים,125.00,100 גרם,false,1,3.10,2.48,true,1,
72963753,false,שמנת אורגינל של פעם 27% שומן 200 ג' תנובה,תנובה מרכז שיתופי לש,IL,שמנת של פעם 27% 200,מיליליטרים,200.00,"100 מ""ל",false,1,4.50,2.25,true,1,
72964132,false,פרילי טבע עם גרנולה 1.5% 200מל,מיוצר עי קונדיטוריית,IL,פרילי טבע 3% 200 גר,גרמים,200.00,100 גרם,false,1,5.90,2.95,true,1,
72964422,false,תנובה יוגורט פרחים 4.5% 200מל,מחלבת תנובה,IL,יוגורט פרחים גביע 4.,גרמים,200.00,100 גרם,false,1,3.10,1.55,true,1,
72983997,false,גולף גולד 100 פ.ע חפיסה,דובק,,גולף גולד 100 פ.ע חפ,Unknown,0.00,Unknown,false,1,29.90,29.90,true,1,
72986370,false,"גלידת בן & ג'ריס פיינטים וניל 500מ""ל",מוצרי איכות אמריקאים,IL,בן אנד גריס גלידת ונ,מיליליטרים,500.00,"100 מ""ל",false,1,23.90,4.78,true,1,
72986424,false,"גלידת בן & ג'ריס פיינטים קרם עוגיות 500מ""ל",מוצרי איכות אמריקאיי,IL,בן אנד גריס גלידת קר,מיליליטרים,500.00,"100 מ""ל",false,1,23.90,4.78,true,1,
72986448,false,"גלידת בן & ג'ריס פיינטים טופי קראנץ 500מ""ל",מוצרי איכות אמריקאיי,IL,בן אנד גריס גלידת טו,מיליליטרים,800.00,"100 מ""ל",false,1,23.90,2.99,true,1,
72986455,false,"ניו יורק סופר גלידת שוקולד, חתיכות פאדג' ואגוזים",מוצרי איכות אמריקאיי,IL,בן אנד גריס גלידת ני,מיליליטרים,500.00,"100 מ""ל",false,1,23.90,4.78,true,1,
72986479,false,"צ'אנקי מנקי גלידת וניל, בננות, חתיכות פאדג' ואגוזים",מוצרי איכות אמריקאיי,IL,בן אנד גריס גלידת צא,מיליליטרים,500.00,"100 מ""ל",false,1,23.90,4.78,true,1,
72989425,false,"גלידת בן & ג'ריס פיינטים שוקולד בראוניז 500מ""ל",מוצרי איכות אמריקאיי,IL,בן אנד גריס שוקולד ב,מיליליטרים,500.00,"100 מ""ל",false,1,23.90,4.78,true,1,
72991886,false,"גלידת דולצ'ה בטעם ריבת חלב עם פאדג' בן וג'ירי 500 מ""ל",מוצרי איכות אמריקאיי,IL,בן אנד גריס 500,מיליליטרים,500.00,"100 מ""ל",false,1,23.90,4.78,true,1,
72993637,false,מעדן חלב בטעם שוקולד 125 ג' דני,מחלבת אחיהוד,IL,מעדן דני שוקולד 125,גרמים,125.00,100 גרם,false,1,2.80,2.24,true,1,
72994061,false,חטיף פסק זמן GOOD גלילית לבן 40 גרם,שולן צ'יקולטה גידה ס,TR,פסק זמן טו גוד 36 גר,גרמים,36.00,100 גרם,false,1,4.90,13.61,true,1,
72994306,false,סיגריות רויאל אדום ח,דובק,,רויאל אדום חפיסה,יחידה,1.00,יחידה,false,1,25.00,25.00,true,1,
72994313,false,סיגריות רויאל כחול ח,דובק,,רויאל כחול חפיסה,יחידה,1.00,יחידה,false,1,25.00,25.00,true,1,
76106071,false,"מיץ ליים משומר 200 מ""ל",Sicilia סיציליה,CH,מיץ ליים משומר 200 מ,מיליליטרים,200.00,"100 מ""ל",false,1,7.90,3.95,true,1,
76136184,false,פאל מאל סופרסלימס כחול קופסה,BAT,,פאל מאל סופרסלימס כח,Unknown,0.00,Unknown,false,1,30.00,30.00,true,1,
80001027,false,לואקר וופל טורטינה 21 גרם,"כד בני דרום בע""מ",IT,חטיף טורטינה חלב 21,גרמים,21.00,100 גרם,false,1,4.20,20.00,true,1,
80001461,false,לואקר חטיף שוקולד 38 גר',"א. לואקר קונפקט בע""מ",AT,חטיף גרדנה מצופה 38,גרמים,38.00,100 גרם,false,1,4.40,11.58,true,1,
80042556,false,POLPA עגבניות חתוכות דק 400 גרם MUTTI,"איי, בי, אינבוו",IT,POLPA עגבניות חתוכות,גרמים,400.00,100 גרם,false,1,7.90,1.98,true,1,
80042563,false,רסק עגבניות 700 ג' (צהוב) MUTTI,"איי, בי, אינבוו",IT,מחית עגבניות קלה 700,גרמים,700.00,100 גרם,false,1,11.90,1.70,true,1,
80043638,false,כורכום טחון אורגני 47 גר קנהמלה,קנמלה Cannamela,,כורכום טחון אורגני 4,Unknown,0.00,Unknown,false,1,15.90,15.90,true,1,
80043775,false,צילי טחון אורגני 50 גר קנהמלה,דגש- דוכן גן שמואל,,צילי טחון אורגני 50,Unknown,0.00,Unknown,false,1,15.90,15.90,true,1,
80050025,false,סוכריות טיק טק בטעם תפוז,קדבורי,ZA,סוכריות טיק טק בטעם,גרמים,16.00,100 גרם,false,1,3.80,23.75,true,1,
80050124,false,סוכריות טיק טק בטעם מנטה,קדבורי,ZA,סוכריות טיק טק בטעם,גרמים,16.00,100 גרם,false,1,3.80,23.75,true,1,
80052760,false,קינדר בואנו Kinder Bueno עם חלב ואגוזי לוז,קינדר Kinder,PL,חטיף קינדר בואנו 43,גרמים,43.00,100 גרם,false,1,3.80,8.84,true,1,
80052883,false,סוכריות מנטה חזק 16 ג' טיק טק,פררו,ZA,טיק טק בודד מנטה חזק,גרמים,16.00,100 גרם,false,1,3.80,23.75,true,1,
80083665,false,גנדולה עוגיות עם שוקולד ציפס אורגני 250,תות תעשיות מזון (201,IT,גנדולה עוגיות עם שוק,גרמים,250.00,100 גרם,false,1,14.90,5.96,true,1,
80094883,false,פנקוטה עם קרמל איטלקי 2*100 גרם,,,פנקוטה עם קרמל איטלק,גרמים,200.00,100 גרם,false,1,8.90,4.45,true,1,
80136194,false,חטיפי הפי היפו Happy Hippo במילוי קרם חלבי ואגוזי לוז,קינדר Kinder,IT,קינדר הפי היפו אגוזי,גרמים,104.00,100 גרם,false,1,12.50,12.02,true,1,
80176800,false,נוטלה ממרח שוקולד 750 גרם,פררו תעשיות איטליה ס,IT,ממרח שוקולד נוטלה 75,גרמים,750.00,100 גרם,false,1,25.90,3.45,true,1,
80177173,false,ממרח אגוזי לוז עם קקאו,נוטלה Nutella,IT,ממרח נוטלה 350 גרם,גרמים,350.00,100 גרם,false,1,14.90,4.26,true,1,
80177180,false,שוקולד קינדר קאונטרי 23.5 גרם,קדבורי,IT,שוקולד קינדר קאונטרי,גרמים,24.00,100 גרם,false,1,3.30,13.75,true,1,
80177609,false,אצבעות שוקולד קינדר Kinder ארבע יחידות,קינדר Kinder,IT,קינדר 50 גרם,גרמים,50.00,100 גרם,false,1,4.40,8.80,true,1,
80177616,false,אצבעות שוקולד קינדר Kinder שמונה יחידות,קינדר Kinder,IT,טבלת שוקולד קינדר 10,גרמים,100.00,100 גרם,false,1,8.40,8.40,true,1,
80273561,false,פלפל שחור במטחנה 45 גר ארומה דה טוסקנה,דרוגריה ואלימנטרי אס,IT,פלפל שחור במטחנה 45,גרמים,45.00,100 גרם,false,1,14.20,31.56,true,1,
80273592,false,פלפל ארבע עונות 30 גר ארומה דה טוסקנה,דרוגריה ואלימנטרי אס,IT,פלפל ארבע עונות 30 ג,גרמים,30.00,100 גרם,false,1,14.20,47.33,true,1,
80273639,false,מלח ים במטחנה 90 גר ארומה דה טוסקנה,דרוגריה ואלימנטרי אס,IT,מלח ים במטחנה 90 גר,גרמים,90.00,100 גרם,false,1,14.20,15.78,true,1,
80273677,false,צילי במטחנה 20 גר ארומה דה טוסקנה,דרוגריה ואלימנטרי אס,IT,צילי במטחנה 20 גר אר,גרמים,20.00,100 גרם,false,1,14.20,71.00,true,1,
80273684,false,תערובת עשבי פרובנס במטחנה 20 גר ארומה דה,דרוגריה ואלימנטרי אס,IT,תערובת עשבי פרובנס ב,גרמים,20.00,100 גרם,false,1,14.20,71.00,true,1,
80310167,false,קינדר מקסי שישייה 126 גר,,,קינדר מקסי שישייה 12,גרמים,126.00,100 גרם,false,1,9.90,7.86,true,1,
80310334,false,שוקולד קינדר בצורת סנטה קלאוס 55 גרם,,IT,שוקולד קינדר בצורת ס,גרמים,55.00,100 גרם,false,1,11.90,21.64,true,1,
80310549,false,הפי היפו חטיף קינדר שוקולד לבן 20.5ג',קדבורי,DE,קינדר הפי היפו אגוזי,גרמים,35.00,100 גרם,false,1,4.20,12.00,true,1,
80310891,false,ביצת הפתעה קינדר ג'וי כתום,פררו,ZA,ביצת הפתעה קינדר גוי,גרמים,20.00,100 גרם,false,1,5.80,29.00,true,1,
80473213,false,כמון אורגני 32 גרם קנהמלה,,,כמון אורגני 32 גרם ק,גרמים,32.00,100 גרם,false,1,15.90,49.69,true,1,
80525264,false,Agnesi רוטב עגבניות ובזיל 400 גר,,IT,רוטב עגבניות,גרמים,400.00,100 גרם,false,0,14.60,3.65,true,1,
80525288,false,Agnesi רוטב עגבניות וזיתים 400 גר,,IT,Agnesi רוטב עגבניות,גרמים,400.00,100 גרם,false,0,14.60,3.65,true,1,
80525424,false,Agnesi רוטב עגבניות אראביאטה 400 גר,,IT,Agnesi רוטב עגבניות,גרמים,400.00,100 גרם,false,0,14.60,3.65,true,1,
80525462,false,Agnesi רוטב עגבניות נפוליטנה 400 גר,,IT,Agnesi רוטב עגבניות,גרמים,400.00,100 גרם,false,0,14.60,3.65,true,1,
80533917,false,פילה אנשובי בשמן זית 75 גרם צנצנת,,,פילה אנשובי בשמן זית,Unknown,0.00,Unknown,false,1,31.90,31.90,true,1,
80541776,false,אורגנו אורגני 14 גר קנהמלה,האי נאם סי או אל.טי.,IT,אורגנו אורגני 14 גר,Unknown,0.00,Unknown,false,1,15.90,15.90,true,1,
80718765,false,טונה במים בצנצנת קלי,קליפו קונסרב,IT,טונה במים 160 גר CAL,גרמים,160.00,100 גרם,false,1,25.90,16.19,true,1,
80757009,false,פילה טונה 200 גר,,,פילה טונה 200 גר,גרמים,200.00,100 גרם,false,1,43.90,21.95,true,1,
80761761,false,קינדר בואנו לבן בודד 39 גרם,קדבורי,PL,קינדר בואנו לבן בודד,גרמים,39.00,100 גרם,false,1,4.20,10.77,true,1,
80773429,false,מסטיק מנטוס פיור פרש בבקבוק בינוני בטעם תות 60 ג',"פרפטי ואן מלה ג'ידה,",TR,מנטוס בבקבוק פיור,Unknown,0.00,Unknown,false,1,9.70,9.70,true,1,
80773443,false,מסטיק מנטוס בבקבוק מעוגל בטעם מנטה מעודנת 60 ג',"פרפטי ואן מלה ג'ידה,",TR,מנטוס בבקבוק מעוגל ט,Unknown,0.00,Unknown,false,1,9.70,9.70,true,1,
80790990,false,מסטיק מנטוס בבקבוק מעוגל בטעם פירות -מנטה 60 ג',"פרפטי ואן מלה ג'ידה,",TR,מנטוס בבקבוק מעוגל ט,Unknown,0.00,Unknown,false,1,9.70,9.70,true,1,
80804697,false,מסטיק וויט White בטעם מנטה מתוקה ללא סוכר,"אינסטנטה בע""מ",TR,מסטיק מנטוס וויט ביג,גרמים,105.00,100 גרם,false,1,17.90,17.05,true,1,
80822141,false,קינדר עץ חג המולד 76 גרם,,,קינדר עץ חג המולד 76,גרמים,76.00,100 גרם,false,1,22.90,30.13,true,1,
80831402,false,סוכריות מנטוס מנטה עדינה 30 יח' ללא סוכר CLEAN BREATH,פרפטי ואן מלה,TR,"מנטוס מנטה עדינה לל""",גרמים,21.00,100 גרם,false,1,7.30,34.76,true,1,
80843184,false,מנטוס מסטיק פיור פרש בטעם ענבים 60גר,פרפטי ואן מלה ברדה,TR,מנטוס בבקבוק פיור בט,גרמים,60.00,100 גרם,false,1,9.70,16.17,true,1,
80874652,false,קינדר קארדס 120 גרם - בודד,פררו,IT,וופל קינדר קארדס 25.,גרמים,26.00,100 גרם,false,1,3.90,15.00,true,1,
80896081,false,מסטיק מנטוס פיור פרש בבקבוק בינוני בטעם אבטיח 60 ג',"פרפטי ואן מלה ג'ידה,",TR,מנטוס בבקבוק בינוני,Unknown,0.00,Unknown,false,1,9.70,9.70,true,1,
80913467,false,מסטיק מנטו בבקבוק מעוגל בטעם מנטה 60 ג',פרפטי ואן מלה ברדה,TR,מנטוס בבקבוק מעוגל ב,Unknown,0.00,Unknown,false,1,9.70,9.70,true,1,
80929277,false,מסטיק מנטוס פיור וויט מנטה עדינה 150 גר,פרפטי ואן מלה ברדה,TR,מסטיק מנטוס פיור ווי,גרמים,150.00,100 גרם,false,1,18.90,12.60,true,1,
80936848,false,סוכריות טיק טק תות שדה 24 יח',קדבורי,ZA,סוכריות טיק טק בטעם,גרמים,16.00,100 גרם,false,1,3.80,23.75,true,1,
80945468,false,סוכריות פיור וויט טעם מנטה מתוקה 60 ג' מנטוס,"פרפטי ואן מלה ג'ידה,",TR,מסטיק מנטוס וייט מנט,גרמים,60.00,100 גרם,false,1,9.60,16.00,true,1,
80957706,false,מסטיק מנטוס פיור וויט מנטה 150 גר,פרפטי ואן מלה ברדה,TR,מסטיק מנטוס פיור ווי,גרמים,150.00,100 גרם,false,1,18.90,12.60,true,1,
80979128,false,מנטוס בבקבוק פיור בטעם דובדבן 60 גר,פרפטי ואן מלה ברדה,TR,מנטוס בבקבוק פיור בט,גרמים,60.00,100 גרם,false,1,9.70,16.17,true,1,
80986348,false,סוכריות פיור וויט טעם מנטה 60 ג' מנטוס,"פרפטי ואן מלה ג'ידה,",TR,מסטיק מנטוס וייט מנט,גרמים,60.00,100 גרם,false,1,9.60,16.00,true,1,
80995128,false,מנטוס - מסטיק בטעם הדרים בתוספת ויטמינים 60 גרם,פרפטי ואן מלה ברדה,TR,מסטיק מנטוס ויטמין ב,גרמים,60.00,100 גרם,false,1,9.70,16.17,true,1,
85942707,false,נייר קצר ללא פילטר עבה PIH,,,נייר קצר ללא פילטר ע,יחידה,1.00,יחידה,false,1,3.00,3.00,true,1,
85951730,false,רול פור יו פילטרים ל,,,פילטרים PIH,יחידה,1.00,יחידה,false,1,5.00,5.00,true,1,
87108538,false,סוכריות מנטוס Mentos תות שדה,הדקלאים אגודת שיתופי,NL,מנטוס תות שדה,Unknown,0.00,Unknown,false,1,3.60,3.60,true,1,
87108651,false,מארז סוכריות מנטוס Mentos מנטה,הדקלאים אגודת שיתופי,NL,מנטוס מנטה 1/4,גרמים,150.00,100 גרם,false,1,11.40,7.60,true,1,
87108712,false,מארז סוכריות מנטוס Mentos פירות,פרפטי ואן מלה ברדה,NL,מנטוס פירות 1/4,גרמים,150.00,100 גרם,false,1,11.40,7.60,true,1,
88801124,false,מצת קליפר,,,מצת קליפר,Unknown,0.00,Unknown,false,1,6.40,6.40,true,1,
90057861,false,"שלומברגר קלימט יבש 750 מ""ל",,,שלומברגר קלימט יבש 7,Unknown,0.00,Unknown,false,1,72.90,72.90,true,1,
90087011,false,מיץ תפוחים 100% קרטונית ראוך,ראוך Rauch,HU,מיץ תפוחים 100% קרט,מיליליטרים,1000.00,"100 מ""ל",false,1,14.60,1.46,true,1,
90087066,false,מיץ תפוזים 100% טבעי 1 ל' RAUCH,ראוך Rauch,HU,מיץ תפוזים ראוך 100%,מיליליטרים,1000.00,"100 מ""ל",false,1,14.60,1.46,true,1,
90087271,false,נקטר אוכמניות 1 ליטר קרטונית ראוך,ראוך Rauch,,נקטר אוכמניות 1 ליטר,מיליליטרים,1000.00,"100 מ""ל",false,1,14.60,1.46,true,1,
90087769,false,מיץ אננס 100% קרטונית ראוך,ראוך Rauch,HU,מיץ אננס 100% קרטוני,ליטרים,0.00,ליטר,false,1,14.60,14.60,true,1,
90087806,false,מיץ אשכוליות 100% 1 ליטר,ראוך Rauch,AT,מיץ אשכוליות 100% 1,מיליליטרים,1000.00,"100 מ""ל",false,1,14.60,1.46,true,1,
90087974,false,"חומץ תפוחים 5% 750 מֿֿֿֿ""ל 12X",ראוך פרוכטסאפה,AT,חומץ טבעי מתפוחים 75,מיליליטרים,750.00,"100 מ""ל",false,1,15.60,2.08,true,1,
90162602,false,"משקה רד בול מוגז פחית 250 מ""ל",רד בול ג'י.אם.בי. אץ,AT,משקה רד בול מוגז פחי,מיליליטרים,250.00,"100 מ""ל",false,1,6.90,2.76,true,1,
90162800,false,רד בול משקה אנרגיה ללא סוכר פקדון 30 אג,רד בול ג'י.אם.בי. אץ,AT,משקה רד בול מוגז,מיליליטרים,250.00,"100 מ""ל",false,1,6.90,2.76,true,1,
90446269,false,"משקה רד בול אבטיח מוגז פחית 250 מ""ל",ראון פרוכטסאפה,AT,משקה רד בול אבטיח מו,מיליליטרים,250.00,"100 מ""ל",false,1,6.90,2.76,true,1,
90448867,false,"משקה אנרגיה רד בול ללא פחמימות 250 מ""ל",רד בול,AT,משקה אנרגיה רד בול ל,מיליליטרים,250.00,"100 מ""ל",false,1,6.90,2.76,true,1,
90453427,false,"משקה אנרגיה רד בול פיטאיה 250 מ""ל",רד בול,,משקה אנרגיה רד בול פ,מיליליטרים,250.00,"100 מ""ל",false,1,6.90,2.76,true,1,
96122983,false,אוקסו ציר ירקות נוזלי ופטרוזיליה 80 גרם,,,אוקסו ציר ירקות נוזל,גרמים,80.00,100 גרם,false,1,17.90,22.38,true,1,
96137130,false,"דאודורנט דאב רול און אגס ואלוורה 150 מ""ל",יוניליוור פיליפינים,GB,דאודורנט דאב רול און,מיליליטרים,50.00,"100 מ""ל",false,1,19.90,39.80,true,1,
98563234,false,פנצטה,,,פנצטה,Unknown,0.00,Unknown,false,1,15.00,15.00,true,1,
98563241,false,פצירת יהלום,,,פצירת יהלום,Unknown,0.00,Unknown,false,1,8.00,8.00,true,1,
8112100298,false,שמן שומשום טהור לא מ,Flavor full foods in,TW,"שמן שומשום 185 מ""ל",מיליליטרים,185.00,"100 מ""ל",false,1,14.90,8.05,true,1,
9800800056,false,חטיף שוקולד עם מקלות לחם אנד גו,נוטלה Nutella,DE,נוטלה & גו 52 גרם,גרמים,52.00,100 גרם,false,1,4.90,9.42,true,1,
11182700916,false,קינג קול שעועית לבנה צפונית 439 גרם,,,שעועית לבנה צפונית 4,גרמים,454.00,100 גרם,false,1,12.10,2.67,true,1,
11182700954,false,קינג קול שעועית שחורה 439 גרם,קינג קול,,קינג קול שעועית שחור,גרמים,439.00,100 גרם,false,1,12.10,2.76,true,1,
11182701388,false,קינג קול שעועית פינטו 454 גרם,,,קינג קול שעועית פינט,גרמים,454.00,100 גרם,false,1,12.10,2.67,true,1,
11210000094,false,"רוטב ""טבסקו"" על בסיס פלפל אדום 60 מ""ל",מקאילהייני אייבורי,US,טבסקו פלפל אדום 60 מ,מיליליטרים,90.00,"100 מ""ל",false,1,10.50,11.67,true,1,
11210006508,false,רוטב פלפל הבנרו חריף טבסקו 60 מל,מקאילהייני Mc.Ilhenn,US,רוטב פלפל הבנרו חריף,מיליליטרים,60.00,"100 מ""ל",false,1,16.70,27.83,true,1,
11210007253,false,רוטב טבסקו שום ופלפל,מקאילהייני אייבורי,US,"טבסקו פלפל שום 60 מ""",מיליליטרים,60.00,"100 מ""ל",false,1,10.50,17.50,true,1,
11210009387,false,רוטב טבסקו פלפל ירוק,מקאילהייני אייבורי,US,טבסקו פלפל ירוק 60 מ,מיליליטרים,60.00,"100 מ""ל",false,1,10.50,17.50,true,1,
11210607040,false,"רוטב ""טבסקו"" על בסיס פלפל צ'יפוטלי [בטעם מעושן] 60 מ""ל",מקאילהייני Mc.Ilhenn,US,רוטב טבסקו ציפוטלי 6,מיליליטרים,60.00,"100 מ""ל",false,1,10.50,17.50,true,1,
11359640106,false,קונכיות טאקו 150 גרם,,,קונכיות טאקו 150 גר,גרמים,150.00,100 גרם,false,1,11.90,7.93,true,1,
11359640120,false,ערכת קונכיות טאקו עם רוטב 195 גרם,,,ערכת קונכיות טאקו עם,גרמים,195.00,100 גרם,false,1,11.90,6.10,true,1,
11359645088,false,מארז ציפס ודיפ גבינת צדר 150 גרם,,,מארז ציפס ודיפ גבינת,גרמים,150.00,100 גרם,false,1,9.90,6.60,true,1,
11359645095,false,מארז ציפס ודיפ סלסה 150 גרם,,,מארז ציפס ודיפ סלסה,גרמים,150.00,100 גרם,false,1,9.90,6.60,true,1,
11359645286,false,טורטילה ציפס נאצוס גבינה 200 גרם,,,טורטילה ציפס נאצוס ג,גרמים,200.00,100 גרם,false,1,10.40,5.20,true,1,
11359650136,false,דיפ אבוקדו 190 גרם,,,דיפ אבוקדו 190 גרם,גרמים,190.00,100 גרם,false,1,10.90,5.74,true,1,
11359650198,false,רוטב סלסה פיקנטית 220 גרם,,,רוטב סלסה פיקנטית 22,גרמים,220.00,100 גרם,false,1,9.90,4.50,true,1,
11359650341,false,דיפ סלסה בחריפות מעודנת 190 גרם,,,דיפ סלסה בחריפות מעו,גרמים,190.00,100 גרם,false,1,9.90,5.21,true,1,
12086322211,false,יין דרוהין שבלי 750 מל צרפתי,,,יין דרוהין שבלי 750,Unknown,0.00,Unknown,false,1,104.90,104.90,true,1,
12086323713,false,"יין דרוהין שבלי סשר פרמייר קרו 750 מ""ל",,FR,יין דרוהין שבלי סשר,מיליליטרים,750.00,"100 מ""ל",false,1,250.90,33.45,true,1,
13000008143,false,"חומץ תפוחים היינץ 946 מ""ל",,US,חומץ תפוחים היינץ 94,מיליליטרים,946.00,"100 מ""ל",false,1,18.90,2.00,true,1,
13300555392,false,פילסברי מיקס בראוניז שוקולד חלב 521 ג',,US,פילסברי מיקס בראוניז,גרמים,521.00,100 גרם,false,1,15.90,3.05,true,1,
13300602355,false,פילסברי מיקס זהוב 432 ג',,US,פילסברי מיקס זהוב 43,גרמים,432.00,100 גרם,false,1,15.90,3.68,true,1,
13409515198,false,רוטב ברביקיו ציפוטלה 510 גרם,,US,רוטב ברביקיו ציפוטלה,גרמים,510.00,100 גרם,false,1,23.90,4.69,true,1,
14100074120,false,פפרידג' פארם עוגיות מילאנו 170 גרם,פפרדג פארם,,עוגיות פפרידג פארם,גרמים,198.00,100 גרם,false,1,24.90,12.58,true,1,
14100077121,false,פפרידג' פארם עוגיות סוסליטו שוקולד חלב מקדמיה 204 גרם,פפרדג פארם,,עוגיות פפרידג פארם א,גרמים,206.00,100 גרם,false,1,24.90,12.09,true,1,
14100082033,false,עוגיות פפרידג בראוניז רכות קפטיבה (אדום),פפרדג פארם,,עוגיות פפרידג פארם ק,גרמים,244.00,100 גרם,false,1,24.90,10.20,true,1,
16000178083,false,תערובת להכנת פנקייק לאקי צרמס 411 גר,,US,תערובת להכנת פנקייק,גרמים,411.00,100 גרם,false,1,44.90,10.92,true,1,
16000185517,false,דגני בוקר פייבר וואן עתירי סובין FIBRE1,בטר אנד דיפרנט,US,פייבר וואן 555 גרם,גרמים,555.00,100 גרם,false,1,32.50,5.86,true,1,
16000423534,false,ניטשר ואלי חטיף שיבולת שועל שוקולד מריר קראנצי 210ג',ג'נרל מילס סאן אדריא,ES,קראנצי שיבולת שועל ו,גרמים,210.00,100 גרם,false,1,17.90,8.52,true,1,
16000548404,false,ניטשר ואלי חטיף קראנצי גרנולה שיבולת שועל 210 ג',ג'נרל מילס סאן אדריא,ES,קראנצי בטעם שיבולת,גרמים,210.00,100 גרם,false,1,17.90,8.52,true,1,
16000548602,false,נייטשר וואלי חטיף קראנצ'י קינמון 210ג',ג'נרל מילס סאן אדריא,ES,קראנצי בטעם קנמון,גרמים,210.00,100 גרם,false,1,17.90,8.52,true,1,
16000548909,false,חטיף ניישטר וואלי 1/5 בריאות מעורב 210 ג,ג'נרל מילס סאן אדריא,ES,חטיף ניישטר וואלי 1/,גרמים,210.00,100 גרם,false,1,17.90,8.52,true,1,
16229917647,false,"מי קוקוס בתוספת מנגו 330 מ""ל",ויט וורלד קומפני,VN,מי קוקוס בתוספת מנגו,מיליליטרים,330.00,"100 מ""ל",false,1,8.20,2.48,true,1,
16229918354,false,"רוטב קארי אדום 250 מ""ל",,TH,רוטב קארי אדום 250 מ,מיליליטרים,250.00,"100 מ""ל",false,1,10.90,4.36,true,1,
16229924263,false,"קרם קוקוס 250 מ""ל.",ויט ורלד קומפני,VN,"קרם קוקוס 250 מ""ל",מיליליטרים,250.00,"100 מ""ל",false,1,10.40,4.16,true,1,
18000701223,false,תערובת לעוגת שוקולד 517 גרם פילסבורי,הדקלאים אגודת שיתופי,IL,תערובת לעוגת שוקולד,גרמים,517.00,100 גרם,false,1,17.90,3.46,true,1,
18000703494,false,תערובת עוגת וניל פיסברי 500 גר',הדקלאים אגודת שיתופי,IL,תערובת לעוגת וניל 51,גרמים,524.00,100 גרם,false,1,17.90,3.42,true,1,
18000766413,false,תערובת להכנת עוגה בטעם שוקולד,הדקלאים אגודת שיתופי,IL,תערובת לבראוניס 552,גרמים,609.00,100 גרם,false,1,17.90,2.94,true,1,
18787506295,false,שפתון קלאסי אורגני דר ברונר,,US,שפתון קלאסי אורגני ד,Unknown,0.00,Unknown,false,1,25.90,25.90,true,1,
18787780169,false,סבון נוזלי יסמין סנד,,,סבון נוזלי יסמין סנד,Unknown,0.00,Unknown,false,1,45.90,45.90,true,1,
18787783054,false,סבון מוצק אקליפטוס ש,,,סבון מוצק אקליפטוס ש,Unknown,0.00,Unknown,false,1,22.90,22.90,true,1,
18787785058,false,סבון מוצק מנטה מעורר,,,סבון מוצק מנטה מעורר,Unknown,0.00,Unknown,false,1,22.90,22.90,true,1,
18787786055,false,סבון מוצק עץ התה של,,,סבון מוצק עץ התה של,Unknown,0.00,Unknown,false,1,22.90,22.90,true,1,
18787791059,false,סבון מוצק פריחת הדוב,,,סבון מוצק פריחת הדוב,Unknown,0.00,Unknown,false,1,22.90,22.90,true,1,
19548003107,false,בלוק צימקאו שוקולד לבן אופנהיימר 300 גר,אופנהיימר,IL,בלוק צימקאו שוקולד ל,גרמים,300.00,100 גרם,false,1,9.90,3.30,true,1,
19582000568,false,בולס איי רוטב ברביקיו אוריגינל 496 גר,,US,בולס איי רוטב ברביקי,גרמים,496.00,100 גרם,false,1,14.90,3.00,true,1,
21200513152,false,שלושה ספוגי קירצוף לא שורטים ורוד,M3,CA,שלושה ספוגי קירצוף ל,Unknown,0.00,Unknown,false,1,15.60,15.60,true,1,
21200572357,false,קרצוף לניקוי חזק סקוטש ברייט שלישייה,M3,CA,שלושה ספוגי קירצוף ל,Unknown,0.00,Unknown,false,1,15.60,15.60,true,1,
21723339994,false,רוטב דגים מזרח ומערב,טאנג סאנג ראר קי,TH,רוטב דגים 300מ`ל,מיליליטרים,300.00,"100 מ""ל",false,1,10.40,3.47,true,1,
21723758887,false,רוטב דגים טיפארוס 700 מל,,,רוטב דגים טיפארוס,מיליליטרים,700.00,"100 מ""ל",false,1,14.60,2.09,true,1,
22014031023,false,רסק תפוחי עץ אורגני פאוץ 4*90 גרם,MANISCHEWITZ,US,רסק תפוחי עץ אורגני,גרמים,360.00,100 גרם,false,1,18.90,5.25,true,1,
22224200820,false,וולבי ליקריץ תות בסגנון אוסטרלי 114 גרם,,,וולבי ליקריץ תות בסג,גרמים,114.00,100 גרם,false,1,12.90,11.32,true,1,
23243005311,false,סבון ירדן 100 ג קלאסי מארז רביעיה,,,סבון ירדן 100 ג קלאס,גרמים,400.00,100 גרם,false,1,59.90,14.98,true,1,
23243007476,false,סבון ירדן שלישיה 300,,,סבון ירדן שלישיה 300,Unknown,0.00,Unknown,false,1,49.90,49.90,true,1,
23535996129,false,"תמצית וניל מדאגסקאר בורבון 60 מ""ל",,,תמצית וניל מדאגסקאר,מיליליטרים,60.00,"100 מ""ל",false,1,64.90,108.17,true,1,
24100226429,false,סנשיין קרקר ציז איט אורגינל קטן 127 גרם,,,סנשיין קרקר ציז איט,גרמים,127.00,100 גרם,false,1,10.90,8.58,true,1,
24100577163,false,סנשיין ציז איט סנאק מיקס 127 גרם,"קלוגס בריטניה בע""ם",US,סנשיין ציז איט סנאק,גרמים,127.00,100 גרם,false,1,17.20,13.54,true,1,
24463061095,false,רוטב פלפל צילי חריף 435 גר סריראצה,הוי פונג פודס,,רוטב פלפל צילי חריף,גרמים,435.00,100 גרם,false,1,34.90,8.02,true,1,
25675120037,false,מקלות חמצוצים תות 100 גרם,פאסין,NL,מקלות חמצוצים תות 10,גרמים,100.00,100 גרם,false,1,9.90,9.90,true,1,
25675120044,false,סאוור סטיקס Sour Sticks בטעם תפוח,פשקז Paskesz,NL,"מקלות חמצוצים תפו""ע",גרמים,100.00,100 גרם,false,1,9.90,9.90,true,1,
25675120068,false,סאוור סטיקס Sour Sticks בטעם קולה,פשקז Paskesz,NL,מקלות חמצוצים קולה 1,גרמים,100.00,100 גרם,false,1,9.90,9.90,true,1,
25675121027,false,חמצוצים רחב צבעוני רחב בטעמים 115 גרם,,NL,חמצוצים רחב צבעוני ר,גרמים,115.00,100 גרם,false,1,11.40,9.91,true,1,
25675121041,false,סאוור בלטס Sour Belts בטעם אוכמניות,פשקז Paskesz,NL,חמצוצים רחב פטל 115,גרמים,115.00,100 גרם,false,1,11.40,9.91,true,1,
29801025203,false,עוגיות חמאה קריספי - ב. באטרס 200 גר,,,עוגיות חמאה קריספי -,גרמים,200.00,100 גרם,false,1,20.90,10.45,true,1,
30000315989,false,קוואקר פרוטאין חמוציות ושקדים 372 גר,קוואקר אוטס קומפני,US,קוואקר פרוטאין חמוצי,גרמים,372.00,100 גרם,false,1,20.90,5.62,true,1,
30100472414,false,סנדוויץ קרקר קלאב צדר 311 גרם,,,סנדוויץ קרקר קלאב צד,גרמים,311.00,100 גרם,false,1,28.50,9.16,true,1,
31290140107,false,שוקולד 75% מריר 90 גר Godiva sticks,גודייבה GODIVA,TR,שוקולד 75% מריר 90 ג,גרמים,90.00,100 גרם,false,1,14.90,16.56,true,1,
31290140190,false,שוקולד עם נגיעות מלח ים שוקולד גודייבה פינגרס,גודייבה GODIVA,TR,שוקולד נגיעות מלח ים,גרמים,90.00,100 גרם,false,1,14.90,16.56,true,1,
33617000026,false,קרקר ואזה 203-275 גרם מקמח מלא 260,כלורוקס אוקלנד,SE,ואזה קמח מלא 260 גר,גרמים,260.00,100 גרם,false,1,14.60,5.62,true,1,
33617322616,false,קרקר ואזה 203-275 גרם מקמח שיפון,כלורוקס אוקלנד,SE,ואזה קלה מקמח שיפון,גרמים,270.00,100 גרם,false,1,14.60,5.41,true,1,
33617340610,false,קרקר ואזה 203-275 גרם מקמח שיפון 275,כלורוקס אוקלנד,SE,ואזה מקמח שיפון 250,גרמים,275.00,100 גרם,false,1,14.60,5.31,true,1,
33984004009,false,שמרי בירה בתוספת ויטמין B-12,,,שמרי בירה בתוספת ויט,Unknown,0.00,Unknown,false,1,84.90,84.90,true,1,
33984009554,false,סולגאר - חמוציות + ויטמין C סולגאר 60 כמוסות,סולגאר,,חמוציות + ויטמין C,Unknown,0.00,Unknown,false,1,94.90,94.90,true,1,
33984010383,false,אסטרולה ויטמין C לא חומצי 500 מ”ג (כמוסות),סולגאר,,אסטרולה 500 מג,Unknown,0.00,Unknown,false,1,99.90,99.90,true,1,
33984011816,false,מולטי-ויטמין מינרל 75-VM (טבליות),סולגאר,,vm-75 מולטי-ויטמין-מ,Unknown,0.00,Unknown,false,1,119.90,119.90,true,1,
33984011878,false,סולגאר - מולטי ויטמין VM-2000 (קטן) 60 טבליות,,,מולטי - ויטמין - מינ,Unknown,0.00,Unknown,false,1,149.90,149.90,true,1,
33984012493,false,"סולגאר - ברזל עדין 25 מ""ג 90 כמוסות",סולגאר,,ברזל עדין 25 מג,Unknown,0.00,Unknown,false,1,73.90,73.90,true,1,
33984014176,false,סולגאר - קולגן סולגאר וחומצה היאלורונית 30 טבליות,סולגאר,,קומפלקס קולגן וחומצה,Unknown,0.00,Unknown,false,1,159.90,159.90,true,1,
33984014466,false,כמוסות הידרוקסי ציטראט,,,כמוסות הידרוקסי ציטר,Unknown,0.00,Unknown,false,1,99.90,99.90,true,1,
33984017108,false,סולגאר - מגנזיום ציטראט 60 טבליות,סולגאר,,מגנזיום ציטראט,Unknown,0.00,Unknown,false,1,64.90,64.90,true,1,
33984017443,false,סולגאר - מולטי ויטמין מינרל לגברים 60 טבליות,סולגאר,,מולטי-ויטמין - מינרל,Unknown,0.00,Unknown,false,1,164.90,164.90,true,1,
33984019515,false,"סולגאר - מתילקובלאמין 1000 B12 מק""ג 60 כמוסות",סולגאר,,ויטמין B12 מתילקובלא,Unknown,0.00,Unknown,false,1,69.90,69.90,true,1,
33984026414,false,יוביקווינול 100 מ`ג 50,,,יוביקווינול 100 מ`ג,Unknown,0.00,Unknown,false,1,279.90,279.90,true,1,
33984027602,false,ל-טירוזין 500 מג,,,ל-טירוזין 500 מג,Unknown,0.00,Unknown,false,1,109.90,109.90,true,1,
33984037205,false,"אבץ 50 מ""ג 100 טבליות",סולגאר,,אבץ 50 מג,Unknown,0.00,Unknown,false,1,69.90,69.90,true,1,
33984041103,false,תמצית אוכמניות,,,תמצית אוכמניות,Unknown,0.00,Unknown,false,1,174.90,174.90,true,1,
33984041318,false,תמצית גינקו בילובה,,,תמצית גינקו בילובה,Unknown,0.00,Unknown,false,1,164.90,164.90,true,1,
33984041448,false,תמצית סרפד,,,תמצית סרפד,Unknown,0.00,Unknown,false,1,134.90,134.90,true,1,
33984041462,false,תמצית גינסנג סיבירי,,,תמצית גינסנג סיבירי,Unknown,0.00,Unknown,false,1,126.90,126.90,true,1,
33984504974,false,סולגאר - קומפלקס No 7 סולגאר 30 כמוסות,,,נאמבר 7 קומפלקס יעוד,Unknown,0.00,Unknown,false,1,144.90,144.90,true,1,
33984549562,false,סולגאר - ויטמין D1000 לעיסה (תות בננה) 100 טבליות,,,ויטמין לעיסה תות בננ,Unknown,0.00,Unknown,false,1,59.90,59.90,true,1,
33984595972,false,סולגאר - כורכומין סולגאר ספקטרום 185X פטנטי 30 כמוסות רכות,,,כורכומין ספקטרום פטנ,Unknown,0.00,Unknown,false,1,159.90,159.90,true,1,
34000196173,false,קוקיס אנד קרים בטעם שוקולד לבן עם שברי עוגיות,ליימן מותגים,,טבלת קוקיס אנד קרים,גרמים,120.00,100 גרם,false,1,11.20,9.33,true,1,
34000442652,false,שוקולד חלב ריסס Reese's במילוי חמאת בוטנים,ליימן מותגים,,טבלת ריזס 120 גרם X,גרמים,120.00,100 גרם,false,1,11.20,9.33,true,1,
34000470228,false,חטיף ריזס מיניס 70 גרם,הרשי,US,חטיף ריזס מיניס 70 ג,גרמים,70.00,100 גרם,false,1,7.50,10.71,true,1,
34000544028,false,סוכריות ארוכות בטעם תות טוויזלרס Twizzlers,ליימן מותגים,US,ממתקי טוויזלרס תות ש,גרמים,198.00,100 גרם,false,1,7.70,3.89,true,1,
34000544431,false,ממתקי הרשיז טוויזלרס טעם דובדבן 172 גרם,ליימן מותגים,US,ממתקי הרשיז טוויזלרס,גרמים,172.00,100 גרם,false,1,8.90,5.17,true,1,
35000458476,false,קולגייט מברשת שיניים ילדים מארז רביעייה,קולגייט פלמוליב,VN,מברשת שיניים קולגייט,Unknown,0.00,Unknown,false,1,25.90,25.90,true,1,
35000689535,false,מברשת שיניים קולגייט מקס וייט סופט זוג,COLGATE PALMOLIVE,CN,מברשת שיניים קולגייט,Unknown,0.00,Unknown,false,1,24.90,24.90,true,1,
36000516876,false,ממחטות נייר קלינקס לושן 3 שכבות 75 דף,חוגלה קימברלי,GB,ממחטות נייר קלינקס ל,Unknown,0.00,Unknown,false,1,10.90,10.90,true,1,
37600297967,false,מטבל סלסה בחריפות עדינה ציי צי 439 גר,hormel foods,US,מטבל סלסה בחריפות עד,גרמים,439.00,100 גרם,false,1,21.90,4.99,true,1,
38000138638,false,חטיף צ'יפס בטעם פיצה,פרינגלס מנופקצורינג,US,פרינגלס פיצה 158 גרם,גרמים,158.00,100 גרם,false,1,8.90,5.63,true,1,
38000138720,false,פרינגלס  תכלת ראנץ 158 ג',פרינגלס מניופקצ'ורינ,US,פרינגלס ראנץ 158 גרם,גרמים,158.00,100 גרם,false,1,8.90,5.63,true,1,
38000183928,false,פרינגלס חרדל ודבש 158 גרם,פרינגלס מניופקצ'ורינ,US,פרינגלס חרדל ודבש 15,גרמים,158.00,100 גרם,false,1,8.90,5.63,true,1,
38000197840,false,פרינגלס גלי בטעם חריף מתוק 137 ג',פרינגלס מניופקצ'ורינ,US,פרינגלס וייב חריף מת,גרמים,137.00,100 גרם,false,1,8.90,6.50,true,1,
38000202278,false,חטיף צ'יפס גלי בטעם אורגינל מלוח,פרינגלס מניופקצ'ורינ,US,פרינגלס וייב אורגינל,גרמים,130.00,100 גרם,false,1,8.90,6.85,true,1,
38000232152,false,פרינגלס ברביקיו 158 גרם – חדש,פרינגלס מניופקצ'ורינ,US,פרינגלס ברביקיו 158,גרמים,158.00,100 גרם,false,1,8.90,5.63,true,1,
38000232176,false,חטיף צ'יפס שמנת חמוצה ובצל,פרינגלס מניופקצ'ורינ,US,פרינגלס שמנת בצל 158,גרמים,158.00,100 גרם,false,1,8.90,5.63,true,1,
38000232183,false,פרינגלס אוריגינל 149 גרם,פרינגלס מניופקצ'ורינ,US,פרינגלס אוריגינל 149,גרמים,149.00,100 גרם,false,1,8.90,5.97,true,1,
38527591053,false,קואקר דגנים מרובעים שיבולת שועל וקינמון,BEVERAGES FOODS & SE,US,דגני בוקר מרובעים קי,גרמים,411.00,100 גרם,false,1,17.90,4.36,true,1,
38527591060,false,דגני קוואקר מרובעים Quaker Squares עם סוכר חום,BEVERAGES FOODS & SE,US,דגני בוקר מרובעים 4,גרמים,411.00,100 גרם,false,1,17.90,4.36,true,1,
38900779238,false,מיץ אננס דול רביעיות 4*250 מל,,,מיץ אננס דול רביעיות,מיליליטרים,1000.00,"100 מ""ל",false,1,17.90,1.79,true,1,
39000010351,false,פלפל חלפיניו בצנצנת אורטגה 340 גרם,,,פלפל חלפיניו בצנצנת,גרמים,340.00,100 גרם,false,1,20.90,6.15,true,1,
39000015622,false,C&T סלסה מדיום אורטגה 453 גרם,,,C&T סלסה מדיום אורטג,גרמים,453.00,100 גרם,false,1,24.90,5.50,true,1,
39000015677,false,C&T סלסה מיילד אורטגה 454 גרם,,,C&T סלסה מיילד אורטג,גרמים,454.00,100 גרם,false,1,24.90,5.48,true,1,
39047001152,false,ווקרס עוגיות חמאה פינגרס 150 גרם,,,ווקרס עוגיות חמאה פי,גרמים,150.00,100 גרם,false,1,21.90,14.60,true,1,
39047001404,false,ווקרס עוגיות חמאה עגולות 33% 150 גרם,,,ווקרס עוגיות חמאה עג,גרמים,150.00,100 גרם,false,1,21.90,14.60,true,1,
39047010208,false,"ווקרס עוגיות חמאה עגולות לל""ג 140 גרם",,IT,ווקרס עוגיות חמאה עג,Unknown,0.00,Unknown,false,1,26.90,26.90,true,1,
39047010215,false,"ווקרס עוגיות חמאה ש.ציפס לל""ג 140 גרם",,IT,ווקרס עוגיות חמאה ש.,Unknown,0.00,Unknown,false,1,26.90,26.90,true,1,
39047010222,false,"ווקרס ביסקוויט גינגר לימון לל""ג 140 גרם",,IT,ווקרס ביסקוויט גינגר,Unknown,0.00,Unknown,false,1,26.90,26.90,true,1,
39047050747,false,ווקרס עוגיות טופי פקאן 150 גרם,,,ווקרס עוגיות טופי פק,גרמים,150.00,100 גרם,false,1,21.90,14.60,true,1,
39047059016,false,"ווקרס ביסקוויט שוקולד תפוז לל""ג 150 גרם",,,ווקרס ביסקוויט שוקול,גרמים,150.00,100 גרם,false,1,26.90,17.93,true,1,
41190007097,false,"חומץ תפוחים שופרייט 946 מ""ל",,,חומץ תפוחים שופרייט,מיליליטרים,946.00,"100 מ""ל",false,1,15.90,1.68,true,1,
41224468108,false,עגבניות מיובשות שמן זית 340 גרם ROLAND,סיגס גיטה,,עגבניות מיובשות שמן,גרמים,340.00,100 גרם,false,1,20.80,6.12,true,1,
41331124430,false,שעועית לבנה חמאה 439 גרם,,,שעועית לבנה חמאה,גרמים,439.00,100 גרם,false,1,13.50,3.08,true,1,
41335000549,false,"רוטב ראנצ בטרמילק קנז 473 מ""ל",,,רוטב ראנצ בטרמילק קנ,גרמים,473.00,100 גרם,false,1,27.90,5.90,true,1,
41421177452,false,"רייטס רוטב היקורי מעושן מרוכז 103 מ""ל",בי אנד גי,US,רייטס רוטב היקורי מ,מיליליטרים,103.00,"100 מ""ל",false,1,19.90,19.32,true,1,
41500000299,false,חרדל דבש דיגון 340 גר Frenches,,US,ממרח חרדל דיזון בטעם,גרמים,340.00,100 גרם,false,1,19.90,5.85,true,1,
41500805016,false,"רוטב רד הוט פלפל 148 מ""ל",,,רוטב רד הוט פלפל 148,מיליליטרים,148.00,"100 מ""ל",false,1,16.70,11.28,true,1,
41500805023,false,"רוטב פלפל רד האט 354 מ""ל",,,"רוטב רד הוט 355 מ""ל",מיליליטרים,355.00,"100 מ""ל",false,1,29.50,8.31,true,1,
41501519455,false,אורטגה טאקו SHELL מקסיקני 140 גרם,,,אורטגה טאקו SHELL מק,גרמים,140.00,100 גרם,false,1,24.90,17.79,true,1,
41501520277,false,אורטגה טאקו מתירס כחול 117 גרם,,,אורטגה טאקו מתירס כח,גרמים,117.00,100 גרם,false,1,26.90,22.99,true,1,
41501537275,false,אורטגה אבקת תיבול צילי מופחת נתרן 28 גרם,,,אורטגה אבקת תיבול צי,גרמים,28.00,100 גרם,false,1,10.90,38.93,true,1,
41570113066,false,בלו דיאמנד משקה שקדים אוריגינל ללא תוספת סוכר 1 ליטר,בלו דיאמונד,US,משקה שקדים אוריגנל,ליטרים,0.00,ליטר,false,1,19.90,19.90,true,1,
41570113080,false,בלו דיאמנד משקה שקדים בטעם וניל ללא תוספת סוכר 1 ליטר,,ZA,משקה שקדים בטעם וניל,ליטרים,0.00,ליטר,false,1,20.90,20.90,true,1,
42400108153,false,דגני בוקר צבעוניים בטעם פירות טוטי פרוטיס,פוסט Post,US,דגני פוסט טוטי פרוטי,גרמים,354.00,100 גרם,false,1,22.60,6.38,true,1,
46214372250,false,"עוגיות שטרודל פריכות תפו""ע וצימוקים",מרבה Merba,NL,"עוגיות שטרודל תפו""ע",גרמים,225.00,100 גרם,false,1,8.60,3.82,true,1,
46214731552,false,עוגיות שוקולד ציפס מובחרות 225 ג',קריניציה ויטמינה אס,NL,עוגיות מרבה שוקולד צ,גרמים,225.00,100 גרם,false,1,8.60,3.82,true,1,
47997130006,false,מגיק מלח תיבול 198 גרם,,,מגיק מלח תיבול 198 ג,גרמים,198.00,100 גרם,false,1,19.90,10.05,true,1,
47997130204,false,מגיק לתיבול סלמון 198 גרם,מגיק סיזנינג בלנד,US,מגיק לתיבול סלמון 19,גרמים,198.00,100 גרם,false,1,27.90,14.09,true,1,
48327203513,false,"שמן זית כתית מעולה 750 מ""ל YBARRA",,ES,שמן זית כתית מעולה 7,מיליליטרים,750.00,"100 מ""ל",false,1,34.50,4.60,true,1,
50000015474,false,פריסקיז מעדני הים 4*,פורינה,US,פריסקיז מעדני הים 1.,קילוגרמים,0.00,"ק""ג",false,1,35.90,35.90,true,1,
50000084500,false,מזון יבש לחתול בטעם נתחי ברביקיו פריסקיז Friskies,נסטלה פורינה,US,פריסקיז נתחי ברביקיו,קילוגרמים,0.00,"ק""ג",false,1,35.90,35.90,true,1,
50000100347,false,"פריסקיז - מעדני החתול מועשר בחלב 1.40 ק""ג",נסטלה פורינה USA מק,US,פריסקיז מעדני החתול,קילוגרמים,0.00,"ק""ג",false,1,35.90,35.90,true,1,
50000103867,false,פנסי פיסט פטה סלמון ושרימפס,,,פנסי פיסט פטה סלמון,גרמים,85.00,100 גרם,false,1,5.90,6.94,true,1,
50000168583,false,"פריסקיז אקסטרא קראנץ 1.43 ק""ג",פורינה,US,פריסקיז אקסטרא קראנץ,Unknown,1.00,Unknown,false,1,35.90,35.90,true,1,
50000429042,false,פנסי פיסט - כבד עם מעדני עוף 85 גרם,נסטלה פורינה USA ג',US,פינסי פיטס כבד מעדן,גרמים,85.00,100 גרם,false,1,5.90,6.94,true,1,
50000429240,false,פנסי פיסט פטה גריל קצוץ,פורינה,US,פנסי פיסט גריל קצוץ,גרמים,85.00,100 גרם,false,1,5.90,6.94,true,1,
50000429349,false,פנסי פיסט פטה פירות ים,,,פנסי פיסט פטה פירות,גרמים,85.00,100 גרם,false,1,5.90,6.94,true,1,
50000429448,false,פנסי פיסט - מוס סלמון 85 גרם,נסטלה פורינה USA סט,US,פנסי פיסט מוס סלומון,גרמים,85.00,100 גרם,false,1,5.90,6.94,true,1,
50000429646,false,פנסי פיסט דגי אוקיינוס 85 גרם,נסטלה פורינה USA ג',US,פנסי פיסט דגי אוקיינ,גרמים,85.00,100 גרם,false,1,5.90,6.94,true,1,
50000429844,false,פנסי פיסט פטה הודו ועוף,נסטלה פורינה USA ג',US,פינסי פיטס הודוו נתח,גרמים,85.00,100 גרם,false,1,5.90,6.94,true,1,
50000429943,false,פנסי פיסט גורמה עוף 85 גרם,פורינה,US,פנסי פיסט גורמה עוף,גרמים,85.00,100 גרם,false,1,5.90,6.94,true,1,
50000503896,false,פנסי פיסט גרילד סלמון,פורינה,US,פנסי פיסט גרילד סלמ,גרמים,85.00,100 גרם,false,1,5.90,6.94,true,1,
50000574988,false,פנסי פיסט חתלתולים,,,פנסי פיסט חתלתולים,גרמים,85.00,100 גרם,false,1,5.90,6.94,true,1,
50000836123,false,פנסי פיסט גריל טונה,,,פנסי פיסט גריל טונה,גרמים,85.00,100 גרם,false,1,5.90,6.94,true,1,
52100002460,false,תערובת תיבול לעוף ודג 77 גר,מקרומיק,US,תערובת תיבול לעוף וד,גרמים,77.00,100 גרם,false,1,19.50,25.32,true,1,
52100006260,false,אבקת שום 88 גרם McCo,מקרומיק,US,אבקת שום 88 גר,גרמים,88.00,100 גרם,false,1,29.50,33.52,true,1,
52100006468,false,גבישי בצל 56 גר,,US,גבישי בצל 56 גר,גרמים,56.00,100 גרם,false,1,17.90,31.96,true,1,
52100034898,false,"תמצית ליים טהורה 29 מ""ל",מקורמיק,US,תמצית ליים טהורה 29,מיליליטרים,29.00,"100 מ""ל",false,1,17.90,61.72,true,1,
52100040806,false,תערובת שום בצל פלפל שחור ומלח ים 120 גר,מקורמיק,US,תערובת שום בצל פלפל,גרמים,120.00,100 גרם,false,1,26.50,22.08,true,1,
52100070667,false,"תמצית אניס טהורה 29 מ""ל",,US,תמצית אניס טהורה 29,מיליליטרים,29.00,"100 מ""ל",false,1,17.90,61.72,true,1,
52100070735,false,"תמצית קוקוס 29 מ""ל",,US,"תמצית קוקוס 29 מ""ל",מיליליטרים,29.00,"100 מ""ל",false,1,17.90,61.72,true,1,
52100070995,false,תמצית טעם וניל 59 גר,,US,תמצית טעם וניל 59 גר,גרמים,59.00,100 גרם,false,1,10.70,18.14,true,1,
52100142593,false,תערובת תיבול להמבורגר 77 גר,,US,תערובת תיבול להמבורג,גרמים,77.00,100 גרם,false,1,19.50,25.32,true,1,
52600751219,false,פלאף- ממרח מרשמלו בטעם וניל 213 גרם,,US,פלאף- ממרח מרשמלו בט,גרמים,213.00,100 גרם,false,1,17.90,8.40,true,1,
52600751233,false,פלאף - ממרח מרשמלו בטעם תות 213 גרם,Duracell,US,פלאף - ממרח מרשמלו ב,גרמים,213.00,100 גרם,false,1,17.90,8.40,true,1,
54100006769,false,"פרוסות חלפיניו חריף ולאסיק 355 מ""ל",,US,פרוסות חלפיניו חריף,מיליליטרים,355.00,"100 מ""ל",false,1,18.90,5.32,true,1,
54100018205,false,"ולאסיק רליש מתוק סגנון ביתי לחיץ 266 מ""ל",,,ולאסיק רליש מתוק,גרמים,296.00,100 גרם,false,1,19.10,6.45,true,1,
54881000031,false,תה שחור ורד דובדבן 20 שקיות אחמד,תה אחמד Ahmad tea,,תה שחור ורד דובדבן 2,Unknown,0.00,Unknown,false,1,13.00,13.00,true,1,
54881000048,false,תה במבחר פרי הדר 20 שקיקים אחמד,אחמד תה אנגליה,,תה במבחר פרי הדר 20,Unknown,0.00,Unknown,false,1,13.00,13.00,true,1,
54881000062,false,תה שחור לימונית וקמומיל 20 שקיות אחמד,אחמד תה אנגליה,,תה שחור לימונית וקמו,Unknown,0.00,Unknown,false,1,13.00,13.00,true,1,
54881000109,false,תה עם ענבי שועל 20 שקיקים אחמד,תה אחמד Ahmad tea,,תה עם ענבי שועל 20 ש,Unknown,0.00,Unknown,false,1,13.00,13.00,true,1,
54881000208,false,תה שחור לימון וגינגיר 20 שקיות אחמד,אחמד תה אנגליה,,תה שחור לימון וגינגי,Unknown,0.00,Unknown,false,1,13.00,13.00,true,1,
54881001052,false,אחמד מארז תה שחור 6 סוגים 120 גרם,,,אחמד מארז תה שחור 6,גרמים,120.00,100 גרם,false,1,31.50,26.25,true,1,
54881001120,false,מארז תה חליטות 6 סוגים *8 יח' AHMAD TEA,תה אחמד Ahmad tea,,אחמד מארז חליטות 6 ס,גרמים,120.00,100 גרם,false,1,31.50,26.25,true,1,
54881001779,false,קופסת תה 12 טעמים 60 שקיות,תה אחמד Ahmad tea,,אחמד תה 12 סוגים 60,גרמים,120.00,100 גרם,false,1,31.50,26.25,true,1,
54881004787,false,תה ירוק אחמד 100 שקיות,,,תה ירוק 100 שקיקים,Unknown,0.00,Unknown,false,1,23.90,23.90,true,1,
54881005654,false,תה ירוק יסמין 20 שקיות AHMAD TEA,אחמד תה אנגליה,,תה ירוק יסמין 20 שקי,Unknown,0.00,Unknown,false,1,16.00,16.00,true,1,
54881006941,false,תה שחור תפוח 20 שקיקים אחמד,תה אחמד Ahmad tea,,תה שחור תפוח 20 שקיק,Unknown,0.00,Unknown,false,1,13.00,13.00,true,1,
54881006958,false,תה שחור קינמון 20 שקיקים אחמד,אחמד תה אנגליה,,תה שחור קינמון 20 שק,Unknown,0.00,Unknown,false,1,13.00,13.00,true,1,
54881006972,false,תה שחור לימון וליים 20 שקיקים אחמד,תה אחמד Ahmad tea,,תה שחור לימון וליים,Unknown,0.00,Unknown,false,1,13.00,13.00,true,1,
54881006996,false,תה אפרסק ופסיפלורה 20 שקיקים אחמד,אחמד תה אנגליה,,תה אפרסק ופסיפלורה 2,Unknown,0.00,Unknown,false,1,13.00,13.00,true,1,
54881007108,false,תה שחור דומדמניות 20 שקיקים אחמד,תה אחמד Ahmad tea,,תה שחור דומדמניות 20,Unknown,0.00,Unknown,false,1,13.00,13.00,true,1,
54881007535,false,תה ירוק בטעם לימון 20 שקיקים 40 גרם,אחמד תה אנגליה,,תה ירוק בטעם לימון 2,Unknown,0.00,Unknown,false,1,16.00,16.00,true,1,
54881008167,false,תה אינגליש ברקפסט 100 שקיות AHMAD TEA,תה אחמד Ahmad tea,,תה אחמד אינגליש ברק,גרמים,200.00,100 גרם,false,1,21.50,10.75,true,1,
54881008174,false,תה אחמד ארל גריי 100 שקיקים,תה אחמד Ahmad tea,,תה אחמד ארל גריי 100,גרמים,180.00,100 גרם,false,1,21.50,11.94,true,1,
54881008181,false,תה אחמד אינגליש 100 שקיקים,תה אחמד Ahmad tea,,תה אחמד אינגליש 100,גרמים,200.00,100 גרם,false,1,21.50,10.75,true,1,
54881008945,false,תה ירוק 20 שקיות AHMAD TEA,אחמד תה אנגליה,,תה ירוק 20 שקיקים,Unknown,0.00,Unknown,false,1,16.00,16.00,true,1,
54881009522,false,תה שחור פטל 20 שקיקים אחמד,אחמד תה אנגליה,,תה שחור פטל 20 שקיקי,Unknown,0.00,Unknown,false,1,13.00,13.00,true,1,
54881012423,false,תה ירוק בטעם פטל רימונים 20 שקים 40 גרם,אחמד תה אנגליה,,תה ירוק בטעם קיווי,Unknown,0.00,Unknown,false,1,16.00,16.00,true,1,
54881012720,false,אחמד מארז תה פירות 6 סוגים 120 גרם,,,אחמד מארז תה פירות 6,גרמים,120.00,100 גרם,false,1,31.50,26.25,true,1,
56594009998,false,ניוואה ריבעיית סבון מוצק SOIN,,,ניוואה ריבעיית סבון,גרמים,360.00,100 גרם,false,1,18.00,5.00,true,1,
58449450009,false,דייסת אינסטנט מיקס 400 גרם,,,דייסת אינסטנט מיקס 4,גרמים,400.00,100 גרם,false,1,29.90,7.48,true,1,
58449450030,false,דייסת מייפל ואגוזי לוז 400 גרם,,,דייסת מייפל ואגוזי ל,גרמים,400.00,100 גרם,false,1,29.90,7.48,true,1,
58449450047,false,דייסת שיבולת שועל תפוח קינמון 400 גרם,נייצר וואלי,,דייסת שיבולת שועל תפ,גרמים,400.00,100 גרם,false,1,29.90,7.48,true,1,
58449450573,false,"דייסה בטעם ביתי לל""ג אורגני ללת""ס 320 גר",,US,"דייסה בטעם ביתי לל""ג",גרמים,320.00,100 גרם,false,1,37.90,11.84,true,1,
58449771807,false,גרנולה ש.מריר ופירות יער אורגני 325 גרם,,US,גרנולה ש.מריר ופירות,גרמים,325.00,100 גרם,false,1,33.90,10.43,true,1,
58449771982,false,גרנולה שוקולד מריר וקוקוס אורגני 325 גר,,US,גרנולה שוקולד מריר ו,גרמים,325.00,100 גרם,false,1,33.90,10.43,true,1,
58449860037,false,פצפוצי אורז מלא בטעם שוקולד קואלה קריספ,מולינו ניקולי s.p.a,US,דגני בוקר קואלה קריס,גרמים,325.00,100 גרם,false,1,23.90,7.35,true,1,
58449860075,false,כדורי למור בטעם חמאת בוטנים ושוקולד ללא גלוטן,Nature's Path,,דגני בוקר לאמור אורג,גרמים,284.00,100 גרם,false,1,26.50,9.33,true,1,
58449870241,false,"כדורוני תירס עם קקאו לל""ג אורגני 284 גרם",ניישר פאט',US,כדורוני תירס עם קקאו,גרמים,284.00,100 גרם,false,1,28.50,10.04,true,1,
60903440730,false,סיבונה רוטב קיסר לייט 475 גר',,,רוטב קיסר לייט 475 ג,גרמים,475.00,100 גרם,false,1,24.90,5.24,true,1,
62558212519,false,"סירופ מייפל טהור 251 מ""ל",les industries berna,CA,סירופ מייפל טחור 251,מיליליטרים,251.00,"100 מ""ל",false,1,29.50,11.75,true,1,
63435711033,false,רויאל טישו 3 שכבות 88 אולטרא,,CA,טישו רויאל 3 שכבות 8,Unknown,0.00,Unknown,false,1,8.30,8.30,true,1,
64144090013,false,"ספריי שמן PAM בטעם חמאה 141 מ""ל",קונאגרה פודס,US,ספריי שמן PAM בטעם ח,גרמים,141.00,100 גרם,false,1,20.90,14.82,true,1,
64144090020,false,"ספריי שמן PAM בטעם שמן זית 141 מ""ל",קונאגרה פודס,US,ספריי שמן PAM בטעם ש,מיליליטרים,141.00,"100 מ""ל",false,1,20.90,14.82,true,1,
64144090051,false,"ספריי שמן PAM קנולה אורגינל 148 מ""ל",קונאגרה פודס,US,ספריי שמן PAM קנולה,מיליליטרים,148.00,"100 מ""ל",false,1,20.90,14.12,true,1,
70177077563,false,תה ארל גריי 25 שקיות טוינינגס 50 גר,אר. טווינינגס אנד קו,PL,תה ארל גריי 25 שקיות,גרמים,50.00,100 גרם,false,1,17.90,35.80,true,1,
70177078904,false,תה אנגליש ברקפסט 50 שקיות טוינינגס,,PL,תה אינגליש ברקפסט 50,גרמים,100.00,100 גרם,false,1,34.90,34.90,true,1,
70177078966,false,תה ארל גריי 50 שקיות טוינינגס,,PL,תה ארל גריי 50 שקיות,גרמים,100.00,100 גרם,false,1,34.90,34.90,true,1,
70177084738,false,טווינינגס שחור רד פרוט 50 גרם,,,טווינינגס שחור רד פר,גרמים,50.00,100 גרם,false,1,17.90,35.80,true,1,
70177086664,false,תה ירוק טהור 25 שק TWININGS,טווינינגס Twinings,GB,תה גרין פיור 50 גרם,Unknown,0.00,Unknown,false,1,21.90,21.90,true,1,
70177120948,false,טווינינגס שחור אפל & סינמון 50 גרם,,,טווינינגס שחור אפל &,גרמים,50.00,100 גרם,false,1,17.90,35.80,true,1,
70177173159,false,תה ירוק עם לימון 25 שק TWININGS,אר. טווינינגס אנד קו,PL,תה גרין לימון 40 גרם,Unknown,0.00,Unknown,false,1,21.90,21.90,true,1,
70177173166,false,תה יסמין ירוק 25 שקיקים TWININGS,טווינינגס Twinings,PL,תה גרין יסמין 45 גרם,Unknown,0.00,Unknown,false,1,21.90,21.90,true,1,
70177173746,false,תה ירוק לימון ודבש 25 שק. טוינינגס,,PL,תה גרין למון האני 40,Unknown,0.00,Unknown,false,1,21.90,21.90,true,1,
70177175221,false,תה ירוק עם גינגר 25 שק. טוינינגס,,PL,גרין גינגר 40 גרם טו,Unknown,0.00,Unknown,false,1,21.90,21.90,true,1,
70177176914,false,תה טווינינג ארל גריי נטול קפאין 25 שקיקי,טווינינגס Twinings,,תה טווינינג ארל גריי,Unknown,0.00,Unknown,false,1,21.90,21.90,true,1,
70177177744,false,חליטה פיור פפרמינט 40 גרם טווינינג,,PL,חליטה פיור פפרמינט 4,Unknown,0.00,Unknown,false,1,18.80,18.80,true,1,
70177273330,false,חליטת ורבנה 37.5 גרם טווינינג,,PL,חליטת ורבנה 37.5 גרם,גרמים,38.00,100 גרם,false,1,18.80,49.47,true,1,
70221011116,false,טובלרון שוקולד חלב 100 גרם,טובלרון Toblerone,,טובלרון שוקולד חלב 1,גרמים,100.00,100 גרם,false,1,10.40,10.40,true,1,
71505022415,false,קרם ציז במשקל,,,קרם ציז במשקל,Unknown,0.00,"ק""ג",true,0,59.00,59.00,true,1,
71567749848,false,סוכריות גלי בלי 20 טעמים 250 גרם קופסה,,,סוכריות גלי בלי 20 ט,גרמים,250.00,100 גרם,false,1,39.90,15.96,true,1,
72600005846,false,הר טורטיה דיפר מתירס לבן 383 גרם,,,הר טורטיה דיפר מתירס,גרמים,383.00,100 גרם,false,1,26.50,6.92,true,1,
72600009257,false,הר טורטיה צ'יפס מתירס לבן 255 גרם,הר פודס,US,הר חטיפי טורטיה תירס,גרמים,255.00,100 גרם,false,1,23.90,9.37,true,1,
72600062290,false,הר חטיף גבינה חלפניו חריף 198 גרם,הר פודס,US,הר חטיף בטעם גבינה ח,גרמים,198.00,100 גרם,false,1,24.90,12.58,true,1,
72600062306,false,הרס חטיף במבה בטעם גבינה 198 גרם,הר פודס,,הר חטיפים בטעם גבינה,גרמים,198.00,100 גרם,false,1,24.90,12.58,true,1,
72600062313,false,הר חטיף גבינה בפאלו גבינה כחולה 198 גר,הר פודס,,הר חטיף גבינה בפאלו,גרמים,198.00,100 גרם,false,1,24.90,12.58,true,1,
72600062320,false,הר חטיף גבינה בטעם פיצה 198 גרם,הר פודס,,הר חטיף גבינהה בטעם,גרמים,198.00,100 גרם,false,1,24.90,12.58,true,1,
74234531142,false,פלפל חלפניו פרוס כבוש 210 גר,Empacadora San Marco,,פלפל חלפניו פרוס כבו,גרמים,210.00,100 גרם,false,1,13.50,6.43,true,1,
74234815013,false,שימורי מחית שעועית שחורה 430 גר,Empacadora San Marco,,שימורי מחית שעועית ש,גרמים,430.00,100 גרם,false,1,12.90,3.00,true,1,
74234925231,false,סלסה ציפוטלה מטבל עם פלפל חריף 230 גר,Empacadora San Marco,,סלסה ציפוטלה מטבל עם,גרמים,230.00,100 גרם,false,1,13.50,5.87,true,1,
74410470050,false,אצות קומבו 57 גרם רונגצאנג,,,אצות קומבו 57 גרם רו,גרמים,57.00,100 גרם,false,1,12.50,21.93,true,1,
74570004003,false,גלידת שמנת משובחת ונ,האגן דאז,,גלידה האגן דאז וניל,גרמים,417.00,100 גרם,false,1,23.90,5.73,true,1,
74570174003,false,"גלידת שמנת אגוזי מקדמיה 473 מ""ל",האגן דאז,,גלידה האגן דאז מקדמי,מיליליטרים,473.00,"100 מ""ל",false,1,23.90,5.05,true,1,
74570274000,false,"גלידת שמנת קרם עוגיות 473 מ""ל",האגן דאז,,גלידה האגן דאז,מיליליטרים,473.00,"100 מ""ל",false,1,23.90,5.05,true,1,
74570610051,false,"גלידת שמנת שוקולד בלגי 500 מ""ל",האגן דאז,,גלידה האגן דאז שוקול,גרמים,417.00,100 גרם,false,1,23.90,5.73,true,1,
74570950010,false,"גלידת שמנת עוג'גבינה+תות 473 מ""ל",האגן דאז,,האגן דאז גבינה ותות,מיליליטרים,473.00,"100 מ""ל",false,1,23.90,5.05,true,1,
74603003287,false,סאמיאנג נודלס ראמן בטעם קימצי 120 גרם,סאמיאנג פודס,KR,סאמיאנג נודלס ראמן ב,גרמים,120.00,100 גרם,false,1,11.90,9.92,true,1,
74603005892,false,סאמיאנג ראמן נודלס בקר 120 גרם,סאמיאנג פודס,KR,סאמיאנג ראמן נודלס ב,גרמים,120.00,100 גרם,false,1,11.90,9.92,true,1,
74603005922,false,סאמיאנג נודלס ראמן עם שעועית שחורה 140 ג,סאמיאנג פודס,KR,סאמיאנג נודלס ראמן ע,גרמים,140.00,100 גרם,false,1,11.90,8.50,true,1,
74880020403,false,טוגראשי נאנאמי 15 גרם,,,טוגראשי נאנאמי 15 גר,גרמים,15.00,100 גרם,false,1,19.60,130.67,true,1,
75810024256,false,תמרי רוטב סויה מופחת,סאן-ג'י אינטרנשיונל,US,תמרי רוטב סויה מופחת,מיליליטרים,296.00,"100 מ""ל",false,1,28.90,9.76,true,1,
76808009354,false,עוגיות קקאו שוקולד חלב ומריר 200 גרם,,,עוגיות קקאו שוקולד ח,גרמים,180.00,100 גרם,false,1,14.90,8.28,true,1,
76808009361,false,עוגיות לב ושבבי שוקולד מריר 200 גרם,,,עוגיות לב ושבבי שוקו,גרמים,180.00,100 גרם,false,1,14.90,8.28,true,1,
76840002542,false,"גלידת בן & ג'ריס פיינט נטפליקס וצ'ילד 500מ""ל",מוצרי איכות אמריקאים,IL,פיינט נטפליקס & צילד,גרמים,424.00,100 גרם,false,1,23.90,5.64,true,1,
76840100156,false,"בן אנד גריס גלידת צרי גרסיה 500 מ""ל",מוצרי איכות אמריקאיי,IL,גלידת צרי גרסיה בן,גרמים,441.00,100 גרם,false,1,23.90,5.42,true,1,
76840100583,false,"גלידת וניל עם בצק עוגיות בן וג'ירי 473 מ""ל",מוצרי איכות אמריקאיי,IL,בן אנד גריס וניל עם,גרמים,500.00,100 גרם,false,1,23.90,4.78,true,1,
76840400218,false,"גלידה בן&ג'ריס תות שדה ועוגת גבינה 500מ""ל",מוצרי איכות אמריקאיי,IL,בן אנד גריס עוגת גבי,מיליליטרים,473.00,"100 מ""ל",false,1,23.90,5.05,true,1,
77428105402,false,"TULIPS בונבוניירה 200 גרם - ד""ר",,NL,דרוסטה מארז שוקולד ט,גרמים,175.00,100 גרם,false,1,34.90,19.94,true,1,
77428130305,false,"PASTILLES בונבוניירה 200 גרם - ד""ר",,NL,PASTILLES בונבוניירה,גרמים,200.00,100 גרם,false,1,34.90,17.45,true,1,
77975010167,false,סניידרס מקלוני חיטה בתוספת דבש 340 גר,סניידרס Snyder's,,סניידרס מקלוני חיטה,גרמים,340.00,100 גרם,false,1,16.90,4.97,true,1,
77975094624,false,"סניידרס סנדוויץ בייגלה במילוי חמאת בוטנים , 226 ג'",סניידרס Snyder's,US,סניידרס שברי בייגלה,גרמים,270.00,100 גרם,false,1,16.90,6.26,true,1,
77975094631,false,סנדביץ בייגלה במילוי קרם בטעם צ'דר 226 גרם סניידרס,סניידרס Snyder's,US,סניידרס סנדוויץ בייג,גרמים,283.00,100 גרם,false,1,16.90,5.97,true,1,
77975094761,false,שברי בייגלה סניידרס בטעם צידר 340 גרם,סניידרס Snyder's,US,שברי בייגלה סניידרס,גרמים,340.00,100 גרם,false,1,16.90,4.97,true,1,
77975094778,false,שברי בייגלה סניידרס בטעם דבש חרדל 340 גר,סניידרס Snyder's,US,שברי בייגלה סניידרס,גרמים,340.00,100 גרם,false,1,16.90,4.97,true,1,
77975095133,false,שברי בייגלה בטעם פיקנטי 318 ג' סניידרס,סניידרס Snyder's,US,סניידרס פיקנטי 319 ג,גרמים,319.00,100 גרם,false,1,16.90,5.30,true,1,
77975095157,false,סניידרס שברי בייגלה וחלפיניו 340 גרם,סניידרס Snyder's,US,שברי בייגלה סניידרס,גרמים,318.00,100 גרם,false,1,16.90,5.31,true,1,
77975095164,false,שברי בייגלה בטעם פרמז'ן ושום 318 ג' סניידרס,סניידרס,US,סניידרס פרמזן ושום 3,גרמים,318.00,100 גרם,false,1,16.90,5.31,true,1,
78522000150,false,שמפו חוחובה + שמן קיק גייסון 411 גרם,ג'ייסון Jason,US,שמפו חוחובה + שמן קי,גרמים,411.00,100 גרם,false,1,49.90,12.14,true,1,
78522015154,false,ג'ייסון משחת שיניים עץ התה,ג'ייסון Jason,,גייסון משחת שיניים ע,Unknown,0.00,Unknown,false,1,39.90,39.90,true,1,
78522015680,false,ג'ייסון משחת שיניים מוקטנת מנטה 85 גר',,,גייסון משחת שיניים מ,Unknown,0.00,Unknown,false,1,24.90,24.90,true,1,
78522015697,false,גייסון משחת שיניים מוקטנת ניחוח ים,,,גייסון משחת שיניים,Unknown,0.00,Unknown,false,1,24.90,24.90,true,1,
78522040163,false,גל אלוורה גייסון להקלה מיידית בעור 113 ג,ג'ייסון Jason,,גל אלוורה גייסון להק,גרמים,113.00,100 גרם,false,1,49.90,44.16,true,1,
78522050124,false,"קרם ויטמין E להחייאת העור גייסון 113 מ""ל",,US,קרם ויטמין E להחייאת,מיליליטרים,113.00,"100 מ""ל",false,1,79.90,70.71,true,1,
78522060307,false,תרחיץ פילינג גייסון 113 גרם,ג'ייסון Jason,,תרחיץ פילינג גייסון,גרמים,113.00,100 גרם,false,1,59.90,53.01,true,1,
78522070054,false,גייסון שמפו ביוטין לשיער יבש ופגום 473מל,ג'ייסון Jason,,גייסון שמפו ביוטין ל,מיליליטרים,473.00,"100 מ""ל",false,1,49.90,10.55,true,1,
78522070092,false,גייסון מרכך ביוטין לשיער יבש ופגום 473מל,ג'ייסון Jason,,גייסון מרכך ביוטין ל,מיליליטרים,454.00,"100 מ""ל",false,1,49.90,10.99,true,1,
78895120318,false,רוטב למוקפץ עם סויה ושום 50 גרם LKK,,CN,רוטב למוקפץ עם סויה,גרמים,50.00,100 גרם,false,1,6.90,13.80,true,1,
78895121896,false,רוטב למוקפץ עם עגבניות ושום 70 ג' LKK,,CN,רוטב למוקפץ עגבניות,גרמים,70.00,100 גרם,false,1,6.90,9.86,true,1,
78895131178,false,רוטב למוקפץ עם סויה ודבש 70 גרם LKK,,CN,רוטב למוקפץ עם סויה,גרמים,70.00,100 גרם,false,1,6.90,9.86,true,1,
78895138603,false,רוטב למוקפץ חמוץ מתוק 60 גרם LKK,,CN,רוטב למוקפץ חמוץ מתו,גרמים,60.00,100 גרם,false,1,6.90,11.50,true,1,
78895148077,false,רוטב למוקפץ נודלס 50 גרם LKK,,CN,רוטב למוקפץ נודלס 50,גרמים,50.00,100 גרם,false,1,6.90,13.80,true,1,
78895148299,false,רוטב למוקפץ להכנת עוף קונג פאו 60 ג' LKK,,CN,רוטב למוקפץ לעוף קונ,גרמים,60.00,100 גרם,false,1,6.90,11.50,true,1,
80432402825,false,"וויסקי גלגליווט 12 שנה 700 מ""ל",מזקקת גלנליווט,GB,וויסקי גלגליווט 12 ש,מיליליטרים,700.00,"100 מ""ל",false,1,179.90,25.70,true,1,
80432402931,false,"שיבאס וויסקי ריגאל 12 שנה 700 מ""ל",מזקקת האחים שיבאס,GB,וויסקי שיבאס רגאל 12,מיליליטרים,700.00,"100 מ""ל",false,1,99.90,14.27,true,1,
80432402993,false,"וויסקי סינגל מאלט גלן גראנט 700 מ""ל TMR",,,וויסקי סינגל מאלט גל,מיליליטרים,750.00,"100 מ""ל",false,1,104.90,13.99,true,1,
82184090442,false,וויסקי גק דניאלס 1 ליטר,ג'ק דניאלס,US,וויסקי גק דניאלס 1 ל,מיליליטרים,1000.00,"100 מ""ל",false,1,140.90,14.09,true,1,
84213017475,false,מסטמכר מיסלי אורגני עם פירות 500ג,מרום את קונפינו,,מיסלי אורגני עם פירו,גרמים,500.00,100 גרם,false,1,19.90,3.98,true,1,
84380957048,false,סאנט דלפור דובדבן שחור 284 גר,,,סאנט דלפור דובדבן שח,גרמים,284.00,100 גרם,false,1,19.90,7.01,true,1,
84380957444,false,סאנט דלפור תות שדה 284 גרם,,,סאנט דלפור תות שדה 2,גרמים,284.00,100 גרם,false,1,19.90,7.01,true,1,
84380957741,false,סאנט דלפור פטל אדום 284 גר,,,סאנט דלפור פטל אדום,גרמים,284.00,100 גרם,false,1,19.90,7.01,true,1,
84380957840,false,סאנט דלפור ארבעה פירות 284 גרם,,,סאנט דלפור ארבעה פיר,גרמים,284.00,100 גרם,false,1,19.90,7.01,true,1,
84380957949,false,סאנט דלפור תפוזים 284 גרם,,,סאנט דלפור תפוזים 28,גרמים,284.00,100 גרם,false,1,19.90,7.01,true,1,
84380958342,false,סאנט דלפור מנגו אננס 284 גרם,,,סאנט דלפור מנגו אננס,גרמים,284.00,100 גרם,false,1,19.90,7.01,true,1,
84380985713,false,סאנט דלפור פטל רימונים 284 גרם,,,סאנט דלפור פטל רימונ,גרמים,284.00,100 גרם,false,1,19.90,7.01,true,1,
84380985812,false,אנט דלפור פטל שחור 284 גרם,,,אנט דלפור פטל שחור 2,גרמים,284.00,100 גרם,false,1,19.90,7.01,true,1,
85592121746,false,"וויסקי מונשיין פלייט וואלי 750 מ""ל",,,וויסקי מונשיין פלייט,מיליליטרים,750.00,"100 מ""ל",false,1,144.90,19.32,true,1,
87000006928,false,"רום קפטן מורגן בלאק 750 מ""ל",אלכוהול (איי.בי.בי),,רום קפטן מורגן בלאק,מיליליטרים,750.00,"100 מ""ל",false,1,104.90,13.99,true,1,
87666052819,false,"רוטב סריראצ`ה חריף 455 מ""ל",,,רוטב סריראצ`ה חריף 4,מיליליטרים,455.00,"100 מ""ל",false,1,29.50,6.48,true,1,
87666052888,false,"רוטב סריראצ`ה עם למון גראס 455 מ""ל",,,רוטב סריראצ`ה עם למו,מיליליטרים,455.00,"100 מ""ל",false,1,29.50,6.48,true,1,
88586625848,false,שאטו סאנט מישל גוורצטראמינר 750 מל,,,שאטו סאנט מישל גוורצ,Unknown,0.00,Unknown,false,1,56.90,56.90,true,1,
89041081056,false,מזרח ומערב יבוא שמן,flavor full foods,TW,"שמן צילי 180 מ""ל",מיליליטרים,185.00,"100 מ""ל",false,1,13.10,7.08,true,1,
89397344300,false,דיניקולה רוטב פסטה עגבניות ובזיל 737 גרם,,,רוטב פסטה עגבניות בז,מיליליטרים,680.00,"100 מ""ל",false,1,17.90,2.63,true,1,
89819068227,false,ברינגר מיין אנד ויין קברנה סובניון 750 מ,,,ברינגר מיין אנד ויין,Unknown,0.00,Unknown,false,1,57.90,57.90,true,1,
90341121212,false,"וירגיל רוט ביר 355 מ""ל",,,וירגיל רוט ביר 355,מיליליטרים,355.00,"100 מ""ל",false,1,14.90,4.20,true,1,
90341123452,false,"וירגיל קרים סודה 355 מ""ל",,,וירגיל קרים סודה 35,מיליליטרים,355.00,"100 מ""ל",false,1,14.90,4.20,true,1,
93133737325,false,רוטב טריאקי שומשום עברית 566 גרם,קיוטה קיצ'ן,US,רוטב טריאקי שומשום ע,גרמים,566.00,100 גרם,false,1,44.90,7.93,true,1,
305210416383,false,"ואזלין קרם גוף לגבר נספג במהירות 600 מ""ל",וזלין Vaseline,US,קרם גוף לגבר נספג במ,מיליליטרים,600.00,"100 מ""ל",false,1,29.90,4.98,true,1,
305210464728,false,וזלין מיני לשפתיים בטעם קרם ברולה,"יונילוור ארה""ב - HPC",US,וזלין מיני לשפתיים,גרמים,7.00,100 גרם,false,1,15.90,227.14,true,1,
308910525744,false,אטריות אורז דקות 454 גרם,ליאן תאי רייס,TH,אטריות אורז דקות 454,גרמים,454.00,100 גרם,false,1,11.40,2.51,true,1,
482307764591,false,נוץ/מישקה/ כוס חלב/דולקי/שוקו במשקל,,,סוכריות רושן קבוצה 3,Unknown,0.00,"ק""ג",true,0,42.00,42.00,true,1,
605453320202,false,סורימי פלייק נתחים 454 גר,,,סורימי פלייק נתחים 4,גרמים,454.00,100 גרם,false,1,34.90,7.69,true,1,
605453520961,false,סורימי דליקטס שרימפס 300 גר,,,סורימי דליקטס שרימפס,גרמים,300.00,100 גרם,false,1,34.90,11.63,true,1,
608614253586,false,חטיף חלבון טבעוני בטעם שוקולד,,,חטיף חלבון טבעוני ב,גרמים,60.00,100 גרם,false,1,14.50,24.17,true,1,
608614307135,false,חסה סלנובה 160 גרם,חקלאי,IL,חסה סלנובה 160 גר,גרמים,160.00,100 גרם,false,1,14.90,9.31,true,1,
608614342631,false,פרסבורגר פרג,,,פרסבורגר פרג,Unknown,0.00,Unknown,false,1,43.90,43.90,true,1,
608614342648,false,שמרים גבינה דובדבן,,,שמרים גבינה דובדבן,Unknown,0.00,Unknown,false,1,43.90,43.90,true,1,
608614342655,false,קראנץ אגוזים,,,קראנץ אגוזים,Unknown,0.00,Unknown,false,1,43.90,43.90,true,1,
608614342662,false,קראנץ שוקולד,,,קראנץ שוקולד,Unknown,0.00,Unknown,false,1,43.90,43.90,true,1,
608614342686,false,בריוש אוכמניות,,,בריוש אוכמניות,Unknown,0.00,Unknown,false,1,43.90,43.90,true,1,
608614342693,false,קראנץ חלבה,,,קראנץ חלבה,Unknown,0.00,Unknown,false,1,43.90,43.90,true,1,
608614342716,false,שטרודל תפוחים,,,שטרודל תפוחים,Unknown,0.00,Unknown,false,1,43.90,43.90,true,1,
608614342730,false,בראוניז שוקולד,,,בראוניז שוקולד,Unknown,0.00,Unknown,false,1,43.90,43.90,true,1,
608614342747,false,פאי אגוזים,,,פאי אגוזים,Unknown,0.00,Unknown,false,1,43.90,43.90,true,1,
608614342785,false,פאי פרג,,,פאי פרג,Unknown,0.00,"ק""ג",true,0,57.90,57.90,true,1,
608614342792,false,מארז פחזניות,,,מארז פחזניות,Unknown,0.00,Unknown,false,1,49.90,49.90,true,1,
608614342808,false,בגט אוטנטיק,,,בגט אוטנטיק,Unknown,0.00,Unknown,false,1,8.90,8.90,true,1,
608614342815,false,מארז לחמניות,,,מארז לחמניות,Unknown,0.00,Unknown,false,1,16.90,16.90,true,1,
608614342860,false,לחם מיוחד שמרים,,,לחם מיוחד שמרים,Unknown,0.00,Unknown,false,1,19.90,19.90,true,1,
608614342921,false,חלת שמרים,,,חלת שמרים,Unknown,0.00,Unknown,false,1,15.90,15.90,true,1,
609628012114,false,זיתי קלמטה שלמים במי מלח בפח,,GR,זית קלמטה בפח 430 גר,גרמים,430.00,100 גרם,false,1,19.80,4.60,true,1,
613008742409,false,בקבוק אריזונה אפרסק 1 ליטר,נובה טרייד אל טי די,DE,אריזונה אפרסק בקבוק,מיליליטרים,1000.00,"100 מ""ל",false,1,11.80,1.18,true,1,
613008753290,false,"בקבוק אריזונה אפרסק 450 מ""ל",נובה טרייד אל טי די,BG,"אריזונה אפרסק 450 מ""",מיליליטרים,450.00,"100 מ""ל",false,1,7.50,1.67,true,1,
613008753320,false,"אריזונה ג'ינסנג ודבש בקבוק 450 מ""ל.",אריזונה Arizona,BG,אריזונה גינסנג ודבש,מיליליטרים,450.00,"100 מ""ל",false,1,7.50,1.67,true,1,
613008753351,false,"בקבוק אריזונה רימונים 450 מ""ל",נובה טרייד אל טי די,BG,אריזונה רימונים 450,מיליליטרים,450.00,"100 מ""ל",false,1,7.50,1.67,true,1,
613008753382,false,"בקבוק אריזונה אוכמניות 450 מ""ל",נובה טרייד אל טי די,BG,אריזונה אוכמניות 450,מיליליטרים,450.00,"100 מ""ל",false,1,7.50,1.67,true,1,
613008755461,false,בקבוק אריזונה אוכמניות 1 ליטר,נובה טרייד אל טי די,DE,אריזונה אוכמניות בקב,מיליליטרים,1000.00,"100 מ""ל",false,1,11.80,1.18,true,1,
619286761002,false,תה פיל גוד האני בוש אורגני 36 גרם,,,תה פיל גוד האני בוש,גרמים,36.00,100 גרם,false,1,19.90,55.28,true,1,
619286763006,false,תה נפלאות הטולסי אורגני 36 גרם,,,תה נפלאות הטולסי אור,גרמים,36.00,100 גרם,false,1,19.90,55.28,true,1,
633148100617,false,רוטב חריף צילי וליים טאגין 436 גר,טגין דל בגירו,MX,רוטב חריף צילי וליים,גרמים,436.00,100 גרם,false,1,23.90,5.48,true,1,
633148104547,false,תערובת תיבול בטעם פלפל הבנרו וליים 45 גר,טגין דל בגירו,MX,תערובת תיבול בטעם פל,גרמים,45.00,100 גרם,false,1,19.90,44.22,true,1,
639138513238,false,פילה הרינג מעושן בשמן צמחי,רוג'ין פיש,,פילה הרינג מעושן 190,גרמים,200.00,100 גרם,false,1,12.50,6.25,true,1,
645173863351,false,שימורי ביצי דג מינטאי מעושן פמלי פק 185,,,שימורי ביצי דג מינטא,גרמים,185.00,100 גרם,false,1,13.50,7.30,true,1,
645173863610,false,שום כבוש בחומץ 500 גרם ANTI PASTO,,CN,שום כבוש בחומץ 500,גרמים,500.00,100 גרם,false,1,13.90,2.78,true,1,
645173911038,false,קורנישון מלפפוןן מיני 720 גרם - תומר,קלמן אינדיה,IN,קורנישון מיני בצנצנת,גרמים,720.00,100 גרם,false,1,10.90,1.51,true,1,
645173995618,false,רוטב שזיפי בר טקמלי אדום אימרטי 370 גר,,,רוטב שזיפי בר טקמלי,גרמים,370.00,100 גרם,false,1,11.90,3.22,true,1,
645173995663,false,רוטב פלפלים חמלי-סומלי אימרטי 370 גר,,,רוטב פלפלים חמלי-סומ,גרמים,370.00,100 גרם,false,1,11.90,3.22,true,1,
645173995687,false,רוטב אימרטי דובדבנים קורנילה 420 גר,,,רוטב אימרטי דובדבנים,גרמים,420.00,100 גרם,false,1,22.90,5.45,true,1,
649660432020,false,היל ויו שזיפים מיובשים מגולענים 567 גרם,"היל ויו בע""מ",,היל ויו שזיפים מיובש,גרמים,567.00,100 גרם,false,1,29.90,5.27,true,1,
649870165695,false,חטיף נייטיב לכלב מקל,לנגי,CN,חטיף נייטיב לכלב מקל,Unknown,1.00,Unknown,false,1,15.90,15.90,true,1,
649870165718,false,חטיף נייטיב לכלב עיג,לנגי,CN,חטיף נייטיב לכלב עיג,Unknown,1.00,Unknown,false,1,15.90,15.90,true,1,
649870165725,false,חטיף נייטיב לכלב משק,לנגי,CN,חטיף נייטיב לכלב משק,Unknown,1.00,Unknown,false,1,15.90,15.90,true,1,
649870165732,false,חטיף נייטיב לכלב קוב,לנגי,CN,חטיף נייטיב לכלב קוב,Unknown,1.00,Unknown,false,1,15.90,15.90,true,1,
653694000117,false,A&H רוטב חזרת 454 גרם,GALLO,US,A&H רוטב חזרת 454 גר,גרמים,454.00,100 גרם,false,1,23.90,5.26,true,1,
654749453957,false,"שמן נוגד חמצון מועשר בויטמין סי 30 מ""ל",אבלון אורגניקס Avalon Organics,US,שמן נוגד חמצון מועשר,מיליליטרים,30.00,"100 מ""ל",false,1,179.90,599.67,true,1,
655553698777,false,שרשרת דגלים יום הולד,,,שרשרת דגלים יום הולד,Unknown,0.00,Unknown,false,1,9.90,9.90,true,1,
661176010011,false,צבע לשיער N1,,,צבע לשיער N1,Unknown,0.00,Unknown,false,1,59.90,59.90,true,1,
661176010035,false,צבע לשיערN5,,,צבע לשיערN5,Unknown,0.00,Unknown,false,1,59.90,59.90,true,1,
661176010073,false,צבע לשיער N9,,,צבע לשיער N9,Unknown,0.00,Unknown,false,1,59.90,59.90,true,1,
661176010905,false,צבע לשיער N4,,,צבע לשיער N4,Unknown,0.00,Unknown,false,1,59.90,59.90,true,1,
661176012152,false,צבע לשיער 7.34,,,צבע לשיער 7.34,Unknown,0.00,Unknown,false,1,59.90,59.90,true,1,
666522900053,false,ציברס ריבת דובדבנים שחורות 340 גרם,,,ציברס ריבת דובדבנים,גרמים,340.00,100 גרם,false,1,22.90,6.74,true,1,
666522900084,false,ריבת גינגר 340 גרם,,,ריבת גינגר,גרמים,340.00,100 גרם,false,1,22.90,6.74,true,1,
666522900138,false,ריבה פודינג לימון 320 גרם,,,ריבה פודינג לימון,גרמים,320.00,100 גרם,false,1,22.90,7.16,true,1,
672774106044,false,אלפז תערובת להכנת פלאפל 150 גרם,,GB,אלפז תערובת להכנת פל,גרמים,150.00,100 גרם,false,1,8.90,5.93,true,1,
693493008204,false,"סליפצ'ק - תמצית פסיפלורה, ולריאן וקמומיל","ד""ר קיי DR. K",IL,סליפציק 30 מל,מיליליטרים,30.00,"100 מ""ל",false,1,65.00,216.67,true,1,
693493008211,false,סטופציק 30 מל,,IL,סטופציק 30 מל,מיליליטרים,30.00,"100 מ""ל",false,1,65.00,216.67,true,1,
693493010818,false,"נאצוס - חטיף טורטיה ע""ב תירס בטע 200 גר",או. קיי סניקס,DK,נאצוס חטיף טורטיה,גרמים,200.00,100 גרם,false,1,10.90,5.45,true,1,
693493065641,false,טחינה הר כנען טחינה שכם לבנה 100% 500 ג,,,טחינה הר כנען טחינה,גרמים,500.00,100 גרם,false,1,14.90,2.98,true,1,
693493095501,false,מעמול תמרים,,,מעמול תמרים,Unknown,0.00,Unknown,false,1,37.90,37.90,true,1,
693493095532,false,עוגיות אלפחורס ממולא,,,עוגיות אלפחורס ממולא,Unknown,0.00,Unknown,false,1,37.90,37.90,true,1,
693493095549,false,עוגיות אלפחורס מצופא,,,עוגיות אלפחורס מצופא,Unknown,0.00,Unknown,false,1,37.90,37.90,true,1,
693493095563,false,עוגיות שומשום ללא תו,,,עוגיות שומשום ללא תו,Unknown,0.00,Unknown,false,1,37.90,37.90,true,1,
693493095570,false,עוגיות חמאה,,,עוגיות חמאה,Unknown,0.00,Unknown,false,1,37.90,37.90,true,1,
693493095587,false,עוגיות חמאה ללא תוספ,,,עוגיות חמאה ללא תוספ,Unknown,0.00,Unknown,false,1,37.90,37.90,true,1,
693493095594,false,עוגיות מלוחות,,,עוגיות מלוחות,Unknown,0.00,Unknown,false,1,37.90,37.90,true,1,
693493095679,false,אוזני פיל,,,אוזני פיל,Unknown,0.00,Unknown,false,1,37.90,37.90,true,1,
693493095709,false,גבינה תות שדה ללא תו,,,גבינה תות שדה ללא תו,Unknown,0.00,Unknown,false,1,57.90,57.90,true,1,
693493095716,false,גבינה שווצרית,,,גבינה שווצרית,Unknown,0.00,Unknown,false,1,57.90,57.90,true,1,
693493095754,false,פררו רושה,,,פררו רושה,Unknown,0.00,Unknown,false,1,57.90,57.90,true,1,
693493095877,false,קראנץ שוקולד נוגטלה,,,קראנץ שוקולד נוגטלה,Unknown,0.00,Unknown,false,1,43.90,43.90,true,1,
693493095884,false,נפוליאון קרם שניט,,,נפוליאון קרם שניט,Unknown,0.00,Unknown,false,1,57.90,57.90,true,1,
693493095914,false,מארז שנק וניל,,,מארז שנק וניל,Unknown,0.00,Unknown,false,1,26.90,26.90,true,1,
693493095969,false,עוגת דבש,,,עוגת דבש,Unknown,0.00,Unknown,false,1,39.90,39.90,true,1,
693493095976,false,עוגת דבש ותפוחים,,,עוגת דבש ותפוחים,Unknown,0.00,Unknown,false,1,39.90,39.90,true,1,
693493095983,false,עוגת דבש ואגוזים,,,עוגת דבש ואגוזים,Unknown,0.00,Unknown,false,1,39.90,39.90,true,1,
707595100114,false,פלפלים אדומים קלויים 480 ג' NESTOS,NESTOS,GR,פלפלים אדומים קלויים,גרמים,480.00,100 גרם,false,1,13.90,2.90,true,1,
707595100169,false,מחית חצילים קלויים 480 ג' NESTOS,,GR,מחית חצילים קלויים 4,גרמים,480.00,100 גרם,false,1,13.90,2.90,true,1,
710535495539,false,"אורז בסמטי 96% 1 ק""ג Avel",,IN,"אורז בסמטי 96% 1 ק""ג",גרמים,1000.00,100 גרם,false,1,12.50,1.25,true,1,
711464506723,false,"אלפז רוטב עגבניות להכנת שיש קבב 156 מ""ל",,GB,אלפז רוטב עגבניות לה,מיליליטרים,156.00,"100 מ""ל",false,1,8.50,5.45,true,1,
717273502956,false,חרדל לחיץ מתובל חריף 340 גרם,,,חרדל לחיץ מתובל חריף,גרמים,340.00,100 גרם,false,1,16.40,4.82,true,1,
717273504875,false,מיונז ללא ביצים ללא,ווברס חברת חרדל,US,מיונז ללא ביצים ללא,מיליליטרים,473.00,"100 מ""ל",false,1,27.90,5.90,true,1,
719812010847,false,מגב רב תכליתי OXO,,,מגב רב תכליתי OXO,קילוגרמים,0.00,"ק""ג",false,1,59.00,59.00,true,1,
719812018423,false,מרית סיליקון גמישה לחביתות,,,מרית סילקון גמישה לח,Unknown,0.00,Unknown,false,1,89.00,89.00,true,1,
719812037103,false,פורס ביצה OXO,,,פורס ביצה OXO,Unknown,0.00,Unknown,false,1,89.00,89.00,true,1,
719812037691,false,שייקר לסלט קטן ירוק OXO,,,שייקר לסלט קטן ירוק,קילוגרמים,0.00,"ק""ג",false,1,95.00,95.00,true,1,
719812681542,false,מעמד לכיור לבן OXO,,,מעמד לכיור לבן OXO,קילוגרמים,0.00,"ק""ג",false,1,129.00,129.00,true,1,
719812685236,false,מיכל אחסון 2 ריבוע קטן מיניPOP,,,מיכל אחסון 2 ריבוע,קילוגרמים,0.00,"ק""ג",false,1,59.00,59.00,true,1,
719812686011,false,קולפן גדול PREP,,,קולפן גדול PREP,Unknown,0.00,Unknown,false,1,59.00,59.00,true,1,
720516010712,false,"תערובת להכנת פנקייק כוסמת לל""ג 375 גרם",אורגרן,AU,תערובת להכנת פנקייק,גרמים,375.00,100 גרם,false,1,22.90,6.11,true,1,
720516021251,false,"פתיתים מקמח אורז ותירס חיות לל""ג 200 גרם",,AU,פתיתים מקמח אורז ותי,גרמים,200.00,100 גרם,false,1,18.90,9.45,true,1,
720516024351,false,"פתיתי דגנים כוסמת קינואה ודוחן לל""ג 250",,AU,פתיתי דגנים כוסמת קי,גרמים,250.00,100 גרם,false,1,24.90,9.96,true,1,
721733000739,false,פטרון סילבר טקילה מארז TIN 2016) ) 700,פטרון דיסטרליס,MX,פטרון סילבר טקילה 70,מיליליטרים,700.00,"100 מ""ל",false,1,179.90,25.70,true,1,
723830770010,false,"לגוניטאס ח""פ 355 מ""ל DAYTIME בירה",מבשלת לגוניטאס,US,"לגוניטאס ח""פ 355 מ""ל",מיליליטרים,355.00,"100 מ""ל",false,1,12.50,3.52,true,1,
728229123590,false,חטיף על בסיס ירקות שורש בטעם טבעי,הונדורס צ'יפס יצור א,HN,חטיף ציפס טרה אורגי,גרמים,110.00,100 גרם,false,1,14.90,13.55,true,1,
728229123613,false,חטיף על בסיס תפוח אדמה כחול בטעם טבעי,היין סלסטיאל גרופ,US,ציפס 110 גרם טרה כחו,גרמים,110.00,100 גרם,false,1,14.90,13.55,true,1,
728229124764,false,חטיף ציפס בטטה עם מלח ים 110 גרם,היין פיוצ'ור נטורל פ,US,חטיף ציפס בטטה עם מל,גרמים,110.00,100 גרם,false,1,14.90,13.55,true,1,
728229124771,false,חטיף ציפס טרה מבטטה בטעם ברביקיו 110 גרם,היין פיוצ'ור נטורל פ,IN,חטיף ציפס טרה מבטטה,גרמים,110.00,100 גרם,false,1,14.90,13.55,true,1,
728229130154,false,חטיף על בסיס בטטה וסלק בטעם טבעי,הונדורס צ'יפס יצור א,HN,חטיף ציפס מבטטה וסלק,גרמים,110.00,100 גרם,false,1,14.90,13.55,true,1,
728229130444,false,"חטיף על בסיס ירקות שורש עם בטטה, תפו""א כחול וסלק",היין סלסטיאל גרופ,US,חטיף ציפס מירקות כחו,גרמים,110.00,100 גרם,false,1,14.90,13.55,true,1,
731559147839,false,עץ אשוח שלג 60 סמ,,,עץ אשוח שלג 60 סמ,Unknown,0.00,Unknown,false,1,39.00,39.00,true,1,
731559147846,false,עץ אשוח שלג 90 סמ,,,עץ אשוח שלג 90 סמ,Unknown,0.00,Unknown,false,1,69.00,69.00,true,1,
731559148072,false,עץ אשוח ירוק 60 סמ,,,עץ אשוח ירוק 60 סמ,Unknown,0.00,Unknown,false,1,39.00,39.00,true,1,
731559148089,false,עץ אשוח ירוק 90 סמ,,,עץ אשוח ירוק 90 סמ,Unknown,0.00,Unknown,false,1,59.00,59.00,true,1,
731559148096,false,עץ אשוח ירוק 120 סמ,,,עץ אשוח ירוק 120 סמ,Unknown,0.00,Unknown,false,1,129.00,129.00,true,1,
731559148102,false,עץ אשוח ירוק 150 סמ,,,עץ אשוח ירוק 150 סמ,Unknown,0.00,Unknown,false,1,175.00,175.00,true,1,
731559148508,false,סט כדורי פלסטיק 12 יחידות,,,סט כדורי פלסטיק 12 י,Unknown,0.00,Unknown,false,1,30.00,30.00,true,1,
731559148515,false,משקפי קרנבל ומסיבות,,,משקפי קרנבל ומסיבות,Unknown,0.00,Unknown,false,1,9.00,9.00,true,1,
731559148560,false,שקית שי קטן,,,שקית שי קטן,Unknown,0.00,Unknown,false,1,5.00,5.00,true,1,
731559148577,false,שקית שי בינוני,,,שקית שי בינוני,Unknown,0.00,Unknown,false,1,8.00,8.00,true,1,
731559148584,false,שקית שי גדול,,,שקית שי גדול,Unknown,0.00,Unknown,false,1,10.00,10.00,true,1,
731559148669,false,סנטה מיני,,,סנטה מיני,Unknown,0.00,Unknown,false,1,19.00,19.00,true,1,
731559148720,false,איש שלג,,,איש שלג,Unknown,0.00,Unknown,false,1,9.90,9.90,true,1,
731559148751,false,קישוט לראש,,,קישוט לראש,Unknown,0.00,Unknown,false,1,12.00,12.00,true,1,
731559148768,false,כובע חג מולד מואר,,,כובע חג מולד מואר,Unknown,0.00,Unknown,false,1,8.00,8.00,true,1,
731559148775,false,כובע חג מולד,,,כובע חג מולד,Unknown,0.00,Unknown,false,1,10.00,10.00,true,1,
731559148782,false,כובע חג מולד פייטים,,,כובע חג מולד פייטים,Unknown,0.00,Unknown,false,1,16.00,16.00,true,1,
731559148799,false,כובע חג מולד,,,כובע חג מולד,Unknown,0.00,Unknown,false,1,12.00,12.00,true,1,
731559148942,false,קישוט קרניים לראש,,,קישוט קרניים לראש,Unknown,0.00,Unknown,false,1,15.00,15.00,true,1,
731559149062,false,ספל קרמי גדול,,,ספל קרמי גדול,Unknown,0.00,Unknown,false,1,39.00,39.00,true,1,
731559149161,false,חוט כסף נוצצים צבעוני,,,חוט כסף נוצצים צבעונ,Unknown,0.00,Unknown,false,1,10.00,10.00,true,1,
731559149185,false,חוט כסף נוצצים צבעוני,,,חוט כסף נוצצים צבעונ,Unknown,0.00,Unknown,false,1,8.00,8.00,true,1,
731559149918,false,כובע חג מולד עם זקן,,,כובע חג מולד עם זקן,Unknown,0.00,Unknown,false,1,23.00,23.00,true,1,
731559150044,false,פסלון ארנב קרמי,,,פסלון ארנב קרמי,Unknown,0.00,Unknown,false,1,49.00,49.00,true,1,
731559150075,false,פסל עציץ חגיגי,,,פסל עציץ חגיגי,Unknown,0.00,Unknown,false,1,29.00,29.00,true,1,
731559150242,false,פסלון שפן עם פרחים,,,פסלון שפן עם פרחים,Unknown,0.00,Unknown,false,1,19.90,19.90,true,1,
731559150273,false,פסלון ארנבת,,,פסלון ארנבת,Unknown,0.00,Unknown,false,1,25.00,25.00,true,1,
731559150297,false,מנורות לד צבעוניות,,,מנורות לד צבעוניות,Unknown,0.00,Unknown,false,1,39.00,39.00,true,1,
731559150310,false,מנורות לד צבעוניות,,,מנורות לד צבעוניות,Unknown,0.00,Unknown,false,1,59.00,59.00,true,1,
731559150525,false,ספל עם ציור סנטה,,,ספל עם ציור סנטה,Unknown,0.00,Unknown,false,1,25.00,25.00,true,1,
731559150570,false,סט כדורי פלסטיק 6 יחידות,,,סט כדורי פלסטיק 6 יח,Unknown,0.00,Unknown,false,1,29.00,29.00,true,1,
731559150587,false,סט כדורי פלסטיק 3 יחידות,,,סט כדורי פלסטיק 3 יח,Unknown,0.00,Unknown,false,1,19.00,19.00,true,1,
731559150600,false,סט כדורים 12 יחידות,,,סט כדורים 12 יחידות,Unknown,0.00,Unknown,false,1,30.00,30.00,true,1,
731559150617,false,סט כדורי פלסטיק 16 יחידות,,,סט כדורי פלסטיק 16 י,Unknown,0.00,Unknown,false,1,69.00,69.00,true,1,
731559150624,false,סט כדורי פלסטיק 6 יחידות כחול,,,סט כדורי פלסטיק 6 יח,Unknown,0.00,Unknown,false,1,25.00,25.00,true,1,
731559150631,false,סט כדורי פלסטיק 6 יחידות משובץ,,,סט כדורי פלסטיק 6 יח,Unknown,0.00,Unknown,false,1,17.00,17.00,true,1,
731559150648,false,סט כדורי פלסטיק 6 יחידות,,,סט כדורי פלסטיק 6 יח,Unknown,0.00,Unknown,false,1,59.00,59.00,true,1,
731559150655,false,סט כדורי פלסטיק 6 יחידות,,,סט כדורי פלסטיק 6 יח,Unknown,0.00,Unknown,false,1,30.00,30.00,true,1,
731559150662,false,סט כדורי פלסטיק 9 יחידות,,,סט כדורי פלסטיק 9 י,Unknown,0.00,Unknown,false,1,39.00,39.00,true,1,
732494000524,false,קרטורס פופקורן שיקגו קרמל 213 גרם,איגל פודס ווקיגאן מפ,US,קרטורס פופקורן שיקגו,גרמים,213.00,100 גרם,false,1,29.90,14.04,true,1,
734756002024,false,רוטב מרינדה לעוף 340 גרם,,US,רוטב מרינדה לעוף 340,גרמים,340.00,100 גרם,false,1,29.90,8.79,true,1,
737547486201,false,נקניקיות מרגז טבעוני הקצב הירוק 350 גרם,,IL,נקניקיות מרגז טבעוני,גרמים,350.00,100 גרם,false,1,39.90,11.40,true,1,
753182231761,false,"משקה אנרגיה BLU ללא תוספת סוכר 250 מ""ל",אקווה ויט,PL,בלו סיקס ללא סוכר 25,מיליליטרים,250.00,"100 מ""ל",false,1,3.90,1.56,true,1,
757528005276,false,טאקיס-חטיף תירס צילי חריף וליים 56 גר,,,טאקיס-חטיף תירס צילי,גרמים,56.00,100 גרם,false,1,8.90,15.89,true,1,
757528008796,false,טאקיס-חטיף תירס צילי חריף וליים 113 גר,,,טאקיס-חטיף תירס צילי,גרמים,113.00,100 גרם,false,1,14.90,13.19,true,1,
760412417505,false,איטלס טבליות מציצה בטעם פירות יער,,,איטלס טבליות מציצה ב,Unknown,0.00,Unknown,false,1,349.90,349.90,true,1,
768404001640,false,"גלידה בן&ג'ריס קפה משפחתית 500מ""ל",מוצרי איכות אמריקאיי,IL,בן אנד גריס בטעם קפה,מיליליטרים,500.00,"100 מ""ל",false,1,23.90,4.78,true,1,
769904000997,false,דגש שקדי מרק ללא גלו,משובח תעשיות מזון,IL,"שקדי מרק דג""ש 200 ג",גרמים,200.00,100 גרם,false,1,15.90,7.95,true,1,
770009011924,false,ניירות אפייה 100% טבעי 24 יח,Source Atlantique,IL,ניירות אפייה 100% טב,Unknown,0.00,Unknown,false,1,22.90,22.90,true,1,
782126002020,false,טמפון אורגני סופר פלוס 20 יחידות 50 גרם,,,טמפון אורגני סופר פל,Unknown,0.00,Unknown,false,1,36.90,36.90,true,1,
782126003003,false,מגן תחתון נושם 30 יחידות 200 גרם,,,מגן תחתון נושם 30 יח,Unknown,0.00,Unknown,false,1,22.50,22.50,true,1,
787692838349,false,עוגיות חלבון שוקולד לבן ומקדמיה 114 גרם,,,עוגיות חלבון שוקולד,Unknown,0.00,Unknown,false,1,17.90,17.90,true,1,
791669199104,false,רלסטון דייסה ש. שועל מהירה 336 גרם,,,רלסטון דייסה ש. שועל,גרמים,336.00,100 גרם,false,1,27.90,8.30,true,1,
801310973899,false,צעצוע סטאר כחול,,,צעצוע סטאר כחול,Unknown,0.00,Unknown,false,1,49.90,49.90,true,1,
810165011953,false,סוכריות אורגניות על,,,סוכריות אורגניות על,גרמים,85.00,100 גרם,false,1,21.90,25.76,true,1,
814856010768,false,מאפין חלבון אוכמניות 113 גרם,,,מאפין חלבון אוכמניות,גרמים,113.00,100 גרם,false,1,16.90,14.96,true,1,
818570007066,false,1X12X29Mווטקינס וניל טהור,"ג'יי אר ווטקינס בע""מ",US,וטקינס וניל טהור 29,מיליליטרים,29.00,"100 מ""ל",false,1,29.90,103.10,true,1,
819046001274,false,אינקה ציפס ירקות שורש טרופיים 142 גר,,,אינקה ציפס ירקות שור,גרמים,142.00,100 גרם,false,1,19.90,14.01,true,1,
833949000264,false,"סירופ מייפל אמיתי 100% אורגני 250 מ""ל",דיקסר קוויבק,CA,סירופ מייפל אמיתי,מיליליטרים,250.00,"100 מ""ל",false,1,35.90,14.36,true,1,
833949000295,false,סירופ מייפל אמיתי 100% אורגני 1 ליטר,Decacer,CA,סירופ מייפל אמיתי 10,ליטרים,0.00,ליטר,false,1,104.50,104.50,true,1,
835811000167,false,נר נשמה בזכוכית לשבעה ימים*זכוכית*,MULDER NATURAL FOODS,CN,נר נשמה בזכוכית לשבע,Unknown,0.00,Unknown,false,1,10.90,10.90,true,1,
835811000396,false,נייר אפיה לתבנית מוארכת - מארז 30 ניירות,הנמל,CN,נ.אפייה הנמל תבנית מ,Unknown,0.00,Unknown,false,1,9.90,9.90,true,1,
835811001652,false,כוס לשתייה קרה 330 סמק` 40 יח` )בירה(,הנמל,TR,כוס לשתייה קרה הנמל,Unknown,0.00,Unknown,false,1,12.50,12.50,true,1,
835811002079,false,נר נשמה בזכוכית 48 שעות,,,נר נשמה הנמל בזכוכית,Unknown,0.00,Unknown,false,1,4.50,4.50,true,1,
835811003878,false,שקיות אשפה עם ידיות הנמל 40 יח 50*70,זמזמ תעשיות פלסטיק,IL,שקיות אשפה עם ידיות,Unknown,0.00,Unknown,false,1,17.90,17.90,true,1,
835811005728,false,עלים לעוגת קרמשניט 400 גרם,"רונית מאפים בע""מ",IL,עלים לעוגת קרמשניט 4,גרמים,400.00,100 גרם,false,1,18.70,4.68,true,1,
835811006213,false,קערות מתכלה מקנה סוכר טבעי 25 יח,"איטיליאן פוד, אס.פי.",IL,קערות מתכלה מקנה סוכ,Unknown,0.00,Unknown,false,1,20.80,20.80,true,1,
835811007494,false,גלטין טהור מדגים 2 יח` 14 X גר`,ג'ליס פיוניר,IL,גלטין דגים טהור 28,Unknown,0.00,Unknown,false,1,12.50,12.50,true,1,
835811008347,false,גפרור ארוך מאוד להבי,הנמל,SE,גפרור ענק,Unknown,0.00,Unknown,false,1,8.60,8.60,true,1,
835811008699,false,כפות שקוף/קרם עבה במיוחד הנמל 50 יח,"גרנג יוניברס , הונג",TR,כפות שקוף 50 יח,Unknown,0.00,Unknown,false,1,20.90,20.90,true,1,
835811008934,false,מזלגות 50 יח שקוף/קרם עבה במיוחד,"גרנג יוניברס , הונג",TR,מזלגות שקוף 50 יח,Unknown,0.00,Unknown,false,1,20.90,20.90,true,1,
835811008941,false,סכינים 50 יח שקוף/קרם עבה במיוחד,"איטיליאן פוד, אס.פי.",TR,סכינים שקוף 50 יח,Unknown,0.00,Unknown,false,1,20.90,20.90,true,1,
835811008958,false,כפיות 50 יח שקוף/קרם עבה במיוחד,"גרנג יוניברס , הונג",TR,כפיות שקוף 50 יח,Unknown,0.00,Unknown,false,1,20.90,20.90,true,1,
835811008989,false,"כוסות משקה חם קרטון 355 מ""ל",הנמל,,כוסות קרטון 50 יח,Unknown,0.00,Unknown,false,1,19.80,19.80,true,1,
835811009016,false,כוסות קרטון 50 יח 4 OZ,הנמל,CN,כוסות קרטון 50 יח 4,Unknown,0.00,Unknown,false,1,19.80,19.80,true,1,
835811009023,false,"כוסות משקה חם קרטון 235 מ""ל",הנמל,,כוסות קרטון 50 יח,Unknown,0.00,Unknown,false,1,19.80,19.80,true,1,
835811009313,false,"כוס שמפניה 5OZ ח""פ שקוף 12 יח'",,,כוס שמפניה הנמל 5 אי,Unknown,0.00,Unknown,false,1,15.90,15.90,true,1,
835811009412,false,צלחות קטנות 25 יח` 7 צבע מעורב,הנמל,CN,צלחות קטנות 25 יח,Unknown,0.00,Unknown,false,1,11.90,11.90,true,1,
835811009429,false,צלחות גדולות צבע 25 יח` מעורב,הנמל,,צלחת גדולות צבע 25 י,Unknown,0.00,Unknown,false,1,19.90,19.90,true,1,
837524000038,false,נסטי - סבון טבעי פירות 250 גר,,,נסטי - סבון טבעי פיר,Unknown,0.00,Unknown,false,1,24.90,24.90,true,1,
837524000069,false,נסטי - סבון טבעי פירות 250 גר,,,נסטי - סבון טבעי פיר,Unknown,0.00,Unknown,false,1,24.90,24.90,true,1,
837524000953,false,נסטי - סבון טבעי פילוסופיה 250 גר,,,נסטי - סבון טבעי פיל,Unknown,0.00,Unknown,false,1,24.90,24.90,true,1,
837524000960,false,נסטי - סבון טבעי פילוסופיה 250 גר,,,נסטי - סבון טבעי פיל,Unknown,0.00,Unknown,false,1,24.90,24.90,true,1,
837524000977,false,נסטי - סבון טבעי פילוסופיה 250 גר,,,נסטי - סבון טבעי פיל,Unknown,0.00,Unknown,false,1,24.90,24.90,true,1,
837524001257,false,נסטי - סבון טבעי פילוסופיה 250 גר,,,נסטי - סבון טבעי פיל,Unknown,0.00,Unknown,false,1,24.90,24.90,true,1,
837524001370,false,נסטי - סבון טבעי פילוסופיה 250 גר,,,נסטי - סבון טבעי פיל,קילוגרמים,0.00,"ק""ג",false,1,24.90,24.90,true,1,
837524001448,false,נסטי - סבון טבעי רומנטיקה 250 גר,,,נסטי - סבון טבעי רומ,Unknown,0.00,Unknown,false,1,24.90,24.90,true,1,
837524002520,false,סבון נסטי אורגני ביונטורה פטל סרפד 250 ג,,,סבון נסטי אורגני ביו,גרמים,250.00,100 גרם,false,1,27.90,11.16,true,1,
837524002667,false,סבון נסטי לוקסורי שחור/פחם אורגני 250 גר,,IT,סבון נסטי לוקסורי שח,גרמים,250.00,100 גרם,false,1,27.90,11.16,true,1,
839762000641,false,משקה איילנד מנגו נקטר 1 ל',"פאראגאלה,דה אג'יפשן",EG,משקה איילנד מנגו 1 ל,מיליליטרים,1000.00,"100 מ""ל",false,1,14.90,1.49,true,1,
839762000658,false,משקה נקטר איילנד גויאבה 1 ל',The Egyptian Co. for,EG,משקה איילנד גויאבה 1,מיליליטרים,1000.00,"100 מ""ל",false,1,14.90,1.49,true,1,
839762002379,false,משקה נקטר מנגו איילנד 350מל,"פאראגאלה,דה אג'יפשן",EG,"איילנד מנגו 350 מ""ל",מיליליטרים,350.00,"100 מ""ל",false,1,6.30,1.80,true,1,
842826001126,false,דובשניות סחרניה בטעם דבש 500 גר BKK,,HR,ווגטה 400 גר זכוכית,גרמים,400.00,100 גרם,false,1,33.90,8.48,true,1,
844510012203,false,"יין יצחק רם קברנה סוביניון 750 מ""ל",,IL,יין יצחק רם קברנה סו,מיליליטרים,750.00,"100 מ""ל",false,1,114.90,15.32,true,1,
844510012227,false,"יין פרדס 750 מ""ל רמת חברון",,IL,"יין פרדס 750 מ""ל רמת",מיליליטרים,750.00,"100 מ""ל",false,1,114.90,15.32,true,1,
844510012241,false,"יין רמת ירושלים 750 מ""ל רמת חברון",,IL,יין רמת ירושלים 750,מיליליטרים,750.00,"100 מ""ל",false,1,114.90,15.32,true,1,
844510013088,false,יין ירושלים הילז סוביניון בלאן לב 750 מל,,IL,יין ירושלים הילז סוב,מיליליטרים,750.00,"100 מ""ל",false,1,46.90,6.25,true,1,
844510013101,false,"יין ירושלים הילז קברנה סוביניון 750 מ""ל",הרי ירושלים,IL,יין ירושלים הילז קבר,מיליליטרים,750.00,"100 מ""ל",false,1,46.90,6.25,true,1,
844510013125,false,"יין ירושלים הילז מרלו 750 מ""ל",אגדת,IL,יין ירושלים הילז מרל,מיליליטרים,750.00,"100 מ""ל",false,1,46.90,6.25,true,1,
850006036028,false,מאפה חיטה מקלונים בטעם סלק בצל 400 ג' עבאדי,,,מאפה חיטה עבאדי מקלו,גרמים,400.00,100 גרם,false,1,16.70,4.18,true,1,
850307005617,false,גולד אטריות ביצים ורמישל דק 500 גר,,,גולד אטריות ביצים ור,גרמים,500.00,100 גרם,false,1,10.40,2.08,true,1,
850307005662,false,אטריות ביצים חינקל 500 גר,,,אטריות ביצים חינקל 5,גרמים,500.00,100 גרם,false,1,10.40,2.08,true,1,
850307005716,false,איטר.ביצים 500 גרם בורג spiral,,,אטריות ביצים בורג 50,גרמים,500.00,100 גרם,false,1,10.40,2.08,true,1,
850835000498,false,תה מנקה,,,תה מנקה,Unknown,0.00,Unknown,false,1,31.90,31.90,true,1,
851621000043,false,"בירה 1664 Blanc בקבוק 330 מ""ל",,,בירה 1664 Blanc בקבו,מיליליטרים,330.00,"100 מ""ל",false,1,9.90,3.00,true,1,
851621000050,false,בירה חיטה בטעם הדרים 1664 בלאנק - שישייה,קרלסברג ספליי קומפאנ,PL,שישיית בירה 1664 Bla,מיליליטרים,1980.00,"100 מ""ל",false,1,39.90,2.02,true,1,
853152120320,false,חטיף חלבון בטעם קראנץ קפה 70 גרם,,US,חטיף חלבון בטעם קראנ,גרמים,70.00,100 גרם,false,1,16.90,24.14,true,1,
853152120344,false,חטיף חלבון בטעם שוקולד 70 גרם,פרובאר,US,חטיף חלבון בטעם שוקו,גרמים,70.00,100 גרם,false,1,16.90,24.14,true,1,
855958006570,false,צורו עוף 56 גרם,,,צורו עוף 56 גרם,גרמים,15.00,100 גרם,false,1,15.90,106.00,true,1,
856591000055,false,עוגיות מזרחיות קריספי שרוף במיוחד,עבאדי,IL,עבאדי עוגיות מזרחיות,גרמים,400.00,100 גרם,false,1,16.70,4.18,true,1,
856591000062,false,עבאדי עוגיות מזרחיות מלח 400 גרם,מאפיית יוסף ושמחה עב,IL,עבאדי עוגיות מזרחיות,גרמים,400.00,100 גרם,false,1,16.70,4.18,true,1,
856591000109,false,עבאדי עוגיות מזרחיות פריך במיוחד 400 גרם,מאפיית יוסף ושמחה עב,IL,עבאדי עוגיות מזרחיות,גרמים,400.00,100 גרם,false,1,16.70,4.18,true,1,
856591000918,false,מארז שמיניית חטיף טבעי עבאדי,,IL,מארז חטיף טבעי 8*40,גרמים,320.00,100 גרם,false,1,21.90,6.84,true,1,
856591000949,false,עבאדי קטנטנים מאפה חיטה מלוח 350ג גר',עבאדי,IL,מאפה חיטה עבאדי מלוח,גרמים,35000.00,100 גרם,false,1,21.90,0.06,true,1,
856591000956,false,מאפה חיטה עבאדי קטנטנים בטעם גריל 350 גר,עבאדי,IL,מאפה חיטה עבאדי קטנט,גרמים,350.00,100 גרם,false,1,21.90,6.26,true,1,
859547004084,false,ספוג קרצוף סקראב דדי,,,ספוג ניקוי SCRUB DA,יחידה,1.00,יחידה,false,1,19.90,19.90,true,1,
859547004329,false,ספוג ניקוי צבעוני סקראב דדי Scrub Daddy,סקארקיסט,US,ספוג ניקוי SCRUB DA,יחידה,1.00,יחידה,false,1,19.90,19.90,true,1,
859547004466,false,קירצוף וספוג ניקוי SCRUB DADDY,סקארקיסט,US,קירצוף וספוג ניקוי,יחידה,1.00,יחידה,false,1,19.90,19.90,true,1,
875213000600,false,בירה פטרוס דובדבן 330 מל בבקבוק,,,"בירה ""פטרוס"" דובדבן",מיליליטרים,330.00,"100 מ""ל",false,1,14.90,4.52,true,1,
884912004710,false,דגנים גרייפ נאט 464 גרם,,,דגנים גרייפ נאט 464,גרמים,464.00,100 גרם,false,1,29.90,6.44,true,1,
884912102102,false,דגני סלקט עם אוכמניות 382 גרם פוסט,הנסיך- מפעל לייצור ט,US,דגני סלקט עם אוכמניו,גרמים,382.00,100 גרם,false,1,25.90,6.78,true,1,
884912116505,false,דגני בננה נאט קראנץ' Banana Nut Crunch,post consumer brands,US,דגני סלקט בננה 369 ג,גרמים,369.00,100 גרם,false,1,25.90,7.02,true,1,
884912117625,false,דגני שלווה מצופים בדבש Golden Crisp,הנסיך- מפעל לייצור ט,US,דגני פוסט גולדן קריס,גרמים,418.00,100 גרם,false,1,22.60,5.41,true,1,
884912342737,false,דגני בוקר פוסט וופל קריספ 326 גר',הנסיך- מפעל לייצור ט,US,דגני פוסט וואפל קריס,גרמים,326.00,100 גרם,false,1,22.60,6.93,true,1,
884912359414,false,דגני בוקר האני באנצס קינמון 340 ג' POST,פוסט לקיוויל,US,האני באנצס עם קינמון,גרמים,340.00,100 גרם,false,1,22.90,6.74,true,1,
884912365200,false,דגני בוקר אוראו 311 גרם מתכון חדש,פוסט לקיוויל,US,דגני בוקר אוראו עוגי,גרמים,311.00,100 גרם,false,1,23.90,7.68,true,1,
884912377142,false,דגני בוקר האני באנצס וניל 340 ג' POST,פוסט לקיוויל,US,האני באנצס בטעם וניל,גרמים,340.00,100 גרם,false,1,22.90,6.74,true,1,
886798009322,false,קאמלבק מאג שוט 750 מ,,,קאמלבק מאג שוט 750 מ,Unknown,0.00,Unknown,false,1,109.00,109.00,true,1,
886798018034,false,קאמלבק אדי פלוס 750,,,קאמלבק אדי פלוס 750,Unknown,0.00,Unknown,false,1,109.00,109.00,true,1,
886798018126,false,קאמלבק אדי פלוס 750,,,קאמלבק אדי פלוס 750,Unknown,0.00,Unknown,false,1,109.00,109.00,true,1,
886798018348,false,קאמלבק מאג שוט 1000,,,קאמלבק מאג שוט 1000,Unknown,0.00,Unknown,false,1,119.00,119.00,true,1,
889698344678,false,צעצוע מארז ירוק,,,צעצוע מארז ירוק,Unknown,0.00,Unknown,false,1,33.90,33.90,true,1,
890582000228,false,"יין סנגריה לוליילו רוזה 750 מ""ל",,ES,יין סנגריה לוליילו ר,Unknown,0.00,Unknown,false,1,29.90,29.90,true,1,
897581000372,false,מיני מרשמלו טבעוני 283 גרם,,IL,מיני מרשמלו טבעוני 2,גרמים,283.00,100 גרם,false,1,24.90,8.80,true,1,
898193001252,false,חליטת קמומיל 28 גרם בונומלי,דולפין ספא,IT,חליטת קמומיל 28 גרם,Unknown,0.00,Unknown,false,1,14.90,14.90,true,1,
1220000070431,false,"יין דליקאטו זינפנדל 750 מ""ל",,US,יין דליקאטו זינפנדל,Unknown,0.00,Unknown,false,1,54.90,54.90,true,1,
2261746002521,false,גבינת בלו סטילטון אנגלית במשקל,,,גבינת בלו סטילטון,Unknown,0.00,"ק""ג",true,0,184.00,184.00,true,1,
2389366314609,false,דנאבלו שקיל,,,דנאבלו שקיל,Unknown,0.00,"ק""ג",true,0,79.00,79.00,true,1,
3012991502002,false,"רום נגריטה לבן 700 מ""ל",,,רום נגריטה לבן 700 מ,מיליליטרים,700.00,"100 מ""ל",false,1,96.90,13.84,true,1,
3024482270109,false,"קוניאק רמי מרטין 700 מ""ל V.S.O.P",,,קוניאק רמי מרטין 700,מיליליטרים,700.00,"100 מ""ל",false,1,229.90,32.84,true,1,
3028130077751,false,"קוניאק VS קמוס 700 מ""ל",,,קוניאק VS קמוס 700 מ,מיליליטרים,700.00,"100 מ""ל",false,1,119.90,17.13,true,1,
3045201107001,false,אידיאל מסיר כתמים לפני כביסה -כדור מסאג,אידיאל Ideal,ES,אידיאל מסיר כתמים לפ,Unknown,0.00,Unknown,false,1,25.50,25.50,true,1,
3045201108008,false,אידיאל מסיר כתמים לפני כביסה -כדור מבריש,אידיאל Ideal,ES,אידיאל מסיר כתמים לפ,Unknown,0.00,Unknown,false,1,25.50,25.50,true,1,
3046920010856,false,לינדט שוקולד אקסלנס לימון גינגיר 100 גר,,CH,לינדט שוקולד אקסלנס,גרמים,100.00,100 גרם,false,1,14.90,14.90,true,1,
3046920016377,false,לינדט שוקולד אקסלנס מריר 100% קקאו 50 גר,לינדט ושפרונגלי,DE,לינדט שוקולד אקסלנס,גרמים,50.00,100 גרם,false,1,14.90,29.80,true,1,
3046920027281,false,שוקולד מריר אקסלנס במילוי קרמל ומלח ים,לינדט ושפרונגלי,FR,לינדט אקס קרמל סולט,גרמים,100.00,100 גרם,false,1,14.90,14.90,true,1,
3046920028004,false,לינדט שוקולד אקסלנס מריר 70% 100 גר,לינדט ושפרונגלי,FR,לינדט שוקולד אקסלנס,גרמים,100.00,100 גרם,false,1,14.90,14.90,true,1,
3046920028363,false,שוקולד מריר אקסלנס 85%,לינדט ושפרונגלי,FR,לינדט אקסלנס 85% 100,גרמים,100.00,100 גרם,false,1,14.90,14.90,true,1,
3046920028721,false,שוקולד מריר אקסלנס 99%,לינדט ושפרונגלי,FR,לינדט אקסלנס 99%,גרמים,50.00,100 גרם,false,1,14.90,29.80,true,1,
3046920028752,false,לינדט אקסלנס מינט 100 גרם,לינדט ושפרונגלי,FR,לינדט אקסלנס מינט 10,גרמים,100.00,100 גרם,false,1,14.90,14.90,true,1,
3046920029674,false,שוקולד מריר אקסלנס עם מלח ים,לינדט ושפרונגלי,DE,לינדט אקס סולט 100 ג,גרמים,100.00,100 גרם,false,1,14.90,14.90,true,1,
3046920029759,false,שוקולד מריר אקסלנס 90% קקאו,לינדט ושפרונגלי ג'י.,DE,"לינדט אקס 90%, 100 ג",גרמים,100.00,100 גרם,false,1,14.90,14.90,true,1,
3049197110076,false,"קוניאק קורבזייה 700 מ""ל V.S",,FR,קוניאק קורבזייה 700,מיליליטרים,700.00,"100 מ""ל",false,1,151.90,21.70,true,1,
3049197210776,false,"קוניאק VSOP קורבזייה 700 מ""ל",,,קוניאק VSOP קורבזיי,מיליליטרים,700.00,"100 מ""ל",false,1,203.90,29.13,true,1,
3059943015104,false,מבשם אוויר נטול גז אקווה מיסט בניחוח פריסיה ויסמין,איירוויק Air Wick,PL,איירויק נטול גז פרסי,מיליליטרים,345.00,"100 מ""ל",false,1,16.90,4.90,true,1,
3059943015128,false,מבשם אוויר נטול גז אקווה מיסט בניחוח לבנדר פראי ואוויר הרים,הדקלאים אגודת שיתופי,PL,איירויק נטול גז לבנד,מיליליטרים,345.00,"100 מ""ל",false,1,16.90,4.90,true,1,
3059943016569,false,"אירוויק ספריי בניחוח פריסיה ויסמין 240 מ""ל",איירוויק Air Wick,GB,איירוויק ספריי טבעי,מיליליטרים,300.00,"100 מ""ל",false,1,10.90,3.63,true,1,
3068320014067,false,מים מינרלים אוויאן 750 מל,קריניציה ויטמינה אס,FR,מים מינרלים אוויאן 7,מיליליטרים,1000.00,"100 מ""ל",false,1,9.90,0.99,true,1,
3068320017846,false,מים מינרלים אוויאן 1 ליטר,קריניציה ויטמינה אס,FR,מים מינרלים אוויאן 1,מיליליטרים,1000.00,"100 מ""ל",false,1,10.90,1.09,true,1,
3068320055008,false,מים מינרלים אוויאן 500 מל,קריניציה ויטמינה אס,FR,מים מינרלים אוויאן 5,מיליליטרים,500.00,"100 מ""ל",false,1,6.90,1.38,true,1,
3068320085005,false,מים מינלים אוויאן 1.5 ליטר,,,מים מינלים אוויאן 1.,ליטרים,0.00,ליטר,false,1,13.60,13.60,true,1,
3068320103389,false,"מים מינרלים אוויאן 750 מ""ל זכוכית",,,מים מינרלים אוויאן 7,מיליליטרים,750.00,"100 מ""ל",false,1,12.90,1.72,true,1,
3068320127644,false,מים מינרלים אוויאן מבעבע 330 מל זכוכית,,,מים מינרלים אוויאן מ,מיליליטרים,330.00,"100 מ""ל",false,1,6.90,2.09,true,1,
3073780574242,false,גבינה לואש קירי 16 יח' 240 ג',,,גבינה לה וואש קירי,גרמים,280.00,100 גרם,false,1,28.50,10.18,true,1,
3073780574310,false,גבינה לה וואש קירי 24 400 גר,,,גבינה לה וואש קירי,גרמים,400.00,100 גרם,false,1,41.90,10.48,true,1,
3073781077278,false,גבינה לואש קירי 12 יח' 200 ג',,,גבינה לה וואש קירי,גרמים,200.00,100 גרם,false,1,19.90,9.95,true,1,
3073781122596,false,ממרח גבינה לה וואש קירי בגביע 270 גרם,,,ממרח גבינה לה וואש ק,גרמים,270.00,100 גרם,false,1,29.50,10.93,true,1,
3073781162790,false,גבינת בייבי בל אדם 1,מחלבות בל,FR,בייבי בל אדם 120 גר,גרמים,120.00,100 גרם,false,1,20.90,17.42,true,1,
3073781190960,false,גבינה קירי 12 יח' 200 ג',,,גבינה קירי 12 יח,גרמים,100.00,100 גרם,false,1,30.50,30.50,true,1,
3080216034645,false,"בירה רגינברג אמברה 330 מ""ל",,,בירה רגינברג אמברה 3,מיליליטרים,330.00,"100 מ""ל",false,1,10.50,3.18,true,1,
3090291119403,false,נורמנטל פרוסות 150 גרם,,,נורמנטל פרוסות 150 ג,גרמים,150.00,100 גרם,false,1,23.90,15.93,true,1,
3105714950553,false,יין זאבולה פרלל 45 קוט דה רון אדום 750 מ,,,יין זאבולה פרלל 45 ק,Unknown,0.00,Unknown,false,1,73.90,73.90,true,1,
3147690014607,false,יין פורט קאלווארש 750 מל,,,יין פורט קאלווארש 75,Unknown,0.00,Unknown,false,1,53.90,53.90,true,1,
3152909440238,false,"קלבדוס זאן פוקאר 700 מ""ל",,,קלבדוס זאן פוקאר 700,מיליליטרים,700.00,"100 מ""ל",false,1,172.90,24.70,true,1,
3161420001972,false,"ברנדי סנט רמי 700 מ""ל VSOP",,,"ברנדי סנט רמי 700 מ""",מיליליטרים,700.00,"100 מ""ל",false,1,77.90,11.13,true,1,
3161712996108,false,מיני קממבר 125 גרם,,,מיני קממבר 125 גרם,גרמים,125.00,100 גרם,false,1,26.50,21.20,true,1,
3161911229199,false,חמאה רכה אלוויר 250 גרם,אלל אה וויר,FR,אלוויר חמאה רכה 250,גרמים,250.00,100 גרם,false,1,22.90,9.16,true,1,
3161911366429,false,חמאה רכה מלוחה אלוויר 250 גרם,ארזינא,FR,אלוויר חמאה רכה מלוח,גרמים,250.00,100 גרם,false,1,22.90,9.16,true,1,
3175460000062,false,גבינת בורסאן פלפל שחור 150 גרם,השחר,FR,גבינת בורסאן פלפל שח,גרמים,150.00,100 גרם,false,1,23.90,15.93,true,1,
3175460000864,false,גבינת בורסאן טבעי 150 גר,"בל,",FR,גבינת בורסאן טבעי 15,גרמים,150.00,100 גרם,false,1,23.90,15.93,true,1,
3175460030083,false,גבינת בורסאן בצל ועירית 150 גר,השחר,FR,גבינת בורסאן בצל ועי,גרמים,150.00,100 גרם,false,1,23.90,15.93,true,1,
3178530402353,false,עוגיות ספוג קטנות מיני מדלן,סן מישל St Michel,FR,מיני מדליינס סאן מיש,גרמים,175.00,100 גרם,false,1,12.50,7.14,true,1,
3178530407938,false,עוגיות מיני מדלן עם פצפוצי שוקולד,סן מישל St Michel,FR,מיני מדליין 175 גר,גרמים,175.00,100 גרם,false,1,13.90,7.94,true,1,
3178530409673,false,עוגיות פלמיה קרמל 100 גרם,סן מישל,FR,עוגיות פלמיה קרמל 10,גרמים,100.00,100 גרם,false,1,14.90,14.90,true,1,
3178530411478,false,ביסקוויטים גאלט עם חמאה ומלח ים,סן מישל St Michel,,ביסקוויט סאן מישל גד,גרמים,150.00,100 גרם,false,1,12.90,8.60,true,1,
3178530412703,false,דונאט עם שוקולד 180 גרם,סן מישל St Michel,FR,דונאט עם שוקולד 180,גרמים,180.00,100 גרם,false,1,14.90,8.28,true,1,
3178530417340,false,בראוניז שוקולד סאן מישל 210 גרם,סן מישל,FR,בראוניז שוקולד סאן מ,גרמים,210.00,100 גרם,false,1,17.90,8.52,true,1,
3178530417357,false,בראוניז שוקולד לבן סאן מישל 210 גרם,סן מישל,FR,בראוניז שוקולד לבן ס,גרמים,210.00,100 גרם,false,1,17.90,8.52,true,1,
3178530417418,false,דונאט עם שוקולד ציפס 180 גרם,סן מישל St Michel,FR,דונאט עם שוקולד ציפס,גרמים,180.00,100 גרם,false,1,14.90,8.28,true,1,
3179732348913,false,מים מינרלים פרייה 1 ליטר,נסטלה ווטרס ספלאי,FR,מים מינרלים פרייה 1,מיליליטרים,1000.00,"100 מ""ל",false,1,8.90,0.89,true,1,
3185370001233,false,שמפניה מואט ושנדו באריזת מתנה 750 מל,,,שמפניה מואט ושנדו,Unknown,0.00,Unknown,false,1,245.90,245.90,true,1,
3185370061503,false,שמפניה מואט ושנדו רוזה באריזת מתנה 750 מ,,,שמפניה מואט ושנדו רו,Unknown,0.00,Unknown,false,1,299.90,299.90,true,1,
3185370457054,false,שמפניה מואט ושנדו אייס אימפריאל 750 מל,,,שמפניה מואט ושנדו אי,Unknown,0.00,Unknown,false,1,299.90,299.90,true,1,
3211200008049,false,"יין לאודלה רוזה 750 מ""ל",,FR,יין לאודלה רוזה 750,מיליליטרים,750.00,"100 מ""ל",false,1,47.90,6.39,true,1,
3211200108756,false,"יין מיזון קסטל מרלו רוזה 750 מ""ל",,,יין מיזון קסטל מרלו,Unknown,0.00,Unknown,false,1,46.90,46.90,true,1,
3211201046439,false,מיזון קסטל קברנה סוביניון 750 מל,,,מיזון קסטל קברנה סוב,Unknown,0.00,Unknown,false,1,46.90,46.90,true,1,
3211201046460,false,"מיזון קסטל מרלו 750 מ""ל",,,מיזון קסטל מרלו 750,Unknown,0.00,Unknown,false,1,46.90,46.90,true,1,
3211201046521,false,מיזון קסטל סוביניון בלאן 750 מל,,,מיזון קסטל סוביניון,Unknown,0.00,Unknown,false,1,46.90,46.90,true,1,
3211201046613,false,מיזון קסטל בורדו מרלו 750 מל,,,מיזון קסטל בורדו מרל,Unknown,0.00,Unknown,false,1,51.90,51.90,true,1,
3211201046644,false,"קסטל קוט דו רון גראנש סירה 750 מ""ל",,,מיזון קסטל קוט דו רו,Unknown,0.00,Unknown,false,1,51.90,51.90,true,1,
3211203444066,false,מיזון קסטל גרנד רזרב שרדונה 750 מל,,,מיזון קסטל גרנד רזרב,Unknown,0.00,Unknown,false,1,51.90,51.90,true,1,
3211203444103,false,מיזון קסטל גרנד רזרב ק. סוביניון 750 מ,,,מיזון קסטל גרנד רזרב,Unknown,0.00,Unknown,false,1,51.90,51.90,true,1,
3211203444141,false,מיזון קסטל גרנד רזרב סירה 750 מל,,,מיזון קסטל גרנד רזרב,Unknown,0.00,Unknown,false,1,51.90,51.90,true,1,
3211203448347,false,שאטו דו לורט בורדו 750 מל,,,שאטו דו לורט בורדו,Unknown,0.00,Unknown,false,1,62.90,62.90,true,1,
3211209117902,false,"יין מיזון קסטל מוסקט לבן חצי 750 מ""ל",,,יין מיזון קסטל מוסק,Unknown,0.00,Unknown,false,1,46.90,46.90,true,1,
3211209118039,false,יין מיזון קסטל לנגדוק 750 מל,,,יין מיזון קסטל לנגדו,Unknown,0.00,Unknown,false,1,51.90,51.90,true,1,
3211209133452,false,שאטו בארייר קרו בורזואה הו מדוק 750 מל,,,שאטו בארייר קרו,Unknown,0.00,Unknown,false,1,107.90,107.90,true,1,
3211209133544,false,"יין שאטו גואלן 750 מ""ל",,FR,יין שאטו גואלן 750 מ,מיליליטרים,750.00,"100 מ""ל",false,1,72.90,9.72,true,1,
3211209133698,false,שאטו טור פרינאק קרו ברזואה מדוק 750 מל,,,שאטו טור פרינאק,Unknown,0.00,Unknown,false,1,83.90,83.90,true,1,
3211209134442,false,שאטו פראנד בלאן גראב 750 מל,,,שאטו פראנד בלאן גראב,Unknown,0.00,Unknown,false,1,122.90,122.90,true,1,
3211209134510,false,"יין שאטו דה הוט קולון 750 מ""ל",,FR,יין שאטו דה הוט קולו,מיליליטרים,750.00,"100 מ""ל",false,1,135.90,18.12,true,1,
3211209140214,false,שאטו טור פרינאק גראן רזרב מדוק 750 מל,,,שאטו טור פרינאק גראן,Unknown,0.00,Unknown,false,1,119.90,119.90,true,1,
3211209149897,false,יין ברון דה לסטאק רוזה בורדו 750 מל,,,יין ברון דה לסטאק רו,Unknown,0.00,Unknown,false,1,59.90,59.90,true,1,
3211209194507,false,מיזון קסטל שרדונה 750 מל,,,מיזון קסטל שרדונה 75,Unknown,0.00,Unknown,false,1,46.90,46.90,true,1,
3211209217602,false,מיזון רוזה דאנזו חצי מתוק 750 מל,,,מיזון רוזה דאנזו חצי,Unknown,0.00,Unknown,false,1,51.90,51.90,true,1,
3211209265900,false,"יין פמלי קסטל ברוט מבעבע 750 מ""ל",,,יין מיזון קסטל ברוט,Unknown,0.00,Unknown,false,1,62.90,62.90,true,1,
3211209267126,false,מיזון קסטל גוורצטרמינר 750 מל,,,מיזון קסטל גוורצטרמי,Unknown,0.00,Unknown,false,1,44.90,44.90,true,1,
3211209282167,false,"מיזון קסטל ברוט רוזה מבעבע 750 מ""ל",,,מיזון קסטל ברוט רוזה,Unknown,0.00,Unknown,false,1,62.90,62.90,true,1,
3211209719342,false,שאטו דו בוסקה קוט דה בורג 750 מל,,,שאטו דו בוסקה קוט דה,Unknown,0.00,Unknown,false,1,83.90,83.90,true,1,
3211209968832,false,"יין מיזון קסטל ויוניה 750 מ""ל",,,יין מיזון קסטל ויוני,Unknown,0.00,Unknown,false,1,46.90,46.90,true,1,
3211209970859,false,יין קמברה קברנה סוביניון 1 ליטר,קמברה,,יין קמברה קברנה סובי,Unknown,0.00,Unknown,false,1,39.90,39.90,true,1,
3211209973348,false,"יין לאודלה מרסלן סירה 750 מ""ל",,FR,יין לאודלה מרסלן סיר,מיליליטרים,750.00,"100 מ""ל",false,1,47.90,6.39,true,1,
3211209990840,false,"יין לאודלה לה פטיט אדום 750 מ""ל",,FR,יין לאודלה לה פטיט א,מיליליטרים,750.00,"100 מ""ל",false,1,34.90,4.65,true,1,
3211209991793,false,ברון דה לסטק בורדו מואל לבן חצי מתוק 750,,,ברון דה לסטק בורדו מ,Unknown,0.00,Unknown,false,1,59.90,59.90,true,1,
3211209999553,false,"יין לאודלה קברנה סוביניון 750 מ""ל",,FR,יין לאודלה קברנה סוב,מיליליטרים,750.00,"100 מ""ל",false,1,47.90,6.39,true,1,
3211209999584,false,"יין לאודלה מרלו 750 מ""ל",,FR,יין לאודלה מרלו 750,מיליליטרים,750.00,"100 מ""ל",false,1,47.90,6.39,true,1,
3245995960015,false,הנסי 700 V.S באריזת מתנה,,,הנסי 700 V.S באריזת,מיליליטרים,700.00,"100 מ""ל",false,1,149.90,21.41,true,1,
3254550033217,false,סנט מור גבינת ברי מר,אף.סי תבליני בגליל ב,FR,ברי מרובע 220 גר,גרמים,220.00,100 גרם,false,1,28.00,12.73,true,1,
3254550033279,false,גבינה קממבר איסיני 2,איסיני סנט מר,FR,קממבר 250 גר,גרמים,250.00,100 גרם,false,1,28.90,11.56,true,1,
3256760106392,false,חמאה צרפתית 100 גר פלשארד,,FR,חמאה צרפתית 100 גר,גרמים,100.00,100 גרם,false,1,6.50,6.50,true,1,
3256760106408,false,פלשארד בסגנון פטה 500 גר,,,פלשארד בסגנון פטה 50,גרמים,500.00,100 גרם,false,1,12.50,2.50,true,1,
3256761201003,false,פלשארד בסגנון פטה מעודנת 500 גר קרטונית,,,פלשארד בסגנון פטה מע,גרמים,500.00,100 גרם,false,1,12.50,2.50,true,1,
3257150100204,false,"קוניאק צרפתי מיוקוב 700 מ""ל V.S",,,קוניאק צרפתי מיוקוב,מיליליטרים,700.00,"100 מ""ל",false,1,156.90,22.41,true,1,
3257150101119,false,"מארז קוניאק מיוקוב 5 כוכבים 700 מ""ל",,,מארז קוניאק מיוקוב 5,מיליליטרים,700.00,"100 מ""ל",false,1,177.90,25.41,true,1,
3263280106429,false,"קוארפו קוקטייל מוחיטו 750 מ""ל",,,קוארפו קוקטייל מוחיט,מיליליטרים,750.00,"100 מ""ל",false,1,67.90,9.05,true,1,
3263280107310,false,"קוארפו פינה קולדה 700 מ""ל",,,קוארפו פינה קולדה 7,מיליליטרים,700.00,"100 מ""ל",false,1,62.90,8.99,true,1,
3263280107495,false,חסוםסנגריה מריה אולה 1.5ליטר,,,משקה מבוסס על יין סנ,מיליליטרים,1500.00,"100 מ""ל",false,1,21.90,1.46,true,1,
3263286328993,false,יין גי פי מרלו 750 מ,,,יין J.P מרלו 750 מל,Unknown,0.00,Unknown,false,1,41.90,41.90,true,1,
3270620001498,false,קוניאק לואי רוייה 700 מל XO,,,קוניאק לואי רוייה 70,מיליליטרים,700.00,"100 מ""ל",false,1,626.90,89.56,true,1,
3270620001702,false,"קוניאק לואי רוייה 700 מ""ל VSOP",,,קוניאק לואי רוייה 70,מיליליטרים,700.00,"100 מ""ל",false,1,200.90,28.70,true,1,
3270620001757,false,"קוניאק VS לואי רוייה 700 מ""ל",,,קוניאק VS לואי רוייה,מיליליטרים,700.00,"100 מ""ל",false,1,149.90,21.41,true,1,
3272770003148,false,שברו עיזים טבעי 150 גר,מיוצר עי קונדיטוריית,FR,שברו עיזים טבעי 150,גרמים,150.00,100 גרם,false,1,26.90,17.93,true,1,
3274551585461,false,פיליפ דרסלר אלזס ריזלינג 750 מל,,,פיליפ דרסלר אלזס ריז,Unknown,0.00,Unknown,false,1,69.90,69.90,true,1,
3274551885561,false,פיליפ דרסלר אלזס גוורצטרמינר 750 מל,,,פיליפ גוורצטרמינר,Unknown,0.00,Unknown,false,1,69.90,69.90,true,1,
3274664142452,false,מאגדת גלידה קוטדור וניל רביעייה 260 גרם,,FR,מאגדת גלידה קוטדור ו,גרמים,260.00,100 גרם,false,1,55.90,21.50,true,1,
3274664208110,false,מאגדת גלידה קוטדור פיסטוק מצופה שוקולד ו,,FR,מאגדת גלידה קוטדור פ,גרמים,260.00,100 גרם,false,1,55.90,21.50,true,1,
3276210001114,false,"יין דומיין לה פרייר סאנסר 750 מ""ל",,FR,יין דומיין לה פרייר,מיליליטרים,750.00,"100 מ""ל",false,1,104.90,13.99,true,1,
3276210810105,false,יין לה פטיט פרייר סוביניון בלאן 750 מל,,,יין לה פטיט פרייר סו,Unknown,0.00,Unknown,false,1,51.90,51.90,true,1,
3276210811102,false,יין אדום יבש פינו נואר 750 מל,,,יין לה פטיט פרייר יב,Unknown,0.00,Unknown,false,1,51.90,51.90,true,1,
3276210812109,false,יין לה פטיט פרייר פינו נואר רוזה 750 מל,,,יין לה פטיט פרייר פי,Unknown,0.00,Unknown,false,1,51.90,51.90,true,1,
3283632393581,false,יין קלו דה פוגה קאהור 750 מל,,,יין קלו דה פוגה קאהו,Unknown,0.00,Unknown,false,1,56.90,56.90,true,1,
3289850032752,false,"יין מולנייר רוזה 750 מ""ל",,FR,יין מולנייר רוזה 750,מיליליטרים,750.00,"100 מ""ל",false,1,52.90,7.05,true,1,
3289850063220,false,יין סאזה - מוסקדה סור א-מיין סור לי 750,,,יין סאזה - מוסקדה סו,Unknown,0.00,Unknown,false,1,59.90,59.90,true,1,
3296184016242,false,"יין מירבאל רוזה 750 מ""ל",,,יין מירבאל רוזה 750,מיליליטרים,750.00,"100 מ""ל",false,1,122.90,16.39,true,1,
3328640121976,false,"ויסקי היילנד קווין בלנדד 700 מ""ל",פונט סלאם וולנסיה,ES,ויסקי היילנד קווין ב,מיליליטרים,700.00,"100 מ""ל",false,1,76.90,10.99,true,1,
3335121604934,false,חרדל דיגון 370 גרם (חלק),,,חרדל דיגון 370 גרם (,גרמים,370.00,100 גרם,false,1,10.90,2.95,true,1,
3351650000214,false,"יין גורג דובף בוזולה 2017 750 מ""ל",,FR,יין גורג דובף בוזולה,Unknown,0.00,Unknown,false,1,64.90,64.90,true,1,
3364048001229,false,"קוניאק צרפתי 700 מ""ל TIFFFON VS",,,"קוניאק צרפתי 700 מ""ל",מיליליטרים,700.00,"100 מ""ל",false,1,109.90,15.70,true,1,
3412290023640,false,אמנטל צרפתי ארוז 250 גר,,,אמנטל צרפתי ארוז 250,גרמים,250.00,100 גרם,false,1,28.50,11.40,true,1,
3412290055610,false,ברי צרפתי Laita 200 גרם,,FR,ברי צרפתי 200 גרם,גרמים,200.00,100 גרם,false,1,27.90,13.95,true,1,
3431501000173,false,סנט אגור במשקל,,,סנט אגור במשקל,Unknown,0.00,"ק""ג",true,0,215.00,215.00,true,1,
3451271002809,false,"יין אלן זופרואה שאבלי 750 מ""ל",,,אלן זופרואה שאבלי,Unknown,0.00,Unknown,false,1,104.90,104.90,true,1,
3451272001535,false,"יין אלן זופרואה פרמייר קרו 750 מ""ל",,FR,יין אלן זופרואה פרמי,Unknown,0.00,Unknown,false,1,166.90,166.90,true,1,
3460410533524,false,"מארז פלנטיישן 700 מ""ל + 2 כוסות",,FR,"מארז פלנטיישן 700 מ""",מיליליטרים,700.00,"100 מ""ל",false,1,249.90,35.70,true,1,
3472710058263,false,טראפלס קרמל קקאו 150 גרם,,FR,טראפלס קרמל קקאו 150,גרמים,150.00,100 גרם,false,1,10.90,7.27,true,1,
3480341002685,false,טרטר אפרטיף בסגנון פרובנס 101 גר,,,טרטר אפרטיף בסגנון פ,גרמים,101.00,100 גרם,false,1,24.90,24.65,true,1,
3480341002692,false,טרטר אפרטיף בסגנון איטלקי 100 גר,,,טרטר אפרטיף בסגנון א,גרמים,100.00,100 גרם,false,1,24.90,24.90,true,1,
3499057520000,false,"יין לאון באייר באלסון דאלזאס 750 מ""ל",,FR,יין לאון באייר באלסו,מיליליטרים,750.00,"100 מ""ל",false,1,69.90,9.32,true,1,
3500610033346,false,יין צרפתי גיפי אדום חצי מתוק 750 מל,,,יין צרפתי גיפי אדום,Unknown,0.00,Unknown,false,1,41.90,41.90,true,1,
3500610084676,false,מבעבע בלאן פוסי אייס לבן חצי יבש 750 מ,,,מבעבע בלאן פוסי אייס,Unknown,0.00,Unknown,false,1,49.90,49.90,true,1,
3500610085338,false,גיי פי שנה לבן מבעבע 750 מל,,,גיי פי שנה לבן מבעבע,Unknown,0.00,Unknown,false,1,43.90,43.90,true,1,
3500610091353,false,יין פרסטיגום אדום יבש 750 מל,,,יין פרסטיגום אדום יב,Unknown,0.00,Unknown,false,1,28.90,28.90,true,1,
3500610093708,false,גיי פי שנה רוזה מבעבע 750 מל,,,גיי פי שנה רוזה מבעב,Unknown,0.00,Unknown,false,1,43.90,43.90,true,1,
3500610096174,false,מבעבע בלאן פוסי אייס רוזה חצי יבש 750 מ,,,מבעבע בלאן פוסי אייס,Unknown,0.00,Unknown,false,1,49.90,49.90,true,1,
3500610108754,false,שאטו גרנד פוש בורדו סופריור 375 מל,,,שאטו גרנד פוש בורדו,Unknown,0.00,Unknown,false,1,33.90,33.90,true,1,
3500610122644,false,"יין לבן יבש גיפי שנה גוורצטרמינר 750 מ""ל",,,יין לבן יבש גיפי שנה,מיליליטרים,750.00,"100 מ""ל",false,1,41.90,5.59,true,1,
3523230025638,false,מיני בושה עיזים טבעי 125 גר,אוריאל,FR,גבינה מיני בושה עיזי,גרמים,125.00,100 גרם,false,1,24.90,19.92,true,1,
3523230025652,false,מיני בושה עם שום ועשי תיבול 125 גר,אוריאל,FR,גבינה מיני בושה,גרמים,125.00,100 גרם,false,1,24.90,19.92,true,1,
3523230026826,false,גבינה עיזים למריחה פירמידה 140 גר,אוריאל,FR,גבינה עיזים למריחה פ,גרמים,140.00,100 גרם,false,1,24.90,17.79,true,1,
3523230026888,false,גב עיזים למריחה שום ועשבי תיבול פירמידה,סואניון SOIGNON,FR,גב עיזים למריחה שום,גרמים,140.00,100 גרם,false,1,24.90,17.79,true,1,
3523230032278,false,גבינת עיזים למריחה 150 גרם,השחר,FR,גבינת עיזים למריחה 1,גרמים,150.00,100 גרם,false,1,25.90,17.27,true,1,
3523230045827,false,סנט מור חלב עיזים 160 גר,אוריאל,FR,סנט מור חלב עיזים 16,גרמים,160.00,100 גרם,false,1,28.90,18.06,true,1,
3550190401691,false,אובן שף מלבני 38*23,,,אובן שף - תבנית מלבנ,Unknown,0.00,Unknown,false,1,69.90,69.90,true,1,
3550190401707,false,אובן שף מלבני 41*25,,,אובן שף - תבנית מלבנ,Unknown,0.00,Unknown,false,1,79.90,79.90,true,1,
3574660115154,false,או-בה טמפונים קלאסי סופר 32יח',ג'ונסון אנד ג'ונסון,GR,אובה סופר 32 חדש,Unknown,0.00,Unknown,false,1,19.90,19.90,true,1,
3574661003924,false,שטיפת פה טוטאל קר בטעם מנטה צלול,גונסון אנד גונסון,IT,מי פה ליסטרין טוטל ק,מיליליטרים,500.00,"100 מ""ל",false,1,23.90,4.78,true,1,
3574661098937,false,ניוטריגינה ת.גוף עור יבש משאבה 400מל,ניוטרוג'ינה Neutrogena,GR,תח.גוף נוטרוגינה לעו,מיליליטרים,400.00,"100 מ""ל",false,1,34.90,8.73,true,1,
3574661352275,false,ליסטירין מי פה פירות יער 250 מל,גונסון אנד גונסון,IT,ליסטירין מי פה פירות,מיליליטרים,250.00,"100 מ""ל",false,1,16.90,6.76,true,1,
3574661485218,false,טמפונים נורמל אובה 32 יח' פרוקומפורט,,,אובה נורמל פרוקומפור,Unknown,0.00,Unknown,false,1,19.90,19.90,true,1,
3574661487328,false,קרפרי מגני תחתון אורגינל פלוס 56 יח',הדקלאים אגודת שיתופי,IT,מגן תחתון קרפרי רגיל,Unknown,0.00,Unknown,false,1,17.70,17.70,true,1,
3574661487335,false,קרפרי מגן תחתון מקסי לונג ריח'ני 40 יח',קרפרי Carefree,IT,מגן תחתון קרפרי מקסי,Unknown,0.00,Unknown,false,1,17.70,17.70,true,1,
3574661487618,false,קרפרי מגן תחתון מקסי לארג'' מבושם 48 יח'',ג'ויה מעבדות לקוסמטי,GR,מגן תחתון קרפרי מקסי,Unknown,0.00,Unknown,false,1,17.70,17.70,true,1,
3574661552804,false,קרפרי מגן תחתון אלוורה 56 יח',הדקלאים אגודת שיתופי,GR,מגן תחתון קרפרי אלוו,Unknown,0.00,Unknown,false,1,17.70,17.70,true,1,
3574661552811,false,מגן תחתון קרפרי כותון אוורירי 56 יח,הדקלאים אגודת שיתופי,GR,מגן תחתון קרפרי כותו,Unknown,0.00,Unknown,false,1,17.70,17.70,true,1,
3574661554884,false,מגן תחתון קרפרי רגיל ריחני 56 יח,הדקלאים אגודת שיתופי,GR,מגן תחתון קרפרי רגיל,Unknown,0.00,Unknown,false,1,17.70,17.70,true,1,
3574669908665,false,ג'ונסון בייבי אל סבון לפני שינה 750 חדש,גונסון אנד גונסון,IT,אל סבון לפני שינה גו,Unknown,0.00,Unknown,false,1,22.90,22.90,true,1,
3574669909181,false,גונסונס בייבי שמן אלוורה 300 מל,ג'ונסונס Johnson's,IT,שמן אלוורה גונסונס ב,Unknown,0.00,Unknown,false,1,22.90,22.90,true,1,
3585240000364,false,"ברנדי 700 מ""ל BOSSARD XO",,,"ברנדי 700 מ""ל BOSSAR",מיליליטרים,700.00,"100 מ""ל",false,1,164.90,23.56,true,1,
3608580071389,false,ממרח ערמונים 370 גרם BONNE MAMAN,,FR,ממרח ערמונים 370 גרם,גרמים,370.00,100 גרם,false,1,26.50,7.16,true,1,
3608580077343,false,קרמל מלוח 220 גר,,,קרמל מלוח 220 גר,גרמים,220.00,100 גרם,false,1,22.90,10.41,true,1,
3608580730231,false,קונפיטורה בון ממאן תות שדה 370 גר',אף.סי תבליני בגליל ב,FR,קונפיטורה בטעם תות 3,גרמים,370.00,100 גרם,false,1,20.90,5.65,true,1,
3608580730248,false,קונפיטורה דובדובן 370 ג' בוני מאמן,אנדרוס,FR,קונפיטורה בטעם דובדב,גרמים,370.00,100 גרם,false,1,20.90,5.65,true,1,
3608580730255,false,קונפיטורה בטעם משמש 370 גר BONNE MAMAN,אנדרוס,FR,קונפיטורה בטעם משמש,גרמים,370.00,100 גרם,false,1,20.90,5.65,true,1,
3608580730323,false,קונפיטורה בטעם פטל 370 גר BONNE MAMAN,,,קונפיטורה בטעם פטל 3,גרמים,370.00,100 גרם,false,1,20.90,5.65,true,1,
3662444002766,false,חלה בריוש ראובנס 500 גרם,אר.אפ.די,FR,חלה בריוש ראובנס 500,גרמים,500.00,100 גרם,false,1,24.90,4.98,true,1,
3662444002773,false,חלה בריוש שוקוציפס ראובנס 500 גרם,אר.אפ.די,FR,חלה בריוש שוקוציפס ר,גרמים,500.00,100 גרם,false,1,24.90,4.98,true,1,
3663559000135,false,שזיפים מיובשים אורגניים 250 גרם,היצרן: לה קומפני דה,FR,שזיפים מיובשים אורגנ,גרמים,250.00,100 גרם,false,1,27.90,11.16,true,1,
3700604200222,false,אריסה טוניסאית 350 גרם,,,אריסה טוניסאית 350 ג,גרמים,350.00,100 גרם,false,1,24.90,7.11,true,1,
3700846700214,false,"יין סיגנטר אדום 2017 750 מ""ל",,FR,יין סיגנטר אדום 2017,מיליליטרים,750.00,"100 מ""ל",false,1,109.90,14.65,true,1,
3770000016796,false,"יין שבלי דומיין דה שאטיון כשל""פ 750 מ""ל",דומיין דה לה,FR,יין שבלי דומיין דה ש,Unknown,0.00,Unknown,false,1,89.90,89.90,true,1,
3800016701055,false,"לפתן חצאי אפרסק בסירופ 700 מ""ל",פרוקטו סליבאן GSC,BG,לפתן חצאי אפרסק בסיר,מיליליטרים,700.00,"100 מ""ל",false,1,10.70,1.53,true,1,
3800016701161,false,"לפתן חצאי שזיף בסירופ 700 מ""ל",פרוקטו סליבאן GSC,BG,לפתן חצאי שזיף בסירו,מיליליטרים,700.00,"100 מ""ל",false,1,10.70,1.53,true,1,
3800016701239,false,פלפל סבא פפרוני 580 גרם אורזיץ,פרוקטו סליבאן GSC,BG,פלפל סבא פפרוני 580,גרמים,580.00,100 גרם,false,1,10.70,1.84,true,1,
3800016704018,false,פלפל בולגרי 720 מל,,,"פלפל בולגרי 720 מ""ל",מיליליטרים,720.00,"100 מ""ל",false,1,18.10,2.51,true,1,
3800023801366,false,GUSTO רולדה קקאו 175,,BG,GUSTO רולדה קקאו 175,Unknown,0.00,Unknown,false,1,8.90,8.90,true,1,
3800023801397,false,GUSTO רולדה וניל וקק,,BG,GUSTO רולדה וניל וקק,Unknown,0.00,Unknown,false,1,8.90,8.90,true,1,
3800023807047,false,GUSTO רולדה וניל ותו,,BG,GUSTO רולדה וניל ותו,Unknown,0.00,Unknown,false,1,6.90,6.90,true,1,
3800061605049,false,עוגיות פרסטיז במילוי בטעם תאנים 155 גר,,,עוגיות פרסטיז במילוי,גרמים,155.00,100 גרם,false,0,8.90,5.74,true,1,
3800061607968,false,חטיפי וופל פרסטיז בציפוי עם קרם בטעם קקא,,,חטיפי וופל פרסטיז בצ,גרמים,180.00,100 גרם,false,0,8.90,4.94,true,1,
3800061608071,false,עוגיות פרסטיז במילוי בטעם שזיפים 155 גר,,,עוגיות פרסטיז במילוי,גרמים,155.00,100 גרם,false,0,8.90,5.74,true,1,
3800061608088,false,עוגיות פרסטיז במילוי בטעם תפוחים 155 גר,,,עוגיות פרסטיז במילוי,גרמים,155.00,100 גרם,false,0,8.90,5.74,true,1,
3800061608200,false,עוגיות פרסטיז סנדוויץ בטעם יוגורט תות 15,,,עוגיות פרסטיז סנדווי,גרמים,153.00,100 גרם,false,0,8.90,5.82,true,1,
3800061608217,false,עוגיות סנדוויץ פרסטיז במילוי בטעם קקאו 1,,,עוגיות סנדוויץ פרסטי,גרמים,153.00,100 גרם,false,0,8.90,5.82,true,1,
3800065711531,false,ביסקויט קלאסיק דבש ואגוז 190 גרם,,,עוגיות עם דבש 170 גר,גרמים,170.00,100 גרם,false,1,8.90,5.24,true,1,
3800065723015,false,מקלות גריסיני מלוח קלאסי סוויט פלוס 235 גר,,BG,גריסיני קלאסי עם מלח,גרמים,235.00,100 גרם,false,1,8.90,3.79,true,1,
3800065723022,false,מקלות גריסיני עם פרג סוויט פלוס 235 גר,,BG,גריסיני עם פרג סטיקס,גרמים,235.00,100 גרם,false,1,8.90,3.79,true,1,
3800065781114,false,עוגת וופל צודו בוטנים 250 גרם,,BG,עוגת וופל במ.קרם קקא,גרמים,250.00,100 גרם,false,1,12.50,5.00,true,1,
3800065781244,false,עוגת וופל צודו שוקולד 200 גרם,,,עוגת וופל במ.קרם קקא,גרמים,180.00,100 גרם,false,1,9.90,5.50,true,1,
3800065781268,false,עוגת וופל צודו בוטנים 180 גרם,,BG,עוגת וופל במ.קרם קקא,גרמים,180.00,100 גרם,false,1,9.90,5.50,true,1,
3800065781688,false,עוגת וופל צודו אגוזי לוז 125 גר,,BG,עוגת וופל במילוי קרם,גרמים,125.00,100 גרם,false,1,9.90,7.92,true,1,
3800093511561,false,טימס לחמניות באנס ריבת דובדבנים 250 גרם,,,טימס לחמניות באנס רי,גרמים,250.00,100 גרם,false,1,11.90,4.76,true,1,
3800093511578,false,"טימס מאפה שמרים עם מרמלדת תפו""ע 250 ג",,,טימס מאפה שמרים עם מ,גרמים,250.00,100 גרם,false,1,11.90,4.76,true,1,
3800093511622,false,טימס מאפה שמרים עם מרמלדת ורד בר 250 גר,,,טימס מאפה שמרים עם מ,גרמים,250.00,100 גרם,false,1,11.90,4.76,true,1,
3800205875109,false,צנימים אובן בקד עגבניות וזיתים 70 גר,,,צנימים עגבניות זיתים,גרמים,70.00,100 גרם,false,1,5.90,8.43,true,1,
3800205875208,false,צנימים אובן בקד בטעם קרם פטריות 70 גר,,,צנימים אובן בקד,גרמים,70.00,100 גרם,false,1,5.90,8.43,true,1,
3800205875307,false,צנימים אובן בקד בטעם שום ובצל 70 גר,,,צנימים אובן בקד בטעם,גרמים,70.00,100 גרם,false,1,5.90,8.43,true,1,
3800727040313,false,לפתן אפרסק 700 גרם,,,לפתן אפרסק 700 גרם,גרמים,700.00,100 גרם,false,1,15.90,2.27,true,1,
3800740027155,false,שימורי ירקות ליוטניצה טודורקה 350 גרם,,,שימורי ירקות ליוטניצ,גרמים,350.00,100 גרם,false,1,14.90,4.26,true,1,
3800740028220,false,רוטב עגבניות ברביקיו קלאסי 330 גר,,BG,רוטב עגבניות ברביקיו,גרמים,330.00,100 גרם,false,1,12.90,3.91,true,1,
3800740030001,false,ממרח ירוקות איוור 250 גר,,BG,ממרח ירוקות איוור 25,גרמים,250.00,100 גרם,false,1,22.90,9.16,true,1,
3800740031060,false,רוטב עגבניות עם אוכמניות 330 גר,,BG,רוטב עגבניות עם אוכמ,גרמים,330.00,100 גרם,false,1,13.90,4.21,true,1,
3800740031084,false,רוטב עגבניות עם אוכמניות וצילי 330 גר,,BG,רוטב עגבניות עם אוכמ,גרמים,330.00,100 גרם,false,1,13.90,4.21,true,1,
3830004201694,false,מאג עיטורים על רגל,,,מאג עיטורים על רגל,Unknown,0.00,Unknown,false,1,26.00,26.00,true,1,
3838945007870,false,מיץ תפוזים 100% עם ויטמין סי 1 ליטר,,,מיץ תפוזים 100% עם ו,מיליליטרים,1000.00,"100 מ""ל",false,1,14.60,1.46,true,1,
3838945027854,false,מולטי ויטמין פירות אד. 100% 1 ל FRUCTAL,,,מולטי ויטמין פירות א,מיליליטרים,1000.00,"100 מ""ל",false,1,14.60,1.46,true,1,
3838945028615,false,"מיץ אננס 100% פרי 200 מ""ל FRUCTAL",,,מיץ אננס 100% פרי 20,מיליליטרים,200.00,"100 מ""ל",false,1,4.90,2.45,true,1,
3838945509015,false,נקטר אוכמניות שחורות 25% 1 ל FRUCTAL,פרוקטל Fructal,,נקטר אוכמניות שחורות,מיליליטרים,1000.00,"100 מ""ל",false,1,14.60,1.46,true,1,
3838945509077,false,מיץ אננס 100% 1 ליטר FRUCTAL,,,מיץ אננס 100% 1 ליטר,מיליליטרים,1000.00,"100 מ""ל",false,1,14.60,1.46,true,1,
3850104008054,false,תבלין ירקות ווגטה 75 גר,,HR,תבלין ירקות ווגטה 75,גרמים,75.00,100 גרם,false,1,7.50,10.00,true,1,
3850104008443,false,תערובת תבלינים עם ירקות ווגטה 500 גר,,HR,תערובת תבלינים עם יר,גרמים,500.00,100 גרם,false,1,38.90,7.78,true,1,
3850104008597,false,תערובת תבלינים עם ירקות ווגטה 250 גר,,HR,תערובת תבלינים עם יר,גרמים,250.00,100 גרם,false,1,20.90,8.36,true,1,
3850104008825,false,תבלין ויגטה ירקות שקית 125 גר,,HR,תערובת תבלינים עם יר,גרמים,125.00,100 גרם,false,1,12.50,10.00,true,1,
3850104214165,false,תבלין וגטה גריל 25 גר,,HR,תבלין תערובת תיבול ל,Unknown,0.00,Unknown,false,1,3.50,3.50,true,1,
3850104214202,false,תבלין וגטה בקר 25 גר,,HR,תבלין תערובת תיבול ל,Unknown,0.00,Unknown,false,1,3.50,3.50,true,1,
3850116036083,false,קינוח קפוא QUATTRO בטעם שוקולד קקאו ואגו,,,קינוח קפוא QUATTRO ב,גרמים,920.00,100 גרם,false,1,44.90,4.88,true,1,
3850116036113,false,קינוח קפוא QUATTRO בטעם תות שדה ועוגות ס,,,קינוח קפוא QUATTRO ב,גרמים,965.00,100 גרם,false,1,44.90,4.65,true,1,
3850116036144,false,קינוח קפוא QUATTRO בטעם אגוזי לוז ופיסטו,,,קינוח קפוא QUATTRO ב,גרמים,975.00,100 גרם,false,1,44.90,4.61,true,1,
4000161060116,false,נידרגר שוקולד מריר במילוי מרציפן 110 גר,,,נידרגר שוקולד מריר ב,גרמים,110.00,100 גרם,false,1,19.90,18.09,true,1,
4000161060147,false,נידרגר שוקולד חלב במילוי מרציפן 110 גר,,,נידרגר שוקולד חלב במ,גרמים,110.00,100 גרם,false,1,19.90,18.09,true,1,
4000161060901,false,נידרגר מרציפן שחור&לבן 110 ג,,,נידרגר מרציפן שחור&ל,גרמים,110.00,100 גרם,false,1,19.90,18.09,true,1,
4000161100072,false,נידריגר אצבעות מרציפן 50 גרם,,,נידריגר אצבעות מרציפ,גרמים,50.00,100 גרם,false,1,14.90,29.80,true,1,
4000161110095,false,נידריגר אצבעות מרציפן פיסטוק 50 גרם,,,נידריגר אצבעות מרציפ,גרמים,50.00,100 גרם,false,1,14.90,29.80,true,1,
4000161400219,false,נידרגר-כדורי מרציפן בשקית 150 גר,J.G Niederegger Gmbh.Co.Kg,DE,נידרגר-כדורי מרציפן,גרמים,150.00,100 גרם,false,1,39.90,26.60,true,1,
4000269001370,false,"ליקר קסו קסו 700 מ""ל",,,"ליקר קסו קסו 700 מ""ל",מיליליטרים,700.00,"100 מ""ל",false,1,72.90,10.41,true,1,
4000269003756,false,"ליקר קסו קסו תות שמנת 700 מ""ל",,,ליקר קסו קסו תות שמנ,מיליליטרים,700.00,"100 מ""ל",false,1,65.90,9.41,true,1,
4000388563803,false,"תחליב גוף דאב לעור רגיל עד יבש 400 מ""ל",,DE,תחליב גוף דאב,מיליליטרים,400.00,"100 מ""ל",false,1,31.80,7.95,true,1,
4000417022004,false,שוקולד ריטר ספורט צימוק אגוז 100 גרם חלב נוכרי,ריטר ספורט Ritter sport,DE,שוקולד ריטר ספורט צי,גרמים,100.00,100 גרם,false,1,8.90,8.90,true,1,
4000417026002,false,שוקולד ריטר ספורט פרלין 100 גרם חלב נוכרי,ריטר ספורט Ritter sport,DE,שוקולד ריטר ספורט נו,גרמים,100.00,100 גרם,false,1,8.90,8.90,true,1,
4000417211002,false,שוקולד ריטר ספורט מוס קרמל 100 גרם חלב נוכרי,ריטר ספורט Ritter sport,DE,ריטר ספורט מוס קרמל,גרמים,100.00,100 גרם,false,1,8.90,8.90,true,1,
4000417212009,false,שוקולד ריטר ספורט מריר תפוז שקד 100 ג' חלב נוכרי,ריטר ספורט Ritter sport,DE,שוקולד ריטר ספורט שק,גרמים,100.00,100 גרם,false,1,8.90,8.90,true,1,
4000417222008,false,שוקולד ריטר ספורט חלב+שברי אגוזים 100 גרם חלב נוכרי,ריטר ספורט Ritter sport,DE,שוקולד ריטר ספורט חל,גרמים,100.00,100 גרם,false,1,8.90,8.90,true,1,
4000417294005,false,שוקולד ריטר מוס קקאו 100 גרם חלב נוכרי,ריטר ספורט Ritter sport,DE,שוקולד RITTER SPORT,גרמים,100.00,100 גרם,false,1,8.90,8.90,true,1,
4000417298003,false,שוקולד ריטר ספורט קוקוס 100 גרם חלב נוכרי,ריטר ספורט Ritter sport,DE,שוקולד ריטר ספורט קו,גרמים,100.00,100 גרם,false,1,8.90,8.90,true,1,
4000417707000,false,שוקולד חלב מעולה עם שברי קשיו קלוי ומומלח,ריטר ספורט Ritter sport,DE,ריטר ספורט חלב קשיו,גרמים,100.00,100 גרם,false,1,10.50,10.50,true,1,
4000417708007,false,שוקולד ריטר ספורט מריר שקד 100 גרם,ריטר ספורט Ritter sport,DE,ריטר ספורט מריר שקד,גרמים,100.00,100 גרם,false,1,10.50,10.50,true,1,
4000504149027,false,גבינת קממבר דה לוקס 125 גרם,,,גבינת קממבר דה לוקס,גרמים,125.00,100 גרם,false,1,21.90,17.52,true,1,
4000504149324,false,גבינת רוגט גרמני 125 גרם,,DE,גבינת רוגט גרמני 125,גרמים,125.00,100 גרם,false,0,22.90,18.32,true,1,
4000504149423,false,גבינת קמבוזולה 125 גרם,,DE,גבינת קמבוזולה 125 ג,גרמים,125.00,100 גרם,false,1,21.90,17.52,true,1,
4000504213028,false,גבינה דורבלו גרמנית במשקל,,,גבינה דורבלו גרמנית,Unknown,0.00,"ק""ג",true,0,184.00,184.00,true,1,
4000522009747,false,"בייגלה צ'יו מקלות תפו""א 80 גר'",טרופיקל דגיל תעשיות,HU,"מקלות תפו""א מלוחים 8",גרמים,80.00,100 גרם,false,1,5.20,6.50,true,1,
4000522061752,false,בייגלה צ'יו מקלות מלוחים 100 גרם,צ'יו Chio,,בייגלה ציו מקלות 100,גרמים,100.00,100 גרם,false,1,5.20,5.20,true,1,
4000539280726,false,שוקולד לינדט אקסלנס מילד 70% 100 גר,לינדט ושפרונגלי,DE,שוקולד לינדט אקסלנס,גרמים,100.00,100 גרם,false,1,14.90,14.90,true,1,
4000539280740,false,שוקולד לינדט אקסלנס 78% 100 גר,לינדט,DE,שוקולד לינדט אקסלנס,גרמים,100.00,100 גרם,false,1,14.90,14.90,true,1,
4000539363108,false,שוקולד לינדור סטיקס 38 גרם,,,שוקולד לינדור סטיקס,גרמים,38.00,100 גרם,false,1,7.30,19.21,true,1,
4000539727009,false,לינדט טדי בר מילק 100 גרם,LINDT & SPRUNGLI GMBH,DE,לינדט-דובי שוקולד חל,גרמים,100.00,100 גרם,false,1,26.90,26.90,true,1,
4000539770500,false,לינדט-סנטה שוקולד חלב 40 גר,LINDT & SPRUNGLI GMBH,DE,לינדט-סנטה שוקולד חל,גרמים,40.00,100 גרם,false,1,12.90,32.25,true,1,
4000539770708,false,לינדט-סנטה שוקולד חלב 125 גר,LINDT & SPRUNGLI GMBH,DE,לינדט-סנטה שוקולד חל,גרמים,125.00,100 גרם,false,1,26.90,21.52,true,1,
4001499961533,false,פרוש ספריי לניקוי כללי לבנדר 500 מל,,,פרוש ספריי לניקוי כל,מיליליטרים,500.00,"100 מ""ל",false,1,22.90,4.58,true,1,
4001507161948,false,קווקר פתיתי שיבולת שועל דקה 500 גר,פרוטרי,DE,קווקר פתיתי שיבולת ש,גרמים,500.00,100 גרם,false,1,6.20,1.24,true,1,
4001518003817,false,מקלות פריכים עם גבינת גאודה 125 ג' טורינוס,,DE,חטיף חיטה אפוי בתוספ,גרמים,125.00,100 גרם,false,1,17.70,14.16,true,1,
4001518106112,false,טורינוס מקלות פריכים עם רוזמרין 125ג',,DE,מקלות פריכים רוזמרין,גרמים,125.00,100 גרם,false,1,17.70,14.16,true,1,
4001638088381,false,שפתון להגנת השפתיים ולהפגת היובש,וולדה WELEDA,,וולדה שפתון Everon,Unknown,0.00,Unknown,false,1,35.90,35.90,true,1,
4001638095228,false,"וולדה - דאודורנט רול און לגבר 50 מ""ל",,,דאודורנט לגבר 24 שעו,מיליליטרים,50.00,"100 מ""ל",false,1,41.90,83.80,true,1,
4001638098090,false,"וולדה משחת שיניים מלחית, 75 מ""ל",וולדה WELEDA,,משחת שיניים מלחית 75,מיליליטרים,75.00,"100 מ""ל",false,1,35.90,47.87,true,1,
4001638098946,false,"וולדה סבון קלנדולה, 100 גרם",,,סבון קלנדולה 100 גרם,גרמים,100.00,100 גרם,false,1,34.90,34.90,true,1,
4001638501989,false,וולדה סקין פוד חמאת שפתיים,,,סקין פוד חמאת שפתיים,Unknown,0.00,Unknown,false,1,39.90,39.90,true,1,
4001686151105,false,הריבו קונפקט צורות שונות 175 גרם,,DE,הריבו קונפקט צורות ש,גרמים,175.00,100 גרם,false,1,10.40,5.94,true,1,
4001686301524,false,הריבו גולדבירס מיני דובוני גומי 250 גרם,,DE,הריבו גולדבירס מיני,גרמים,250.00,100 גרם,false,1,16.70,6.68,true,1,
4001686309506,false,הריבו - גומי בטעם דובדבן 200 גרם,,DE,הריבו גומי דובדבן 20,גרמים,200.00,100 גרם,false,1,9.90,4.95,true,1,
4001686327609,false,הריבו פרימברה תות 175 גרם,,DE,הריבו פרימברה תות 17,גרמים,175.00,100 גרם,false,1,10.40,5.94,true,1,
4001686327845,false,הריבו פטל 175 גרם,,DE,הריבו פטל 175 גרם,גרמים,175.00,100 גרם,false,1,10.40,5.94,true,1,
4001686328910,false,הריבו גומי סלילים בטעמי פירות וקולה 160ג,,DE,הריבו גומי סלילים בט,גרמים,160.00,100 גרם,false,1,10.40,6.50,true,1,
4001751035705,false,רוטב חרדל עם דבש סקנדיה 215 גרם,סקנדיה,,רוטב חרדל עם דבש סקנ,גרמים,215.00,100 גרם,false,1,10.40,4.84,true,1,
4001751038669,false,חזרת עם וואסבי 190 גרם,סקנדיה,,חזרת עם וואסבי 190 ג,גרמים,190.00,100 גרם,false,1,9.40,4.95,true,1,
4001751064262,false,רוטב חזרת שמנת 190 ג,סקנדיה,,חזרת בשמנת 200 גרם,גרמים,200.00,100 גרם,false,1,10.40,5.20,true,1,
4001751073677,false,רוטב חזרת עם סלק 200 גר,סקנדיה,,רוטב חזרת עם סלק 200,גרמים,200.00,100 גרם,false,1,10.40,5.20,true,1,
4001751094283,false,רוטב חרדל בטעם תפוזים סקנידה 210 גרם,סקנדיה,,רוטב חרדל בטעם תפוזי,גרמים,210.00,100 גרם,false,1,10.40,4.95,true,1,
4002103240709,false,בירה ארדינגר אורוויס 4.9% 500 מל,ארדינגר,,בירה ארדינגר אורוויס,מיליליטרים,500.00,"100 מ""ל",false,1,12.20,2.44,true,1,
4002103248323,false,"ארדינגר פיקנטוס 7.3% כהה 500 מ""ל",,,ארדינגר פיקנטוס 7.3%,מיליליטרים,500.00,"100 מ""ל",false,1,13.90,2.78,true,1,
4002103289449,false,בירה ארדינגר ללא אלכוהול 330 מל,Beck and Co,DE,בירה ארדינגר 0% אלכו,מיליליטרים,330.00,"100 מ""ל",false,1,6.50,1.97,true,1,
4002103311515,false,"בירה ארדינגר כהה 500 מ""ל בקבוק",,,בירה ארדינגר כהה 50,מיליליטרים,500.00,"100 מ""ל",false,1,10.90,2.18,true,1,
4002293303307,false,סכין טורנה שחורה,,,סכין טורנה 3033 שחור,קילוגרמים,0.00,"ק""ג",false,1,32.90,32.90,true,1,
4002293303314,false,סכין טורנה אדומה,,,סכין טורנה 3033 אדום,קילוגרמים,0.00,"ק""ג",false,1,32.90,32.90,true,1,
4002293303338,false,סכין טורנה כתומה,,,סכין טורנה 3033 כתום,קילוגרמים,0.00,"ק""ג",false,1,32.90,32.90,true,1,
4002293304106,false,ס.ירקות שח משונן חד 10,,,ס.ירקות שח משונן חד,קילוגרמים,0.00,"ק""ג",false,1,35.90,35.90,true,1,
4002293304113,false,ס.ירקות אד משונן חד 10,,,ס.ירקות אד משונן חד,קילוגרמים,0.00,"ק""ג",false,1,35.90,35.90,true,1,
4002293304120,false,סכין משונן ירוק 10 חד,,,סכין משונן ירוק 10 ח,קילוגרמים,0.00,"ק""ג",false,1,35.90,35.90,true,1,
4002293304151,false,סכין משונן כחול 10 חד,,,סכין משונן כחול 10 ח,קילוגרמים,0.00,"ק""ג",false,1,35.90,35.90,true,1,
4002293304304,false,ס.ירקות 8 שחורה,,,סכין ירקות 3043 שחור,קילוגרמים,0.00,"ק""ג",false,1,32.90,32.90,true,1,
4002293304335,false,ס.ירקות 8 כתומה,,,סכין ירקות 3043 כתום,קילוגרמים,0.00,"ק""ג",false,1,32.90,32.90,true,1,
4002309009100,false,ממרח שוקולד 350 גר KIDDY DUO,,LT,ממרח שוקולד 350 גר K,גרמים,350.00,100 גרם,false,1,15.90,4.54,true,1,
4002590000022,false,סוכריות קלפני פירות יער אוכמניות 150 ג',ליימן מותגים,DE,קלפני פירות אוכמניות,גרמים,150.00,100 גרם,false,1,13.70,9.13,true,1,
4002590000046,false,סוכריות קלפני מנטה מרענן 150ג',ליימן מותגים,DE,קלפני מרענן 150 גרם,גרמים,150.00,100 גרם,false,1,13.70,9.13,true,1,
4002590000633,false,סוכריות קלפני פירות 150 גרם,ליימן מותגים,DE,סוכריות קלפני פירות,גרמים,150.00,100 גרם,false,1,13.70,9.13,true,1,
4002631025069,false,בירה גרמנית קוניגסבכר Konigsbacher,קרלסברג יבוא יצוא,DE,בירה קוניגסבכר 4.6%,מיליליטרים,500.00,"100 מ""ל",false,1,5.90,1.18,true,1,
4002720005736,false,קפה לפילטר מליטה 250 גרם PREMIUM,המאפיה של הרמן,DE,קפה פילטר מליטה 250,גרמים,250.00,100 גרם,false,1,18.80,7.52,true,1,
4002899563105,false,קונטיננטל דובשניות מצופות שוקול מריר 500,,NL,קונטיננטל דובשניות מ,גרמים,500.00,100 גרם,false,1,21.90,4.38,true,1,
4002899701118,false,קונטיננטל דובשניות מצופות שוקול חלב 500ג,,NL,קונטיננטל דובשניות מ,גרמים,500.00,100 גרם,false,1,21.90,4.38,true,1,
4003754021662,false,בונ עיגולי מרציפן עם שזיף ביין מדירה בש,,DE,בונ עיגולי מרציפן עם,גרמים,210.00,100 גרם,false,1,26.90,12.81,true,1,
4003754021679,false,בונ עיגולי מרציפן עם מחית דובדבן בשוקול,Erasmi & Carstens Gm,DE,בונ עיגולי מרציפן עם,גרמים,210.00,100 גרם,false,1,26.90,12.81,true,1,
4003754081000,false,מרציפן חטיף 100 גר CARSTENS ERASMI,Erasmi & Carstens Gm,DE,מרציפן חטיף 100 גר C,גרמים,100.00,100 גרם,false,1,8.50,8.50,true,1,
4003754168114,false,חטיף מרציפן גולמי 110 גר CARSTENS,,,חטיף מרציפן גולמי 11,גרמים,110.00,100 גרם,false,1,9.90,9.00,true,1,
4003754206151,false,מרציפן תפוז שוקולד מריר 140 גרCARSTENS,,,מרציפן תפוז שוקולד מ,גרמים,140.00,100 גרם,false,1,12.90,9.21,true,1,
4003754236141,false,מרציפן מצופה שוקולד מריר 140 גרCARSTENS,,,מרציפן מצופה שוקולד,גרמים,140.00,100 גרם,false,1,12.90,9.21,true,1,
4004591131316,false,"בירה קייזרדום חיטה 6*330 מ""ל בקבוק",,,בירה קייזרדום חיטה,מיליליטרים,1980.00,"100 מ""ל",false,1,35.90,1.81,true,1,
4004666042004,false,משמיד עובש עם מרסס מלרוד Mellerud,מלרוד,DE,מלרוד מרסס לעובש,Unknown,0.00,Unknown,false,1,31.50,31.50,true,1,
4004666107819,false,"מלרוד - מרסס לניקוי וטיהור המזגן 500 מ""ל",פרח,DE,מרסס מלרוד לניקוי וט,מיליליטרים,500.00,"100 מ""ל",false,1,24.90,4.98,true,1,
4005808170005,false,"קצף גילוח ניוואה 200 מ""ל",ניוואה Nivea,DE,ניוואה קצף גילוח 200,מיליליטרים,200.00,"100 מ""ל",false,1,21.50,10.75,true,1,
4005808366392,false,שפתון כחול בליסטר לבלו,טרופיקל דגיל תעשיות,DE,שפתון לבלו כחול,Unknown,0.00,Unknown,false,1,12.50,12.50,true,1,
4005808502004,false,לבלו שפתון סופט ורוד בליסטר 5.5מל,ביירסדורף,DE,שפתון לבלו ורוד 7.7,Unknown,0.00,Unknown,false,1,12.50,12.50,true,1,
4005808817405,false,ניוואה גל גילוח לעור רגיש 200 מל,פרוטרופיק סיה.,DE,ניוואה גל גילוח לעור,מיליליטרים,200.00,"100 מ""ל",false,1,29.50,14.75,true,1,
4005808817603,false,ג'ל גילוח עם אלוורה Protect & Care,ניוואה Nivea,DE,ניוואה גל גילוח לעדי,מיליליטרים,200.00,"100 מ""ל",false,1,29.50,14.75,true,1,
4005808837359,false,"ניוואה - דאודורנט רול און לאישה פרל אנד ביוטי 50 מ""ל",ביירסדורף AG,DE,דאודורנט פרל & ביוטי,גרמים,160.00,100 גרם,false,1,23.50,14.69,true,1,
4005900036445,false,"ניוואה - דאודורנט רול און לאישה בלק&וויט פיור 50 מ""ל",ביירסדורף,DE,דאודורנט רול און ניו,מיליליטרים,50.00,"100 מ""ל",false,1,23.50,47.00,true,1,
4005900036506,false,"ניוואה - דאודורנט רול און לגבר שקוף בלק 50 מ""ל",טרופיקל דגיל תעשיות,DE,דאודורנט רול און לגב,גרמים,160.00,100 גרם,false,1,23.50,14.69,true,1,
4005900420220,false,"גל רחצה ניוואה פיור אימפקט לגבר 500 מ""ל",,,גל רחצה ניוואה פיור,מיליליטרים,500.00,"100 מ""ל",false,1,18.20,3.64,true,1,
4005900485243,false,"ניוואה - דאודורנט רול און לגבר דריי פרש 50 מ""ל",,DE,דאו ניוואה רול און ל,מיליליטרים,50.00,"100 מ""ל",false,1,23.50,47.00,true,1,
4005900488459,false,"ניוואה - דאודורנט רול און לאישה דריי פרש 50 מ""ל",ביירסדורף AG,DE,דאו ניוואה רול און ל,מיליליטרים,50.00,"100 מ""ל",false,1,23.50,47.00,true,1,
4005900521262,false,"ג'ל רחצה לגבר פיור אימפקט ניוואה 500 מ""ל",ביירסדורף,DE,גל רחצה ניוואה מן DE,מיליליטרים,500.00,"100 מ""ל",false,1,18.20,3.64,true,1,
4005900833723,false,"ניוואה - פאוור פרש ג'ל רחצה לגבר 500 מ""ל",,,גל רחצה לגבר Power R,מיליליטרים,500.00,"100 מ""ל",false,1,17.90,3.58,true,1,
4005900841148,false,"ניוואה מן ג'ל גילוח קול קיק פרש 200 מ""ל",,DE,ניוואה גל גילוח קול,מיליליטרים,200.00,"100 מ""ל",false,1,29.50,14.75,true,1,
4006298004009,false,"בירה טוכר הלס הפוויצן 500 מ""ל",,,בירה טוכר הלס הפוויצ,מיליליטרים,500.00,"100 מ""ל",false,1,14.90,2.98,true,1,
4006298207912,false,סבאלדוס הלס הפוויצן,,,"בירה סבאלדוס 500 מ""ל",מיליליטרים,500.00,"100 מ""ל",false,1,13.90,2.78,true,1,
4006387084578,false,קנקן בריטה Marella כחול + פילטר Maxtra,בריטה Brita,DE,קנקן בריטה מרלה כחול,Unknown,0.00,Unknown,false,1,139.00,139.00,true,1,
4006387085407,false,שלישיית פילטר מקסטרא סודהסטרים,בריטה Brita,,פילטר מקסטרה+ שלישיי,Unknown,0.00,Unknown,false,1,139.00,139.00,true,1,
4006814000720,false,סנטה קלנדר 75 גר WAWI,WAWI GROUP,DE,סנטה קלנדר 75 ג WAWI,Unknown,0.00,Unknown,false,1,10.90,10.90,true,1,
4006814000751,false,סנטה בודד עם כובע 80 גר,WAWI GROUP,DE,סנטה בודד עם כובע,גרמים,80.00,100 גרם,false,1,13.90,17.38,true,1,
4006814000829,false,מגף סנטה 100 גרם WAWI,,PL,מגף סנטה 100 גרם WAW,גרמים,100.00,100 גרם,false,1,16.90,16.90,true,1,
4006814000874,false,סנטה בודד עם כובע וכיס 200 גר WAWI,WAWI GROUP,DE,סנטה בודד עם כובע,גרמים,200.00,100 גרם,false,1,28.90,14.45,true,1,
4006814011061,false,סנטה בודד 60 גרם WAW,WAWI Euro Gmbh,DE,שוקולד סנטה 60 גר,גרמים,60.00,100 גרם,false,1,4.90,8.17,true,1,
4006814011108,false,סנטה בודד 150 גר WAWI,,,סנטה בודד 150 גר WAW,גרמים,150.00,100 גרם,false,1,9.90,6.60,true,1,
4006814071003,false,סנטה שקית 100 גרם WAWI,,,סנטה שקית 100 גרם WA,גרמים,100.00,100 גרם,false,1,9.90,9.90,true,1,
4006814072000,false,סנטה שקית 200 גרם WAWI,WAWI Euro Gmbh,DE,סנטה שקית 200 גרם WA,גרמים,200.00,100 גרם,false,1,14.90,7.45,true,1,
4007745058804,false,מיונז אמיתי אורגני נ,אף.סי תבליני בגליל ב,DE,מיונז אורגני 350 גרם,גרמים,350.00,100 גרם,false,1,24.90,7.11,true,1,
4007745058811,false,חרדל צרפתי חלק אורגני 200 גרם,נטורפוד,DE,חרדל צרפתי חלק אורגנ,גרמים,200.00,100 גרם,false,1,15.50,7.75,true,1,
4007745058828,false,חרדל צרפתי גרגרים אורגני 200 גרם,נטורפוד,,חרדל צרפתי גרגרים או,גרמים,200.00,100 גרם,false,1,15.50,7.75,true,1,
4007993016922,false,מאגדת אוראו שלגון,,DE,מאגדת אוראו 4 יח,Unknown,0.00,Unknown,false,1,34.90,34.90,true,1,
4007993032533,false,מאגדת גלידה טובלרון 4 יח 400 גר,,,מאגדת גלידה טובלרון,גרמים,400.00,100 גרם,false,1,36.50,9.13,true,1,
4008102002867,false,מילפורד תה גרגרים בטעם לימון 400גר',ליימן מותגים,DE,תה לימון 400 גרם,גרמים,400.00,100 גרם,false,1,18.70,4.68,true,1,
4008287051032,false,בירה קרומבאכר פילס 0.50 ליטר פחית,מנדלז סי.אר. פרודקשן,DE,בירה קרומבאכר פילס,מיליליטרים,500.00,"100 מ""ל",false,1,10.50,2.10,true,1,
4008287058161,false,בירה קרומבאכר פילס 4.8% שישיה 6 * 330 מל,מנדלז סי.אר. פרודקשן,DE,שישיית בירה קרומבאכ,מיליליטרים,1980.00,"100 מ""ל",false,1,34.90,1.76,true,1,
4008287905786,false,בירה קרומבאכר חיטה 5.3% פחית 500 מל,מנדלז סי.אר. פרודקשן,DE,בירה קרומבאכר חיטה,מיליליטרים,500.00,"100 מ""ל",false,1,10.50,2.10,true,1,
4008400101521,false,פררו-מון שרי פרליני דובדבן ליקר 105 גר,,,פררו-מון שרי פרליני,מיליליטרים,262.00,"100 מ""ל",false,1,24.90,9.50,true,1,
4008400102528,false,פררו-מון שרי פרליני דובדבן ליקר 157 גר,,DE,פררו-מון שרי פרליני,גרמים,157.00,100 גרם,false,1,39.90,25.41,true,1,
4008400103426,false,פררו-מון שרי כוכב קטן 42 גרם,FERERRO GERMNY,,פררו-מון שרי כוכב קט,גרמים,42.00,100 גרם,false,1,22.90,54.52,true,1,
4008400106724,false,פררו-מון שרי מתנה 283 גרם,FERERRO GERMNY,,פררו-מון שרי מתנה 28,גרמים,283.00,100 גרם,false,1,79.90,28.23,true,1,
4008400172224,false,פררו רושה עץ קריסמס 150 גרם,,,פררו רושה עץ קריסמס,גרמים,150.00,100 גרם,false,1,44.90,29.93,true,1,
4008400209524,false,קינדר - מארז שוקולד קריסמס 102 גרם,,IT,קינדר - מארז שוקולד,גרמים,102.00,100 גרם,false,1,22.90,22.45,true,1,
4008400230726,false,ביצת שוקולד הפתעה קינדר ענקית 100ג' בנים,קינדר Kinder,BE,ביצת הפתעה קינדר מק,גרמים,100.00,100 גרם,false,1,23.90,23.90,true,1,
4008400510125,false,קינדר- שוקולד חלב בצורת סנטה קלאוס 75 גר,,IT,קינדר- שוקולד חלב בצ,גרמים,75.00,100 גרם,false,1,20.90,27.87,true,1,
4008400511825,false,שוקולד קינדר בצורת סנטה קלאוס 110 גרם,,IT,שוקולד קינדר בצורת ס,גרמים,110.00,100 גרם,false,1,22.90,20.82,true,1,
4008400511924,false,שוקולד קינדר בצורת סנטה קלאוס 160 גרם,,IT,שוקולד קינדר בצורת ס,גרמים,160.00,100 גרם,false,1,31.90,19.94,true,1,
4009300522935,false,תה פומפדור תה ירוק לימונית ולואיזה 20 יח',"איטיליאן פוד, אס.פי.",DE,פומפדור תה ירוק עם ל,Unknown,0.00,Unknown,false,1,22.90,22.90,true,1,
4009300524588,false,תה פומפדור חליטת צמחים פירות יער 20 יח',פומפדור Pompadour,DE,תה חליטת פומפדור פיר,Unknown,0.00,Unknown,false,1,16.70,16.70,true,1,
4009300524625,false,תה פומפדור צאי מסאלה 20 שקיקים,פומפדור Pompadour,DE,תה צאי מסאלה 20 יח,Unknown,0.00,Unknown,false,1,16.70,16.70,true,1,
4009300525684,false,תה חליטת פומפדור לימון וגינגיר 20 יח,פומפדור Pompadour,DE,תה חליטת פומפדור לימ,Unknown,0.00,Unknown,false,1,16.70,16.70,true,1,
4009300527497,false,תה פומפדור חליטת צמחים מנטה לימון 20 יח',,,פומפדור חליטת צמחים,Unknown,0.00,Unknown,false,1,16.70,16.70,true,1,
4009300528821,false,תה ירוק ג'ינג'ר קינמון פומפדור 30 ג',פומפדור Pompadour,,פומפדור תה ירוק גינ,מיליליטרים,30.00,"100 מ""ל",false,1,22.90,76.33,true,1,
4009300528845,false,"פומפדור תה ירוק עם לימונית דבש 30 מ""ל",פומפדור Pompadour,DE,פומפדור תה ירוק עם,מיליליטרים,30.00,"100 מ""ל",false,1,22.90,76.33,true,1,
4009300529514,false,תה חליטת פומפדור פירות אוכמניות 20 יח,,DE,תה חליטת פומפדור פיר,גרמים,50.00,100 גרם,false,1,16.70,33.40,true,1,
4009300529538,false,תה חליטת פומפדור פירות לימון 20 יח,,DE,תה חליטת פומפדור פיר,גרמים,45.00,100 גרם,false,1,16.70,37.11,true,1,
4009300529552,false,תה חליטת פומפדור פירות אפרסק 20 יח,,DE,תה חליטת פומפדור פיר,גרמים,50.00,100 גרם,false,1,16.70,33.40,true,1,
4009300529576,false,תה חליטת פומפדור פירות רימונים 20 יח,,,תה חליטת פומפדור פיר,Unknown,0.00,Unknown,false,1,16.70,16.70,true,1,
4009300530183,false,תה חליטת פומפדור תפוז ספרדי 20 יח,,,תה חליטת פומפדור תפו,Unknown,0.00,Unknown,false,1,16.70,16.70,true,1,
4009300530275,false,תה חליטת פומפדור מנטה מרוקאית 20 יח,,,תה חליטת פומפדור מנט,Unknown,0.00,Unknown,false,1,16.70,16.70,true,1,
4009309742426,false,רסק תפוחים ומנגו אורגני ללא תוספת סוכר,נטורפוד,,רסק תפוח מנגו אורגני,גרמים,700.00,100 גרם,false,1,18.90,2.70,true,1,
4009900379564,false,מסטיק הובה בובה Hubba Bubba טייפ בטעם פירות,הובה בובה Hubba Bubba,GB,הובה בובה טייפ פירות,Unknown,0.00,Unknown,false,1,8.30,8.30,true,1,
4009900402965,false,מסטיק אורביט וויט בטעם פירות ללא סוכר,ריגלי פולין,PL,מסטיק אורביט WHITE ב,Unknown,0.00,Unknown,false,1,9.50,9.50,true,1,
4009900403023,false,מסטיק אורביט בקבוקון דאבל white קלאסי 64ג',"ב.א מזון בע""מ",PL,מסטיק אורביט WHITE ב,Unknown,0.00,Unknown,false,1,9.50,9.50,true,1,
4009900420129,false,מסטיק אורביט פרופשנל פפרמינט בקבוקון 64 גר',מרס נדרלנד,PL,מסטיק אורביט פרופשיו,Unknown,0.00,Unknown,false,1,9.50,9.50,true,1,
4009900426039,false,מסטיק איירוויבז מנטה אקליפטוס בקבוקון 64,איירוויבס Airwaves,PL,מסטיק איירוויבז מנטה,גרמים,64.00,100 גרם,false,1,10.50,16.41,true,1,
4009900465304,false,סוכריות סקיטלס פירות חמוצים 174 גרם,סקיטלס Skittles,CZ,סקיטלס פירות חמוצים,גרמים,174.00,100 גרם,false,1,10.40,5.98,true,1,
4009900479998,false,מסטיק אורביט בטעם אוכמניות ללא סוכר,ריגלי פולין,PL,"מסטיק אורביט לל""ס או",Unknown,0.00,Unknown,false,1,9.50,9.50,true,1,
4009900482417,false,מסטיק אורביט פירות מנטה בקבוקון באבל מינט 45יח,ריגלי פולין,PL,מסטיק אורביט באבל מי,Unknown,0.00,Unknown,false,1,9.50,9.50,true,1,
4009900500166,false,סוכריות פירות אדום סקיטלס בקבוקון 125ג',ריגלי ממתקים,,סוכריות סקיטלס פירות,גרמים,125.00,100 גרם,false,1,9.30,7.44,true,1,
4009900531122,false,"מסטיק בטעם מנטה ספירמינט, 64 ג' פרופשיונל אורפיט",מרס נדרלנד,PL,מסטיק אורביט פרופשיו,Unknown,0.00,Unknown,false,1,9.50,9.50,true,1,
4009900535519,false,מסטיק אורביט רפרשרס ספירמינט ללא סוכר 15.6גר',,PL,אורביט רפרשרס ספירמי,גרמים,16.00,100 גרם,false,1,3.90,24.38,true,1,
4009900535540,false,מסטיק אורביט רפרשרס פפרמינט ללא סוכר 15.6גר',,PL,אורביט רפרשרס פפרמינ,גרמים,16.00,100 גרם,false,1,3.90,24.38,true,1,
4009900535823,false,מסטיק אורביט רפרשרס באבלמינט ללא סוכר 15.6גר',,PL,אורביט רפרשרס באבלמי,גרמים,16.00,100 גרם,false,1,3.90,24.38,true,1,
4009900539685,false,"מסטיק פייב באונס בטעם מנטה בקבוקון, 61.8 גרם",ריגלי בעמ רוסיה,PL,מסטיק פייב באונס מנט,גרמים,62.00,100 גרם,false,1,12.20,19.68,true,1,
4009900539746,false,"מסטיק פייב באונס בטעם אבטיח בקבוקון, 61.8 גרם",ריגלי בעמ רוסיה,PL,מסטיק פייב באונס אבט,גרמים,62.00,100 גרם,false,1,12.20,19.68,true,1,
4010160055785,false,א.ב - סיליצאה משחת שיניים,,,א.ב - סיליצאה משחת ש,Unknown,0.00,Unknown,false,1,19.90,19.90,true,1,
4010160055808,false,א.ב טננבלוט - איירון ויטל 250 מ`ל,,,א.ב טננבלוט - איירון,Unknown,0.00,Unknown,false,1,84.90,84.90,true,1,
4011800290030,false,חטיף חלבון קורני שוקו 50 גר,,CZ,חטיף חלבון קורני שוק,גרמים,50.00,100 גרם,false,1,8.50,17.00,true,1,
4011800290078,false,חטיף חלבון קורני עוגיות 50 גר,,CZ,חטיף חלבון קורני עוג,גרמים,50.00,100 גרם,false,1,8.50,17.00,true,1,
4011800290092,false,חטיף חלבון קורני וניל 50 גר,,CZ,חטיף חלבון קורני וני,גרמים,50.00,100 גרם,false,1,8.50,17.00,true,1,
4011800528416,false,קורני בייס סויט & סולט 6 יח 150 גר,קורני Corny,DE,קורני בייס סויט & סו,גרמים,150.00,100 גרם,false,1,11.90,7.93,true,1,
4011800568610,false,חטיף קורני מילק Corny milk קלאסי,שוורטאוור וורקה,DE,קורני מילק קלאסיק 4,גרמים,120.00,100 גרם,false,1,13.50,11.25,true,1,
4011800630515,false,חטיף קורני שוקולד חלב ובננה 6 יח 150 גר,מיוצר עי קונדיטוריית,DE,חטיף קורני שוקולד חל,גרמים,150.00,100 גרם,false,1,11.90,7.93,true,1,
4011800632519,false,חטיף דגנים עם שוקולד חלב וקוקוס,מיוצר עי קונדיטוריית,DE,קורני בייס קוקונט 6,גרמים,150.00,100 גרם,false,1,11.90,7.93,true,1,
4011800633516,false,חטיף דגנים עם שוקולד מריר מעולה,שוורטאוור וורקה,DE,קורני בייס דרק שוקו,גרמים,138.00,100 גרם,false,1,11.90,8.62,true,1,
4012824400054,false,יוגי תה אורגני קינמו,,,יוגי תה אורגני קינמו,Unknown,0.00,Unknown,false,1,27.90,27.90,true,1,
4012824400658,false,יוגי תה אורגני צאי ש,,,יוגי תה אורגני צאי ש,Unknown,0.00,Unknown,false,1,27.90,27.90,true,1,
4012824405387,false,יוגי תה אורגני מאקה 35.70 גרם,,,יוגי תה אורגני מאקה,גרמים,36.00,100 גרם,false,1,27.90,77.50,true,1,
4012839597596,false,כבד דג שיבוט רויגן,רוג'ין פיש,IS,כבד דג 120 גרם,גרמים,120.00,100 גרם,false,1,19.90,16.58,true,1,
4013197062030,false,סקיי סוכריות קשות בטעמי פירות 130 גרם,,,סקיי סוכריות קשות בט,גרמים,130.00,100 גרם,false,1,8.90,6.85,true,1,
4013197062047,false,סקיי סוכריות קשות בטעם פירות יער 130 גרם,,,סקיי סוכריות קשות בט,גרמים,130.00,100 גרם,false,1,8.90,6.85,true,1,
4013197062054,false,סקיי סוכריות קשות בטעם לימון 130 גרם,,,סקיי סוכריות קשות בט,גרמים,130.00,100 גרם,false,1,8.90,6.85,true,1,
4013197062061,false,סקיי סוכריות קשות בטעם דובדבן 130 גרם,,,סקיי סוכריות קשות בט,גרמים,130.00,100 גרם,false,1,8.90,6.85,true,1,
4014400900217,false,בונבונירה מרסי 400 גרם חלבי - נוכרי,קריניציה ויטמינה אס,DE,בונבוניירה מרסי 400,גרמים,400.00,100 גרם,false,1,39.90,9.98,true,1,
4014400901191,false,בונבונירה מרסי קלאסי 250 גרם חלב נוכרי,ליימן מותגים,DE,בונבוניירה מרסי 250,גרמים,250.00,100 גרם,false,1,21.90,8.76,true,1,
4014400903409,false,בונבוניירה טופיפי שוקולד 250 ג',קריניציה ויטמינה אס,DE,בונ. טופיפי 250 גרם,גרמים,250.00,100 גרם,false,1,30.90,12.36,true,1,
4014400904277,false,סוכריות שטרוק אייס פרש בשקית 425 גרם,תות ממתקי איכות,DE,סוכריות שטרוק אייס פ,גרמים,425.00,100 גרם,false,1,19.80,4.66,true,1,
4014400904376,false,סוכריות טופי שוקולדן שטורק 325 ג',קריניציה ויטמינה אס,DE,סוכריות שטרוק שוקולד,גרמים,325.00,100 גרם,false,1,19.80,6.09,true,1,
4014400904390,false,סוכריות וולמילש ממולא ט.חלב 325גרם,קריניציה ויטמינה אס,DE,סוכריות שטרוק וולמיל,גרמים,325.00,100 גרם,false,1,19.80,6.09,true,1,
4014400907902,false,סוכריות חמאה ללא סוכר בטעם קרמל בקופסא,תות ממתקי איכות,DE,סוכריות וורטר בוקס ל,Unknown,0.00,Unknown,false,1,6.80,6.80,true,1,
4014400910063,false,סוכריות וורטר אורגינל שקית 135 גרם,ליימן מותגים,DE,סוכריות וורטר אורגינ,גרמים,135.00,100 גרם,false,1,9.40,6.96,true,1,
4014400914245,false,טבלת מרסי שוקולד חלב מעולה 100 גרם,,,טבלת מרסי שוקולד חלב,גרמים,100.00,100 גרם,false,1,11.90,11.90,true,1,
4014400914252,false,טבלת שוקולד חלב ממולא אגוזים מרסי 100 ג',,,מרסי שוקולד חלב אגוז,גרמים,100.00,100 גרם,false,1,11.90,11.90,true,1,
4014400914269,false,מרסי שוקולד חלב עם קפה ושוקול לבן 100 גר,,,מרסי שוקולד חלב עם ק,גרמים,100.00,100 גרם,false,1,11.90,11.90,true,1,
4014400914276,false,טבלת מרסי שוקולד מריר מעולה 100 גרם,,,טבלת מרסי שוקולד מרי,גרמים,100.00,100 גרם,false,1,11.90,11.90,true,1,
4014400914696,false,סוכריות חמאה וורטר אור ללא סוכר 80 גרם,ליימן מותגים,DE,סוכריות חמאה וורטר א,Unknown,0.00,Unknown,false,1,8.00,8.00,true,1,
4014400914924,false,סוכריות וורטר אורגינל ללא סוכר קפה 80 ג',קריניציה ויטמינה אס,DE,סוכריות וורטר ללא ס,Unknown,0.00,Unknown,false,1,8.00,8.00,true,1,
4014400916744,false,טבלת מרסי שוקולד מריר מעולה מרציפן 100 ג,,,טבלת מרסי שוקולד מרי,גרמים,100.00,100 גרם,false,1,11.90,11.90,true,1,
4014400920857,false,סוכריות וורטר Werther's בטעם שוקולד ללא סוכר,קריניציה ויטמינה אס,DE,סוכריות וורטר ללא ס,Unknown,0.00,Unknown,false,1,8.00,8.00,true,1,
4014400923711,false,טופיפי 125 גר' - חלב נוכרי,ליימן מותגים,DE,טופיפי 125 גרם,גרמים,125.00,100 גרם,false,1,10.00,8.00,true,1,
4014400925265,false,טבלת שוקולד תפוז ושקד מרסי 100 ג',,,טבלת מרסי תפוז שקד 1,גרמים,100.00,100 גרם,false,1,11.90,11.90,true,1,
4014400925319,false,סוכריות וורטר פופקורן קרמל 140 גר',וורטרס Werther's,DE,וורטר פופקורן קרמל 1,גרמים,140.00,100 גרם,false,1,16.70,11.93,true,1,
4014400925326,false,וורטרס אורגינל פופקורן קרמל ובייגלה 140,,,וורטרס אורגינל פופקו,גרמים,140.00,100 גרם,false,1,20.90,14.93,true,1,
4014400926545,false,ממבה מגיק סטיקס 290 גרם,,DE,ממבה מגיק סטיקס 290,גרמים,290.00,100 גרם,false,1,17.90,6.17,true,1,
4014400928532,false,ממבה פרוט סרפר 290 גרם,,DE,ממבה פרוט סרפר 290 ג,גרמים,290.00,100 גרם,false,1,17.90,6.17,true,1,
4014400929010,false,וופל מיני קנופרס 200 גר 10 גר*20 יחידות,אוגוסט שטורק,DE,וופל מיני קנופרס 200,גרמים,200.00,100 גרם,false,1,18.90,9.45,true,1,
4014400931327,false,ורטרס אורגינל פופקורן עם קרמל זרעי דלעת 1/12,וורטרס Werther's,DE,פופקורן קרמל גרעינים,גרמים,140.00,100 גרם,false,1,16.70,11.93,true,1,
4014400933062,false,מרסי מבחר פרלינים ש.לבן 185 גרם,,,מרסי מבחר פרלינים ש.,גרמים,185.00,100 גרם,false,1,23.90,12.92,true,1,
4014522120104,false,בודטה-סוכריות פירות מולטיויטמין לל.ס 100ג,,DE,בודטה-סוכריות פירות,גרמים,100.00,100 גרם,false,1,11.40,11.40,true,1,
4014522120203,false,בודטה-סוכריות בטעם דובדבן לל.ס 100ג,,DE,בודטה-סוכריות בטעם ד,גרמים,100.00,100 גרם,false,1,11.40,11.40,true,1,
4014522120302,false,בודטה סוכריות בטעם מנטה ללא סוכר 100 גרם,,DE,בודטה-סוכריות בטעם מ,גרמים,100.00,100 גרם,false,1,11.40,11.40,true,1,
4014522121903,false,בודטה-סוכריות ללא סוכר קפה 500 גר,,,בודטה-סוכריות ללא סו,גרמים,500.00,100 גרם,false,1,37.90,7.58,true,1,
4014600203705,false,סוכריות בפח בטעם קרמל 150 ג' רגולדס,,,רגולדס סוכריות בטעם,גרמים,150.00,100 גרם,false,1,9.90,6.60,true,1,
4014600204863,false,רגולדס מיקס סוכריות פירות בצנצנת 950 גרם,,,רגולדס מיקס סוכריות,גרמים,950.00,100 גרם,false,1,41.80,4.40,true,1,
4014964117663,false,בירה קוסטריצה מיני חבית 5 ליטר,,,בירה קוסטריצה מיני ח,ליטרים,0.01,ליטר,false,1,99.60,9960.00,true,1,
4015000615921,false,"פה - דאודורנט ספריי לגבר ספורט 200 מ""ל",שוורצקופף והנקל,DE,פה ספריי שחור לגבר,מיליליטרים,200.00,"100 מ""ל",false,1,15.30,7.65,true,1,
4015000995122,false,"דאודורנט פה ספריי כח המשיכה 200 מ""ל",שוורצקופף והנקל,DE,דאודורנט פה ספריי כח,מיליליטרים,200.00,"100 מ""ל",false,1,15.30,7.65,true,1,
4015400564454,false,מגני תחתון אולוויז לארג' עם ניחוח מגה פק,פרוקטר אנד גמבל,DE,אולדייז מגה פק לארג,Unknown,0.00,Unknown,false,1,19.90,19.90,true,1,
4015400598329,false,תחבושות היגייניות אולטרה - מארז רביעייה,פרוקטר אנד גמבל,HU,אולויז קוואטרו נורמל,Unknown,0.00,Unknown,false,1,36.90,36.90,true,1,
4015400731719,false,תחבושות היגייניות אולוויז יום ולילה Day & Night,פרוקטר אנד גמבל,UA,תחבושות אולוויז כפול,Unknown,0.00,Unknown,false,1,19.90,19.90,true,1,
4015400755241,false,תחבושות היגייניות אולוויז אולטרה נורמל - 28 יח',פרוקטר אנד גמבל,UA,תחבושות אולוויז וליו,Unknown,0.00,Unknown,false,1,19.90,19.90,true,1,
4015400824749,false,טמפקס פלאש סופר פלוס 30 יחידות,פרוקטר אנד גמבל,HU,טמפקס פלאש סופר פלוס,Unknown,0.00,Unknown,false,1,26.50,26.50,true,1,
4015400990482,false,אריאל אבקת כביסה קולור 3 קג,אריאל Ariel,,אריאל אבקת כביסה קול,קילוגרמים,0.00,"ק""ג",false,1,42.90,42.90,true,1,
4015400990543,false,"אבקת כביסה קולור 8 ק""ג אריאל",פרוקטר & גמבל,FR,אבקת כביסה קולור ארי,קילוגרמים,0.01,"ק""ג",false,1,73.50,7350.00,true,1,
4015576156835,false,"בירה בהירה לא מסוננת ברלינר 500 מ""ל",,DE,בירה בהירה לא מסוננת,מיליליטרים,500.00,"100 מ""ל",false,1,8.90,1.78,true,1,
4015576235493,false,"בירה בהירה ברלינר גשיחטה הל בפחית 500 מ""",,DE,בירה בהירה ברלינר גש,מיליליטרים,500.00,"100 מ""ל",false,1,8.90,1.78,true,1,
4015600762742,false,שמפו יומיומי למניעת קשקשים הנוסחה הקלאסית,פרוקטר אנד גמבל,RO,הד&שולדרס שמפו 500 מ,מיליליטרים,500.00,"100 מ""ל",false,1,20.90,4.18,true,1,
4015600762780,false,שמפו וקונדישינר יומיומי למניעת קשקשים הנוסחה הקלאסית 2in1,פרוקטר אנד גמבל,RO,הד&שולדרס 2 ב 1 500,מיליליטרים,500.00,"100 מ""ל",false,1,20.90,4.18,true,1,
4015600762902,false,"שמפו מנטול הד אנד שולדרס 500 מ""ל",פרוקטר אנד גמבל,RO,הד&שולדרס שמפו 500 מ,מיליליטרים,500.00,"100 מ""ל",false,1,20.90,4.18,true,1,
4015600762940,false,שמפו יומיומי למניעת קשקשים בניחוח תפוח,פרוקטר אנד גמבל,RO,הד&שולדרס שמפו 500 מ,מיליליטרים,500.00,"100 מ""ל",false,1,20.90,4.18,true,1,
4015600763022,false,שמפו יומיומי למניעת קשקשים לשיער יבש/פגום לשיער רך כמשי,פרוקטר אנד גמבל,RO,הד&שולדרס שמפו 500 מ,מיליליטרים,500.00,"100 מ""ל",false,1,20.90,4.18,true,1,
4017100290008,false,ביסקוויט בלזן ליבניץ שוקולד חלב 125 ג',הדקלאים אגודת שיתופי,DE,ביסקוויט ליבניץ שוקו,גרמים,125.00,100 גרם,false,1,15.60,12.48,true,1,
4017100364112,false,עוגיות היט Hit במילוי קרם בטעם שוקולד,הדקלאים אגודת שיתופי,PL,ביסקוויט ממולא קרם ש,גרמים,220.00,100 גרם,false,1,10.40,4.73,true,1,
4017100366239,false,עוגיות ביסקוויט סנדוויץ ממולא קרם בטעם שוקולד,ליבניץ Leibniz,,ביסקוויט בלזן לייבני,גרמים,190.00,100 גרם,false,1,15.60,8.21,true,1,
4018077822438,false,לורנץ-קראנצציפס שמנת ווסאבי 110 גרם,"""The Lorenz Bahlsen Snack-World GmbH",DE,לורנץ-קראנצציפס שמנ,גרמים,110.00,100 גרם,false,1,12.90,11.73,true,1,
4018344511188,false,סלמון פראי ברוטב שום לארסן 200 גרם,,,סלמון פראי ברוטב שום,גרמים,200.00,100 גרם,false,1,12.90,6.45,true,1,
4018344511195,false,סלמון פראי ברוטב צילי וליים לארסן 200 גר,,,סלמון פראי ברוטב ציל,גרמים,200.00,100 גרם,false,1,12.90,6.45,true,1,
4018344564610,false,פילה הרינג ברוטב עגבניות לארסן 200 גרם,,,פילה הרינג ברוטב עגב,גרמים,200.00,100 גרם,false,1,10.90,5.45,true,1,
4018344564641,false,פילה הרינג ברוטב חרדל ושמיר לארסן 200 גר,,,פילה הרינג ברוטב חרד,גרמים,200.00,100 גרם,false,1,10.90,5.45,true,1,
4018344564672,false,פילה הרינג ברוטב מקסיקני לארסן 200 גר,ס.י.א קרבלה,LV,פילה הרינג ברוטב מקס,גרמים,200.00,100 גרם,false,1,10.90,5.45,true,1,
4018344564689,false,פילה הרינג ברוטב איטלקי לארסן 200 גר,ס.י.א קרבלה,LV,פילה הרינג ברוטב איט,גרמים,200.00,100 גרם,false,1,10.90,5.45,true,1,
4018722100133,false,אטריות כוסמין וביצים אורגניות 250 גרם,אלב גולד,DE,אטריות כוסמין וביצים,גרמים,250.00,100 גרם,false,1,14.90,5.96,true,1,
4018722102632,false,ספגטי כוסמין מלא אורגני 500 גרם,,,ספגטי כוסמין מלא אור,גרמים,500.00,100 גרם,false,1,16.90,3.38,true,1,
4018722102656,false,ספגטי כוסמין אורגני 500 גרם,,,ספגטי כוסמין אורגני,גרמים,500.00,100 גרם,false,1,16.90,3.38,true,1,
4018722303459,false,מקרוני כוסמין אורגני 250 גרם,,,מקרוני כוסמין אורגני,גרמים,250.00,100 גרם,false,1,13.10,5.24,true,1,
4018722344308,false,פפרדלה כוסמין אורגני אלב גולד 500 גרם,אלב גולד,DE,פפרדלה כוסמין אורגני,גרמים,500.00,100 גרם,false,1,20.90,4.18,true,1,
4020400890038,false,סוכריות ללא סוכר בטעם מנטה עם תמציות צמחים,ויויל VIVIL,,ויויל-סוכריות ללא סו,Unknown,0.00,Unknown,false,1,15.90,15.90,true,1,
4022025000137,false,יין בלו נאן גוורצטרמינר 750 מל,,,יין בלו נאן גוורצטרמ,Unknown,0.00,Unknown,false,1,44.90,44.90,true,1,
4022025372036,false,"בלו נאן מבעבע יבש מהדורת הזהב 750 מ""ל",,,בלו נאן זהב מבעבע 75,Unknown,0.00,Unknown,false,1,51.90,51.90,true,1,
4022025379035,false,"בלו נאן רוזה מבעבע 750 מ""ל",,,בלו נאן רוזה מבעבע 7,Unknown,0.00,Unknown,false,1,51.90,51.90,true,1,
4022025397404,false,"יין בלו נאן ריזלינג אייסווין 750 מ""ל",,,יין בלו נאן ריזלינג,Unknown,0.00,Unknown,false,1,199.90,199.90,true,1,
4023800122105,false,מרציפן לא מצופה 82 גרם,,DE,מרציפן לא מצופה 82 ג,גרמים,82.00,100 גרם,false,1,7.90,9.63,true,1,
4023800231647,false,בונבוניירה מוצארט 200 גרם Mozartkugeln,,DE,בונבוניירה מוצארט 20,גרמים,200.00,100 גרם,false,1,19.90,9.95,true,1,
4023800531648,false,בונבוניירה מוצרט 200 גר CARSTENS,Erasmi & Carstens Gm,DE,בונבוניירה מוצרט 200,גרמים,200.00,100 גרם,false,1,18.90,9.45,true,1,
4025700001450,false,שוקולד יוגורט מילקה 100 ג,,DE,מילקה שוקולד חלב עם,גרמים,100.00,100 גרם,false,1,6.90,6.90,true,1,
4025700001962,false,שוקולד מילקה לבן 100 גרם,פי אר ג'יי אס סי מונ,DE,שוקולד לבן מילקה 100,גרמים,100.00,100 גרם,false,1,6.50,6.50,true,1,
4030300022088,false,וויקס סוכריות לימון ומנטה ללא סוכר,,,וויקס סוכריות לימון,גרמים,72.00,100 גרם,false,1,12.90,17.92,true,1,
4032900124254,false,ווינסטון קומפלקט ברי PP חפיסה,,,ווינסטון קומפלקט ברי,Unknown,0.00,Unknown,false,1,28.50,28.50,true,1,
4032900124261,false,ווינסטון קומפלקט ברי PP עשירייה,,,ווינסטון קומפלקט ברי,Unknown,0.00,Unknown,false,1,280.00,280.00,true,1,
4033100013348,false,סיגריות אל די כחול א,JTI,,LD 100,Unknown,0.00,Unknown,false,1,27.50,27.50,true,1,
4033100014468,false,סיגריות אל די אדום ח,JTI,,LD אדום,Unknown,0.00,Unknown,false,1,27.50,27.50,true,1,
4033100014475,false,סיגריות אל די אדום פ,,,LD אדום עשירייה,Unknown,0.00,Unknown,false,1,270.00,270.00,true,1,
4033100014499,false,סיגריות אל די כחול ח,JTI,,LD כחול,Unknown,0.00,Unknown,false,1,27.50,27.50,true,1,
4033100014529,false,סיגריות אל די סלים ח,JTI,,LD סלימס בודד,Unknown,0.00,Unknown,false,1,25.90,25.90,true,1,
4033100024146,false,סיגריות וינסטון קוד,JTI,,ווינסטון CODE חפיסה,יחידה,1.00,יחידה,false,1,30.90,30.90,true,1,
4033100024252,false,וינסטון אקווה לייט קופסה,JTI,,ווינסטון AQUA חפיסה,יחידה,1.00,יחידה,false,1,30.90,30.90,true,1,
4037400125039,false,קטיאס יוגורט גאמס 200 גרם,,,קטיאס יוגורט גאמס 20,גרמים,200.00,100 גרם,false,1,9.90,4.95,true,1,
4037400344164,false,קטיאס פארטי פרד 175 גרם,,DE,קטיאס פארטי פרד 175,גרמים,175.00,100 גרם,false,1,9.90,5.66,true,1,
4037400344331,false,קטיאס פיס אנד לאב 200 גרם,,DE,קטיאס פיס אנד לאב 20,גרמים,200.00,100 גרם,false,1,9.90,4.95,true,1,
4037400431512,false,קטיאס גומי ארנבים 200 גרם,,,קטיאס וונדרלנד שחור,גרמים,200.00,100 גרם,false,1,9.90,4.95,true,1,
4037400431598,false,קטיאס גומי דובים 200 גרם,,DE,קטיאס דובים 200 גרם,גרמים,200.00,100 גרם,false,1,9.90,4.95,true,1,
4037400431680,false,קטיאס גומי מיקס יער 200 גרם,,DE,קטיאס מיקס יער 200 ג,גרמים,200.00,100 גרם,false,1,9.90,4.95,true,1,
4037400431703,false,קטיאס וונדרלנד ריינבואו 200 גרם,,DE,קטיאס וונדרלנד ריינב,גרמים,200.00,100 גרם,false,1,9.90,4.95,true,1,
4037400433127,false,קטיאס וונדרלנד אקסטרה 175 גרם,,DE,קטיאס וונדרלנד אקסטר,גרמים,175.00,100 גרם,false,1,9.90,5.66,true,1,
4037400433172,false,קטיאס וונדרלנד חמוץ אקסטרה 175 גרם,,DE,קטיאס וונדרלנד חמוץ,גרמים,175.00,100 גרם,false,1,9.90,5.66,true,1,
4037719657290,false,סוכריות בצנצנת פירות 300ג',קוונדיש,DE,סוכריות בצנצנת שי 30,גרמים,300.00,100 גרם,false,1,17.90,5.97,true,1,
4044889000733,false,ויואני שוקולד אורגני מריר עם צילי 100 גר,,,ויואני שוקולד אורגני,גרמים,100.00,100 גרם,false,1,21.90,21.90,true,1,
4044889002713,false,ויואני שוקולד אורגני מריר 75% קוקוס 80 ג,,,ויואני שוקולד אורגני,גרמים,80.00,100 גרם,false,1,19.90,24.88,true,1,
4044889002904,false,ויואני-שוקולד מריר אורגני 99% 80 גרם,,,ויואני-שוקולד מריר א,גרמים,80.00,100 גרם,false,1,21.90,27.38,true,1,
4044889004106,false,ויואני-שוקולד אורגני מריר 100% 100 גר,,,ויואני-שוקולד אורגני,גרמים,80.00,100 גרם,false,1,21.90,27.38,true,1,
4044889004342,false,ויואני-שוקולד אורגני מריר 75% 80 גר,,,ויואני-שוקולד אורגני,גרמים,80.00,100 גרם,false,1,21.90,27.38,true,1,
4045554112188,false,אבקת תה ירוק מאצה אורגני 50 גר,AIYA,JP,אבקת תה ירוק מאצה או,גרמים,50.00,100 גרם,false,1,49.90,99.80,true,1,
4049366002613,false,"ארנסט לודוויג ריזלינג מתוק 750 מ""ל",,,ארנסט לודוויג ריזלינ,Unknown,0.00,Unknown,false,1,46.90,46.90,true,1,
4049366002620,false,"ארנסט לודוויג ריזלינג מתוק 750 מ""ל",,,ארנסט לודוויג ריזלינ,Unknown,0.00,Unknown,false,1,44.90,44.90,true,1,
4049366003429,false,ארנסט לודוויג גוורצטרמינר 750 מל,,,ארנסט לודוויג גוורצט,Unknown,0.00,Unknown,false,1,46.90,46.90,true,1,
4052197000017,false,"בירה בנדיקטינר חיטה לא מסוננת 500 מ""ל",בנדיקטינר וויצבראו,DE,בירה בנדיקטינר חיטה,מיליליטרים,500.00,"100 מ""ל",false,1,10.90,2.18,true,1,
4052197000369,false,שישיית בירה בנדיקטינר חיטה 330 מל*6,בנדיקטינר,DE,שישיית בירה בנדיקטינ,מיליליטרים,1980.00,"100 מ""ל",false,1,39.90,2.02,true,1,
4052197000925,false,בירה בנדקטינר דונקל כהה 500 מל,בנדיקטינר וויצבראו,DE,בירה בנדקטינר דונקל,מיליליטרים,500.00,"100 מ""ל",false,1,11.90,2.38,true,1,
4052197002806,false,"מארז בירה בנדיקטינר 4*500 מ""ל פחית",בנדקטינר,DE,מארז בירה בנדיקטינר,מיליליטרים,2000.00,"100 מ""ל",false,1,29.90,1.50,true,1,
4052197003254,false,"בירה בנדיקטינר לאגר אורגינל 500 מ""ל",בנדיקטינר וויצבראו,DE,בירה בנדיקטינר לאגר,מיליליטרים,500.00,"100 מ""ל",false,1,10.90,2.18,true,1,
4054500114015,false,"בירה 500 מ""ל APOSTEL BRAU",,,"בירה 500 מ""ל APOSTEL",מיליליטרים,500.00,"100 מ""ל",false,1,7.90,1.58,true,1,
4056489379508,false,קונטיננטל-ביסקויט סנדוויץ עם קרם חלב 250,,,קונטיננטל-ביסקויט סנ,גרמים,250.00,100 גרם,false,1,5.90,2.36,true,1,
4056489379515,false,קונטיננטל-ביסקויט סנדוויץ עם קרם שוק 250,,,קונטיננטל-ביסקויט סנ,גרמים,250.00,100 גרם,false,1,5.90,2.36,true,1,
4061445096689,false,קפה דוידוף מגורען 100 גר ESPRESSO 57,,,קפה דווידוף אספרסו 5,גרמים,100.00,100 גרם,false,1,22.90,22.90,true,1,
4061445096702,false,קפה דוידוף מגורען 100 גר FINE AROMA,TCHIBO,CO,קפה דווידוף פיין ארו,גרמים,100.00,100 גרם,false,1,22.90,22.90,true,1,
4061445096726,false,קפה דוידוף מגורען 100 גר RICH AROMA,TCHIBO,CO,קפה דווידוף ריץ ארומ,גרמים,100.00,100 גרם,false,1,22.90,22.90,true,1,
4062400543125,false,"טקילה סיירה רפוסאדו 700 מ""ל",סיארה Sierra,MX,טקילה סיירה רפוסאדו,מיליליטרים,700.00,"100 מ""ל",false,1,89.90,12.84,true,1,
4062432001709,false,זנטיס מרציפן במילוי קרם שקדים 40 גרם,,DE,זנטיס מרציפן במילוי,Unknown,40.00,Unknown,false,1,6.90,0.17,true,1,
4062432001907,false,זנטיס מרציפן במילוי קרם קוקוס 40 גרם,,DE,זנטיס מרציפן במילוי,Unknown,40.00,Unknown,false,1,6.90,0.17,true,1,
4066600601920,false,"בירה פאולנר פחית 500 מ""ל",פאולנר Paulaner,DE,"בירה פאולנר 500 מ""ל",מיליליטרים,500.00,"100 מ""ל",false,1,11.90,2.38,true,1,
4066600999614,false,"בירה פאולנר חיטה 500 מ""ל בקובק",מבשלת פאולנר,DE,בירה פאולנר חיטה 500,מיליליטרים,500.00,"100 מ""ל",false,1,10.90,2.18,true,1,
4067600001123,false,פילה הרינג מעושן בשמן לארסן 190 גר,,,פילה הרינג מעושן בשמ,גרמים,190.00,100 גרם,false,1,12.90,6.79,true,1,
4067700014849,false,יגרמייסטר בקבוק חדש,מסט-יגרמייסטר,DE,"ייגרמייסטר 700 מ""ל",מיליליטרים,700.00,"100 מ""ל",false,1,82.90,11.84,true,1,
4072700001188,false,"בירה פרנסיסקאנר כהה בקבוק 500 מ""ל",פרנסיסקאנר Franziskaner,DE,בירה פרנסיסקאנר כהה,מיליליטרים,500.00,"100 מ""ל",false,1,12.90,2.58,true,1,
4072700001775,false,בירה פרנסיסקאנר בהירה מעוננת בפחית,פרנסיסקאנר Franziskaner,DE,בירה פרנסיסקאנר בהיר,מיליליטרים,500.00,"100 מ""ל",false,1,11.90,2.38,true,1,
4072700003649,false,"בירה פרנסיסקאנר בהירה 500 מ""ל","איי, בי, אינבוו",DE,בירה פרנסיסקאנר בהיר,מיליליטרים,500.00,"100 מ""ל",false,1,12.90,2.58,true,1,
4076300015804,false,"בירה קלר ביר 500 מ""ל",,,"בירה קלר ביר 500 מ""ל",מיליליטרים,500.00,"100 מ""ל",false,1,13.90,2.78,true,1,
4079400182742,false,"שישיית פילסנר וולטרס 4.9% 330 מ""ל בקבוק",,,שישיית פילסנר וולטרס,מיליליטרים,1980.00,"100 מ""ל",false,1,30.90,1.56,true,1,
4079400330129,false,"בירה פילסנר וולטרס 4.9% 500 מ""ל בפחית",,,בירה פילסנר וולטרס 4,מיליליטרים,500.00,"100 מ""ל",false,1,6.90,1.38,true,1,
4084500149526,false,טייד נוזל כביסה 2.48 ליטר,פרוקטר אנד גמבל,DE,גל כביסה טייד 2.48 ל,ליטרים,0.00,ליטר,false,1,24.90,24.90,true,1,
4084500853836,false,"נוזל כלים פיירי ורדים ומשי 515 מ""ל",פרוקטר אנד גמבל,GB,נוזל כלים פיירי ורדי,מיליליטרים,515.00,"100 מ""ל",false,1,9.90,1.92,true,1,
4086900100084,false,שמן סיטרונלה 10 מל,,,שמן סיטרונלה 10 מל,Unknown,0.00,Unknown,false,1,28.90,28.90,true,1,
4086900100428,false,שמן לוונדר פיין 10 מל,,,שמן לוונדר פיין 10 מ,Unknown,0.00,Unknown,false,1,37.90,37.90,true,1,
4086900100534,false,שמן מנטה 10 מל,,,שמן מנטה 10 מל,Unknown,0.00,Unknown,false,1,49.90,49.90,true,1,
4086900100756,false,שמן רוזמרין 10 מל,,,שמן רוזמרין 10 מל,Unknown,0.00,Unknown,false,1,37.90,37.90,true,1,
4086900100992,false,שמן לימון 10 מל,,,שמן לימון 10 מל,Unknown,0.00,Unknown,false,1,38.90,38.90,true,1,
4086900102026,false,שמן עץ התה 10 מל,,,שמן עץ התה 10 מל,Unknown,0.00,Unknown,false,1,22.90,22.90,true,1,
4086900200074,false,שמן חוחובה 100 מל,,,שמן חוחובה 100 מל,Unknown,0.00,Unknown,false,1,59.90,59.90,true,1,
4086900200098,false,שמן שקדים 100 מל,,,שמן שקדים 100 מל,Unknown,0.00,Unknown,false,1,25.90,25.90,true,1,
4086900200111,false,"שמן נבט חיטה 100 מ""ל",,,"שמן נבט חיטה 100 מ""ל",מיליליטרים,100.00,"100 מ""ל",false,1,39.90,39.90,true,1,
4086900990333,false,AromaSense - שמן שקדים,PRIMAVERA LIFE,,שמן שקדים 500 מל,Unknown,0.00,Unknown,false,1,49.90,49.90,true,1,
4100130937163,false,בירה בקס שישייה 6*275 מל,"איי, בי, אינבוו",DE,בירה בקס שישייה 6*27,ליטרים,0.00,ליטר,false,1,25.90,25.90,true,1,
4100470106700,false,חומץ תפוחים אורגני 750 מל,,,חומץ תפוחים אורגני 7,מיליליטרים,750.00,"100 מ""ל",false,1,18.90,2.52,true,1,
4101540707353,false,שטולן לחם צימוקים וקליפות הדרים מסוכ 500,,,שטולן לחם צימוקים וק,גרמים,500.00,100 גרם,false,1,27.90,5.58,true,1,
4101540710919,false,שטולן לחם בטעם מרציפן וצימוקים 500 גרם,,,שטולן לחם בטעם מרציפ,גרמים,500.00,100 גרם,false,1,27.90,5.58,true,1,
4101540718854,false,עוגת שטולן 700 גר,,,עוגת שטולן 700 גר,גרמים,750.00,100 גרם,false,1,39.90,5.32,true,1,
4101540773723,false,עוגת שטולן 450 גר,,DE,עוגת שטולן 450 גר,גרמים,450.00,100 גרם,false,1,29.90,6.64,true,1,
4101540775413,false,עוגת שטולן עשירה עם מרצפן 950 גר,,DE,עוגת שטולן עשירה עם,גרמים,950.00,100 גרם,false,1,52.90,5.57,true,1,
4101940131611,false,"בירה 500 מ""ל STEPHANS BRAU LAGER",,,"בירה 500 מ""ל STEPHAN",מיליליטרים,500.00,"100 מ""ל",false,1,7.90,1.58,true,1,
4101940131628,false,"בירה 500 מ""ל STEPHANS BRAU WEISBER",,,"בירה 500 מ""ל STEPHAN",מיליליטרים,500.00,"100 מ""ל",false,1,7.90,1.58,true,1,
4101940426823,false,"בירה 500 מ""ל 7.9% APOSTEL BRAU",,,"בירה 500 מ""ל 7.9% AP",מיליליטרים,500.00,"100 מ""ל",false,1,7.90,1.58,true,1,
4102430003418,false,בירה ביטבורגר פחית מארז רביעיה 4*500 מ,,DE,בירה ביטבורגר פחית,מיליליטרים,2000.00,"100 מ""ל",false,1,30.90,1.55,true,1,
4105120623941,false,"בירה ויינשטפן בק' ח""פ 500 מ""ל",ווינשטפן Weihenstephaner,DE,בירה ויינשטפן 500 מ,מיליליטרים,330.00,"100 מ""ל",false,1,10.90,3.30,true,1,
4105120624412,false,"בירה ויינשטפן ויטוס 500 מ""ל",קרלסברג ישראל,IL,בירה ויינשטפן ויטוס,מיליליטרים,500.00,"100 מ""ל",false,1,11.50,2.30,true,1,
4250231139970,false,הלורן-רויאל טינס דפדפי מנגו 200 גרם,,,הלורן-רויאל טינס דפד,גרמים,200.00,100 גרם,false,1,15.90,7.95,true,1,
4250231139994,false,הלורן-רויאל טינס דפדפי דומדמניות 200 גרם,,,הלורן-רויאל טינס דפד,גרמים,200.00,100 גרם,false,1,15.90,7.95,true,1,
4260007240144,false,ממרח קישואים אולן 360 גר,קונקנס טיבה,BG,ממרח קישואים 360 גר,גרמים,360.00,100 גרם,false,1,13.90,3.86,true,1,
4260007240151,false,ממרח חצילים אולן 360 גר,,,ממרח חצילים אולן 360,גרמים,350.00,100 גרם,false,1,13.90,3.97,true,1,
4260007240502,false,ממרח חצילים זמורסקיה אולן 680 גר,קונקנס טיבה,BG,ממרח חצילים 680 גר U,גרמים,680.00,100 גרם,false,1,19.90,2.93,true,1,
4260007240519,false,איקרה קישואים אולן 680 גר,,,ממרח קישואים 680 גר,גרמים,680.00,100 גרם,false,1,19.90,2.93,true,1,
4260007247907,false,"עגבניות מוחמצות גולד כבושות אולן 1.6 ק""ג",,,עגבניות אולן גולד כב,קילוגרמים,0.00,"ק""ג",false,1,31.90,31.90,true,1,
4260134390194,false,"בירה קירין איציבאן 330 מ""ל",,,בירה קירין איציבאן 3,מיליליטרים,330.00,"100 מ""ל",false,1,9.50,2.88,true,1,
4333465053769,false,יין פרנאווי-סוביניון בלאן ניו זילנד 750,,,יין פרנאווי-סוביניון,Unknown,0.00,Unknown,false,1,79.90,79.90,true,1,
4388441344614,false,צוקולה פרלינים ש.מריר במילוי ליקר 160 גר,,DE,צוקולה פרלינים ש.מרי,גרמים,160.00,100 גרם,false,1,10.90,6.81,true,1,
4600068009043,false,קוואס אוצקובסקי 2 ליטר,,,קוואס אוצקובסקי 2 לי,ליטרים,0.00,ליטר,false,1,25.90,25.90,true,1,
4600068009883,false,"קוואס אוצקובסקי 500 מ""ל פחית",,,קוואס אוצקובסקי 500,מיליליטרים,500.00,"100 מ""ל",false,1,8.90,1.78,true,1,
4600080279691,false,סט ממתקי שוקולד וקרמלים 350 גר KONFETA,,RU,סט ממתקי שוקולד וקרמ,גרמים,350.00,100 גרם,false,1,34.90,9.97,true,1,
4600080310400,false,סוכריות גריליאז 200 גרם,,,סוכריות גריליאז,גרמים,200.00,100 גרם,false,1,22.90,11.45,true,1,
4600080463175,false,"סוכריות כרמל קיזיל 1 ק""ג",,,סוכריות כרמל קיזיל 1,גרמים,1000.00,100 גרם,false,1,34.90,3.49,true,1,
4600080463285,false,סוכריות קרמל בטעמים שונים במשקל,,,סוכריות קרמל 1 בטעמי,Unknown,0.00,"ק""ג",true,0,50.00,50.00,true,1,
4600080463366,false,"ממתק שוקולד באטונציק 1 ק""ג",,,ממתק שוקולד באטונציק,גרמים,1000.00,100 גרם,false,1,54.90,5.49,true,1,
4600080463557,false,"ממתק מצופה שוקולד לסטוציקי 1 ק""ג",,,ממתק מצופה שוקולד לס,גרמים,1000.00,100 גרם,false,1,54.90,5.49,true,1,
4600080463670,false,"ממתק מצופה שוקולד רומשקי 1 ק""ג",,,ממתק מצופה שוקולד רו,גרמים,1000.00,100 גרם,false,1,54.90,5.49,true,1,
4600080463717,false,"ממתק מצופה שוקולד לימון ציטרון 1 ק""ג",,,ממתק מצופה שוקולד לי,גרמים,1000.00,100 גרם,false,1,54.90,5.49,true,1,
4600080469171,false,סוכריות כיפה אדומה /בלוצקה במשקל,,,סוכריות כיפה אדומה /,Unknown,0.00,"ק""ג",true,0,130.00,130.00,true,1,
4600080501013,false,וופל מצופה שוקולד טעם חלב 250 גר KOROVKA,,,וופל מצופה שוקולד טע,גרמים,250.00,100 גרם,false,1,15.90,6.36,true,1,
4600080501037,false,וופל מצופה שוקולד 250 גר KOROVKA,,,וופל מצופה שוקולד 25,גרמים,250.00,100 גרם,false,1,15.90,6.36,true,1,
4600300000739,false,קקאו זולוטוי ירליק 100 גרם,,,קקאו זולוטוי ירליק,גרמים,100.00,100 גרם,false,1,11.90,11.90,true,1,
4600300079865,false,בונבוניירה חלב ציפורים 200 גר,,,בונבוניירה חלב ציפור,גרמים,200.00,100 גרם,false,1,16.90,8.45,true,1,
4600300080014,false,חטיף שוקולד אליונקה עם ריבת חלב 48 גר,,,חטיף שוקולד אליונקה,גרמים,48.00,100 גרם,false,1,3.30,6.88,true,1,
4600300080335,false,סוכריות חלב ציפור 225 גרם,,,סוכריות חלב ציפור 22,גרמים,225.00,100 גרם,false,1,17.50,7.78,true,1,
4600300081691,false,חטיף שוקולד אליונקה עם קרם ברולה 42 גר,,,חטיף שוקולד אליונקה,גרמים,42.00,100 גרם,false,1,3.30,7.86,true,1,
4600300082599,false,בונ. ARTPASSION עם אגוזי לוז 240 גר,,,בונ. ARTPASSION עם א,גרמים,240.00,100 גרם,false,1,29.90,12.46,true,1,
4600300086665,false,בונבוניירה טרופלי 250 גרם,,,בונבוניירה טרופלי,גרמים,250.00,100 גרם,false,1,22.90,9.16,true,1,
4600300086863,false,ממתק וופל מצופה מישקה קוס 200 גרם,,,ממתק וופל מצופה,גרמים,200.00,100 גרם,false,1,22.90,11.45,true,1,
4600300093359,false,ממתק בטעם אוכמניות וכוסמת מצופה 200 גר,,,ממתק בטעם אוכמניות ו,גרמים,250.00,100 גרם,false,1,12.90,5.16,true,1,
4600495544803,false,קינוח סופלה בטעם פטל 232 גר BONJOUR,,RU,קינוח סופלה בטעם פטל,גרמים,232.00,100 גרם,false,1,16.90,7.28,true,1,
4600508712762,false,ממתק שוקולד נסלזידניי ממולא קרמל 250 גר,,,ממתק שוקולד נסלזידני,גרמים,250.00,100 גרם,false,1,15.90,6.36,true,1,
4600521002604,false,"ברנדי קווינט 3 500 מ""ל",,,ברנדי קווינט 3 500 מ,מיליליטרים,500.00,"100 מ""ל",false,1,62.90,12.58,true,1,
4600521002611,false,"ברנדי קווינט 5 שנים 500 מ""ל",,,ברנדי קווינט 5 שנים,מיליליטרים,500.00,"100 מ""ל",false,1,72.90,14.58,true,1,
4600528345636,false,מיונז אוליבקובי בדלי 800 גר RYABA,,RU,מיונז אוליבקובי בדלי,גרמים,800.00,100 גרם,false,1,23.90,2.99,true,1,
4600528347289,false,מיונז ריאבה פרוואנסל 200 גרם,,,מיונז ריאבה פרוואנסל,גרמים,200.00,100 גרם,false,1,6.90,3.45,true,1,
4600528347296,false,מיונז ריאבה אוליבקווי 200 גרם,,,מיונז ריאבה אוליבקו,גרמים,200.00,100 גרם,false,1,6.90,3.45,true,1,
4600528359077,false,רוטב מיונז שום שמנת 233 גר ASTORIA,,RU,רוטב מיונז שום שמנת,גרמים,233.00,100 גרם,false,1,10.50,4.51,true,1,
4600528359091,false,רוטב מיונז סנדוויץ 233 גר ASTORIA,,RU,רוטב מיונז סנדוויץ 2,גרמים,233.00,100 גרם,false,1,10.50,4.51,true,1,
4600528359107,false,רוטב מיונז בטעם גבינה 233 גר ASTORIA,,RU,רוטב מיונז בטעם גבינ,גרמים,233.00,100 גרם,false,1,10.50,4.51,true,1,
4600528359114,false,רוטב מיונז צסר גבינה 233 גר ASTORIA,,RU,רוטב מיונז צסר גבינה,גרמים,233.00,100 גרם,false,1,10.50,4.51,true,1,
4600545031031,false,איטריות להכנה מהירה עוף אנקום 75 גר,,RU,איטריות להכנה מהירה,גרמים,75.00,100 גרם,false,1,6.50,8.67,true,1,
4600545033035,false,איטריות להכנה מהירה בקר אנקום 75 גר,,RU,איטריות להכנה מהירה,גרמים,75.00,100 גרם,false,1,6.50,8.67,true,1,
4600545833239,false,מרק איטריות בכוס עוף אנקום 50 גר,,RU,מרק איטריות בכוס עוף,גרמים,50.00,100 גרם,false,1,5.70,11.40,true,1,
4600625307407,false,גלידה אסקינו לנינגרדסקי 80 גר,,,גלידה אסקינו לנינגרד,גרמים,80.00,100 גרם,false,1,6.90,8.63,true,1,
4600625314498,false,גלידה פלומביר אסקימו 80 גר,,,גלידה פלומביר אסקימו,גרמים,80.00,100 גרם,false,1,6.90,8.63,true,1,
4600659010854,false,וודקה סטולי בקבוק 70,איי. אס. לטבייאס בלז,LV,וודקה 40% סטולי 700,מיליליטרים,700.00,"100 מ""ל",false,1,57.90,8.27,true,1,
4600682023128,false,"בירה גורקובסקאיה חזקה לא מסוננת 440 מ""ל",,,בירה גורקובסקאיה חזק,מיליליטרים,440.00,"100 מ""ל",false,1,8.90,2.02,true,1,
4600682023524,false,בירה גורקובסקאיה בוהמיין פילס 440 מ,,,בירה גורקובסקאיה בוה,מיליליטרים,440.00,"100 מ""ל",false,1,8.90,2.02,true,1,
4600682200093,false,"בירה בלטיקה מס 3 900 מ""ל פחית",,,בירה בלטיקה מס 3 900,מיליליטרים,900.00,"100 מ""ל",false,1,16.90,1.88,true,1,
4600682401476,false,בירה בלטיקה מספר 0 ללא אלכוהול 0.47 ליטר,,,בירה בלטיקה 0% אלכוה,מיליליטרים,470.00,"100 מ""ל",false,1,9.20,1.96,true,1,
4600682483472,false,"בירה זיטאסקי גוס 480 מ""ל",,,בירה זיטאסקי גוס 480,מיליליטרים,480.00,"100 מ""ל",false,1,8.90,1.85,true,1,
4600699501121,false,שמן חמניות מזוכך 1ליטר SLOBODA,,,שמן חמניות מזוכך 1לי,מיליליטרים,1000.00,"100 מ""ל",false,1,18.90,1.89,true,1,
4600699502494,false,שמן חמניות מזוכך 1.8 ליטר SLOBODA,,,שמן חמניות מזוכך 1.,ליטרים,0.00,ליטר,false,1,33.90,33.90,true,1,
4600699505433,false,שמן חמניות לא מזוכך 1ליטר SLOBODA,,,שמן חמניות לא מזוכך,מיליליטרים,1000.00,"100 מ""ל",false,1,18.90,1.89,true,1,
4600699505525,false,מיונז סלובדה דוי פק 67% 800 גר PROVENSAL,,,מיונז סלובדה דוי פק,גרמים,800.00,100 גרם,false,1,19.90,2.49,true,1,
4600699505532,false,מיונז 67% 800 גרם PROVENSAL SLOBODA,,,מיונז 67% 800 גרם PR,גרמים,800.00,100 גרם,false,1,19.90,2.49,true,1,
4600699505570,false,מיונז סלובדה דוי פק 67% זיתים 800 גרם,,,מיונז סלובדה דוי פק,גרמים,800.00,100 גרם,false,1,19.90,2.49,true,1,
4600699505587,false,מיונז 67% זיתים 800 ג PROVENSAL SLOBODA,,,מיונז 67% זיתים 800,גרמים,800.00,100 גרם,false,1,19.90,2.49,true,1,
4600823009059,false,שוקולד ודוחנובניה 100 גרם,,,שוקולד ודוחנובניה 10,גרמים,100.00,100 גרם,false,1,10.90,10.90,true,1,
4600823030091,false,שוקולד בטונציק 50 גרם ממולה קרם,,,שוקולד בטונציק 50 גר,גרמים,50.00,100 גרם,false,1,3.90,7.80,true,1,
4600823031098,false,שוקולד בטונציק 50 גרם,,,שוקולד בטונציק 50 גר,גרמים,50.00,100 גרם,false,1,3.90,7.80,true,1,
4600823093010,false,שוקולד בבאיבסקי עם מנדל 100 גר,,,שוקולד בביבסקי,גרמים,100.00,100 גרם,false,1,8.90,8.90,true,1,
4600823094017,false,שוקולד בבאיבסקי מריר פונדוק 100 גר,,,שוקולד בבייבסקי מריר,גרמים,100.00,100 גרם,false,1,8.90,8.90,true,1,
4600823122017,false,שוקולד בביבסקי עלית 100 גר,,,שוקולד בביבסקי עלית,גרמים,100.00,100 גרם,false,1,8.90,8.90,true,1,
4600823173019,false,שוקולד אליונקה עם חלב 100 גר,,,שוקולד אליונקה,גרמים,100.00,100 גרם,false,1,7.90,7.90,true,1,
4600823193109,false,שוקולד בבייבסקי שזיפים מיובשים 100 גר,,,שוקולד בבייבסקי שזיפ,גרמים,100.00,100 גרם,false,1,8.90,8.90,true,1,
4600823201033,false,בונבוניירה וודוחנובניה 400 גר,,RU,בונבוניירה וודוחנובנ,גרמים,400.00,100 גרם,false,1,47.90,11.98,true,1,
4600823235199,false,בונבוניירה מסקה 300 גרם,,,בונבוניירה מסקה 300,גרמים,300.00,100 גרם,false,1,32.90,10.97,true,1,
4600823320062,false,קרמל בטעם תות שמנת 250 גרם,,,קרמל בטעם תות שמנת 2,גרמים,250.00,100 גרם,false,1,8.90,3.56,true,1,
4600823525047,false,סוכריות בלוצקה 200 גרם,,,סוכריות בלוצקה,גרמים,200.00,100 גרם,false,1,22.90,11.45,true,1,
4600851010669,false,מיונז פרובונסל 450 גרם,,FI,מיונז פרובונסל 450 ג,גרמים,450.00,100 גרם,false,1,14.90,3.31,true,1,
4600851010676,false,מיונז פרובנסל מוסקובסקיי 850 גרם,,,מיונז פרובנסל מוסקוב,גרמים,850.00,100 גרם,false,1,26.90,3.16,true,1,
4600851011567,false,"מיונז מוסקובסקיי פרובנסל קלאסיק 700 מ""ל",,,מיונז מוסקובסקיי פרו,מיליליטרים,700.00,"100 מ""ל",false,1,17.90,2.56,true,1,
4600851011604,false,מיונז פרובנסל זיתים 390 גרם,,,מיונז פרובנסל זיתים,גרמים,390.00,100 גרם,false,1,10.90,2.79,true,1,
4600851013288,false,"מיונז פרובנסל קלסאסי 800 מ""ל",,,מיונז פרובנסל קלסאסי,גרמים,800.00,100 גרם,false,1,21.90,2.74,true,1,
4600851014537,false,"מיונז פרובנסל קלאסיק 67% דויפק 400 מ""ל",,RU,מיונז פרובנסל קלאסיק,מיליליטרים,400.00,"100 מ""ל",false,1,9.90,2.48,true,1,
4600851014544,false,"מיונז מוסקובסקי פרובנסל דל פק 200 מ""ל",,RU,מיונז מוסקובסקי פרוב,מיליליטרים,200.00,"100 מ""ל",false,1,5.90,2.95,true,1,
4600874000654,false,ציקורי נמס עם גנשן 100 גרם,,,ציקורי נמס עם גנשן 1,גרמים,100.00,100 גרם,false,1,21.90,21.90,true,1,
4600874000661,false,ציקורי נמס שיפובניק 100 גרם,,,ציקורי נמס שיפובניק,גרמים,100.00,100 גרם,false,1,21.90,21.90,true,1,
4600893900843,false,"וודקה מרקה ירוקה 700 מ""ל רזאניאה",,,וודקה מרקה ירוקה 700,מיליליטרים,700.00,"100 מ""ל",false,1,62.90,8.99,true,1,
4600893900997,false,וודקה מרקה ירוקה 0.7 ליטר קדרובה,,,וודקה מרקה ירוקה 0.7,מיליליטרים,700.00,"100 מ""ל",false,1,62.90,8.99,true,1,
4601021049342,false,וופלים ארטק 200 גר,,,וופלים ארטק 200 גר,גרמים,200.00,100 גרם,false,1,7.90,3.95,true,1,
4601021050225,false,דובשנית קורובקה עם חלב מרוכז מבושל 300 ג,,,דובשנית קורובקה עם ח,גרמים,300.00,100 גרם,false,1,9.90,3.30,true,1,
4601021053387,false,דובשניות ממולאות בטעם דומדמניות 300 גר,,,דובשניות ממולאות בטע,גרמים,140.00,100 גרם,false,1,9.90,7.07,true,1,
4601021054865,false,ממתק סופלה לימון עם ציפוי שוקולד 200 גר,,,ממתק סופלה לימון עם,גרמים,200.00,100 גרם,false,1,19.90,9.95,true,1,
4601021054872,false,ממתק סופלה טעם שוקול ציפוי שוקולד 200 גר,,,ממתק סופלה טעם שוקול,גרמים,200.00,100 גרם,false,1,19.90,9.95,true,1,
4601159072946,false,דייסת שיבולת שועל מינוטקה בטעם משמש 180,,,דייסת שיבולת שועל מי,גרמים,185.00,100 גרם,false,1,16.90,9.14,true,1,
4601159075244,false,פירה תפוח אדמה עם צנימים ובצל 40 גר,,,פירה תפוח אדמה עם צנ,גרמים,40.00,100 גרם,false,1,5.90,14.75,true,1,
4601159075251,false,פירה תפוח אדמה בטעם פיטריות 40 גר,,,פירה תפוח אדמה,גרמים,40.00,100 גרם,false,1,5.90,14.75,true,1,
4601513006662,false,ביסקוויט אליונקה בטעם קרם שמנת 240 גר,,,ביסקוויט אליונקה בטע,גרמים,240.00,100 גרם,false,1,16.90,7.04,true,1,
4601513008253,false,ביסקוויט אליונקה בטעם קרם שוקולד 240 גר,,,ביסקוויט אליונקה בטע,גרמים,240.00,100 גרם,false,1,16.90,7.04,true,1,
4601513008581,false,רולדה אליונקה בטעם שוקולד חלב 200 גר,,,רולדה אליונקה בטעם ש,גרמים,200.00,100 גרם,false,1,9.90,4.95,true,1,
4601513012342,false,רולדה צ. יגודה עם טעם פטל 200 גר,,,רולדה צ. יגודה עם טע,גרמים,200.00,100 גרם,false,1,9.90,4.95,true,1,
4601576004032,false,מיונז מצטה חוזייקי זיתים רוטב לסלט 876 ג,,,רוטב תיבול בטעם זיתי,מיליליטרים,900.00,"100 מ""ל",false,1,20.80,2.31,true,1,
4601576004094,false,מיונז מצטה חוזייקי קלאסי רוטב לסלט 466 ג,,,מיונז מצטה חוזייקי ק,מיליליטרים,480.00,"100 מ""ל",false,1,14.90,3.10,true,1,
4601576004100,false,מיונז מצטה חוזייקי קלאסי רוטב לסלט 873 ג,,,רוטב תיבול פרובנסל ק,מיליליטרים,900.00,"100 מ""ל",false,1,20.80,2.31,true,1,
4601576010101,false,"רוטב תיבול עם ביצי שליו מצטה חוז 900 מ""ל",,,רוטב תיבול עם ביצי ש,מיליליטרים,900.00,"100 מ""ל",false,1,20.80,2.31,true,1,
4601576010163,false,מיונז בתוספת ביצי שליו 67% 390 גרם,,,מיונז בתוספת ביצי של,גרמים,390.00,100 גרם,false,1,10.90,2.79,true,1,
4601713001702,false,דובשניות טולסקיי פריאניק פירות 140 גר,,,דובשניות טולסקיי פרי,גרמים,140.00,100 גרם,false,1,6.90,4.93,true,1,
4601713001719,false,דובשניות טולסקיי פריאניק בטעם חלב 140 גר,,,דובשניות טולסקיי פרי,גרמים,140.00,100 גרם,false,1,6.90,4.93,true,1,
4601713003201,false,דובשניות טולסקיי פריאניק חמוציות 140 גר,,,דובשניות טולסקיי פרי,גרמים,140.00,100 גרם,false,1,6.90,4.93,true,1,
4601713006813,false,קרקרים וסיולי קליידוסקופ 400 גר,,RU,קרקרים וסיולי קליידו,גרמים,400.00,100 גרם,false,1,11.90,2.98,true,1,
4601713008190,false,דובשנית טול. פריאניק אוכמניות 140 גרם,,,דובשנית טול. פריאניק,גרמים,140.00,100 גרם,false,1,6.90,4.93,true,1,
4601728012403,false,וודקה בלאיה בריוזקה 1 ליטר,,,וודקה בלאיה בריוזקה,מיליליטרים,1000.00,"100 מ""ל",false,1,99.90,9.99,true,1,
4601728013653,false,"וודקה בלאיה בריוזקה 700 מ""ל",,,וודקה בלאיה בריוזקה,מיליליטרים,700.00,"100 מ""ל",false,1,69.90,9.99,true,1,
4601772000036,false,מארז ביצי דג שחור מצונן במלח 56.8+113 גר,,,מארז ביצי דג שחור מצ,גרמים,16980.00,100 גרם,false,1,297.90,1.75,true,1,
4601780002565,false,"קמח מאקפה 2 ק""ג",,,"קמח מאקפה 2 ק""ג",קילוגרמים,0.00,"ק""ג",false,1,22.90,22.90,true,1,
4601780002572,false,"קמח מקפה 1 ק""ג",,,"קמח מקפה 1 ק""ג",גרמים,1000.00,100 גרם,false,1,11.90,1.19,true,1,
4601780005436,false,אפונה גרוסה 800 גר מקפה,,,אפונה גרוסה 800 גר מ,גרמים,800.00,100 גרם,false,1,11.90,1.49,true,1,
4601780005443,false,דוחן 800 גר MAKFA,,RU,דוחן 800 גר MAKFA,גרמים,800.00,100 גרם,false,1,15.60,1.95,true,1,
4601780005450,false,דגני חיטה ארטק 700 גרם,,,דוחן 700 גר מקפה,גרמים,700.00,100 גרם,false,1,12.90,1.84,true,1,
4601780005689,false,אורז מאודה 800ג מקפה,,,אורז מאודה 800ג מקפה,גרמים,800.00,100 גרם,false,1,14.50,1.81,true,1,
4601780006211,false,סולת מאקפה 700 גר,,,סולת מאקפה 700 גר,גרמים,700.00,100 גרם,false,1,13.50,1.93,true,1,
4601780010003,false,כוסמת 5*80 גר מאקפה,,,כוסמת 5*80 גר מאקפה,גרמים,400.00,100 גרם,false,1,11.50,2.88,true,1,
4601780010126,false,גריסי חיטה פולטבסקיה 5*80ג מקפה,,,גריסי חיטה פולטבסקיה,גרמים,400.00,100 גרם,false,1,7.90,1.98,true,1,
4601780010140,false,גריסי שעורה 5*80 גרם,,,גריסי שעורה 5*80 גרם,גרמים,400.00,100 גרם,false,1,7.90,1.98,true,1,
4601780010676,false,גריסי פנינה 5*80 גר מקפה,,,גריסי פנינה 5*80 גר,גרמים,400.00,100 גרם,false,1,7.90,1.98,true,1,
4601780010690,false,גריסי פנינה 800ג מקפה,,,גריסי פנינה 800ג מקפ,גרמים,800.00,100 גרם,false,1,10.90,1.36,true,1,
4601780010829,false,גריסי תירס 700 גר מקפה,,,גריסי תירס 700 גר מק,גרמים,700.00,100 גרם,false,1,10.90,1.56,true,1,
4602009007729,false,לש ארנה 300 גר,,,לש ארנה 300 גר,גרמים,30000.00,100 גרם,false,1,27.50,0.09,true,1,
4602009008412,false,דג קרפיון ללא קרביים ארנה 150 גר,,,דג קרפיון ללא קרביים,גרמים,15000.00,100 גרם,false,1,17.90,0.12,true,1,
4602009299759,false,ממתקים מוקצפים לבן ורוד 420 גר פיטרסקיי,,,ממתקים מוקצפים לבן ו,גרמים,420.00,100 גרם,false,1,14.90,3.55,true,1,
4602009299773,false,ממתקים מוקצפים וניל מצופה שוקולד 450 גר,,,ממתקים מוקצפים וניל,גרמים,450.00,100 גרם,false,1,14.90,3.31,true,1,
4602112203612,false,ציפס בצל ושמנת חמוצה מוסקובסקי קרטופל 70,,,ציפס בצל ושמנת חמוצה,גרמים,70.00,100 גרם,false,1,8.50,12.14,true,1,
4602112203636,false,ציפס טעם גבינה מוסקובסקי קרטופל 70 גר,,,ציפס טעם גבינה מוסקו,גרמים,70.00,100 גרם,false,1,8.50,12.14,true,1,
4602112203674,false,ציפס טעם בייקון מוסקובסקי קרטופל 70 גר,,,ציפס טעם בייקון מוסק,גרמים,70.00,100 גרם,false,1,8.50,12.14,true,1,
4602112207726,false,ציפס טעם סרטן מוסקובסקי קרטופל 70 גר,,,ציפס טעם סרטן מוסקוב,גרמים,70.00,100 גרם,false,1,8.50,12.14,true,1,
4602112212447,false,ציפס טעם פטריות ברוטב שמנת 60 גר,,,ציפס טעם פטריות ברוט,גרמים,60.00,100 גרם,false,1,8.50,14.17,true,1,
4602112505723,false,"פתיתי שיבולת שועל בטעם תות שדה, 348 גר",,RU,פתיתי שיבולת שועל בט,גרמים,348.00,100 גרם,false,1,16.90,4.86,true,1,
4602112505747,false,"פתיתי שיבולת שועל בטעם פטל,משמש, 348 גר",,RU,פתיתי שיבולת שועל ב,גרמים,348.00,100 גרם,false,1,16.90,4.86,true,1,
4602248009058,false,תערובת למרק אפונה 250 גר GOTOVO,,,תערובת למרק אפונה 25,גרמים,250.00,100 גרם,false,1,9.90,3.96,true,1,
4602481010026,false,"קמח חיטה לבן צאר 2 ק""ג",,,קמח חיטה לבן צאר,קילוגרמים,0.00,"ק""ג",false,1,18.90,18.90,true,1,
4602481010033,false,סולת צאר 800 גר,,,סולת צאר 800 גר,גרמים,800.00,100 גרם,false,1,13.50,1.69,true,1,
4602486002071,false,"וודקה בלנקאיה גולד 700 מ""ל",מזקקת גאורגייבסקי קר,RU,וודקה בלנקאיה גולד 7,מיליליטרים,700.00,"100 מ""ל",false,1,54.90,7.84,true,1,
4603400000043,false,"וודקה רוסקיי סטנדרט 700 מ""ל",רוסקי סטנדרט וודקה,RU,וודקה רוסקיי סטנדרט,מיליליטרים,700.00,"100 מ""ל",false,1,56.90,8.13,true,1,
4603514006771,false,"וודקה 700 מ""ל IMPERIAL COLLECTION",,,"וודקה 700 מ""ל IMPERI",מיליליטרים,700.00,"100 מ""ל",false,1,83.90,11.99,true,1,
4603514009277,false,"גין באריסטר יבש 700 מ""ל",לאדוגה גרופ,RU,גין באריסטר יבש 700,מיליליטרים,700.00,"100 מ""ל",false,1,98.90,14.13,true,1,
4603514010327,false,"גין באריסטר פינק מתובל 700 מ""ל",,RU,גין באריסטר פינק מתו,מיליליטרים,700.00,"100 מ""ל",false,1,104.90,14.99,true,1,
4603514010341,false,"גין באריסטר בלו מתובל 700 מ""ל",,RU,גין באריסטר בלו מתוב,מיליליטרים,700.00,"100 מ""ל",false,1,104.90,14.99,true,1,
4603552005606,false,פטריות יבשות לבנות 45ג,,,פטריות יבשות לבנות 4,גרמים,45.00,100 גרם,false,1,37.90,84.22,true,1,
4603566903950,false,תבלין מלח 7 מנות 400 גר,,,תבלין מלח 7 מנות 40,גרמים,400.00,100 גרם,false,1,12.90,3.23,true,1,
4603566908955,false,תבלין מלח שום וירקות 400 גר,,,תבלין מלח שום וירקות,גרמים,400.00,100 גרם,false,1,12.90,3.23,true,1,
4603566921954,false,תבלין מלח 12 ירקות 400 גר,,,תבלין מלח 12 ירקות 4,גרמים,400.00,100 גרם,false,1,12.90,3.23,true,1,
4603955001830,false,שוקולד רוסקיי פוריסטי עלית 100 גר,,,שוקולד רוסקיי פוריסט,גרמים,100.00,100 גרם,false,1,7.90,7.90,true,1,
4603955001939,false,שוקולד רוסקיי פוריסטי קולוקולניה 100 גר,,,שוקולד רוסקיי פוריסט,גרמים,100.00,100 גרם,false,1,7.90,7.90,true,1,
4604248000103,false,מיונז מאחייב זיתים 50.5% 800 גרם,,,רוטב בטעם מיונז מאחי,גרמים,800.00,100 גרם,false,1,19.90,2.49,true,1,
4604248000349,false,רוטב בטעם מיונז פרובנסל 380 גרם,,,רוטב בטעם מיונז מאחי,גרמים,380.00,100 גרם,false,1,11.90,3.13,true,1,
4604248000554,false,מיונז מאחייב פרובנסל 50.5% 800 גרם,,,רוטב בטעם מיונז מאחי,גרמים,800.00,100 גרם,false,1,19.90,2.49,true,1,
4604248000844,false,רוטב בטעם מיונז עם שמן זית 380 גרם,,,מיונז מאחייב עם שמן,גרמים,380.00,100 גרם,false,1,11.90,3.13,true,1,
4604248000851,false,מיונז מאחייב לימון 380 גרם,,,מיונז מאחייב עם מיץ,גרמים,380.00,100 גרם,false,1,11.90,3.13,true,1,
4604248002671,false,מיונז מאחייב בטעם לימון 50.5% 800 גרם,,,רוטב בטעם מיונז מאחי,גרמים,800.00,100 גרם,false,1,19.90,2.49,true,1,
4604248003050,false,קטשופ צילי 500 גרם מחייב,,,קטשופ צילי,גרמים,500.00,100 גרם,false,1,12.50,2.50,true,1,
4604248003081,false,מיונז מאחייב פרובנסאל 420 גר PEREPEL,,,רוטב בטעם מיונז מאחי,גרמים,380.00,100 גרם,false,1,11.90,3.13,true,1,
4604248003517,false,חרדל רוסקיה 140 גרם,,,חרדל רוסי 140 גר Mah,גרמים,140.00,100 גרם,false,1,6.70,4.79,true,1,
4604248004316,false,ריבה אוכמניות מאחייב 300 גרם,,,ריבה אוכמניות מאחייב,גרמים,300.00,100 גרם,false,1,12.50,4.17,true,1,
4604248006204,false,ריבת תות מאחייב 300 גרם,,,ריבת תות מאחייב 300,גרמים,300.00,100 גרם,false,1,12.50,4.17,true,1,
4604248006914,false,ריבת מאחייב פטל בזכוכית 400 גר,,,ריבת מאחייב פטל,גרמים,400.00,100 גרם,false,1,24.90,6.23,true,1,
4604248006921,false,ריבת מאחייב לימון בזכוכית 400 גרם,,,ריבת מאחייב לימון בז,גרמים,400.00,100 גרם,false,1,22.90,5.73,true,1,
4604248006945,false,ריבת ענבי שועל מאחייב בזכוכית 400 גר,,RU,ריבת ענבי שועל מאחיי,גרמים,400.00,100 גרם,false,1,22.90,5.73,true,1,
4604248007805,false,ריבת מישמש 300 גרם,,,ריבת מישמש 300 גרם,גרמים,300.00,100 גרם,false,1,12.50,4.17,true,1,
4604248008635,false,ריבת מאחייב אוכמניות בזכוכית 400 גר,,,ריבת מאחייב אוכמניו,גרמים,400.00,100 גרם,false,1,22.90,5.73,true,1,
4604248012601,false,חזרת 190 גרם מחייב,,,חזרת 190 גרם מחייב,גרמים,190.00,100 גרם,false,1,10.90,5.74,true,1,
4604248012618,false,חרדל רוסקיה 190 גרם מחייב,,,Maheev חרדל רוסי 190,גרמים,190.00,100 גרם,false,1,8.90,4.68,true,1,
4604248013233,false,ריבת דובדבן מאחייב 300 גרם,,,ריבת דובדבן מאחייב 3,גרמים,300.00,100 גרם,false,1,12.50,4.17,true,1,
4604248013240,false,ריבת פירות יער 300 גרם,,,ריבת פירות יער 300 ג,גרמים,300.00,100 גרם,false,1,12.50,4.17,true,1,
4604248014674,false,תערובת תבלינים לשישליק 500 גר מחייב,,,תערובת תבלינים,גרמים,500.00,100 גרם,false,1,8.90,1.78,true,1,
4604248014766,false,רוטב תיבול חריף אגיקה מאחייב 140 גר,,,רוטב תיבול חריף אגיק,גרמים,140.00,100 גרם,false,1,6.90,4.93,true,1,
4604248016197,false,תערובת תבלינים תחמיץ ברביקיו מאחייב 300,,,תערובת תבלינים תחמיץ,גרמים,300.00,100 גרם,false,1,9.90,3.30,true,1,
4604248016289,false,ריבת מאחייב פירות יער בזכוכית 400 גר,,,ריבת מאחייב פירות,גרמים,400.00,100 גרם,false,1,22.90,5.73,true,1,
4604248018283,false,רוטב בטעם שמנת חמוצה עם פטריות 200 גרם,,,רוטב בטעם שמנת חמוצה,גרמים,200.00,100 גרם,false,1,7.90,3.95,true,1,
4604248018290,false,רוטב בטעם שום ושמנת 200 גרם,,,רוטב בטעם שום ושמנת,גרמים,200.00,100 גרם,false,1,7.90,3.95,true,1,
4604248022709,false,מיונז מאחייב ביצים 50.5% 800 גרם,,RU,רוטב בטעם מיונז מאחי,גרמים,800.00,100 גרם,false,1,19.90,2.49,true,1,
4605246003523,false,תה גרינפילד שחור גולדן צילוני 25 שקי 50 גר,גרינפילד Greenfield,RU,תה גרינפילד שחור גול,גרמים,50.00,100 גרם,false,1,12.50,25.00,true,1,
4605246003585,false,תה גרינפילד ירוק סיני 25 שקי 50 גר,גרינפילד Greenfield,RU,תה גרינפילד ירוק סינ,גרמים,50.00,100 גרם,false,1,12.50,25.00,true,1,
4605246003721,false,תה גרינפלד בתפזורת 100 גר Jasmine Dream,גרינפילד Greenfield,RU,תה גרינפלד בתפזורת 1,גרמים,100.00,100 גרם,false,1,11.90,11.90,true,1,
4605246003738,false,תה גרינפילד ירוק יסמין 25 שקי 50 גר,אורימי,RU,תה גרינפילד ירוק יסמ,גרמים,50.00,100 גרם,false,1,12.50,25.00,true,1,
4605246004278,false,תה גרינפילד שחור ארל גריי 25 שקי 50 גר,גרינפילד Greenfield,RU,תה גרינפילד שחור ארל,גרמים,50.00,100 גרם,false,1,12.50,25.00,true,1,
4605246004322,false,חליטה תה גרינפילד ריץי קמומיל 25 שקי,גרינפילד Greenfield,RU,חליטה תה גרינפילד רי,גרמים,38.00,100 גרם,false,1,12.50,32.89,true,1,
4605246004339,false,חליטה תה גרינפילד סאמר בוקט 25 שקי,גרינפילד Greenfield,RU,חליטה תה גרינפילד סא,גרמים,38.00,100 גרם,false,1,12.50,32.89,true,1,
4605246004346,false,תה קינמון 1/25 גרינפילד 37.5 גר,אורימי,RU,תה קינמון 1/25 גרינ,גרמים,38.00,100 גרם,false,1,12.50,32.89,true,1,
4605246004353,false,תה גרינפילד ירוק נענע ומליסה 25 שקי 37.5 גר,גרינפילד Greenfield,RU,תה גרינפילד ירוק נענ,גרמים,38.00,100 גרם,false,1,12.50,32.89,true,1,
4605246004643,false,קפה קלוי שחור גיוקיי סיגנון איטלקי 100 ג,,RU,קפה קלוי שחור גיוקיי,גרמים,100.00,100 גרם,false,1,9.90,9.90,true,1,
4605246004896,false,תה קניאן סנריז 1/25 גרינפילד 37.5 גר,,,תה קניאן סנריז 1/25,Unknown,0.00,Unknown,false,1,12.50,12.50,true,1,
4605246005237,false,תה גרינפילד כמומיל דבש 1/25 שקיקים 37.5,,,תה גרינפילד חליטת תה,יחידה,1.00,יחידה,false,1,12.50,12.50,true,1,
4605246005251,false,תה גרינפילד שחור ספרינג מלודי 25 שקי,אורימי,RU,תה גרינפילד שחור ספר,גרמים,38.00,100 גרם,false,1,12.50,32.89,true,1,
4605246005817,false,תה גרינפילד גולדן ציילון 100 שקי 200 גר,,,תה גרינפילד גולדן צי,גרמים,100.00,100 גרם,false,1,33.90,33.90,true,1,
4605246005848,false,תה גרינפילד ארל גריי 100 שקי 200 גר,,,תה גרינפילד ארל גריי,גרמים,200.00,100 גרם,false,1,33.90,16.95,true,1,
4605246005855,false,תה גרינפילד ירוק דרקון 100 שקי 200 גר,,,תה גרינפילד ירוק דרק,גרמים,200.00,100 גרם,false,1,33.90,16.95,true,1,
4605246005947,false,תה טס פלזה 25 שקיקים,,,תה טס פלזה 25 שקיקים,Unknown,0.00,Unknown,false,1,12.90,12.90,true,1,
4605246006005,false,GREENFIELתה שחור קניין סאנרייז - 100 יח,,,GREENFIELתה שחור קני,גרמים,200.00,100 גרם,false,1,33.90,16.95,true,1,
4605246006456,false,תה טס ארל גריי 25 שקיקים,,,תה טס ארל גריי 25 שק,Unknown,0.00,Unknown,false,1,12.90,12.90,true,1,
4605246007729,false,קפה קלוי שחור לפינזאן גוקיי 100 גר,,,קפה קלוי שחור לפינזא,גרמים,100.00,100 גרם,false,1,9.90,9.90,true,1,
4605246007842,false,תה טאס פורסט דרים 20 שקיות 1.8 גר,,,תה טאס פורסט דרים 20,Unknown,0.00,Unknown,false,1,14.90,14.90,true,1,
4605246007859,false,תה שלור טס ברי בר 20 שקיקים,,RU,תה שלור טס ברי בר 20,גרמים,36.00,100 גרם,false,1,14.90,41.39,true,1,
4605246007873,false,תה ירוק טס פינה קולדה 20 שקיקים,,,תה ירוק טס פינה קולד,Unknown,0.00,Unknown,false,1,14.90,14.90,true,1,
4605246007880,false,תה ירוק טאס גינגר מוחיטו 20 שקיות 1.8 גר,,,תה ירוק טאס גינגר מו,Unknown,0.00,Unknown,false,1,14.90,14.90,true,1,
4605246007897,false,תה שלור טס סאמר טיים 20 שקיקים,,RU,תה שלור טס סאמר טיים,גרמים,36.00,100 גרם,false,1,14.90,41.39,true,1,
4605246008795,false,תה שחור גרין מליסה - 100 יח-Greenfield,,,תה שחור גרין מליסה -,גרמים,100.00,100 גרם,false,1,33.90,33.90,true,1,
4605246008832,false,תה טס ארל גריי סיקרט 20 שקיקים,,,תה טס ארל גריי סיקרט,גרמים,36.00,100 גרם,false,1,14.90,41.39,true,1,
4605246008986,false,תה גרינפילד פירמידה ציילון 20 שקי 40 גר,,,תה גרינפילד פירמידה,Unknown,0.00,Unknown,false,1,14.90,14.90,true,1,
4605246009020,false,תה גרינפילד פירמידה אוכמניות 20 שק 40 ג,,,תה גרינפילד פירמידה,Unknown,0.00,Unknown,false,1,14.90,14.90,true,1,
4605246009969,false,תה גרינפילד אוכמניות 1/25 שקיקים,אורימי,RU,תה גרינפילד אוכמניות,גרמים,38.00,100 גרם,false,1,12.50,32.89,true,1,
4605246010743,false,מארז מתנה תה קרינפילד 120 שקי 212.4 גר,,,מארז מתנה תה גרינפיל,גרמים,212.00,100 גרם,false,1,62.90,29.67,true,1,
4605246011313,false,תה טס טיים 25 שקיקים,,,תה טס טיים 25 שקיקים,Unknown,0.00,Unknown,false,1,12.90,12.90,true,1,
4605246011344,false,תה שחור רד בריי - פירמידה 36 גר GREENFI,,,תה שחור רד בריי - פי,גרמים,36.00,100 גרם,false,1,14.90,41.39,true,1,
4605246011450,false,תה טס בננה ספליט 20 שקיקים,,,תה טס בננה ספליט 20,גרמים,36.00,100 גרם,false,1,14.90,41.39,true,1,
4605246012587,false,תה ירוק טס דייקירי בריז 20 שקיקים,,,תה ירוק טס דייקירי ב,Unknown,0.00,Unknown,false,1,14.90,14.90,true,1,
4605246013690,false,תה גרינפלד בתפזורת 100 גר Summer Bouquet,,RU,תה גרינפלד בתפזורת 1,גרמים,100.00,100 גרם,false,1,11.90,11.90,true,1,
4605246013836,false,תה שחור אינגליש אדישן-100 יח-Greenfield,,,תה שחור אינגליש אדיש,גרמים,100.00,100 גרם,false,1,33.90,33.90,true,1,
4605246013881,false,תה ירוק בטעם גינגר וחבושים-25 שקיות,,RU,תה ירוק בטעם גינגר ו,גרמים,50.00,100 גרם,false,1,12.50,25.00,true,1,
4605246013904,false,חליטה תה גרינפילד רוייבוס 25 שקי 37.5,,RU,חליטה תה גרינפילד רו,גרמים,38.00,100 גרם,false,1,12.50,32.89,true,1,
4605246015267,false,תה שחור טס שוקולד קיס 20 שקיקים,,,תה שחור טס שוקולד קי,גרמים,36.00,100 גרם,false,1,14.90,41.39,true,1,
4605246015274,false,תה שלור טס בלוברי טארט 20 שקיקים,,RU,תה שלור טס בלוברי טא,גרמים,36.00,100 גרם,false,1,14.90,41.39,true,1,
4605246015281,false,תה שחור טס גרייפ פרוט ציל 20 שקיקים,,,תה שחור טס גרייפ פרו,גרמים,36.00,100 גרם,false,1,14.90,41.39,true,1,
4605246015380,false,חליטה צמחים דובדבן -25 שקיות,,RU,חליטה צמחים דובדבן -,גרמים,50.00,100 גרם,false,1,12.50,25.00,true,1,
4605246015397,false,חליטה גרינפילד פירות יער ברי סאנסט 25 שק,,RU,חליטה גרינפילד פירות,גרמים,50.00,100 גרם,false,1,12.50,25.00,true,1,
4605246017513,false,סט 4 סוגי תה גרינפילד+ספל 200 גר,,,סט 4 סוגי תה גרינפיל,גרמים,200.00,100 גרם,false,1,47.90,23.95,true,1,
4605362008716,false,גרעינים שחורים 300 גר בבקיני,או או או יקה.דה.וא.ק,RU,גרעינים שחורים 300 ג,גרמים,300.00,100 גרם,false,1,18.90,6.30,true,1,
4605496007494,false,נודלס רולטון להכנה מהירה טעם עוף 60 גר,,UA,נודלס רולטון להכנה מ,גרמים,60.00,100 גרם,false,1,2.90,4.83,true,1,
4605496007517,false,נודלס רולטון להכנה מהירה טעם בקר 60 גר,,,נודלס רולטון להכנה מ,גרמים,60.00,100 גרם,false,1,2.90,4.83,true,1,
4605496007593,false,נודלס רולטון להכנה מהירה עוף חריף 60 גר,,,נודלס רולטון להכנה מ,Unknown,0.00,Unknown,false,1,2.90,2.90,true,1,
4605504512316,false,עוגיות אגוזים 200 גר סורמובסקויה,,,עוגיות אגוזים 200 גר,גרמים,200.00,100 גרם,false,1,5.90,2.95,true,1,
4605504512347,false,עוגיות זמליניקה 200 גר סורמובסקויה,,,עוגיות זמליניקה 200,גרמים,200.00,100 גרם,false,1,5.90,2.95,true,1,
4605504512378,false,עוגיות שמנת 200 גר סורמובסקויה,,,עוגיות שמנת 200 גר ס,גרמים,200.00,100 גרם,false,1,5.90,2.95,true,1,
4605504512569,false,עוגיות קפה 200 גר סורמובסקויה,,,עוגיות קפה 200 גר סו,גרמים,200.00,100 גרם,false,1,5.90,2.95,true,1,
4605504512620,false,עוגיות ריבת חלב 200 גר סורמובסקויה,,,עוגיות ריבת חלב 200,גרמים,200.00,100 גרם,false,1,5.90,2.95,true,1,
4605504513382,false,זפיר וניל אקסטרה 280 גרם,,,זפיר וניל אקסטרה 280,גרמים,280.00,100 גרם,false,1,11.90,4.25,true,1,
4605504513856,false,זפיר קפה אקסטרה 280 גרם,,,זפיר קפה אקסטרה 280,גרמים,280.00,100 גרם,false,1,11.90,4.25,true,1,
4605504518646,false,זפיר לבן ורוד אקסטרה 280 גרם,,,זפיר לבן ורוד אקסטרה,גרמים,280.00,100 גרם,false,1,11.90,4.25,true,1,
4605504522711,false,וופלים קורובקה בטעם חלב מבושל 300 גר,,,וופלים קורובקה בטעם,גרמים,300.00,100 גרם,false,1,14.90,4.97,true,1,
4605504522728,false,וופלים קורובקה בטעם שוקולד 300 גר,,,וופלים קורובקה בטעם,גרמים,300.00,100 גרם,false,1,14.90,4.97,true,1,
4605516000115,false,בונבוניירה צופור גן עדן 300 גר,,,בונבוניירה חלב ציפור,גרמים,300.00,100 גרם,false,1,29.90,9.97,true,1,
4605516014617,false,זפיר סלדקיי איסטוריי אוכמניות בשוקו 180,,,זפיר סלדקיי איסטוריי,גרמים,180.00,100 גרם,false,1,16.90,9.39,true,1,
4605516018803,false,סוכריות שקולנייה /גוסיני לפקי במשקל,,,סוכריות קבוצה 3 במשק,Unknown,0.00,"ק""ג",true,0,55.00,55.00,true,1,
4605516020120,false,סט ממתקי שוקולד וקרמלים 250 גר FONARIK,,RU,מבחר ממתקי 250 גרם,גרמים,250.00,100 גרם,false,0,34.90,13.96,true,1,
4605516025538,false,זפיר וודוחנובניה סורבה תפוז מצופה 245 ג,,,זפיר וודוחנובניה סור,גרמים,245.00,100 גרם,false,1,29.90,12.20,true,1,
4605561010305,false,פילה הרינג עם שמיר בשמן חתיכות 500גר RS,,RU,חתיכות פילה הרינג,גרמים,500.00,100 גרם,false,1,30.50,6.10,true,1,
4605561010312,false,חתיכות פילה הרינג עם שמיר בשמן 200 גרם,,,חתיכות פילה הרינג עם,גרמים,200.00,100 גרם,false,1,11.40,5.70,true,1,
4605561010329,false,חתיכות פילה הרינג מעושן בשמן 500 גרם,,RU,חתיכות פילה הרינג,גרמים,500.00,100 גרם,false,1,30.50,6.10,true,1,
4605561010336,false,חתיכות פילה הרינג מעושן בשמן 200 גרם,,,חתיכות פילה הרינג מע,גרמים,200.00,100 גרם,false,1,11.40,5.70,true,1,
4605561010343,false,פילה הרינג בשמן חתיכות 500גר RS,,RU,חתיכות פילה הרינג,גרמים,500.00,100 גרם,false,1,30.50,6.10,true,1,
4605561010350,false,חתיכות פילה הרינג בשמן פלסטיק 200 גר RS,,,חתיכות פילה הרינג בש,גרמים,200.00,100 גרם,false,1,11.40,5.70,true,1,
4605561011975,false,חתיכות פילה הרינג בשמן 150 גר RS,,,חתיכות פילה הרינג בש,גרמים,200.00,100 גרם,false,1,8.30,4.15,true,1,
4605561012613,false,פילה הרינג (קצוץ) בשמן 400 גר RS,,,פילה הרינג (קצוץ) בש,גרמים,400.00,100 גרם,false,1,17.70,4.43,true,1,
4605561013009,false,פילה הרינג בשמן 400 גר RS,,,פילה הרינג בשמן 400,גרמים,400.00,100 גרם,false,1,17.70,4.43,true,1,
4605622010237,false,"בירה סטארי מלניק 4.2% בבקבוק 450 מ""ל",,RU,בירה סטארי מלניק 4.3,מיליליטרים,450.00,"100 מ""ל",false,1,10.90,2.42,true,1,
4605622010268,false,"בירה סטארי מלניק 4.2% בוצונוק 450 מ""ל",,RU,בירה סטארי מלניק 4.2,מיליליטרים,450.00,"100 מ""ל",false,1,10.90,2.42,true,1,
4605627006747,false,מעדן פרוטיס תות שדה עם קורנפלקס 165ג',,,פרוטיס תות שדה עם קו,מיליליטרים,180.00,"100 מ""ל",false,1,8.90,4.94,true,1,
4605627007409,false,מעדן פרוטיס אגס וניל דובד פלומביר 115ג',,,פרוטיס אגס/וניל/דובד,מיליליטרים,115.00,"100 מ""ל",false,1,5.50,4.78,true,1,
4605627007485,false,מעדן פרוטיס בננה ספליט פינקולדה 115ג',,,פרוטיס בננה ספליט/פי,מיליליטרים,115.00,"100 מ""ל",false,1,5.50,4.78,true,1,
4606260000185,false,תערובת לתיבול שישליק,,RU,תערובת לתיבול שישליק,Unknown,0.00,Unknown,false,1,2.90,2.90,true,1,
4606260000208,false,תערובת לתיבול דג 15,,RU,תערובת לתיבול דג 15,Unknown,0.00,Unknown,false,1,2.90,2.90,true,1,
4606260000222,false,תערובת לתיבול עוף 15,,RU,תערובת לתיבול עוף 15,Unknown,0.00,Unknown,false,1,2.90,2.90,true,1,
4606260000529,false,תערובת לתיבול תפוחי,,RU,תערובת לתיבול תפוחי,Unknown,0.00,Unknown,false,1,2.90,2.90,true,1,
4606260000888,false,תבלין שום מיובש 10 ג,,RU,תבלין שום מיובש 10 ג,Unknown,0.00,Unknown,false,1,2.90,2.90,true,1,
4606260005326,false,ויטקס עלי דפנה 50 גרם,,,ויטקס עלי דפנה 50 גר,גרמים,50.00,100 גרם,false,1,10.30,20.60,true,1,
4606260005340,false,ויטקס תערובת תיבול מטבח עולמי 200 גרם,,,ויטקס תערובת תיבול מ,גרמים,200.00,100 גרם,false,1,10.20,5.10,true,1,
4606260007948,false,פלפל שחור שלם ויטקס 40 גרם,,,פלפל שחור שלם ויטקס,גרמים,65.00,100 גרם,false,1,9.90,15.23,true,1,
4606260008761,false,תערובת תיבול לבשר ויטקס 57 גרם,,,תערובת תיבול לבשר וי,גרמים,59.00,100 גרם,false,1,9.90,16.78,true,1,
4606598000659,false,תבלין ברבריס מגיה ווסטוקה 15 גרם,,,תבלין ברבריס מגיה וו,Unknown,0.00,Unknown,false,1,3.90,3.90,true,1,
4606598001335,false,תבלין לפלוב מגיה ווסטוקה 15 גרם,,,תבלין לפלוב מגיה ווס,Unknown,0.00,Unknown,false,1,3.90,3.90,true,1,
4606598001342,false,תבלין לבשר מגיה ווסטוקה 15 גרם,,RU,תבלין לבשר מגיה ווסט,Unknown,0.00,Unknown,false,1,3.90,3.90,true,1,
4606598001359,false,תבלין לעוף מגיה ווסטוקה 15 גרם,,,תבלין לעוף מגיה ווסט,Unknown,0.00,Unknown,false,1,3.90,3.90,true,1,
4606598001366,false,תבלין לדגים מגיה ווסטוקה 15 גר,,RU,תבלין לדגים מגיה ווס,Unknown,0.00,Unknown,false,1,3.90,3.90,true,1,
4606598001397,false,"תבלין לתפו""א מגיה ווסטוקה 15 גרם",,,תבלין לתפוא מגיה ווס,Unknown,0.00,Unknown,false,1,3.90,3.90,true,1,
4606598001427,false,תבלין חמלי-סונלי מגיה ווסטוקה 15 גרם,,,תבלין חמלי-סונלי מגי,Unknown,0.00,Unknown,false,1,3.90,3.90,true,1,
4606598001434,false,תבלין לבשר טחון מגיה ווסטוקה 15 גרם,,,תבלין לבשר טחון מגיה,Unknown,0.00,Unknown,false,1,3.90,3.90,true,1,
4606598001458,false,תבלין לשישליק מגיה ווסטוקה 15 גרם,,,תבלין לשישליק מגיה,Unknown,0.00,Unknown,false,1,3.90,3.90,true,1,
4606598001465,false,תבלין לבשר לבן מגיה ווסטוקה 15 גרם,,,תבלין לבשר לבן מגיה,Unknown,0.00,Unknown,false,1,3.90,3.90,true,1,
4606598001731,false,תבלין לגריל מגיה ווסטוקה 15 גרם,,RU,תבלין לגריל מגיה ווס,Unknown,0.00,Unknown,false,1,3.90,3.90,true,1,
4606598002677,false,תבלין לבשר בקר מגיה ווסטוקה 15 גרם,,,תבלין לבשר בקר מגיה,Unknown,0.00,Unknown,false,1,3.90,3.90,true,1,
4606598002745,false,תבלין לסולומון מגיה ווסטוקה 15 גרם,,,תבלין לסולומון מגיה,Unknown,0.00,Unknown,false,1,3.90,3.90,true,1,
4606598003391,false,תבלין לבורשץ מגיה ווסטוקה 15 גרם,,,תבלין לבורשץ מגיה וו,Unknown,0.00,Unknown,false,1,3.90,3.90,true,1,
4606598003681,false,תבלין לגזר קוריאני מגיה ווסטוקה 15 גר,,RU,תבלין לגזר קוריאני מ,Unknown,0.00,Unknown,false,1,2.90,2.90,true,1,
4606598006422,false,עלי דפנה 15 גר,אריקון,RU,עלי דפנה 15 גר,גרמים,15.00,100 גרם,false,1,5.90,39.33,true,1,
4606598007054,false,תבלין פלפל שחור טחון מגיה ווסטוקה 10 גר,,,תבלין פלפל שחור טחון,Unknown,0.00,Unknown,false,1,2.90,2.90,true,1,
4606598007399,false,תבלין גינגר 10 גר מגיה ווסטוקה,אריקון,RU,תבלין גינגר 10 גר מג,גרמים,10.00,100 גרם,false,1,3.90,39.00,true,1,
4606598007412,false,תבלין זירה מגיה ווסטוקה 15 גרם,,,תבלין זירה מגיה ווסט,Unknown,0.00,Unknown,false,1,3.90,3.90,true,1,
4606598007559,false,תבלין ציפורן שלם מגיה ווסטוקה 10 גר,,,תבלין ציפורן שלם מגי,Unknown,0.00,Unknown,false,1,5.90,5.90,true,1,
4606598007610,false,כורכום 10 גר מגיה ווסטוקה,אריקון,RU,כורכום 10 גר מגיה וו,גרמים,10.00,100 גרם,false,1,3.90,39.00,true,1,
4606598007658,false,תבלין פלפל רייחני טחון מגיה ווסטוקה 15 ג,,RU,תבלין פלפל רייחני טח,Unknown,0.00,Unknown,false,1,2.90,2.90,true,1,
4606598007672,false,תבלין שום מגיה ווסטוקה 15 גרם,,RU,שום מיובש טחון מגיה,גרמים,15.00,100 גרם,false,1,3.90,26.00,true,1,
4606598008679,false,תבלין קבקז מגיה ווסטוקה 15 גרם,,,תבלין קבקז מגיה ווסט,Unknown,0.00,Unknown,false,1,3.90,3.90,true,1,
4606598016001,false,תבלין לבשר על האש מגיה ווסטוקה 15 גר,,,תבלין לבשר על האש מג,Unknown,0.00,Unknown,false,1,2.90,2.90,true,1,
4606598016025,false,תערובת תיבול עבור בשר כבש על האש 15 גר,אריקון,RU,תערובת תיבול עבור בש,גרמים,15.00,100 גרם,false,1,3.90,26.00,true,1,
4606598016032,false,תבלין למרק שורפה מגיה ווסטוקה 15 גר,,,תבלין למרק שורפה מגי,Unknown,0.00,Unknown,false,1,2.90,2.90,true,1,
4606598016285,false,תבלין לשעועית מגיה ווסטוקה 15 גר,,,תבלין לשעועית מגיה,Unknown,0.00,Unknown,false,1,2.90,2.90,true,1,
4606599009880,false,חלב מרוכז ממותק בתוספת שומן צמחי 1 ליטר,,,חלב מרוכז ממותק בתוס,גרמים,1000.00,100 גרם,false,1,19.60,1.96,true,1,
4606599013320,false,חלב מרוכז ממותק 500 גר דרבנסקיה,בלמול,RU,חלב מרוכז ממותק 500,גרמים,500.00,100 גרם,false,1,10.90,2.18,true,1,
4607001410317,false,"רולדה ""אגדה"" בטעם תות שדה 200 גרם",,,"רולדה ""אגדה"" בטעם תו",גרמים,200.00,100 גרם,false,1,7.90,3.95,true,1,
4607001410324,false,"רולדה ""אגדה"" בטעם פירות יער 200 גרם",,,"רולדה ""אגדה"" בטעם פי",גרמים,200.00,100 גרם,false,1,7.90,3.95,true,1,
4607001411666,false,"רולדה ""אגדה"" בטעם ריבת חלב 200 גרם",,,"רולדה ""אגדה"" בטעם רי",גרמים,200.00,100 גרם,false,1,7.90,3.95,true,1,
4607001414445,false,טארטלט מתוק 180 גרם DESERT,,,טארטלט מתוק 180 גרם,גרמים,180.00,100 גרם,false,1,9.90,5.50,true,1,
4607001414452,false,טארטלט אורגינל 180 גרם ORIGINAL,,,טארטלט אורגינל 180 ג,גרמים,180.00,100 גרם,false,1,9.90,5.50,true,1,
4607001415442,false,עוגה אישית ארנבון במילוי שוקולד 150 גר,,,עוגה אישית ארנבון במ,גרמים,150.00,100 גרם,false,1,11.90,7.93,true,1,
4607001415725,false,"עוגת טורט ""שוורצואלד"" 350 גר בייקר האוס",,,"עוגת טורט ""שוורצואלד",גרמים,350.00,100 גרם,false,1,17.90,5.11,true,1,
4607001415732,false,"עוגת טורט ""סיציליה"" 350 גר בייקר האוס",,,"עוגת טורט ""סיציליה""",גרמים,350.00,100 גרם,false,1,17.90,5.11,true,1,
4607001416128,false,פטיפורים עם קרם טרופל 225 גר בייקר האוס,,,פטיפורים עם קרם טרופ,גרמים,225.00,100 גרם,false,1,18.90,8.40,true,1,
4607001416241,false,מיני קקס בטעם ריבת חלב 470 גר קוביס,,,מיני קקס בטעם ריבת ח,גרמים,470.00,100 גרם,false,1,16.90,3.60,true,1,
4607001416265,false,מיני קקס בטעם תות 470 גר קוביס,,,מיני קקס בטעם תות 47,גרמים,470.00,100 גרם,false,1,16.90,3.60,true,1,
4607001417569,false,טורט דבש (מאדוביק)במילוי ריבת חלב 350 גר,,,טורט דבש (מאדוביק)במ,גרמים,350.00,100 גרם,false,1,17.90,5.11,true,1,
4607002990238,false,שעועית אדומה דוד וניה 400 גר,,,שעועית אדומה דוד וני,גרמים,400.00,100 גרם,false,1,9.90,2.48,true,1,
4607002990290,false,מלפפונים מוחמצים 680 גר D. Vanya,רוסקויי פולה אלבאשי,RU,מלפפונים מוחמצים 680,גרמים,680.00,100 גרם,false,1,13.90,2.04,true,1,
4607002990474,false,עגבניות מוחמצות דיאדיה וניה 680 גר,רוסקויי פולה אלבאשי,RU,עגבניות מוחמצות דיאד,גרמים,680.00,100 גרם,false,1,13.90,2.04,true,1,
4607002990481,false,עגבניות במיץ עגבניות דיאדיה וניה 680 גרם,דדיה ואניה,,עגבניות במיץ עגבניות,גרמים,680.00,100 גרם,false,1,13.90,2.04,true,1,
4607002991235,false,אסורטי עגבניות ומלפפונים 1.8ל דאדיה וניה,,RU,אסורטי עגבניות ומלפפ,ליטרים,0.00,ליטר,false,1,29.90,29.90,true,1,
4607002991358,false,מלפפונים מוחמצים 1.8 ל דאדיה וניה,,RU,מלפפונים מוחמצים 1.8,ליטרים,0.00,ליטר,false,1,29.90,29.90,true,1,
4607002991587,false,עגבניות מוחמצות 1.8 ל דאדיה וניה,,RU,עגבניות מוחמצות 1.8,ליטרים,0.00,ליטר,false,1,29.90,29.90,true,1,
4607002995752,false,אסורטי עגבניות/מלפפונים דיאדיה וניה 680,דדיה ואניה,RU,אסורטי עגבניות/מלפפו,גרמים,680.00,100 גרם,false,1,13.90,2.04,true,1,
4607002995868,false,"פלפלים ברוטב עגבניות ""לצ'ו""",דדיה ואניה,RU,לציו דיאדיה וניה 680,גרמים,680.00,100 גרם,false,1,13.90,2.04,true,1,
4607002995943,false,ממרח קישואים קלויים דיאדיה וניה 460 גר,דדיה ואניה,RU,ממרח קישואים קלויים,גרמים,460.00,100 גרם,false,1,11.90,2.59,true,1,
4607002997558,false,סלט הונגרי דיאדיה וניה 460 גרם,דדיה ואניה,RU,סלט הונגרי דיאדיה ונ,גרמים,460.00,100 גרם,false,1,11.90,2.59,true,1,
4607002997633,false,אגיקה פיקנטי ביתי דיאדיה וניה 460 גרם,,RU,אגיקה פיקנטי ביתי די,גרמים,460.00,100 גרם,false,1,11.90,2.59,true,1,
4607002999187,false,קורנישונים צרפתי דיאדיה וניה 680 גרם,,RU,קורנישונים צרפתי דיא,גרמים,680.00,100 גרם,false,1,13.90,2.04,true,1,
4607002999309,false,שעועית לבנה אפויה דיאדיה וניה 480 גר,דדיה ואניה,RU,שעועית לבנה אפויה די,גרמים,480.00,100 גרם,false,1,11.90,2.48,true,1,
4607002999323,false,ממרח חצילים דיאדיה וניה 460 גר,דדיה ואניה,RU,ממרח חצילים דיאדיה ו,גרמים,460.00,100 גרם,false,1,11.90,2.59,true,1,
4607002999453,false,עגבניות במיץ עגבניות 1.8 ל דאדיה וניה,,,עגבניות במיץ עגבניות,ליטרים,0.00,ליטר,false,1,29.90,29.90,true,1,
4607002999545,false,שעועית אדומה לוביו דיאדיה וניה 480 גר,,RU,שעועית אדומה לוביו ד,גרמים,480.00,100 גרם,false,1,11.90,2.48,true,1,
4607005400550,false,שוקולד מריר 72% פרמיום פובדה 250 גרם,,RU,שוקולד מריר 72% פרמי,גרמים,250.00,100 גרם,false,1,19.90,7.96,true,1,
4607005400574,false,שוקולד עם אגוזים פובדה 250 גדם,,,שוקולד עם אגוזים פוב,גרמים,250.00,100 גרם,false,1,19.90,7.96,true,1,
4607005401175,false,שוקולד חלב צימוקים ואגוזים פובדה 250 גר,,,שוקולד חלב צימוקים ו,גרמים,250.00,100 גרם,false,1,19.90,7.96,true,1,
4607005401328,false,ממתק שוקולד בצורת סנטה 60 גר,,RU,ממתק שוקולד בצורת סנ,גרמים,60.00,100 גרם,false,1,5.90,9.83,true,1,
4607005402387,false,טרופל שוקולד קלאסי 180 גר,,RU,טרופל שוקולד קלאסי 1,גרמים,180.00,100 גרם,false,1,19.90,11.06,true,1,
4607005402417,false,טרופל שוקולד עם אייריש קרים ליקר 180 גר,,RU,טרופל שוקולד עם אייר,גרמים,180.00,100 גרם,false,1,19.90,11.06,true,1,
4607005402974,false,מתנת קריסטמס ממתקי שוקולד 150 גר,,RU,מתנת קריסטמס ממתקי ש,גרמים,150.00,100 גרם,false,1,15.90,10.60,true,1,
4607005402998,false,מתנת קריסטמס ממתקי שוקולד 100 גר,,RU,מתנת קריסטמס ממתקי ש,גרמים,100.00,100 גרם,false,1,11.90,11.90,true,1,
4607011260230,false,עוגיות ש.שועל קלאסי 400 גר HVATAY-KA,,,עוגיות ש.שועל קלאסי,גרמים,400.00,100 גרם,false,1,9.90,2.48,true,1,
4607011260247,false,עוגיות ש.שועל בטעם חלב 400 גר HVATAY-KA,,,עוגיות ש.שועל בטעם ח,גרמים,400.00,100 גרם,false,1,9.90,2.48,true,1,
4607011268687,false,עוגיות שיבולת שועל חמוציות ופרוקטוז 300 גר,,,עוגיות שיבולת שועל ח,גרמים,300.00,100 גרם,false,1,12.90,4.30,true,1,
4607012350992,false,גרעיני חמניות מרטין 100 גרם,,,גרעיני חמניות מרטין,גרמים,100.00,100 גרם,false,1,7.90,7.90,true,1,
4607012351005,false,גרעיני חמניות מרטין ללא מלח 200 גרם,"נארז ע""י : א.ג. גילר",RU,גרעיני חמניות מרטין,גרמים,200.00,100 גרם,false,1,10.90,5.45,true,1,
4607012351128,false,גרעיני חמניות מרטין 500 גרם,מרטין,,גרעיני חמניות מרטין,גרמים,500.00,100 גרם,false,1,29.90,5.98,true,1,
4607012351791,false,"צנימים ""MARTIN"" בטעם גבינה 60 גר",,,"צנימים ""MARTIN"" בטע",גרמים,60.00,100 גרם,false,1,4.90,8.17,true,1,
4607012351807,false,"צנימים ""MARTIN"" בטעם בייקון 60 גר",,,"צנימים ""MARTIN"" בטעם",גרמים,60.00,100 גרם,false,1,4.90,8.17,true,1,
4607012351821,false,"צנימים ""MARTIN"" בטעם ירק עם שמנת 60 גר",,,"צנימים ""MARTIN"" בטעם",Unknown,0.00,Unknown,false,1,4.90,4.90,true,1,
4607012351951,false,גרעיני חמניות מרטין עם מלח 100 גרם,,,גרעיני חמניות מרטין,גרמים,100.00,100 גרם,false,1,7.90,7.90,true,1,
4607012351999,false,גרעיני חמניות מרטין עם מלח 200 גרם,"נארז ע""י : א.ג. גילר",RU,גרעיני חמניות מרטין,גרמים,200.00,100 גרם,false,1,10.90,5.45,true,1,
4607012352002,false,גרעיני דלעת מרטין 100 גר,,RU,גרעיני דלעת מרטין 1,גרמים,100.00,100 גרם,false,1,13.50,13.50,true,1,
4607012352095,false,גרעיני חמניות מרטין עם מלח 500 גרם,מרטין,,גרעיני חמניות מרטין,גרמים,500.00,100 גרם,false,1,29.90,5.98,true,1,
4607012352453,false,גרעיני חמניות מרטין פסים עם מלח 150 גר,מרטין,RU,גרעיני חמניות מרטין,גרמים,150.00,100 גרם,false,1,11.40,7.60,true,1,
4607012352538,false,גרעיני חמניות מרטין מיקס 200 גרם,מרטין,,גרעיני חמניות מרטין,גרמים,200.00,100 גרם,false,1,10.90,5.45,true,1,
4607012353429,false,200 תערובת פיצוחים מיקס מקס גר,,,200 תערובת פיצוחים מ,גרמים,200.00,100 גרם,false,1,21.90,10.95,true,1,
4607012353702,false,גרעיני חמנייה מרטין פסים עם מלח 250 גר,,,גרעיני חמנייה מרטין,גרמים,250.00,100 גרם,false,1,15.60,6.24,true,1,
4607014780551,false,שמן חמניות מזוכך בלגו 1 ל,,,שמן חמניות מזוכך בל,מיליליטרים,1000.00,"100 מ""ל",false,1,21.90,2.19,true,1,
4607014782111,false,שמן חמניות לא מזוכך בלגו 1 ל,,,שמן חמניות לא מזוכך,מיליליטרים,1000.00,"100 מ""ל",false,1,21.90,2.19,true,1,
4607016240398,false,סולת 700 גרם,,,סולת 700 גרם,גרמים,700.00,100 גרם,false,1,9.90,1.41,true,1,
4607016240893,false,כוסמת אובלקה 800 גרם,,RU,כוסמת אובלקה 800 גרם,גרמים,80000.00,100 גרם,false,1,16.90,0.02,true,1,
4607016240909,false,אפונה מרוסקת 800 גרם,,,אפונה מרוסקת 800 גרם,גרמים,800.00,100 גרם,false,1,13.90,1.74,true,1,
4607016240923,false,קיטניות גריסי שעורה 600 גר אובלקה,,,קיטניות גריסי שעורה,גרמים,400.00,100 גרם,false,1,8.90,2.23,true,1,
4607016240930,false,דוחן 800 גרם,,,דוחן 800 גרם,גרמים,800.00,100 גרם,false,1,13.50,1.69,true,1,
4607016241104,false,תבשיל גריסי פנינה 5*80 גר,,,תבשיל גריסי פנינה 5*,גרמים,400.00,100 גרם,false,1,8.90,2.23,true,1,
4607016241111,false,גריסי תירס 5*80 גרם,,,גריסי תירס 5*80 גרם,גרמים,400.00,100 גרם,false,1,8.90,2.23,true,1,
4607016243047,false,ש.שועל עם תות 5*40גר,,,ש.שועל עם תות 5*40גר,גרמים,200.00,100 גרם,false,1,14.60,7.30,true,1,
4607016243078,false,ש.שועל תות וקרם 5*40גר,,,ש.שועל תות וקרם 5*40,גרמים,200.00,100 גרם,false,1,14.60,7.30,true,1,
4607016243092,false,דייסה ש.שועל עם פטל 40 גר אובלקה,,,דייסה ש.שועל עם פטל,גרמים,40.00,100 גרם,false,1,2.90,7.25,true,1,
4607016243108,false,ש.שועל עם פטל 5*40גר,,,ש.שועל עם פטל 5*40גר,גרמים,200.00,100 גרם,false,1,14.60,7.30,true,1,
4607016243122,false,דייסה ש.שועל עם פטל ושמנת 40 גר אובלקה,,RU,דייסה ש.שועל עם פטל,גרמים,40.00,100 גרם,false,1,2.90,7.25,true,1,
4607016243139,false,ש.שועל פטל וקרם 5*40גר,,,ש.שועל פטל וקרם 5*40,גרמים,200.00,100 גרם,false,1,14.60,7.30,true,1,
4607016243184,false,דייסה שבולת שועל עם צירניקה 40 גר אובלקה,,,דייסה שבולת שועל,גרמים,40.00,100 גרם,false,1,2.90,7.25,true,1,
4607016243191,false,ש.שועל עם אוכמניות 5*40גר,,,ש.שועל עם אוכמניות 5,גרמים,200.00,100 גרם,false,1,14.60,7.30,true,1,
4607016243221,false,ש.שועל עם תפוח 5*40גר,,,ש.שועל עם תפוח 5*40ג,גרמים,200.00,100 גרם,false,1,14.60,7.30,true,1,
4607016245171,false,דייסה שיבולת שועל אסורטי 5 טעמים 200 ג,,RU,דייסה שיבולת שועל אס,גרמים,200.00,100 גרם,false,1,13.90,6.95,true,1,
4607016245324,false,אובלקה תערובת 4 דגנים 350 גר,,,אובלקה תערובת 4 דגני,גרמים,350.00,100 גרם,false,1,7.90,2.26,true,1,
4607016245348,false,פתיתי 5 דגנים דקים 350 ג אובלקה,,,פתיתי 5 דגנים דקים 3,גרמים,350.00,100 גרם,false,1,7.90,2.26,true,1,
4607016245430,false,דגנים-תערובת 6 דגנים 350 גרם אובלקה,,,דגנים-תערובת 6 דגנים,גרמים,350.00,100 גרם,false,1,9.90,2.83,true,1,
4607016245461,false,גריסי חיטה 5*80 גר,,,גריסי חיטה 5*80 גר,גרמים,400.00,100 גרם,false,1,10.90,2.73,true,1,
4607016245478,false,דוחן 5*80 גרם,,,דוחן 5*80 גרם,גרמים,400.00,100 גרם,false,1,10.90,2.73,true,1,
4607016245485,false,תבשיל כוסמת אובלקה 5*80 גר,,,תבשיל כוסמת אובלקה 5,גרמים,400.00,100 גרם,false,1,12.90,3.23,true,1,
4607016245508,false,גריסי שעורה 5*80 גרם,,,גריסי שעורה 5*80 גרם,גרמים,400.00,100 גרם,false,1,9.90,2.48,true,1,
4607016245522,false,קטניות עדשים 5*80 גרם אובלקה,,,קטניות עדשים 5*80 גר,גרמים,400.00,100 גרם,false,1,15.90,3.98,true,1,
4607016245584,false,דגנים - פתיתי כוסמת 400 גר אובלקה,,,דגנים - פתיתי כוסמת,גרמים,400.00,100 גרם,false,1,16.90,4.23,true,1,
4607016245782,false,דייסת ש.שועל עם ענבי שועל שחורים 5*40גר,,,דייסת ש.שועל עם ענבי,גרמים,200.00,100 גרם,false,1,14.60,7.30,true,1,
4607016245799,false,דייסה ש.שועל עם ענבי שועל 40 גר אובלקה,,,דייסה ש.שועל עם ענבי,גרמים,40.00,100 גרם,false,1,2.90,7.25,true,1,
4607016245805,false,דייסת ש.שועל עם תערובת פירות יער 5*40גר,,,דייסת ש.שועל עם תערו,גרמים,200.00,100 גרם,false,1,14.60,7.30,true,1,
4607016246031,false,פתיתי שיבולת שועל דקים להכנה מיידית 500ג,,RU,פתיתי שיבולת שועל דק,מיליליטרים,500.00,"100 מ""ל",false,1,9.90,1.98,true,1,
4607016248448,false,דייסה שיבולת שועל עם בננה ותות שדה 200 ג,,RU,דייסה שיבולת שועל עם,גרמים,200.00,100 גרם,false,1,13.90,6.95,true,1,
4607016310169,false,רוטב עגבנ.ביתי קינטו 300 גרם SAZIBELI,,,רוטב עגבנ.ביתי קינטו,גרמים,300.00,100 גרם,false,1,15.90,5.30,true,1,
4607016310251,false,רוטב קלאסי קינטו 300 גרם TKEMALI,,,רוטב קלאסי קינטו 300,גרמים,300.00,100 גרם,false,1,20.90,6.97,true,1,
4607016310275,false,רוטב ששליק קינטו 300 גרם TKEMALI,,,רוטב ששליק קינטו 300,גרמים,300.00,100 גרם,false,1,20.90,6.97,true,1,
4607016418322,false,דובשניות עם מילוי בטעם תות שדה 500 גר,,,דובשניות עם מילוי בט,גרמים,500.00,100 גרם,false,1,16.90,3.38,true,1,
4607016419060,false,דובשניות עם מילוי בטעם ריבת חלב 500 גר,,,דובשניות עם מילוי בט,גרמים,500.00,100 גרם,false,1,16.90,3.38,true,1,
4607017090350,false,מים מינרלים יסנטוקי מס 17 1.5 ליטר,,RU,מים מינרלים יסנטוקי,ליטרים,0.00,ליטר,false,1,12.90,12.90,true,1,
4607018271727,false,בלינצס במילוי תות 360 גרם,,,בלינצס במילוי תות,גרמים,360.00,100 גרם,false,1,15.90,4.42,true,1,
4607018271765,false,בלינצס במילוי גבינה לבנה 360 גר,,,בלינצס במילוי גבינה,גרמים,360.00,100 גרם,false,1,12.50,3.47,true,1,
4607018271819,false,בלינצס ללא מילוי 450 גרם,,,בלינצס ללא מילוי 450,גרמים,450.00,100 גרם,false,1,15.60,3.47,true,1,
4607018272885,false,פנקייק עם צימוקים 280 גר,,RU,פנקייק עם צימוקים,גרמים,280.00,100 גרם,false,1,12.90,4.61,true,1,
4607018275183,false,"כיסונים במילוי תפו""א סיטיי פפה 450 גר",,,"כיסונים במילוי תפו""א",גרמים,450.00,100 גרם,false,1,13.90,3.09,true,1,
4607018275190,false,"כיסונים במילוי תפו""א ופטריות 450 גר",,,"כיסונים במילוי תפו""א",גרמים,450.00,100 גרם,false,1,13.90,3.09,true,1,
4607024891797,false,צנימים בקון 100 גרם 3 KOROCHKI,,,צנימים בקון 100 גרם,גרמים,100.00,100 גרם,false,1,5.20,5.20,true,1,
4607024891827,false,צנימים חולודץ 100 גרם 3 KOROCHKI,,,צנימים חולודץ 100 גר,גרמים,100.00,100 גרם,false,1,5.20,5.20,true,1,
4607025280026,false,קמח חיטה 1 קג,,,"קמח חיטה 1 ק""ג",גרמים,1000.00,100 גרם,false,1,10.90,1.09,true,1,
4607026342341,false,"יין מבעבע ""אבראו דורסו"" חצי מתוק 750 מל",,RU,"יין מבעבע ""אבראו דור",מיליליטרים,750.00,"100 מ""ל",false,1,41.90,5.59,true,1,
4607026342495,false,"יין מבעבע ""אבראו דורסו"" ברוט 750 מ""ל",,RU,"יין מבעבע ""אבראו דור",מיליליטרים,750.00,"100 מ""ל",false,1,41.90,5.59,true,1,
4607026342761,false,"יין מבעבע ""אבראו דורסו"" חצי יבש 750 מ",,RU,"יין מבעבע ""אבראו דור",מיליליטרים,750.00,"100 מ""ל",false,1,41.90,5.59,true,1,
4607026530212,false,יורוסטנדרט כוסמת 900,אגרופרודקט,RU,כוסמת 900 גרם,גרמים,900.00,100 גרם,false,1,11.90,1.32,true,1,
4607029348166,false,סט עוגות אישיות מוראוויניק 420 גרם Muroveinik,,,סט עוגות אישיות אישי,גרמים,420.00,100 גרם,false,1,25.90,6.17,true,1,
4607030068442,false,צנימים עם סוכר קלאסי 300 גר,,,צנימים עם סוכר קלאסי,גרמים,300.00,100 גרם,false,1,16.90,5.63,true,1,
4607030830490,false,פופקורן בטעם חמאה 99 גרם,,LV,פופקורן בטעם חמאה 99,גרמים,99.00,100 גרם,false,1,4.50,4.55,true,1,
4607030830520,false,פופקורן עם מלח 99 גרם,,LV,פופקורן עם מלח 99 גר,גרמים,99.00,100 גרם,false,1,4.50,4.55,true,1,
4607032239963,false,"ברנדי גולדן רזרב 500 מ""ל",,,ברנדי גולדן רזרב 500,מיליליטרים,500.00,"100 מ""ל",false,1,64.90,12.98,true,1,
4607035190711,false,תיבול אוניברסל לכל מנות 1-2 200 גרם,,,תיבול אוניברסל לכל מ,גרמים,200.00,100 גרם,false,1,9.80,4.90,true,1,
4607035191671,false,תיבול אוניברסל 200 מנות 200 גרם,,,תיבול אוניברסל 200 מ,גרמים,200.00,100 גרם,false,1,8.90,4.45,true,1,
4607037431164,false,זפיר בטעם חמאה 420 גרם NEVA,,,זפיר בטעם חמאה 420 ג,גרמים,420.00,100 גרם,false,1,19.90,4.74,true,1,
4607037431188,false,זפיר מצופה שוקולד 450 גר,,,זפיר מצופה שוקולד 45,גרמים,450.00,100 גרם,false,1,27.90,6.20,true,1,
4607037431218,false,זפיר קרם ברלה 420 גרם NEVA,,,זפיר קרם ברלה 420 גר,גרמים,420.00,100 גרם,false,1,19.90,4.74,true,1,
4607037431225,false,זפיר ורוד-לבן 420 גרם NEVA,,,זפיר ורוד-לבן 420 גר,גרמים,420.00,100 גרם,false,1,19.90,4.74,true,1,
4607037431263,false,זפיר בטעם ריבת חלב 420 גרם NEVA,,,זפיר בטעם ריבת חלב 4,גרמים,420.00,100 גרם,false,1,19.90,4.74,true,1,
4607037431300,false,זפיר וניל 420 גרם NEVA,,,זפיר וניל 420 גרם NE,גרמים,420.00,100 גרם,false,1,19.90,4.74,true,1,
4607037437296,false,פסטילה וניל 200 גרם NEVA,,,פסטילה וניל 200 גרם,גרמים,200.00,100 גרם,false,1,11.90,5.95,true,1,
4607037437616,false,פסטילה לבן-ורוד 200 גרם NEVA,,RU,פסטילה לבן ורוד 200,גרמים,200.00,100 גרם,false,1,9.90,4.95,true,1,
4607037437647,false,זפיר חמוציות 420 גרם NEVA,,,זפיר חמוציות 420 גרם,גרמים,420.00,100 גרם,false,1,19.90,4.74,true,1,
4607037437777,false,זפיר ותפוח 420 גרם NEVA,,,זפיר ותפוח 420 גרם N,גרמים,420.00,100 גרם,false,1,19.90,4.74,true,1,
4607037437807,false,זיפיר ורוד לבן 800 גר ניבה,,,זיפיר ורוד לבן 800 ג,גרמים,800.00,100 גרם,false,1,34.90,4.36,true,1,
4607037437852,false,זיפיר ניבה 800 SLIVOCHNI,,,זיפיר ניבה 800 SLIV,גרמים,800.00,100 גרם,false,1,34.90,4.36,true,1,
4607037437906,false,זיפיר וניל ומצופה שוקולד 900 גר,,,זיפיר וניל ומצופה שו,גרמים,900.00,100 גרם,false,1,46.90,5.21,true,1,
4607037439535,false,פסטילה וניל דושחבתי עם מרמלד 240 גר NEVA,,,פסטילה וניל דושחבתי,גרמים,240.00,100 גרם,false,1,12.90,5.38,true,1,
4607038061018,false,שימור דג גרבושה 250 גרם,,RU,שימור דג גרבושה טבעי,גרמים,250.00,100 גרם,false,1,14.60,5.84,true,1,
4607041230630,false,צנימים בטעם וניל 250 גרם POSOLSKIE,,,צנימים בטעם וניל 250,גרמים,250.00,100 גרם,false,1,8.90,3.56,true,1,
4607041230647,false,צנימים עם צימוקים 250 גרם POSOLSKIE,,,צנימים עם צימוקים 25,גרמים,250.00,100 גרם,false,1,8.90,3.56,true,1,
4607041230852,false,צנימים עם צימוקים וסוכר 300 גר POSOLSKIE,,,צנימים עם צימוקים וס,גרמים,300.00,100 גרם,false,1,11.40,3.80,true,1,
4607041232641,false,צנימים בטעם וניל 300 גר POSOLSKIE,,RU,צנימים בטעם וניל 300,גרמים,300.00,100 גרם,false,1,11.40,3.80,true,1,
4607041232665,false,צנימים עם צימוקים 300 גר POSOLSKIE,,RU,צנימים עם צימוקים 30,גרמים,300.00,100 גרם,false,1,11.40,3.80,true,1,
4607041232689,false,כעכים עם פרג 200 גרם MALUTKA,,,כעכים עם פרג 200 גרם,גרמים,200.00,100 גרם,false,1,5.90,2.95,true,1,
4607041232764,false,כעכים בטעם וניל 200 ג'-POSOLSKI CHELNOCHEK,,,כעכים וניל 200 גרם M,גרמים,200.00,100 גרם,false,1,5.90,2.95,true,1,
4607041232979,false,צנימים עם צימוקים 250 גרם POSOLSKIE,,RU,צנימים עם צימוקים 25,גרמים,250.00,100 גרם,false,1,8.90,3.56,true,1,
4607041310035,false,גרעיני חמניות קלויים 300 גרם,,,גרעיני חמניות קלויים,גרמים,300.00,100 גרם,false,1,17.90,5.97,true,1,
4607041310660,false,גרעיני חמניות קלויים בוגטירי 250 גר,,RU,גרעיני חמניות קלויים,גרמים,250.00,100 גרם,false,1,17.90,7.16,true,1,
4607051150478,false,תה שחור הודי בשקיות בשקיות חזק 100 גר,,,תה שחור הודי בשקיות,גרמים,100.00,100 גרם,false,1,18.50,18.50,true,1,
4607051158221,false,תה ארל גריי 20 שקיקים CURTIS,,,תה ארל גריי 20 שקיקי,Unknown,0.00,Unknown,false,1,12.90,12.90,true,1,
4607051158269,false,תה 20 שקיקים 34 גר LEMON CURTIS,,,תה 20 שקיקים 34 גר L,Unknown,0.00,Unknown,false,1,12.90,12.90,true,1,
4607051158481,false,תה 34 גר MOJITO CURTIS,,,תה 34 גר MOJITO CURT,Unknown,0.00,Unknown,false,1,12.90,12.90,true,1,
4607051158672,false,תה פירות יער 20 שקיקים CURTIS,,,תה פירות יער 20 שקיק,Unknown,0.00,Unknown,false,1,12.90,12.90,true,1,
4607054450810,false,גרעיני חמניות סטניצניה עם מלח 20 גרם,,,גרעיני חמניות סטניצנ,גרמים,200.00,100 גרם,false,1,12.40,6.20,true,1,
4607054450865,false,גרעינים סטניצניה 400 גר XXL,,,גרעינים סטניצניה 400,גרמים,400.00,100 גרם,false,1,27.80,6.95,true,1,
4607054450988,false,גרעיני דלעת קלויים עם מלח סטאניצניי 200,,,גרעיני דלעת קלויים,גרמים,200.00,100 גרם,false,1,29.90,14.95,true,1,
4607054451718,false,"גרעינים 230 גר ""VOLK*",,,"גרעינים 230 גר ""VOLK",גרמים,230.00,100 גרם,false,1,12.00,5.22,true,1,
4607054451732,false,גרעינים 400 גר VOLK XXL,,,גרעינים 400 גר VOLK,גרמים,400.00,100 גרם,false,1,18.90,4.73,true,1,
4607054451831,false,גרעינים עם מלח 200 גר *VOLK*,,,גרעינים עם מלח 200 ג,גרמים,230.00,100 גרם,false,1,12.00,5.22,true,1,
4607054452319,false,גרעינים דלעת טמבווסקיי וולק 200 גרם,,RU,גרעינים דלעת טמבווס,גרמים,200.00,100 גרם,false,1,23.90,11.95,true,1,
4607054452371,false,גרעינים חמניות קלויים סטוניצניה 250 גרם,,,גרעינים חמניות קלויי,גרמים,250.00,100 גרם,false,1,18.90,7.56,true,1,
4607054452395,false,גרעיני דלעת קלויים 200 גרם,,RU,גרעיני דלעת 200 גר P,גרמים,200.00,100 גרם,false,1,23.90,11.95,true,1,
4607054452579,false,"גרעיני קלויים ומלוחים ""פשוט טעים"" 400 גר",,RU,גרעיני קלויים ומלוחי,גרמים,400.00,100 גרם,false,1,23.90,5.98,true,1,
4607065411312,false,פטריות אופיאטה פוסולסקי דבור 680 גר,,CN,פטריות אופיאטה פוסול,גרמים,680.00,100 גרם,false,1,16.70,2.46,true,1,
4607065411329,false,פטריות מסליאטה פוסולסקי דבור 680 גר,,CN,פטריות מסליאטה פוסול,גרמים,680.00,100 גרם,false,1,16.70,2.46,true,1,
4607065411343,false,פטריות אסורטי פוסולסקי דבור 680 גר,,CN,פטריות אסורטי פוסולס,גרמים,680.00,100 גרם,false,1,16.70,2.46,true,1,
4607065411398,false,פטריות שייטקי פוסולסקי דבור 680 גר,,CN,פטריות שייטקי פוסולס,גרמים,680.00,100 גרם,false,1,16.70,2.46,true,1,
4607065580070,false,איטריות להכנה מהירה קויסטי בקר 70 גר קוי,,,איטריות להכנה מהירה,גרמים,70.00,100 גרם,false,1,3.50,5.00,true,1,
4607065580087,false,איטריות להכנה מהירה קויסטי עוף 70 גר קוי,,,תבשיל אטריות להכנה מ,Unknown,0.00,Unknown,false,1,3.50,3.50,true,1,
4607065580094,false,תבשיל אטריות פטריות 70 ג DOSHIRAK QUISTY,,UA,תבשיל אטריות פטריות,גרמים,70.00,100 גרם,false,1,3.50,5.00,true,1,
4607065580193,false,דושירק בטעם טלה 90 גרם,,,דושירק בטעם טלה 90 ג,גרמים,90.00,100 גרם,false,1,9.90,11.00,true,1,
4607065580216,false,דושירק בטעם בקר 90 גרם,,,מרק דושירק בטעם בקר,גרמים,90.00,100 גרם,false,1,9.90,11.00,true,1,
4607065580223,false,דושירק בטעם עוף 90 גרם,,,דושירק בטעם עוף 90 ג,גרמים,90.00,100 גרם,false,1,9.90,11.00,true,1,
4607065580230,false,דושירק בטעם פטריות 90 גרם,,,דושירק בטעם פטריות 9,גרמים,90.00,100 גרם,false,1,9.90,11.00,true,1,
4607065580247,false,דושירק בטעם בקון 90 גר,,,דושירק בטעם בקון 90,גרמים,90.00,100 גרם,false,1,9.90,11.00,true,1,
4607065580353,false,מרק דושירק בטעם קימצי 90 גר,,,מרק דושירק בטעם קימצ,Unknown,0.00,Unknown,false,1,9.90,9.90,true,1,
4607065580575,false,תבשיל אטריות להכנה מהירה בטעם בקר 110 גר,,,תבשיל אטריות להכנה מ,גרמים,110.00,100 גרם,false,1,11.90,10.82,true,1,
4607065580643,false,"מרק תפו""א בטעם עוף 30 גר DOSHIRAK",,UA,"מרק תפו""א בטעם עוף 3",גרמים,30.00,100 גרם,false,1,5.90,19.67,true,1,
4607065580650,false,"מרק תפו""א בטעם גבינה 30 גר DOSHIRAK",,UA,"מרק תפו""א בטעם גבינה",גרמים,30.00,100 גרם,false,1,5.90,19.67,true,1,
4607065580902,false,תבשיל אטריות להכנה מהירה בטעםפירות ים 90,,,תבשיל אטריות להכנה מ,גרמים,90.00,100 גרם,false,1,9.90,11.00,true,1,
4607067934055,false,גלידת מצופה שוקולד עם שביי שקדים 80 גר,,RU,גלידת מצופה שוקולד ע,גרמים,80.00,100 גרם,false,1,6.90,8.63,true,1,
4607067935175,false,גלידת מצופה שוקולד עם שביי פיסטוק 80 גר,,RU,גלידת מצופה שוקולד ע,גרמים,80.00,100 גרם,false,1,6.90,8.63,true,1,
4607067937537,false,גלידה כוס פלומביר פילבסקי 90 גר,,,גלידה כוס פלומביר פי,גרמים,90.00,100 גרם,false,1,6.90,7.67,true,1,
4607067937551,false,גלידה כוס פלומביר פילבסקי שוקולד 90 גר,,,גלידה כוס פלומביר פי,גרמים,90.00,100 גרם,false,1,6.90,7.67,true,1,
4607084351385,false,עוגיות 360 גרם CHOCO-PIE,,RU,עוגיות 360 גרם CHOCO,גרמים,360.00,100 גרם,false,1,15.90,4.42,true,1,
4607084411034,false,לוביו סלט שעועית אדומה אבחזי 510 גר EKO,,RU,לוביו סלט שעועית אדו,גרמים,510.00,100 גרם,false,1,13.90,2.73,true,1,
4607084419375,false,שעועית לבנה עם פטריות בסגנון יווני 510ג,,RU,שעועית לבנה עם פטריו,גרמים,510.00,100 גרם,false,1,13.90,2.73,true,1,
4607084419382,false,חצילים מטוגנים בסגנון הונגרי 480 גר EKO,,RU,חצילים מטוגנים בסגנו,גרמים,480.00,100 גרם,false,1,13.90,2.90,true,1,
4607084419955,false,סלט ירקות יסיצילאיני 500 גר EKO,,RU,סלט ירקות יסיצילאיני,גרמים,500.00,100 גרם,false,1,13.90,2.78,true,1,
4607084419986,false,סלט כרוב לבן עם פטריות בסגנון ציכי 480,,RU,סלט כרוב לבן עם פטרי,גרמים,480.00,100 גרם,false,1,13.90,2.90,true,1,
4607117890690,false,סוכריות רומשקי 250 גרם,,,סוכריות רומשקי 250 ג,גרמים,250.00,100 גרם,false,1,14.90,5.96,true,1,
4607117890713,false,פרלין קראסני מאק 250 גרם,,,פרלין קראסני מאק 250,גרמים,250.00,100 גרם,false,1,19.80,7.92,true,1,
4607117890973,false,סוכריות בטונציק רוט - פרונט 250 גרם,,,סוכריות בטונציק רוט,גרמים,250.00,100 גרם,false,1,17.70,7.08,true,1,
4607117891017,false,סוכריות זולוטוי קלוציק 250 גרם,,,סוכריות זולוטוי קלוצ,גרמים,250.00,100 גרם,false,1,12.90,5.16,true,1,
4607117891802,false,סוכריות קראקום 250 גרם,,,סוכריות קראקום 250 ג,גרמים,250.00,100 גרם,false,1,19.90,7.96,true,1,
4607132821518,false,חלבה חמניות עם בוטנים TIMOSHA,,RU,חלבה חמניות עם בוטני,גרמים,250.00,100 גרם,false,1,8.50,3.40,true,1,
4607132826094,false,קוזינקי 150 גרם MISHKINO SHASTIE,,,קוזינקי 150 גרם MISH,גרמים,150.00,100 גרם,false,1,5.90,3.93,true,1,
4607135892317,false,עוגת וופל מישקה 250 גר,,,עוגת וופל מישקה 250,גרמים,250.00,100 גרם,false,1,17.90,7.16,true,1,
4607144732468,false,עוגיות קורובקה חלב 375 גרם,,,עוגיות קורובקה חלב 3,גרמים,375.00,100 גרם,false,1,15.90,4.24,true,1,
4607144733502,false,זפיר סלדקיי איסטוריי עם תות 250 גר,,,זפיר סלדקיי איסטוריי,גרמים,250.00,100 גרם,false,1,13.90,5.56,true,1,
4607144733526,false,זפיר סלדקיי איסטוריי קרם ברולה 250 גרם,,,זפיר סלדקיי איסטוריי,גרמים,250.00,100 גרם,false,1,13.90,5.56,true,1,
4607144733625,false,זפיר סלדקיי איסטוריי עם חמוציות 250 גר,,,זפיר סלדקיי איסטוריי,גרמים,250.00,100 גרם,false,1,13.90,5.56,true,1,
4607144734370,false,עוגיות קורובקה סוכר בטעם חלב 375 גר,,,עוגיות קורובקה סוכר,גרמים,375.00,100 גרם,false,1,13.90,3.71,true,1,
4607144734387,false,עוגיות קורובקה עם חלב מרוכז 375 גר,,,עוגיות קורובקה עם חל,גרמים,375.00,100 גרם,false,1,13.90,3.71,true,1,
4607167190115,false,"ריבה אימפריה גימוב פטל 1 ק""ג",,,ריבה אימפריה גימוב פ,גרמים,1000.00,100 גרם,false,1,39.90,3.99,true,1,
4607931605210,false,"משקה דיושס 500 מ""ל",,,משקה דיושס 500 מל,מיליליטרים,500.00,"100 מ""ל",false,1,9.90,1.98,true,1,
4607931605227,false,"משקה טרחון 500 מ""ל",,,משקה טרחון 500 מל,מיליליטרים,500.00,"100 מ""ל",false,1,9.90,1.98,true,1,
4607931605234,false,"משקה לימונד 500 מ""ל",,,משקה לימונד 500 מל,מיליליטרים,500.00,"100 מ""ל",false,1,9.90,1.98,true,1,
4607931605654,false,"משקה מוחיטו 500 מ""ל",,,משקה מוחיטו 500 מל,מיליליטרים,500.00,"100 מ""ל",false,1,9.90,1.98,true,1,
4610018570073,false,קוויאר בפחית 95 גר,,,קוויאר בפחית 95 גר,גרמים,95.00,100 גרם,false,1,37.90,39.89,true,1,
4610028891724,false,ריבה חבושים 440 גר ZOLOTOI UROJAI,,AM,ריבה חבושים 440 גר Z,גרמים,440.00,100 גרם,false,1,16.90,3.84,true,1,
4610028891748,false,ריבה תאנים 440 גר ZOLOTOI UROJAI,,AM,ריבה תאנים 440 גר ZO,גרמים,440.00,100 גרם,false,1,16.90,3.84,true,1,
4610028891823,false,ריבה אגוזי מלך 440 גר ZOLOTOI UROJAI,,AM,ריבה אגוזי מלך 440 ג,גרמים,440.00,100 גרם,false,1,17.90,4.07,true,1,
4610082660045,false,שוקולד מריר עם אגוזי לוז וסטוויה 90 ג,,,שוקולד מריר עם אגוזי,גרמים,90.00,100 גרם,false,1,11.90,13.22,true,1,
4610082660069,false,שוקולד מריר עם שקדים וסטוויה 90 ג,,,שוקולד מריר עם שקדים,גרמים,90.00,100 גרם,false,1,11.90,13.22,true,1,
4610082660731,false,"סוכריות טראפל שוקולד ללת""ס 150 גר",,,סוכריות טראפל שוקולד,גרמים,150.00,100 גרם,false,1,15.90,10.60,true,1,
4610082860124,false,פתיתי 5 דגנים עם משמש 240 גרם,,,פתיתי 5 דגנים עם משמ,גרמים,240.00,100 גרם,false,1,13.90,5.79,true,1,
4620004252074,false,מרמלד גלי בטעם דובדבן 300 גרם AZ,AZOV,RU,ממתקי גלי דובדבן חמו,גרמים,300.00,100 גרם,false,1,13.90,4.63,true,1,
4620004252098,false,מרמלד גלי בטעם לימון 300 גרם AZ,AZOV,RU,ממתקי גלי לימון 300,גרמים,300.00,100 גרם,false,1,13.90,4.63,true,1,
4620004252678,false,ממתקי גלי פירות אסורטי 300 גר AZOV,,RU,ממתקי גלי פירות אסור,גרמים,300.00,100 גרם,false,1,13.90,4.63,true,1,
4620004252685,false,ממתקי גלי תפוז 300 גר AZOV,,RU,ממתקי גלי תפוז 300 ג,גרמים,300.00,100 גרם,false,1,13.90,4.63,true,1,
4620008992877,false,"וודקה פרבק ביתית חיטה 700 מ""ל",,,וודקה פרבק ביתית חיט,מיליליטרים,700.00,"100 מ""ל",false,1,57.20,8.17,true,1,
4620015850269,false,תה הודי נסישני 100 גר,,,תה הודי נסישני 100 ג,גרמים,200.00,100 גרם,false,1,18.50,9.25,true,1,
4620015850351,false,תה ירוק 36 גרם HUGO COCTAIL CURTIS,,,תה ירוק 36 גרם HUGO,Unknown,0.00,Unknown,false,1,12.90,12.90,true,1,
4620015850603,false,תה ירוק ריצירד רויאל 2*100 שקי 200 גר,,RU,תה ירוק ריצירד רויאל,גרמים,200.00,100 גרם,false,1,19.90,9.95,true,1,
4620015850719,false,תה שחור רויאל לוב ריצירד 80 גר,,,תה שחור רויאל לוב,Unknown,0.00,Unknown,false,1,34.90,34.90,true,1,
4620015851044,false,תה ירוק כורטיס פיטיה לבנה 20 שקיקים,,,תה ירוק כורטיס פיטיה,Unknown,0.00,Unknown,false,1,12.90,12.90,true,1,
4620015851068,false,תה שחור 20 שקיקים 36 גר TRUFFLE CURTIS,,,תה שחור 20 שקיקים 36,Unknown,0.00,Unknown,false,1,12.90,12.90,true,1,
4620015851082,false,תה שחור RICHARD* EARL GREY,,RU,תה שחור RICHARD* E,גרמים,200.00,100 גרם,false,1,19.90,9.95,true,1,
4620015851679,false,תה שחור ריצירד 300 גר ROYAL CEYLON,,RU,תה שחור ריצירד 300 ג,גרמים,300.00,100 גרם,false,1,69.90,23.30,true,1,
4620015851778,false,תה שחור RICHARD* ENG.BREAKFAST*,,RU,תה שחור RICHARD* ENG,גרמים,200.00,100 גרם,false,1,19.90,9.95,true,1,
4620015851860,false,תה שחור ריצירד רויאל מיס גראי 20 שקיקים,,,תה שחור ריצירד רויאל,Unknown,0.00,Unknown,false,1,12.90,12.90,true,1,
4620015851877,false,תה שחור ריצירד רויאל צילון 20 שקיקים,,,תה שחור ריצירד רויאל,Unknown,0.00,Unknown,false,1,12.90,12.90,true,1,
4620015851884,false,תה ירוק ריצירד רויאל ליימ מינט 20 שקיקים,,,תה ירוק ריצירד רויאל,Unknown,0.00,Unknown,false,1,12.90,12.90,true,1,
4620015852553,false,תה שחור כורטיס פירות יער כחול בלוז 20 שק,,,תה שחור כורטיס,Unknown,0.00,Unknown,false,1,12.90,12.90,true,1,
4620015852966,false,תה שחור ריצירד 20 שקיקים GRAPE ROYAL,,RU,תה שחור ריצירד 20 שק,Unknown,0.00,Unknown,false,1,12.90,12.90,true,1,
4620015852973,false,תה פירות ריצירד 20 שקיקים ROYAL RED,,RU,תה פירות ריצירד 20 ש,Unknown,0.00,Unknown,false,1,12.90,12.90,true,1,
4620015852980,false,תה ירוק ריצירד 20 שקיקים ROYAL MILK OOL,,RU,תה ירוק ריצירד 20 שק,Unknown,0.00,Unknown,false,1,12.90,12.90,true,1,
4620015854700,false,תה ריצרד 54.4 גרם ROYAL CHESS,,,תה ריצרד 54.4 גרם,גרמים,54.00,100 גרם,false,1,44.90,83.15,true,1,
4620015854915,false,תה ריצרד 230 גרם ROYAL,,RU,תה ריצרד 230 גרם R,גרמים,230.00,100 גרם,false,1,59.90,26.04,true,1,
4620016960356,false,תערובת תבליני לתפוח אדמה פריפרבקה 15 גר,,,תערובת תבליני לתפוח,Unknown,0.00,Unknown,false,1,3.90,3.90,true,1,
4620016960417,false,תערובת תבלין לפלוב פריפרבקה 15 גר,,,תבלין לפלוב 30 גר פר,Unknown,0.00,Unknown,false,1,3.90,3.90,true,1,
4620016960424,false,תבלין לדגים פריפרבקה 15 גר,,,תבלין לדגים פריפרבקה,Unknown,0.00,Unknown,false,1,3.90,3.90,true,1,
4620032651207,false,גלידת וניל בגביע מילוי ריבת חלב 100 גר,,RU,גלידת וניל בגביע מיל,גרמים,100.00,100 גרם,false,1,6.90,6.90,true,1,
4623720616311,false,ממתקים מוקצפים פירות מעורבים 420 גר,,,ממתקים מוקצפים פירות,גרמים,420.00,100 גרם,false,1,14.90,3.55,true,1,
4623721523458,false,ממתקים מוקצפים בטעם שמנת 420 גר,,,ממתקים מוקצפים בטעם,גרמים,420.00,100 גרם,false,1,14.90,3.55,true,1,
4623721717444,false,"ממתקים מוקצפים בטעם ת""ע ירוק 420 גר",,,ממתקים מוקצפים בטעם,גרמים,420.00,100 גרם,false,1,14.90,3.55,true,1,
4630007672533,false,"ממתק אגוזי מלך מצופה בשוקולד מריר 1 ק""ג",,,ממתק אגוזי מלך מצופה,גרמים,1000.00,100 גרם,false,1,73.50,7.35,true,1,
4630037252194,false,"קוב וינו מבעבע לבן יבש ברוט 750 מ""ל",,,קוב וינו מבעבע לבן י,מיליליטרים,750.00,"100 מ""ל",false,1,29.90,3.99,true,1,
4630037252217,false,"קוב וינו מבעבע לבן חצי מתוק 750 מ""ל",,,קוב וינו מבעבע לבן ח,מיליליטרים,750.00,"100 מ""ל",false,1,29.90,3.99,true,1,
4630037252224,false,"קוב וינו מבעבע רוזה חצי מתוק 750 מ""ל",,,קוב וינו מבעבע רוזה,מיליליטרים,750.00,"100 מ""ל",false,1,29.90,3.99,true,1,
4630038370828,false,עגבניות כבושות במלח דוד וניה 950 גר,,,עגבניות כבושות במלח,גרמים,950.00,100 גרם,false,1,19.90,2.09,true,1,
4630049326746,false,"שמן חמניות בראביטה 870 מ""ל",,,שמן חמניות בראביטה 8,מיליליטרים,870.00,"100 מ""ל",false,1,13.90,1.60,true,1,
4640001890031,false,סודה לשתייה 500 גר,,,סודה לשתייה 500 גר,גרמים,500.00,100 גרם,false,1,10.90,2.18,true,1,
4640013601007,false,ונילין 1.5 גר פרסטון,אריקון,RU,ונילין 1.5 גר פרסטון,Unknown,0.00,Unknown,false,1,1.00,1.00,true,1,
4640013601069,false,אבקת אפיה 12 גר פרסטון,אריקון,RU,אבקת אפיה 12 גר פרסט,גרמים,12.00,100 גרם,false,1,3.90,32.50,true,1,
4640018993343,false,פיניש קוואנטום קפסולות ג'ל למדיח כלים 30 יח',רקיט בנקיזר,PL,טבליות למדיח פיניש ק,Unknown,0.00,Unknown,false,1,34.90,34.90,true,1,
4640018993350,false,פיניש קוואנטום קפסולות ג'ל למדיח כלים לימון 30 יח',רקיט בנקיזר,PL,טבליות למדיח פיניש ק,Unknown,0.00,Unknown,false,1,34.90,34.90,true,1,
4640174750118,false,קטשופ עם שום בלטימור,,,קטשופ עם שום בלטימור,Unknown,1.00,Unknown,false,1,6.50,6.50,true,1,
4640174750156,false,קטשופ עם בצל בלטימור,,,קטשופ עם בצל בלטימור,Unknown,1.00,Unknown,false,1,6.50,6.50,true,1,
4650056310217,false,שימורי כרוב ים 220 גרם,,,שימורי כרוב ים 220,גרמים,220.00,100 גרם,false,1,5.50,2.50,true,1,
4660011134529,false,עוגה שלושה שוקולדים 800 גרם,,,עוגה שלושה שוקולדים,גרמים,800.00,100 גרם,false,1,79.90,9.99,true,1,
4660011135120,false,סט עוגות אישיות אישיות ריבת חלב 300 גרם,,,סט עוגות אישיות אישי,גרמים,300.00,100 גרם,false,1,25.90,8.63,true,1,
4660013940456,false,שוקולד מריר 55% פובדה 250 גר,,RU,שוקולד מריר 55% פובד,גרמים,250.00,100 גרם,false,1,14.90,5.96,true,1,
4660013940463,false,שוקולד מריר 50% פובדה 250 גר,,RU,שוקולד מריר 50% פובד,גרמים,250.00,100 גרם,false,1,14.90,5.96,true,1,
4660013945703,false,שוקולד חלב ללא סוכר עם סטוויה 100 גר,,RU,שוקולד חלב ללא סוכר,גרמים,100.00,100 גרם,false,1,11.90,11.90,true,1,
4660013949480,false,סט ממתקים מתנה משושה 150 גר,,RU,סט ממתקים מתנה משושה,גרמים,150.00,100 גרם,false,1,17.90,11.93,true,1,
4660013949534,false,בונבוניירה שוקולד מתנת כריסטמס 500 גר,,RU,בונבוניירה שוקולד מת,גרמים,500.00,100 גרם,false,1,39.90,7.98,true,1,
4660013949961,false,סוכריות מסקה במשקל,,,סוכריות קבוצת 6 במשק,Unknown,0.00,"ק""ג",true,0,120.00,120.00,true,1,
4680009730021,false,דובשניות סחרניה בטעם וניל 500 גר BKK,,RU,דובשניות סחרניה בטעם,גרמים,500.00,100 גרם,false,1,13.90,2.78,true,1,
4680009730045,false,דובשניות סחרניה בטעם דבש 500 גר BKK,,RU,דובשניות סחרניה בטע,גרמים,500.00,100 גרם,false,1,13.90,2.78,true,1,
4680009731318,false,בייגל מלוטקה 500 גר BKK,,,בייגל מלוטקה 500 גר,גרמים,500.00,100 גרם,false,1,13.90,2.78,true,1,
4680009734395,false,בייגל בטעם וניל 500 גר BKK,,,בייגל בטעם וניל 500,גרמים,500.00,100 גרם,false,1,13.90,2.78,true,1,
4680009734432,false,בייגל עם פרג 500 גר BKK,,,בייגל עם פרג 500 גר,גרמים,500.00,100 גרם,false,1,14.90,2.98,true,1,
4680036910212,false,"בירה קראפט 450 מ""ל BLANSH DE MAZAJ",,RU,"בירה קראפט 450 מ""ל B",מיליליטרים,450.00,"100 מ""ל",false,1,13.50,3.00,true,1,
4680036910298,false,"בירה זיגולי 900 מ""ל",,,"בירה זיגולי 900 מ""ל",מיליליטרים,900.00,"100 מ""ל",false,1,17.50,1.94,true,1,
4680036912940,false,"בירה גיגולי 0.5% אלכוהול 450 מל"" פחית",,RU,בירה גיגולי 0.5% אלכ,מיליליטרים,450.00,"100 מ""ל",false,1,7.90,1.76,true,1,
4680036914395,false,"בירה קראפט IPA לא מסוננת 450 מ""ל WOLFBRE",,RU,בירה קראפט IPA לא מס,מיליליטרים,450.00,"100 מ""ל",false,1,13.50,3.00,true,1,
4680036915934,false,בירה זיגולי 450 מל,,,בירה זיגולי 450 מל,מיליליטרים,450.00,"100 מ""ל",false,1,10.90,2.42,true,1,
4680036917167,false,"בירה קראפט כהה חזקה סטאוט שוקולד 450 מ""ל",,RU,בירה קראפט כהה חזקה,מיליליטרים,450.00,"100 מ""ל",false,1,13.50,3.00,true,1,
4680036919413,false,"קוואס לתת שיפון ולתת שעורה 900 מ""ל",,RU,קוואס לתת שיפון ולתת,מיליליטרים,900.00,"100 מ""ל",false,1,11.90,1.32,true,1,
4680036919475,false,"בירה גיגולי 4.5% נפח כהל 1968 430 מ""ל",,,בירה גיגולי 4.5% נפח,מיליליטרים,430.00,"100 מ""ל",false,1,10.90,2.53,true,1,
4699302736920,false,חטיפי פיתה אזאר לבשיקי נקניקיות שום 100ג,אזארוב,,חטיפי פיתה אזאר לבשי,גרמים,100.00,100 גרם,false,1,8.90,8.90,true,1,
4699302736937,false,חטיפי פיתה לבשיקי אזארוב טעם שישליק 90גר,,RU,חטיפי פיתה לבשיקי אז,גרמים,90.00,100 גרם,false,1,8.90,9.89,true,1,
4699302736944,false,חטיפי פיתה לבשיקי אזארוב שמנת עם בצל 90ג,,RU,חטיפי פיתה לבשיקי אז,גרמים,90.00,100 גרם,false,1,8.90,9.89,true,1,
4699302736951,false,חטיפי פיתה לבשיקי אזארוב גבינה עם שום90ג,,RU,חטיפי פיתה לבשיקי אז,גרמים,90.00,100 גרם,false,1,8.90,9.89,true,1,
4710068001692,false,"מאסטר קפה לאטה פחית 240מ""ל",תאיט מרקטינג אנד דיס,TW,מאסטר קפה לאטה 240 מ,מיליליטרים,240.00,"100 מ""ל",false,1,7.50,3.13,true,1,
4710068001715,false,"מאסטר קפה טירמיסו 240 מ""ל",יוני פרזינדנט אנטרפר,TW,מאסטר קפה טירמיסו 24,מיליליטרים,240.00,"100 מ""ל",false,1,7.50,3.13,true,1,
4710068001739,false,"מאסטר קפה קולומביאני 240 מ""ל",יוני פרזינדנט אנטרפר,TW,מאסטר קפה קולוביאני,מיליליטרים,250.00,"100 מ""ל",false,1,7.50,3.00,true,1,
4710068002798,false,"מאסטר קפה ונילה פחית 240מ""ל",מאיטה פוד אינדוסטריא,TW,מאסטר קפה וניל 240 מ,מיליליטרים,240.00,"100 מ""ל",false,1,7.50,3.13,true,1,
4710068002811,false,"מאסטר קפה וונילה 240 מ""ל",,,מאסטר קפה וונילה 24,מיליליטרים,240.00,"100 מ""ל",false,1,7.50,3.13,true,1,
4710068003313,false,"מאסטר קפה אמריקאנו פחית 240מ""ל",מאיטה פוד אינדוסטריא,TW,מאסטר קפה אמריקנו 24,מיליליטרים,240.00,"100 מ""ל",false,1,7.50,3.13,true,1,
4710900663002,false,קערה עגולה אדומה FREE,,,קערה עגולה אדומה FRE,קילוגרמים,0.00,"ק""ג",false,1,89.90,89.90,true,1,
4710900663019,false,סט כפות לסלט אד/לב FREE,,,סט כפות לסלט אד/לב F,קילוגרמים,0.00,"ק""ג",false,1,31.90,31.90,true,1,
4710964104916,false,שמן שומשום טהור מזרח,פלייבור פול פודס טיי,CN,שמן שומשום טהור 370,מיליליטרים,370.00,"100 מ""ל",false,1,20.90,5.65,true,1,
4710964170799,false,שומשום שחור קלוי 91 גרם,פלייבור פול פודס טיי,TH,שומשום שחור קלוי 91,גרמים,91.00,100 גרם,false,1,16.90,18.57,true,1,
4711476002813,false,"קפה קר פיפו מוקצינו 240 מ""ל",,TW,קפה קר פיפו מוקצינו,מיליליטרים,240.00,"100 מ""ל",false,1,8.60,3.58,true,1,
4740098079323,false,"סיידר ""FIZZ"" אגס 500 מ""ל",צ'סו,,"סיידר ""FIZZ"" אגס 500",מיליליטרים,500.00,"100 מ""ל",false,1,8.20,1.64,true,1,
4740098084440,false,"סיידר ""FIZZ"" תפוח עץ 500 מ""ל",צ'סו,,"סיידר ""FIZZ"" תפוח עץ",מיליליטרים,500.00,"100 מ""ל",false,1,8.20,1.64,true,1,
4740098090137,false,"בירה אינדיה פייל אייל לבנה 500 מ""ל",א.לה קוק A.Le Coq,EE,בירה אינדיה פייל איי,מיליליטרים,500.00,"100 מ""ל",false,1,12.90,2.58,true,1,
4740098098331,false,"קוקטייל בלו לגון אה לה קוק 330 מ""ל",אה לי קוק,EE,קוקטייל בלו לגון אה,מיליליטרים,330.00,"100 מ""ל",false,1,11.90,3.61,true,1,
4740098098355,false,"קוקטייל מוחיטו אה לה קוק 330 מ""ל",אה לי קוק,EE,קוקטייל מוחיטו אה לה,מיליליטרים,330.00,"100 מ""ל",false,1,11.90,3.61,true,1,
4740098098379,false,"קוקטייל מרגריטה אה לה קוק 330 מ""ל",אה לי קוק,EE,קוקטייל מרגריטה אה ל,מיליליטרים,330.00,"100 מ""ל",false,1,11.90,3.61,true,1,
4740098098393,false,"קוקטייל און דה ביץ אה לה קוק 330 מ""ל",אה לי קוק,EE,קוקטייל און דה ביץ,מיליליטרים,330.00,"100 מ""ל",false,1,11.90,3.61,true,1,
4750001004267,false,מרשמלו וניל בציפוי שוקולד,,LV,מרשמלו וניל בציפוי ש,גרמים,200.00,100 גרם,false,1,14.90,7.45,true,1,
4750001008869,false,בונבוניירה אסורטי מריר 70% לאימה 360 גר,,,בונבוניירה אסורטי מר,גרמים,360.00,100 גרם,false,1,38.90,10.81,true,1,
4750001814743,false,בונבוניירה ורדים אדומים 470 גר LAIMA,,,בונבוניירה ורדים אדו,גרמים,470.00,100 גרם,false,1,41.90,8.91,true,1,
4750001818017,false,אסורטי כריסמס ZIEMAS VELTE לאימה 450 גרם,,,LAIMA מתנת קריסמס 45,גרמים,450.00,100 גרם,false,1,32.90,7.31,true,1,
4750001818734,false,אסורטי קריסמס SLADGE לאימה 470 גרם,,,אסורטי קריסמס SLADGE,גרמים,470.00,100 גרם,false,1,41.90,8.91,true,1,
4750001819717,false,אסורטי קריסמס מריר לאימה 720 ג CONGRATS,,LV,LAIMA CONGRATS אסורט,גרמים,720.00,100 גרם,false,1,77.90,10.82,true,1,
4750001948110,false,אסורטי שוקולד מריר 70% 215 גרם LAIMA,,,אסורטי שוקולד מריר 7,גרמים,215.00,100 גרם,false,1,26.90,12.51,true,1,
4750001948127,false,אסורטי שוקולד מריר 215 גרם LAIMA,,,אסורטי שוקולד מריר 2,גרמים,215.00,100 גרם,false,1,26.90,12.51,true,1,
4750001950038,false,בונבוניירה שוק` מריר סלקשן עם בלסם 420 ג,,,בונבוניירה שוק` מריר,גרמים,420.00,100 גרם,false,1,36.90,8.79,true,1,
4750001950946,false,שוקולד מריר 70% 100 גרם ליימה,,,שוקולד מריר 70% 100,גרמים,100.00,100 גרם,false,1,10.90,10.90,true,1,
4750001952674,false,לאימה שוקולד מריר 70% עם שקדים 200 גרם,,LV,לאימה שוקולד מריר 70,גרמים,200.00,100 גרם,false,1,19.90,9.95,true,1,
4750001953442,false,אסורטי קריסמס שוקולד 70% 215 גרם לימה,,LT,אסורטי קריסמס שוקולד,גרמים,215.00,100 גרם,false,1,24.90,11.58,true,1,
4750001954104,false,שוקולד מריר ליים גלי וחתיכות גנגר 100 ג,,LV,שוקולד מריר עם ליים,גרמים,100.00,100 גרם,false,1,10.90,10.90,true,1,
4750001955361,false,מבחר שוקולד כריסמאס 186גר 1/8,,LV,מבחר שוקולד כריסמאס,גרמים,186.00,100 גרם,false,1,19.90,10.70,true,1,
4750001955507,false,LAIMA עוגות וופל 350 גר 18 יח,,LV,LAIMA עוגות וופל 350,גרמים,350.00,100 גרם,false,1,23.90,6.83,true,1,
4750001955545,false,LAIMA עוגות וופל בלוצקה 350 גר 18 יח,,LV,LAIMA עוגות וופל בלו,גרמים,350.00,100 גרם,false,1,23.90,6.83,true,1,
4750010011232,false,קילקה מטוגנת ברוטב עגבניות 240 גר,,LV,קילקה מטוגנת ברוטב ע,גרמים,240.00,100 גרם,false,1,7.90,3.29,true,1,
4750010492826,false,שפרוטים מעושנים ריגה בצנצנת 250 גר,,LV,שפרוטים מעושנים ריגה,גרמים,250.00,100 גרם,false,1,15.60,6.24,true,1,
4750010502228,false,שימורי דג שפרוטים מעושנים ריגה 160 גר,,LV,שימורי דג שפרוטים מע,גרמים,160.00,100 גרם,false,1,8.90,5.56,true,1,
4750011814511,false,סוכ.ג`לי מצופה שוקולד טעם לימון תפוז 190,,,סוכ.ג`לי מצופה שוקול,גרמים,190.00,100 גרם,false,1,17.90,9.42,true,1,
4750011849063,false,סוכ.ג`לי מצופה שוקולד טעם חמוציות 190 ג,,,סוכ.ג`לי מצופה שוקול,גרמים,190.00,100 גרם,false,1,17.90,9.42,true,1,
4750011850809,false,אוכמניות מצופה שוקולד מריר 140 גר ליימה,,,אוכמניות מצופה שוקול,גרמים,140.00,100 גרם,false,1,17.90,12.79,true,1,
4750011850885,false,סוכריות שוקולד מריר במילוי פטל,,LV,סוכריות שוקולד מריר,גרמים,200.00,100 גרם,false,1,14.90,7.45,true,1,
4750011851219,false,ג`לי מצופה שוקולד מריר דומדמנית 190 גרם,,LV,גלי מצופה שוקולד מרי,גרמים,190.00,100 גרם,false,1,18.90,9.95,true,1,
4750012000173,false,דיווה קוסמופוליטן פסיפלורה 750 מל,Amberbev Internation,LV,דיווה קוסמופוליטן פס,Unknown,0.00,Unknown,false,1,23.90,23.90,true,1,
4750012013036,false,דיווה קוסמופוליטן תות מנטה 750 מל,,,דיווה קוסמופוליטן,Unknown,0.00,Unknown,false,1,23.90,23.90,true,1,
4750012020287,false,דיווה קוסמופוליטן-שיכר מלון 750 מל,,,דיווה קוסמופוליטן,Unknown,0.00,Unknown,false,1,23.90,23.90,true,1,
4750012025855,false,דיווה קוסמופוליטן-שיכר תפוח 750 מל,Amberbev Internation,LV,דיווה קוסמופוליטן,Unknown,0.00,Unknown,false,1,23.90,23.90,true,1,
4750012026852,false,דיווה קוסמופוליטן שיכר פרי יער 750 מל,,,דיווה קוסמופוליטן,Unknown,0.00,Unknown,false,1,23.90,23.90,true,1,
4750021008665,false,"וודקה ריגה בלאק קרנברי 700 מ""ל",,,וודקה ריגה בלאק קרנב,מיליליטרים,700.00,"100 מ""ל",false,1,51.90,7.41,true,1,
4750021011139,false,דיווה קוסמופוליטן פינה קולדה 750 מל,,,דיווה קוסמופוליטן פי,Unknown,0.00,Unknown,false,1,23.90,23.90,true,1,
4750021201592,false,וודקה 1 ליור RIGA BLACK,,,וודקה 1 ליטר RIGA BL,מיליליטרים,1000.00,"100 מ""ל",false,1,83.90,8.39,true,1,
4750021221361,false,"וודקה 700 מ""ל RIGA BLACK",,,"וודקה 700 מ""ל RIGA B",מיליליטרים,700.00,"100 מ""ל",false,1,51.90,7.41,true,1,
4750021538377,false,"ריגה בלזם בלאק דומדמניות 700 מ""ל",,,ריגה בלזם בלאק דומדמ,מיליליטרים,700.00,"100 מ""ל",false,1,83.90,11.99,true,1,
4750024001137,false,חטיפי תירס טאפל שמנת חמוצה ובצל 190 גר,,LV,חטיפי תירס טאפל שמנת,גרמים,190.00,100 גרם,false,1,18.90,9.95,true,1,
4750024001144,false,חטיפי תירס טאפל כדורי גבינה נאציוס 190 ג,,LV,חטיפי תירס טאפל כדור,גרמים,190.00,100 גרם,false,1,18.90,9.95,true,1,
4750024001908,false,טוגני תפוחי אדמה בטעם שמיר 130 גר TAFFEL,,LV,טוגני תפוחי אדמה בטע,גרמים,130.00,100 גרם,false,1,15.90,12.23,true,1,
4750024002004,false,טוגני תפוחי אדמה בטעם חזרת 130 גר,,,ADAZU טוגני תפוחי אד,גרמים,130.00,100 גרם,false,1,15.90,12.23,true,1,
4750042000150,false,משקה פירות שדה 1.5 ליטר פרוטו,,,משקה פירות שדה 1.5,ליטרים,0.00,ליטר,false,1,15.90,15.90,true,1,
4750042000167,false,משקה פירות 1.5 ליטר פרוטו,,,משקה פירות 1.5 ליטר,ליטרים,0.00,ליטר,false,1,15.90,15.90,true,1,
4750042000181,false,נקטר תפוחים 1.5 ליטר פרוטו,,,נקטר תפוחים 1.5 ליטר,ליטרים,0.00,ליטר,false,1,15.90,15.90,true,1,
4750042300878,false,מיץ עגבניות עם מלח ים 1 ליטר CIDO,,,מיץ עגבניות עם מלח י,מיליליטרים,1000.00,"100 מ""ל",false,1,15.90,1.59,true,1,
4750042303336,false,נקטר רימונים 30% 1 ליטר CIDO,,,נקטר רימונים 30% 1 ל,מיליליטרים,1000.00,"100 מ""ל",false,1,15.90,1.59,true,1,
4750042303947,false,נקטר דובדובנים 35% 1 ליטר CIDO,,,נקטר דובדובנים 35% 1,מיליליטרים,1000.00,"100 מ""ל",false,1,15.90,1.59,true,1,
4750042305842,false,מורס חמוציות ותות 35% 1 ליטר CIDO,,,מורס חמוציות ותות 35,מיליליטרים,1000.00,"100 מ""ל",false,1,15.90,1.59,true,1,
4750042804215,false,מיץ תפוחים 100% 1 ליטר CIDO,,,מיץ תפוחים 100% 1 לי,מיליליטרים,1000.00,"100 מ""ל",false,1,15.90,1.59,true,1,
4750042804222,false,מיץ עגבניות 100% 1 ליטר CIDO,,,מיץ עגבניות 100% 1 ל,מיליליטרים,1000.00,"100 מ""ל",false,1,15.90,1.59,true,1,
4750042804338,false,מיץ ירקות 100% 1 ליטר CIDO RIGA,,,מיץ ירקות 100% 1 לי,מיליליטרים,1000.00,"100 מ""ל",false,1,15.90,1.59,true,1,
4750042804505,false,נקטר דומדמנית שחורה 28% ותפו 1 ליטר CIDO,,,נקטר דומדמנית שחורה,מיליליטרים,1000.00,"100 מ""ל",false,1,15.90,1.59,true,1,
4750042884668,false,נקטר שזיפים 35% 1 ליטר CIDO,,,נקטר שזיפים 35% 1 לי,מיליליטרים,1000.00,"100 מ""ל",false,1,15.90,1.59,true,1,
4750050000128,false,חטיף שוקולד לבן 38 גר,,LV,חטיף שוקולד לבן 38 ג,גרמים,38.00,100 גרם,false,1,4.80,12.63,true,1,
4750050341405,false,חטיף שוקלד טעם וניל,,,חטיף שוקלד טעם וניל,גרמים,60.00,100 גרם,false,1,5.20,8.67,true,1,
4750050341498,false,חטיף גבינה אגוז KARUMS 45 גר,,,חטיף גבינה אגוז 45 ג,גרמים,45.00,100 גרם,false,1,5.20,11.56,true,1,
4750050341511,false,חטיף שוקלד עם גבינה +שבבי שוקולד,,,חטיף שוקלד עם גבינה,גרמים,60.00,100 גרם,false,1,5.20,8.67,true,1,
4750108005259,false,"HAPPY NEW YEAR משקה מוגז ללא אלכוהול 750 מ""ל",,LV,HAPPY NEW YEAR משקה,Unknown,0.00,Unknown,false,1,22.90,22.90,true,1,
4750108005297,false,"SANTA CLAUS משקה מוגז ללא אלכוהול 750 מ""ל",,LV,SANTA CLAUS משקה מוג,Unknown,0.00,Unknown,false,1,22.90,22.90,true,1,
4750108005310,false,"SNOW QUEEN משקה מוגז ללא אלכוהול 750 מ""ל",,LV,SNOW QUEEN משקה מוגז,Unknown,0.00,Unknown,false,1,22.90,22.90,true,1,
4750108005389,false,"משקה מוגז גיונגל בטעם פטל 750 מ""ל",,LV,משקה מוגז גיונגל בט,מיליליטרים,750.00,"100 מ""ל",false,1,22.90,3.05,true,1,
4750108005402,false,משקה מוגז בטעם תות אבראקד 750 מל LIVONIA,,LV,משקה מוגז בטעם תות א,מיליליטרים,750.00,"100 מ""ל",false,1,22.90,3.05,true,1,
4750109000338,false,סמטנה לטביה 400 גרם,,LV,סמטנה לטביה 400 גרם,גרמים,400.00,100 גרם,false,1,15.50,3.88,true,1,
4750142002078,false,"בירה צסו יורמלה 500 מ""ל",,LV,בירה צסו יורמלה 500,מיליליטרים,500.00,"100 מ""ל",false,1,7.20,1.44,true,1,
4750142002719,false,"בירה בירה לא מסוננת צסו יורמלה 500 מ""ל",,LV,בירה בירה לא מסוננת,מיליליטרים,500.00,"100 מ""ל",false,1,7.20,1.44,true,1,
4750142003426,false,"בירה פילזנר אקסטרה 500 מ""ל",צ'סו אלוס,RU,בירה פילזנר אקסטרה 5,מיליליטרים,500.00,"100 מ""ל",false,1,7.20,1.44,true,1,
4750142005000,false,"בירה כהה בוהמיין צסו 568 מ""ל",,,בירה כהה בוהמיין צסו,מיליליטרים,568.00,"100 מ""ל",false,1,8.90,1.57,true,1,
4750142005062,false,"בירה ברוזה לא מסוננת צסו 568 מ""ל",,,בירה ברוזה לא מסוננת,מיליליטרים,568.00,"100 מ""ל",false,1,8.90,1.57,true,1,
4750142016518,false,בירה צסו לא מסוננת 5.4% 568 מל,צ'סו אלוס,LV,בירה צסו לא מסוננת 5,מיליליטרים,568.00,"100 מ""ל",false,1,8.90,1.57,true,1,
4750142021505,false,"בירה PILSENER בהירה 4.7% פחית 500 מ""ל",צ'סו אלוס,LV,בירה PILSENER בהירה,מיליליטרים,500.00,"100 מ""ל",false,1,7.20,1.44,true,1,
4750142040520,false,"בירה צסו פרמיום 568 מ""ל",,,בירה צסו פרמיום 568,מיליליטרים,568.00,"100 מ""ל",false,1,8.90,1.57,true,1,
4750163986661,false,צנימים שיפון עם שום 180 גר MARIO,,,צנימים שיפון עם שום,גרמים,180.00,100 גרם,false,1,15.90,8.83,true,1,
4750211710415,false,"מרק 500 מ""ל BORSH",,,"מרק 500 מ""ל BORSH",מיליליטרים,500.00,"100 מ""ל",false,1,11.90,2.38,true,1,
4750211770419,false,בסיס להכנה מרק חרצו 480 גרם KRONIS,,,בסיס להכנה מרק חרצו,גרמים,480.00,100 גרם,false,1,11.90,2.48,true,1,
4750239003735,false,"משקה בטעם מאלט ""קוואס"" לבן 1.5 ליטר",,,"משקה בטעם מאלט ""קווא",ליטרים,0.00,ליטר,false,1,15.90,15.90,true,1,
4750239577724,false,"משקה בטעם מאלט ""קוואס"" לקלאסי 1.5 ליטר",,,"משקה בטעם מאלט ""קווא",ליטרים,0.00,ליטר,false,1,15.90,15.90,true,1,
4750616000258,false,שפרוטים גדולים מעושנים בשמן צמחי,בריויאס וילניוס,LV,שפרוטים בשמן ביג 190,גרמים,190.00,100 גרם,false,1,11.90,6.26,true,1,
4750616000593,false,שפרוטים מעושנים ריגה 190 גר,בריויאס וילניוס,LV,שפרוטים בשמן ריגה 19,גרמים,190.00,100 גרם,false,1,9.90,5.21,true,1,
4750616001194,false,שפרוטים מעושנים ריגה 240 גרם פ.ק,בריויאס וילניוס,LV,שפרוטים בשמן ריגה 24,גרמים,240.00,100 גרם,false,1,11.90,4.96,true,1,
4750616001217,false,סרדינים בשמן 240 גר BRIVAIS VILNIS,,LV,סרדינים בשמן 240 גר,גרמים,240.00,100 גרם,false,1,10.40,4.33,true,1,
4750616001262,false,שפרוטים בשמן צארסקיה 240 גר BRIVAIS VILNIS,,LV,שפרוטים בשמן צארסקיה,גרמים,240.00,100 גרם,false,1,13.50,5.63,true,1,
4750616001361,false,סלאקה מעושנת בשמן 190 גר BRIVAIS VILNIS,בריויאס וילניוס,LV,סלאקה מעושנת בשמן 19,גרמים,190.00,100 גרם,false,1,11.90,6.26,true,1,
4750616001439,false,סרדינים במיץ עגבניות 240 BRIVAIS VILNIS,,LV,סרדינים במיץ עגבניות,גרמים,240.00,100 גרם,false,1,10.40,4.33,true,1,
4750616001651,false,דגי שיפרוט גדולים מעושנים בשמן צמחי,בריויאס וילניוס,LV,שפרוטים בשמן ביג 240,גרמים,240.00,100 גרם,false,1,11.90,4.96,true,1,
4750616002276,false,קילקה עם צילי במיץ עגבניות 240 גר,בריויאס וילניוס,,קילקה עם צילי במיץ ע,גרמים,240.00,100 גרם,false,1,7.90,3.29,true,1,
4750616002337,false,קילקה במיץ עגבניות בריווס וילנוס 240 גר,בריויאס וילניוס,,קילקה במיץ עגבניות ב,גרמים,240.00,100 גרם,false,1,7.90,3.29,true,1,
4750616002344,false,קילקה עם ירקות במיץ עגבניות 240 גר,בריויאס וילניוס,,קילקה עם ירקות במיץ,גרמים,240.00,100 גרם,false,1,7.90,3.29,true,1,
4750616006588,false,סרדינים על הגריל עם לימון בשמן זית 190 ג,,,סרדינים על הגריל עם,גרמים,190.00,100 גרם,false,1,13.90,7.32,true,1,
4750817032003,false,סלט סלומון עם ירקות בטעם אסיאתי 240 גר,,LV,סלט סלומון עם ירקות,גרמים,240.00,100 גרם,false,1,8.90,3.71,true,1,
4750817032010,false,סלט סלומון עם ירקות בטעם מקסיקני 240 גר,,LV,סלט סלומון עם ירקות,גרמים,240.00,100 גרם,false,1,8.90,3.71,true,1,
4750817111005,false,פילה סלומון במיץ טבעי 200 ג BEST OF RIGA,,LV,פילה סלומון במיץ טבע,גרמים,200.00,100 גרם,false,1,11.40,5.70,true,1,
4750817111050,false,BEST OF RIGAפילה סלמון ברוטב עגבני 240ג,,,BEST OF RIGAפילה סלמ,גרמים,240.00,100 גרם,false,1,7.90,3.29,true,1,
4750817111067,false,BEST OF RIGAפילה סלמון במיץ טבעי 240 גר,,,BEST OF RIGAפילה סלמ,גרמים,240.00,100 גרם,false,1,7.90,3.29,true,1,
4750817130808,false,סאיירה במיץ טבעי 240 גר BEST OF RIGA,,,סאיירה במיץ טבעי 240,גרמים,240.00,100 גרם,false,1,10.90,4.54,true,1,
4750817132505,false,פילה קלמרי במיץ טבעי עם שמיר 240 גר,,LV,פילה קלמרי במיץ טבעי,גרמים,240.00,100 גרם,false,1,14.60,6.08,true,1,
4750817134929,false,שפרוטים מעושנים בשמן צמחי 240 גר,,,שפרוטים מעושנים בשמן,גרמים,240.00,100 גרם,false,1,11.90,4.96,true,1,
4750817134943,false,שפרוטים גדולים מעושנים בשמן צמחי 240 גר,,,שפרוטים גדולים מעושנ,גרמים,240.00,100 גרם,false,1,11.90,4.96,true,1,
4750817138101,false,סאיירה במיץ טבעי בתוספת שמן 240 גר,,,סאיירה במיץ טבעי בתו,גרמים,240.00,100 גרם,false,1,10.90,4.54,true,1,
4750817138125,false,סאיירה בשמן צמחי 240 גר BEST OF RIGA,,,סאיירה בשמן צמחי 240,גרמים,240.00,100 גרם,false,1,10.90,4.54,true,1,
4750817224927,false,שפרוטים מעושנים בשמן צמחי שקוף 240 גר,,LV,שפרוטים מעושנים בשמן,גרמים,240.00,100 גרם,false,1,14.90,6.21,true,1,
4751000171417,false,פריאניק ADUGS מילוי חמוציות 250 גרם,,,פריאניק ADUGS מילוי,גרמים,250.00,100 גרם,false,1,10.50,4.20,true,1,
4751000171424,false,פריאניק ADUGS מילוי דובדבן 250 גרם,,,פריאניק ADUGS מילוי,גרמים,250.00,100 גרם,false,1,10.50,4.20,true,1,
4751000174586,false,דובשניות אדוגס בטעם שמנת 500 גרם ADUGS,,,דובשניות אדוגס בטעם,גרמים,500.00,100 גרם,false,1,12.90,2.58,true,1,
4751001583820,false,שפרוטים שקוף מעושנים בשמן צמחי 240 גר,,LV,שפרוטים שקוף מעושנים,גרמים,240.00,100 גרם,false,1,13.50,5.63,true,1,
4751002121953,false,לחם שיפון חמוץ מתוק 500 גר,,LV,לחם שיפון חמוץ מתוק,גרמים,500.00,100 גרם,false,1,12.90,2.58,true,1,
4751002125494,false,לחם בורודינסקי עם גרעיני חמניות 350גר,,LV,לחם בורודינסקי עם גר,גרמים,350.00,100 גרם,false,1,14.90,4.26,true,1,
4751002126293,false,לחם שיפון עם פירות יבשים ואגוזי לוז 350ג,,LV,לחם שיפון עם פירות י,גרמים,350.00,100 גרם,false,1,21.90,6.26,true,1,
4751002126309,false,לחם שיפון חמוץ- מתוק עם אגוזי מלך 300 גר,,LV,לחם שיפון חמוץ- מתוק,גרמים,300.00,100 גרם,false,1,21.90,7.30,true,1,
4751002126446,false,לחם לטבי שחור 700 גרם,,,לחם לטבי שחור 700 גר,גרמים,700.00,100 גרם,false,1,23.90,3.41,true,1,
4751002126453,false,לחם בורדינסקי 350 גרם,,,לחם בורדינסקי 350 גר,גרמים,350.00,100 גרם,false,1,12.90,3.69,true,1,
4751005703569,false,שפרוטים מעושנים בשמן 250 גר AMBERFISH,,LV,שפרוטים מעושנים בשמן,גרמים,250.00,100 גרם,false,1,16.90,6.76,true,1,
4751007730495,false,שימורי טונה עם ירקות מקסיקני 185 גר,,,שימורי טונה עם ירקות,גרמים,185.00,100 גרם,false,1,10.90,5.89,true,1,
4751007732666,false,פילה סלומון ברוטב עגבניות פיקנטי 170 גר,,LV,פילה סלומון ברוטב עג,גרמים,170.00,100 גרם,false,1,12.50,7.35,true,1,
4751007732758,false,פילה סלמון (סיומגה) במיץ טבעי 170 גר,,,פילה סלמון (סיומגה),גרמים,170.00,100 גרם,false,1,12.50,7.35,true,1,
4751007732840,false,פילה סלמון ברוטב מתובל 170 גרם,,,פילה סלמון ברוטב מתו,גרמים,170.00,100 גרם,false,1,11.90,7.00,true,1,
4751007732864,false,שימורי פילה סלמון ברוטב חרדל 200 גר,,,שימורי פילה סלמון בר,גרמים,200.00,100 גרם,false,1,11.90,5.95,true,1,
4751007732994,false,סלט מקסיקני עם סלומון 170 גרם,,,סלט מקסיקני עם סלומו,גרמים,170.00,100 גרם,false,1,11.90,7.00,true,1,
4751007733212,false,פילה סלומון ברוטב חרדל 170 גר,,LV,פילה סלומון ברוטב חר,גרמים,170.00,100 גרם,false,1,12.50,7.35,true,1,
4751007733229,false,פילה סלומון ברוטב עגבניות 170 גר,,LV,פילה סלומון ברוטב עג,גרמים,170.00,100 גרם,false,1,12.50,7.35,true,1,
4751007733236,false,פילה סלומון ברוטב מנגו ופלפל 170 גר,,LV,פילה סלומון ברוטב מנ,גרמים,170.00,100 גרם,false,1,12.50,7.35,true,1,
4751007737111,false,שימורי במי מלח 240 גר,,LV,שימורי במי מלח 240 ג,גרמים,240.00,100 גרם,false,1,7.90,3.29,true,1,
4751007738156,false,צדפות מעושנות רוטב לימון 120 גר SEA FOOD,,LV,צדפות מעושנות רוטב ל,גרמים,120.00,100 גרם,false,1,12.90,10.75,true,1,
4751007738163,false,צדפות מעושנות ברוטב שום 120 גר SEA FOOD,,LV,צדפות מעושנות ברוטב,גרמים,120.00,100 גרם,false,1,12.90,10.75,true,1,
4751007738385,false,קילקה ברוטב עגבניות 240 גר KARAVELA,,,קילקה ברוטב עגבניות,גרמים,240.00,100 גרם,false,1,3.90,1.63,true,1,
4751007738392,false,שימורי דג שפרוטים מעושנים בשמן צמחי 240ג,,LV,שימורי דג שפרוטים 24,גרמים,240.00,100 גרם,false,1,10.90,4.54,true,1,
4751007738804,false,שימורי דג שפרוטים מעושנים בשמן צמחי 190ג,,LV,שימורי דג שפרוטים 19,גרמים,190.00,100 גרם,false,1,10.90,5.74,true,1,
4751007739535,false,שימורי בשמן עם צילי 160 ג SURIMI,,,שימורי בשמן עם צילי,גרמים,160.00,100 גרם,false,1,20.80,13.00,true,1,
4751010575335,false,דובדבן בציפוי שוקולד מריר 110 גר SRIVERI,,,דובדבן בציפוי שוקולד,גרמים,110.00,100 גרם,false,1,18.90,17.18,true,1,
4751010577605,false,תות בציפוי שוקולד לבן 110 גר SRIVERI,,,שוקולד לבן תות בציפו,גרמים,110.00,100 גרם,false,1,18.90,17.18,true,1,
4751027950026,false,"שוקולד מריר לל""ס שקדים תפוזים 100 גר RED",,LV,"שוקולד מריר לל""ס שקד",גרמים,100.00,100 גרם,false,1,11.90,11.90,true,1,
4751027950194,false,"שוקולד מריר לל""ס 60% קקאו 100 גר RED",,LV,"שוקולד מריר לל""ס 60%",גרמים,100.00,100 גרם,false,1,10.90,10.90,true,1,
4751032740346,false,"מרק בורשט עם כרוב טרי 500 מ""ל LATFOOD",,,מרק בורשט עם כרוב טר,מיליליטרים,500.00,"100 מ""ל",false,1,9.90,1.98,true,1,
4751033540235,false,שוקולד מריר 72% קקאו ללא סוכר 100 גר,,,שוקולד מריר 72% קקאו,גרמים,100.00,100 גרם,false,1,11.90,11.90,true,1,
4751033540273,false,שוקולד חלב 36% קקאו ללא סוכר 100 גר,,,שוקולד חלב 36% קקאו,גרמים,100.00,100 גרם,false,1,9.90,9.90,true,1,
4752038001929,false,ADUGS קרקר מלוח 300 גרם,,,ADUGS קרקר מלוח 300,גרמים,300.00,100 גרם,false,1,10.90,3.63,true,1,
4752038001936,false,ADUGS קרקר עם בצל 300 גרם,,,ADUGS קרקר עם בצל 30,גרמים,300.00,100 גרם,false,1,10.90,3.63,true,1,
4760007300461,false,רוטב רימונים נרשרב 450 גר,,AZ,רוטב רימונים נרשרב 4,גרמים,450.00,100 גרם,false,1,27.90,6.20,true,1,
4760013402777,false,קרקרים עם תבלינים 45 גר KREKI,,,קרקרים עם תבלינים 45,גרמים,45.00,100 גרם,false,1,2.00,4.44,true,1,
4760013402784,false,קרקרים בטעם גבינה 45 גר KREKI,,,קרקרים בטעם גבינה 45,גרמים,45.00,100 גרם,false,1,2.00,4.44,true,1,
4760013403613,false,וופלים בטעם תות שדה 200 גר SLADOK,,,וופלים בטעם תות שדה,גרמים,200.00,100 גרם,false,1,5.90,2.95,true,1,
4760013403620,false,וופלים קקאו ואגוזי לוז 200 גר SLADOK,,,וופלים קקאו ואגוזי ל,גרמים,200.00,100 גרם,false,1,5.90,2.95,true,1,
4760013403644,false,וופלים בטעם חלב 200 גר SLADOK,,,וופלים בטעם חלב 200,גרמים,200.00,100 גרם,false,1,5.90,2.95,true,1,
4760013403781,false,עוגיות בטעם חלב 320 גר NASH MOLOCHNIK,,,עוגיות בטעם חלב 320,גרמים,420.00,100 גרם,false,1,6.90,1.64,true,1,
4760013404061,false,עוגיות בטעם שמנת וניל 370 גר MOSKVA,,,עוגיות בטעם שמנת וני,גרמים,420.00,100 גרם,false,1,6.90,1.64,true,1,
4760013407185,false,קרקרים בטעם עגבניות 45 גר KREKI,,,קרקרים בטעם עגבניות,גרמים,45.00,100 גרם,false,1,2.00,4.44,true,1,
4760013409554,false,וופלים בטעם חלב 400 גר SLADOK,,,וופלים בטעם חלב 400,גרמים,400.00,100 גרם,false,1,11.90,2.98,true,1,
4760013409585,false,וופלים בטעם קקאו ואגוזי לוז 400 גר,,,וופלים בטעם קקאו ואג,גרמים,400.00,100 גרם,false,1,11.90,2.98,true,1,
4760018504612,false,ריבה דובדבן 400 גרם BIZIM TARLA,,AZ,ריבה דובדבן 400 גרם,גרמים,400.00,100 גרם,false,1,15.90,3.98,true,1,
4760062100297,false,תה שחור בוקט 100 גר אזרצאי,,AZ,תה שחור בוקט 100 גר,גרמים,100.00,100 גרם,false,1,12.90,12.90,true,1,
4760062101768,false,תה שחור בוקט באריזה שקופה 500 גר,אזרסטאן קאנד,AZ,תה שחור בוקט באריזה,גרמים,500.00,100 גרם,false,1,52.50,10.50,true,1,
4760062101805,false,תה שחור 25 שק BUKET,אזרסטאן קאנד,AZ,תה שחור 25 שק BUKET,גרמים,50.00,100 גרם,false,1,9.90,19.80,true,1,
4760062104219,false,תה שחור עם טימין 25 שק אזרצאי,אזרסטאן קאנד,AZ,תה שחור עם טימין 25,גרמים,50.00,100 גרם,false,1,9.90,19.80,true,1,
4760062105070,false,תה ירוק באריזה שקופה אזרציי 250 גר BUKET,,AZ,תה ירוק 200 גר BUKET,גרמים,200.00,100 גרם,false,1,12.90,6.45,true,1,
4760065702009,false,רוטב רימונים 345 גרם ביזים טארלה,אזרסטאן קאנד,AZ,רוטב רימונים 345 גרם,גרמים,345.00,100 גרם,false,1,22.90,6.64,true,1,
4760065708957,false,עגבניות אדומות קלופות במיץ עגבניות 680גר,,AZ,עגבניות אדומות קלופו,גרמים,680.00,100 גרם,false,1,13.90,2.04,true,1,
4760065708964,false,עגבניות אדומות קלופות חתוכות במיץ 660 גר,,AZ,עגבניות אדומות קלופו,גרמים,660.00,100 גרם,false,1,12.90,1.95,true,1,
4760065709145,false,מלפפונים בחומץ 670 גר,אזרסאן,AZ,מלפפונים בחומץ 670 ג,גרמים,670.00,100 גרם,false,1,14.90,2.22,true,1,
4760068001086,false,סלט פלפלים קלויים איבר חריף 315 גר,,AZ,סלט פלפלים קלויים אי,גרמים,315.00,100 גרם,false,1,13.90,4.41,true,1,
4760068001468,false,סלט מנגל 630 גרם ביזים טארלה,,AZ,סלט מנגל 630 גרם ביז,גרמים,630.00,100 גרם,false,1,19.90,3.16,true,1,
4760068001567,false,סלט פלפלים צלויים 315 גרם ביזים טארלה,,AZ,סלט פלפלים צלויים 31,גרמים,315.00,100 גרם,false,1,13.90,4.41,true,1,
4760068002250,false,פלפל חריף חתוך עם עגבניות 640 גרם,,AZ,פלפל חריף חתוך עם עג,גרמים,640.00,100 גרם,false,1,14.90,2.33,true,1,
4760068002274,false,ריבת חבושים 400 גרם ביזים טארלה,אזרסטאן קאנד,AZ,ריבת חבושים 400 גרם,גרמים,400.00,100 גרם,false,1,15.90,3.98,true,1,
4760068002397,false,ממרח חצילים קלויים 315 גר,אזרסאן,AZ,ממרח חצילים קלויים 3,גרמים,315.00,100 גרם,false,1,14.90,4.73,true,1,
4760074601058,false,גלידת שמנת וניל בציפו שוקולד אוסקר 100 ג,,,גלידת שמנת וניל בציפ,גרמים,75.00,100 גרם,false,1,7.30,9.73,true,1,
4760074601072,false,גלידת שמנת וניל בציפו שוקולד ואגוזי לוז,,,גלידת שמנת וניל בציפ,גרמים,75.00,100 גרם,false,1,7.30,9.73,true,1,
4760074601331,false,גלידת שמנת בטעם וניל בציפוי קקאו לקומקה,,,גלידת שמנת בטעם וניל,גרמים,90.00,100 גרם,false,1,7.30,8.11,true,1,
4760074601645,false,גלידת שמנת בטעם וניל בשכבות וופל פלומביר,,,גלידת שמנת בטעם וניל,גרמים,80.00,100 גרם,false,1,7.30,9.13,true,1,
4760074601652,false,גלידת שמנת בטעם וניל פלומביר 500 גרם,,,גלידת שמנת בטעם וניל,גרמים,500.00,100 גרם,false,1,29.90,5.98,true,1,
4760074601669,false,גלידת שמנת וניל בגביע וופל פלומביר 80 גר,,,גלידת שמנת וניל בגבי,גרמים,80.00,100 גרם,false,1,7.30,9.13,true,1,
4760074601973,false,גלידת שמנת בטעם שוקולד בגביע וופל פלומב,,,גלידת שמנת בטעם שוקו,גרמים,80.00,100 גרם,false,1,7.30,9.13,true,1,
4760127700172,false,עוגת רולדה במילוי קרם בטעם פלומביר 150,,,עוגת רולדה במילוי קר,גרמים,150.00,100 גרם,false,1,5.90,3.93,true,1,
4760127700493,false,עוגת רולדה במילוי קרם בטעם טופי 150,,,עוגת רולדה במילוי קר,גרמים,150.00,100 גרם,false,1,5.90,3.93,true,1,
4760127702206,false,עוגת רולדה במילוי קרם בטעם שוקולד150 גר,,,עוגת רולדה במילוי קר,גרמים,150.00,100 גרם,false,1,5.90,3.93,true,1,
4760127702213,false,עוגת רולדה במילוי קרם ברולה 150 גר,,,עוגת רולדה במילוי קר,גרמים,150.00,100 גרם,false,1,5.90,3.93,true,1,
4760127702220,false,עוגת רולדה במילוי קרם שוקולד ואגוז 150,,,עוגת רולדה במילוי קר,גרמים,150.00,100 גרם,false,1,5.90,3.93,true,1,
4760127702237,false,עוגת רולדה במילוי קרם חלב מרוכז 150 גר,,,עוגת רולדה במילוי קר,גרמים,150.00,100 גרם,false,1,5.90,3.93,true,1,
4760127703180,false,מאפינס בטעם טופי 210 גר DARENKA,,,מאפינס בטעם טופי 210,גרמים,210.00,100 גרם,false,1,9.90,4.71,true,1,
4760127703203,false,מאפינס בטעם תות שדה ושמנת 210 גר DARENKA,,,מאפינס בטעם תות שדה,גרמים,210.00,100 גרם,false,1,9.90,4.71,true,1,
4760127703227,false,מאפינס בטעם טופי 500 גר DARENKA,,,מאפינס בטעם טופי 500,גרמים,500.00,100 גרם,false,1,19.90,3.98,true,1,
4760127703234,false,מאפינס בטעם שוקולד 500 גר DARENKA,,,מאפינס בטעם שוקולד 5,גרמים,500.00,100 גרם,false,1,19.90,3.98,true,1,
4760127703241,false,מאפינס בטעם תות שדה ושמנת 500 גר DARENKA,,,מאפינס בטעם תות שדה,גרמים,500.00,100 גרם,false,1,19.90,3.98,true,1,
4760127703777,false,מאפינס בטעם וניל ולימון 500 גר DARENKA,,,מאפינס בטעם וניל ולי,גרמים,500.00,100 גרם,false,1,19.90,3.98,true,1,
4760127704347,false,מיני עוגות רולדה בטעם שוקולד 500 גר,,,מיני עוגות רולדה בטע,גרמים,500.00,100 גרם,false,1,19.90,3.98,true,1,
4760127704354,false,מיני עוגות רולדה בטעם תות שמנת 500 גר,,,מיני עוגות רולדה בטע,גרמים,500.00,100 גרם,false,1,16.90,3.38,true,1,
4760127704361,false,מיני עוגות רולדה בטעם תות ושוקולד 500 גר,,,מיני עוגות רולדה בטע,גרמים,500.00,100 גרם,false,1,17.90,3.58,true,1,
4760127706976,false,עוגיות ממולאות בטעם לימון 200 ג DELIZI,,,עוגיות ממולאות בטעם,גרמים,200.00,100 גרם,false,1,8.90,4.45,true,1,
4760127706990,false,עוגיות ממולאות בטעם תות שדה 200 ג DELIZI,,,עוגיות ממולאות בטעם,גרמים,200.00,100 גרם,false,1,8.90,4.45,true,1,
4760129500985,false,BAGDANריבת קורנל 400 גר,,UZ,BAGDANריבת קורנל 40,גרמים,400.00,100 גרם,false,1,18.90,4.73,true,1,
4770033221395,false,וודקה ליטה גולד פילטרד 0.7 ליטר,,,וודקה ליטה גולד פילט,מיליליטרים,700.00,"100 מ""ל",false,1,59.90,8.56,true,1,
4770033221609,false,"ביטר ליטה ""סטארקה"" 700 מ""ל",,,"ביטר ליטה ""סטארקה""",מיליליטרים,700.00,"100 מ""ל",false,1,65.90,9.41,true,1,
4770033223986,false,"ברנדי גלוריה 5 שנים 700 מ""ל",,,ברנדי גלוריה 5 שנים,מיליליטרים,700.00,"100 מ""ל",false,1,72.90,10.41,true,1,
4770033223993,false,"ברנדי גלוריה 500 מ""ל",,LT,ברנדי גלוריה 5 שנים,מיליליטרים,500.00,"100 מ""ל",false,1,54.90,10.98,true,1,
4770033227472,false,"ברנדי 700 מ""ל GLORIA XO",,,"ברנדי 700 מ""ל GLORIA",גרמים,700.00,100 גרם,false,1,135.90,19.41,true,1,
4770075447845,false,"בירה בהירה ""אקסטרא"" 5.2% פחית 568 מ""ל",,LT,"בירה בהירה ""אקסטרא""",מיליליטרים,568.00,"100 מ""ל",false,12,8.90,1.57,true,1,
4770179107126,false,סוכירות טרופל/גריליאז בשוקולד,,,סוכירות קבוצת 10 במש,Unknown,0.00,"ק""ג",true,0,150.00,150.00,true,1,
4770179109991,false,בונ שוק עם וודקה 190 ג PERGALE,PERGALE,LT,בונ שוק עם וודקה 19,גרמים,190.00,100 גרם,false,1,17.90,9.42,true,1,
4770179110126,false,בונ שוק עם ליקר שרי 190 ג PERGALE,BARILLA G.E.R.,LT,בונ שוק עם ליקר שרי,גרמים,190.00,100 גרם,false,1,17.90,9.42,true,1,
4770179183069,false,סוכריות מול./קישינב/מטאוריט/פרגלה במשקל,,,סוכריות קבוצת 9 במשק,Unknown,0.00,"ק""ג",true,0,139.00,139.00,true,1,
4770179998090,false,ממתקי ממולאים 348 גר ROSES PERGALE,BARILLA G.E.R.,LV,ממתקי ממולאים 348 גר,גרמים,348.00,100 גרם,false,1,32.90,9.45,true,1,
4770179998250,false,אסורטי סופיה 348 גרם,,,אסורטי סופיה 348 גרם,גרמים,348.00,100 גרם,false,1,32.90,9.45,true,1,
4770190088763,false,כיסוני גיוזה עם שרימפס 400 גרם,,,כיסוני גיוזה עם שרימ,גרמים,400.00,100 גרם,false,1,31.50,7.88,true,1,
4770237049290,false,גלידת שמנת בטעם וניל בציפוי צימקאו על מקל פלומביר 58 גר' SVALIA,פיאנו זיואיגזדס,LV,גלידה אסקימו פלומביר,גרמים,58.00,100 גרם,false,1,6.90,11.90,true,1,
4770237049313,false,גלידת שמנת פלומביר בטעם וניל עם שקדים בציפוי צמקאו על מקל 63 גר' SVALIA,פיאנו זיואיגזדס,LV,גלידה אסקימו פלומביר,גרמים,63.00,100 גרם,false,1,6.90,10.95,true,1,
4770237051804,false,חטיף גבינה וניל 45 גר,,,חטיף גבינה וניל 45 ג,גרמים,4500.00,100 גרם,false,1,4.50,0.10,true,1,
4770237051811,false,חטיף גבינה עם ריבת חלב 45 גר,,,חטיף גבינה עם ריבת ח,גרמים,4500.00,100 גרם,false,1,4.50,0.10,true,1,
4770237051828,false,חטיף גבינה תות שדה 45 גר,,,חטיף גבינה תות שדה 4,גרמים,4500.00,100 גרם,false,1,4.50,0.10,true,1,
4770237051842,false,חטיף גבינה בטעם שוקולד 45 גר,,,חטיף גבינה בטעם שוקו,גרמים,4500.00,100 גרם,false,1,4.50,0.10,true,1,
4770237054423,false,גלידת ס שרבט מנגו עם אפרסק בגביע וופל אישי 85 גר' SVALIA,פיאנו זיואיגזדס,LV,גלידה שרבט מנגו ואפר,גרמים,85.00,100 גרם,false,1,6.90,8.12,true,1,
4770237055048,false,"350 גר "" SMETANKA"" 1",,,15% 350 גר SMETANKA,גרמים,350.00,100 גרם,false,1,12.50,3.57,true,1,
4770237055055,false,"200 גר ""SMETANKA"" 30",,,30% 200 גר SMETANKA,גרמים,200.00,100 גרם,false,1,11.50,5.75,true,1,
4770237055567,false,גלידת שמנת בטעם שוקולד עם אגוזי לוז מצופה צמקאו פלומביר 63 גר SVALIA,פיאנו זיואיגזדס,LV,גלידה אסקימו שוקו אג,גרמים,63.00,100 גרם,false,1,6.90,10.95,true,1,
4770237055598,false,גלידה וניל פלומביר 400 גר סבליה,,LT,גלידה וניל פלומביר 4,גרמים,400.00,100 גרם,false,1,29.90,7.48,true,1,
4770237055604,false,גלידה שוקו אגוז פלומביר 400 גר סבליה,,LT,גלידה שוקו אגוז פלומ,גרמים,400.00,100 גרם,false,1,29.90,7.48,true,1,
4770265045264,false,דייסת שיבולת שועל 200 גר,,,דייסת שיבולת שועל,גרמים,200.00,100 גרם,false,1,7.90,3.95,true,1,
4770265046452,false,גבינה מותכת 28% סבליה 185 גר,,LT,גבינה מותכת 28% סבלי,גרמים,185.00,100 גרם,false,1,19.90,10.76,true,1,
4770265046568,false,דייסת אורז עם משמש 200 גר,,,דייסת אורז עם משמש,גרמים,200.00,100 גרם,false,1,7.90,3.95,true,1,
4770265046575,false,דייסת סולת עם תותי בר 200 גר,,,דייסת סולת תותי בר,גרמים,200.00,100 גרם,false,1,7.90,3.95,true,1,
4770265212024,false,גבינה מותכת 22% דרבו 135 גר,,LT,גבינה מותכת 22% דרבו,גרמים,135.00,100 גרם,false,1,15.50,11.48,true,1,
4770265213786,false,משקה חלב ריזנקה 500 מל,,,משקה חלבי ריזנקה 500,מיליליטרים,500.00,"100 מ""ל",false,1,11.50,2.30,true,1,
4770265214752,false,יוגורט יווני 200ג'(6,,,יוגורט יווני 200 גר,גרמים,200.00,100 גרם,false,1,10.50,5.25,true,1,
4770265214769,false,יוגורט יווני עם דבש 150 גר,,,יוגורט יווני עם דבש,גרמים,150.00,100 גרם,false,1,10.50,7.00,true,1,
4770265214783,false,יוגורט יווני עם דובדבן 150 גר,,,יוגורט יווני עם דובד,גרמים,150.00,100 גרם,false,1,10.50,7.00,true,1,
4770265215018,false,יוגורט יווני עם אפרסק 150 גר,,,יוגורט יווני עם אפרס,גרמים,150.00,100 גרם,false,1,10.50,7.00,true,1,
4770265219382,false,גבינה אנלוגי 600 גרם GURMAN,,,גבינה אנלוגי 600 גרם,גרמים,600.00,100 גרם,false,1,44.90,7.48,true,1,
4770265219405,false,גבינה אנלוגי 600 גרם SVALIA,,,גבינה אנלוגי 600 גרם,גרמים,600.00,100 גרם,false,1,44.90,7.48,true,1,
4770265219429,false,גבינה אנלוגי 600 גרם DVARO,,,גבינה אנלוגי 600 גרם,גרמים,600.00,100 גרם,false,1,44.90,7.48,true,1,
4770265219443,false,גבינה אנלוגי 600 גרם ROSSIYSKIY,,,גבינה אנלוגי 600 גרם,גרמים,600.00,100 גרם,false,1,44.90,7.48,true,1,
4770265219535,false,גבינה אנגולי מעושנת 150 גר גורמן,,,גבינה אנגולי מעושנת,גרמים,150.00,100 גרם,false,1,11.90,7.93,true,1,
4770266186157,false,150 גרחלבה בוטנים עם צימוקים,,LT,150 גרחלבה בוטנים עם,גרמים,150.00,100 גרם,false,1,9.90,6.60,true,1,
4770275048309,false,גבינת קוטג עם תבלינים 15% סבליה 130 גר,,LT,גבינת קוטג עם תבליני,גרמים,130.00,100 גרם,false,1,11.90,9.15,true,1,
4770275048316,false,גבינת קוטג עם מלפפון ושמיר 15% סבליה 130,,LT,גבינת קוטג עם מלפפון,גרמים,130.00,100 גרם,false,1,11.90,9.15,true,1,
4770275048354,false,גבינת ברינזה 60% 400 גר,,,גבינת ברינזה 60% 400,גרמים,400.00,100 גרם,false,1,53.90,13.48,true,1,
4770275049580,false,טבורוג 5% סבליה 370 גר,,,טבורוג אנלוגי סבליה,גרמים,370.00,100 גרם,false,1,19.90,5.38,true,1,
4770275049597,false,טבורוג 5% סבליה 900 גר,,,טבורוג אנלוגי סבליה,גרמים,900.00,100 גרם,false,1,42.90,4.77,true,1,
4770275049603,false,טבורוג 9% סבליה 370 גר,,,טבורוג אנלוגי 9% סבל,גרמים,370.00,100 גרם,false,1,19.90,5.38,true,1,
4770275049696,false,"משקה חלב קפיר 900 מ""ל",,,משקה חלבי קפיר 900 מ,מיליליטרים,900.00,"100 מ""ל",false,1,15.50,1.72,true,1,
4770299047890,false,גבינת דזוגס פרמגנו 180ג',,,דזוגס פרמגנו 180 גרם,גרמים,180.00,100 גרם,false,1,27.50,15.28,true,1,
4770301230821,false,בירה אינדיה פייל אייל וולפאס אנגלמן 568,,,בירה אינדיה פייל אי,מיליליטרים,568.00,"100 מ""ל",false,1,10.90,1.92,true,1,
4770301231811,false,"בירה קריק דובדבן וולפאס אנגלמן 568 מ""ל",,,בירה קריק דובדבן וול,מיליליטרים,568.00,"100 מ""ל",false,1,10.90,1.92,true,1,
4770301232023,false,"אוסטרליה פייל אייל וולפאס אנגלמן 568 מ""ל",,,אוסטרליה פייל אייל ו,מיליליטרים,568.00,"100 מ""ל",false,1,10.90,1.92,true,1,
4770301234973,false,בירה בלנש חיטה בלגית וולפאס אנגלמן 568מ,,,בירה בלנש חיטה בלגית,מיליליטרים,568.00,"100 מ""ל",false,1,10.90,1.92,true,1,
4770301235338,false,"בירה ניו אינגלנד וולפאס אנגלמן 568 מ""ל",,,בירה ניו אינגלנד וול,מיליליטרים,568.00,"100 מ""ל",false,1,10.90,1.92,true,1,
4770301236861,false,קווס משקה לחם לבובסקי 1.5 ל,,,קווס משקה לחם לבובסק,ליטרים,0.00,ליטר,false,1,13.90,13.90,true,1,
4770337046427,false,פרוסות גבינה 27% שומן 150 גרם MASSDAM,,,פרוסות גבינה 27% שומ,גרמים,150.00,100 גרם,false,1,19.10,12.73,true,1,
4770337046748,false,גבינה פרמזן PARNIDZIO 200 גר,,IL,גבינה פרמזן PARNIDZI,גרמים,200.00,100 גרם,false,1,24.90,12.45,true,1,
4770337047264,false,גבינה 200 גר AGED GOUDA,,IL,גבינה 200 גר AGED GO,גרמים,200.00,100 גרם,false,1,24.90,12.45,true,1,
4770337047295,false,גבינה 200 גרם OLD GILDIJA,,IL,גבינה 200 גר OLD GIL,גרמים,200.00,100 גרם,false,1,24.90,12.45,true,1,
4770337047431,false,תחליף גבינה 150 גר SVALIA,,,גבינה אנלוגי 150 גר,גרמים,150.00,100 גרם,false,1,12.50,8.33,true,1,
4770337047448,false,תחליף גבינה 150 גר DRAVO,,,גבינה אנלוגי 150 גר,גרמים,150.00,100 גרם,false,1,12.50,8.33,true,1,
4770337047455,false,תחליף גבינה רוסיסקי 150 גר,,,גבינה אנלוגי רוסיסקי,גרמים,150.00,100 גרם,false,1,12.50,8.33,true,1,
4770337047530,false,תחליף גבינה סבליה 240 גר,,,SVALIA גבינה אנלוגי,גרמים,240.00,100 גרם,false,1,17.90,7.46,true,1,
4770337048124,false,תחליף גבינה דברו 240 גר,,LT,DVARO גבינה אנלוגי,גרמים,240.00,100 גרם,false,1,17.90,7.46,true,1,
4770337048131,false,תחליף גבינה רוסייסקי 240 גר,,LT,גבינה אנלוגי רוסייסק,גרמים,240.00,100 גרם,false,1,17.90,7.46,true,1,
4770337048797,false,פרוסות גבינה 27% שומן 150 גרם EMMENTAL,,,פרוסות גבינה 27% שומ,גרמים,150.00,100 גרם,false,1,19.10,12.73,true,1,
4770349227203,false,בירה לא מסוננת בלטס חפוויזן 5% פחית 500,,LT,בירה לא מסוננת בלטס,מיליליטרים,500.00,"100 מ""ל",false,12,8.90,1.78,true,1,
4770583205920,false,סלק אדום מקולף ומבושל 500 גר,,,סלק אדום מקולף ומבוש,גרמים,500.00,100 גרם,false,1,9.90,1.98,true,1,
4770583221340,false,מיונז 620 גר American,,LT,מיונז 620 גר America,גרמים,620.00,100 גרם,false,1,23.90,3.85,true,1,
4771033178160,false,בגט חצי אפוי עם שום חמאה 175 גרם,,,בגט חצי אפוי עם שום,גרמים,175.00,100 גרם,false,1,9.40,5.37,true,1,
4771050157636,false,מרגרינה וילניוס 400 גרם,,,מרגרינה וילניוס 400,גרמים,400.00,100 גרם,false,1,14.90,3.73,true,1,
4771632000350,false,חליטת תה ארומה פירות יער 20 שקיות 40 גר,,,חליטת תה ארומה פירות,גרמים,40.00,100 גרם,false,1,10.90,27.25,true,1,
4771632000367,false,חליטת תה ארומה פטל ותות 20 שקיות 40 גר,,,חליטת תה ארומה פטל ו,גרמים,40.00,100 גרם,false,1,10.90,27.25,true,1,
4771632000398,false,חליטת תה ארומה אפרסק ומנגו 20 שקיות 40 ג,,,חליטת תה ארומה אפרסק,גרמים,40.00,100 גרם,false,1,10.90,27.25,true,1,
4771632086002,false,קפה נמס מיובש בהקפאה 200 גר AROMA GOLD,,,קפה נמס מיובש בהקפאה,גרמים,200.00,100 גרם,false,1,33.90,16.95,true,1,
4771632311944,false,בוטנים מצופים בטעם שמנת חמוצה ובצל 180 ג,,LT,בוטנים מצופים בטעם ש,גרמים,180.00,100 גרם,false,1,16.90,9.39,true,1,
4771632314686,false,בוטנים מצופים בטעם גבינה ובצל 180 גר,,LT,בוטנים מצופים בטעם ג,גרמים,180.00,100 גרם,false,1,16.90,9.39,true,1,
4779020987788,false,כבד שיבוט מכסה שקוף 230 גר BEST OF RIGA,,,כבד שיבוט מכסה שקוף,גרמים,230.00,100 גרם,false,1,21.90,9.52,true,1,
4779021230630,false,שוקולד אקסקלוסיב מריר 72% 100 גר,,LT,שוקולד אקסקלוסיב מרי,גרמים,100.00,100 גרם,false,1,9.90,9.90,true,1,
4779021230654,false,שוקולד אקסקלוסיב מריר 82% 100 גר,מסקנס,LT,שוקולד אקסקלוסיב מרי,גרמים,100.00,100 גרם,false,1,9.90,9.90,true,1,
4779021230913,false,שוקולד אקסקלוסיב מריר 90% אקסטרה 90 גר,מסקנס,LT,שוקולד אקסקלוסיב מרי,גרמים,90.00,100 גרם,false,1,10.90,12.11,true,1,
4779021231156,false,שוקולד אקסקלוסיב מריר 99% אקסטרה 100 גר,,LT,שוקולד אקסקלוסיב מרי,גרמים,100.00,100 גרם,false,1,10.90,10.90,true,1,
4779027471143,false,חטיף גבינה לבנה בטעם חלב מרוכז 43 גרם,,,חטיף גבינה לבנה בטעם,גרמים,43.00,100 גרם,false,1,5.20,12.09,true,1,
4779027471150,false,חטיף גבינה לבנה בטעם פלומביר 43 גרם,,,חטיף גבינה לבנה בטעם,גרמים,43.00,100 גרם,false,1,5.20,12.09,true,1,
4779027471167,false,חטיף גבינה לבנה בטעם קרם ברולה 43 גרם,,,חטיף גבינה לבנה בטעם,גרמים,43.00,100 גרם,false,1,5.20,12.09,true,1,
4779027471181,false,חטיף גבינה במילוי דובדבנים בציפוי קקאו,,,חטיף גבינה במילוי דו,גרמים,43.00,100 גרם,false,1,5.20,12.09,true,1,
4779036941149,false,עוגיות בצורת פטריות 150 גר,,,עוגיות בצורת פטריות,גרמים,150.00,100 גרם,false,1,11.20,7.47,true,1,
4779039731143,false,מרק עדשים אורגני 400 גר,גרביאי,LT,מרק עדשים אורגני 400,גרמים,400.00,100 גרם,false,1,19.90,4.98,true,1,
4779039732188,false,מרק ירקות מינסטרונה אורגני 400 גר,,LT,מרק ירקות מינסטרונה,גרמים,400.00,100 גרם,false,1,19.90,4.98,true,1,
4780022250787,false,קורט 142 גר BIO KURT,,,קורט 142 גר BIO KUR,גרמים,142.00,100 גרם,false,1,29.90,21.06,true,1,
4780030111315,false,AGROMIR עגבניות שרי בחומץ 720מל,,,AGROMIR עגבניות שרי,גרמים,720.00,100 גרם,false,1,12.90,1.79,true,1,
4780030690292,false,AGROMIRמלפפונים בחומץ עם שום ושמיר 720מ,,,AGROMIRמלפפונים בחומ,גרמים,750.00,100 גרם,false,1,13.90,1.85,true,1,
4780037060104,false,AGROMIR ממרח חצילים 500 גר,,,AGROMIR ממרח חצילים,גרמים,500.00,100 גרם,false,1,12.90,2.58,true,1,
4780047500010,false,ZULYA BARAKA לפתן דובדבנים 1 ל,,,ZULYA BARAKA לפתן דו,מיליליטרים,1000.00,"100 מ""ל",false,1,18.90,1.89,true,1,
4780047500546,false,ZULYA BARAKA פלפל דונגני בחומץ 1 ל,,,ZULYA BARAKA פלפל דו,גרמים,720.00,100 גרם,false,1,19.90,2.76,true,1,
4780047500683,false,ZULYA BARAKA שום בחומץ 720 גר,,,ZULYA BARAKA שום בחו,גרמים,720.00,100 גרם,false,1,19.90,2.76,true,1,
4780047500799,false,ZULYA BARAKA פלפל חריף בחומץ 320 ג,,,ZULYA BARAKA פלפל חר,גרמים,320.00,100 גרם,false,1,12.90,4.03,true,1,
4780048900147,false,תערובת תבלינים פלוב אוזבקי 55 גרם,,,תערובת תבלינים פלוב,גרמים,55.00,100 גרם,false,1,14.90,27.09,true,1,
4780048901311,false,ברבריס 25 גרם,,,ברבריס 25 גרם,גרמים,25.00,100 גרם,false,1,14.90,59.60,true,1,
4791045001560,false,תה היליס אינגליש ברקפסט 10 שקיקים,,,תה היליס אינגליש ברק,גרמים,150.00,100 גרם,false,1,25.50,17.00,true,1,
4791045001867,false,תה היליס סקוטיש ברקפסט 100 שקיקים,,,תה היליס סקוטיש ברקפ,גרמים,150.00,100 גרם,false,1,24.00,16.00,true,1,
4791045001874,false,תה אינגליש אריסטוקרטיק 100 שק סרי לנקה,,,תה אינגליש אריסטוקרט,גרמים,200.00,100 גרם,false,1,27.50,13.75,true,1,
4791045002314,false,תה היליס עלים ירוק 100 גרם,,,תה היליס עלים ירוק 1,גרמים,100.00,100 גרם,false,1,12.80,12.80,true,1,
4791045002536,false,תה עלים ירוק אנגלי 230 גרם היליס,,,תה עלים ירוק אנגלי 2,גרמים,230.00,100 גרם,false,1,27.50,11.96,true,1,
4791045002611,false,תה אריסטוקרט 300 גרם,,,תה אריסטוקרט 300 גרם,גרמים,300.00,100 גרם,false,1,41.50,13.83,true,1,
4791045002642,false,תה עלים ירוק עם יסמין 100 גרם,,,תה עלים ירוק עם יסמי,גרמים,100.00,100 גרם,false,1,15.00,15.00,true,1,
4791045003182,false,תה בתפזורת ארל גריי 100 גר היליס,,,תה בתפזורת ארל גריי,גרמים,100.00,100 גרם,false,1,14.50,14.50,true,1,
4791045006558,false,תה היליס שחור עם גינגר 100 גר,,,תה היליס שחור עם גינ,גרמים,100.00,100 גרם,false,1,14.50,14.50,true,1,
4791045006572,false,תה היליס אינגליש ירוק 100 שקיקים,,,תה היליס אינגליש ירו,גרמים,150.00,100 גרם,false,1,24.00,16.00,true,1,
4791045007128,false,תה היליס ירוק פסיפלורה 100 גר,,,תה היליס ירוק פסיפלו,גרמים,100.00,100 גרם,false,1,14.50,14.50,true,1,
4791045010432,false,תה היליס ירוק 500 גרם פח,,,תה היליס ירוק 500 גר,גרמים,500.00,100 גרם,false,1,53.70,10.74,true,1,
4791045010937,false,תה היליס ארל גריי 250 גרם,,,תה היליס ארל גריי 25,גרמים,250.00,100 גרם,false,1,29.50,11.80,true,1,
4791045011361,false,תה היליס שחור ארל גריי 100 שקיקים,,,תה היליס שחור ארל גר,גרמים,150.00,100 גרם,false,1,27.50,18.33,true,1,
4791045019787,false,תה היליס אריסטוקרט 100 גר,,,תה היליס אריסטוקרט 1,גרמים,100.00,100 גרם,false,1,25.90,25.90,true,1,
4791045024064,false,תה היליס ארל גריי 100 גר,,,תה היליס ארל גריי 10,גרמים,100.00,100 גרם,false,1,25.90,25.90,true,1,
4791045024071,false,תה היליס ירוק עם יסמין 100 גר,,,תה היליס ירוק עם יסמ,גרמים,100.00,100 גרם,false,1,25.90,25.90,true,1,
4792055013734,false,עלי תה ירוק טרסון אנונה 100 גר,,,עלי תה ירוק טרסון אנ,גרמים,100.00,100 גרם,false,1,26.90,26.90,true,1,
4792055013741,false,עלי תה ירוק טרסון פירות יער 100 גר,,,עלי תה ירוק טרסון פי,גרמים,100.00,100 גרם,false,1,26.90,26.90,true,1,
4792055013765,false,עלי תה ירוק טרסון אלוורה 100 גר,,,עלי תה ירוק טרסון אל,גרמים,100.00,100 גרם,false,1,26.90,26.90,true,1,
4792055013888,false,עלי תה ירוק טרסון קווי ותות 100 גר,,,עלי תה ירוק טרסון קו,גרמים,100.00,100 גרם,false,1,26.90,26.90,true,1,
4792055019811,false,תה שחור טרסון גינגיר ליים 20 שקי*2 גר,,,תה שחור טרסון גינגיר,גרמים,40.00,100 גרם,false,1,7.90,19.75,true,1,
4792055019927,false,תה שחור טרסון מיסטר טוויסט 75 גר,,,תה שחור טרסון מיסטר,גרמים,75.00,100 גרם,false,1,27.90,37.20,true,1,
4792055019958,false,תה שחור טרסון טרופיקל פיז פירות 75 גר,,,תה שחור טרסון טרופיק,גרמים,75.00,100 גרם,false,1,27.90,37.20,true,1,
4792055026703,false,HYSON תה שחור טהור בטעמים 160 גר,,LK,HYSON תה שחור טהור ב,גרמים,160.00,100 גרם,false,1,31.90,19.94,true,1,
4792252001084,false,תה פירות פטל ורוז היפ 2 גר* 20 שק,,,תה פירות פטל ורוז הי,Unknown,0.00,Unknown,false,1,18.90,18.90,true,1,
4792252002128,false,"תה ירוק ""בלאיה מגיה"" 1.5 גר* 20 שק",,,"תה ירוק ""בלאיה מגיה""",Unknown,0.00,Unknown,false,1,18.90,18.90,true,1,
4792252002746,false,תה שחור באזילור קלאסי אסורטי 2 גר* 20 שק,,,תה שחור באזילור קלאס,Unknown,0.00,Unknown,false,1,19.90,19.90,true,1,
4792252007222,false,תה שחור עם חמוציות 2 גר*100 שקיקים,,,תה שחור עם חמוציות 2,גרמים,200.00,100 גרם,false,1,39.90,19.95,true,1,
4792252100220,false,תה ירוק חלב אולונג 100 גרם,,,תה ירוק חלב אולונג,גרמים,100.00,100 גרם,false,1,23.90,23.90,true,1,
4792252100343,false,תה שחור תות שקה וקיווי 100 גרם,,,תה שחור תות שקה וקיו,גרמים,100.00,100 גרם,false,1,23.90,23.90,true,1,
4792252100398,false,תה שחור עם חמוציות 100 גרם,,,תה שחור עם חמוציות 1,גרמים,100.00,100 גרם,false,1,19.90,19.90,true,1,
4792252100695,false,תה שחור גולד 2 גר* 20 שק,,,תה שחור גולד 2 גר* 2,Unknown,0.00,Unknown,false,1,18.90,18.90,true,1,
4792252916418,false,תה אוריאנטל מגיק נייס 2*20 בזילור,,,תה אוריאנטל מגיק ניי,Unknown,0.00,Unknown,false,1,18.90,18.90,true,1,
4792252916531,false,תה אוריאנטל מורוזני 2*20 בזילור,,,תה אוריאנטל מורוזני,Unknown,0.00,Unknown,false,1,18.90,18.90,true,1,
4792252924659,false,תה אוריאנטל קולקשן 60שק *1.8 ג בסילור,,LK,תה אוריאנטל קולקשן 6,גרמים,108.00,100 גרם,false,1,42.90,39.72,true,1,
4792252935495,false,תה פרוט ימפ.אסורטי שק 60*1.8 בסילור,,LK,תה פרוט ימפ.אסורטי ש,גרמים,108.00,100 גרם,false,1,36.90,34.17,true,1,
4793000637012,false,קינמון ציילון אורגני טחון 70 גרם,אינטרנשיונל קומודטי,DE,קינמון ציילון אורגני,גרמים,70.00,100 גרם,false,1,16.90,24.14,true,1,
4796011492274,false,"סירופ קוקוס אורגני אמזוניקו 250 מ""ל",,LK,סירופ קוקוס אורגני א,מיליליטרים,250.00,"100 מ""ל",false,1,24.90,9.96,true,1,
4796011492298,false,"אמינו קוקוס אורגני אמזוניקו 250 מ""ל",,LK,אמינו קוקוס אורגני א,מיליליטרים,250.00,"100 מ""ל",false,1,19.90,7.96,true,1,
4796019790013,false,"שמן קוקוס אורגני 300 מ""ל",כפרי בריא,,שמן קוקוס אורגני 300,מיליליטרים,300.00,"100 מ""ל",false,1,23.90,7.97,true,1,
4796019790020,false,"שמן קוקוס אורגני 500 מ""ל גרין קוקו",גרין קוקו,LK,שמן קוקוס אורגני 500,מיליליטרים,500.00,"100 מ""ל",false,1,34.50,6.90,true,1,
4796019790037,false,שמן קוקוס אורגני 1 ליטר גרין קוקו,כפרי בריא,,שמן קוקוס אורגני 1 ל,מיליליטרים,1000.00,"100 מ""ל",false,1,57.50,5.75,true,1,
4798810000599,false,תה אופה 250 גרם פח,,,תה אופה 250 גרם פח,גרמים,250.00,100 גרם,false,1,39.90,15.96,true,1,
4798810001985,false,תה ירוק עלים 250 גרם פח,,,תה ירוק עלים 250 גרם,גרמים,250.00,100 גרם,false,1,39.90,15.96,true,1,
4800011907963,false,שקיות שי,,,שקיות שי,Unknown,0.00,Unknown,false,1,11.90,11.90,true,1,
4800888219541,false,רקסונה - דאודורנט סטיק לאישה פאוודר דרי 50 גרם,,,דאו רקסונה סטיק טלק,גרמים,50.00,100 גרם,false,1,20.90,41.80,true,1,
4810014018658,false,קוואס סטארוזיטני 1.4 ליטר,,BY,קוואס סטארוזיטני 1.4,ליטרים,0.00,ליטר,false,1,15.90,15.90,true,1,
4810065006987,false,חלב מרוכז ממותק דוי פק רוגציוב 380 גרם,,BY,חלב מרוכז ממותק דוי,גרמים,380.00,100 גרם,false,1,17.90,4.71,true,1,
4810065013121,false,חלב מרוכז ממותק דוי פק רוגציוב 280 גרם,,BY,חלב מרוכז ממותק דוי,גרמים,280.00,100 גרם,false,1,15.90,5.68,true,1,
4810108007506,false,Glubokoeחלב מרוכז 380 גר,,BY,חלב מרוכז 380 גר Gl,גרמים,380.00,100 גרם,false,1,13.90,3.66,true,1,
4810168000011,false,פילה דג הרינג מלוח מצונן 250ג',סנטה ברמור,BY,פילה הרינג מלוח 250,גרמים,250.00,100 גרם,false,1,15.20,6.08,true,1,
4810168000066,false,פילה דג הרינג מלוח מצונן עם תבלין 250ג,סנטה ברמור,BY,פילה הרינג מלוח עם ת,גרמים,250.00,100 גרם,false,1,15.20,6.08,true,1,
4810168000103,false,פילה הרינג מטיאס 250גר,,BY,פילה הרינג מלוח מעוש,גרמים,250.00,100 גרם,false,1,15.20,6.08,true,1,
4810168000998,false,פילה דג הרינג מלוח מצונן עם בצל בצנצנת חתיכות 260ג',סנטה ברמור,BY,חתיכות פילה הרינג,גרמים,260.00,100 גרם,false,1,19.40,7.46,true,1,
4810168001056,false,פילה דג הרינג מלוח מצונן בצנצנת חתיכות 260ג',סנטה ברמור,BY,חתיכות פילה הרינג,גרמים,260.00,100 גרם,false,1,19.40,7.46,true,1,
4810168001933,false,מקלות סורימי בטעם סרטן קפוא 200 גרם,,,מקלות סורימי בטעם סר,גרמים,200.00,100 גרם,false,1,7.30,3.65,true,1,
4810168001964,false,נתחי סורימי בטעם סרטן קפוא 200 גרם,,,נתחי סורימי בטעם סרט,גרמים,200.00,100 גרם,false,1,7.30,3.65,true,1,
4810168004132,false,ביצי דג טרוטונית אטלנטי מומלח מצונן 180,,,ביצי דג טרוטונית אטל,גרמים,180.00,100 גרם,false,1,17.70,9.83,true,1,
4810168004149,false,ביצי דג טרוטונית אטלנטי מעושן מצונן 180,,,ביצי דג טרוטונית אטל,גרמים,180.00,100 גרם,false,1,17.70,9.83,true,1,
4810168004156,false,ביצי דג טרוטונית אטלנטי סלמון מעושן 180ג,,,ביצי דג טרוטונית אטל,גרמים,180.00,100 גרם,false,1,17.70,9.83,true,1,
4810168016104,false,ביצי דג טרוטונית אטלנטי חסילונים 180 גר,,,ביצי דג טרוטונית אטל,גרמים,180.00,100 גרם,false,1,17.70,9.83,true,1,
4810168018795,false,חתיכות פילה דג הרינג מלוח מצונן 200ג',סנטה ברמור,BY,חתיכות פילה הרינג מל,גרמים,200.00,100 גרם,false,1,15.20,7.60,true,1,
4810168019051,false,חתיכות פילה דג הרינג מלוח מצונן עם תבלין 200ג',סנטה ברמור,BY,פילה הרינג מלוח עם ת,גרמים,200.00,100 גרם,false,1,15.20,7.60,true,1,
4810168020309,false,אצות ים מוחמצות 150 גר,,,אצות ים מוחמצות 150,גרמים,150.00,100 גרם,false,1,7.30,4.87,true,1,
4810168020330,false,אצות ים מוחמצות פטריות 150 גר,,,אצות ים מוחמצות,גרמים,150.00,100 גרם,false,1,7.30,4.87,true,1,
4810168020361,false,אצות ים מוחמצות עם חצילים 150 גר,,,אצות ים מוחמצות עם ח,גרמים,150.00,100 גרם,false,1,7.30,4.87,true,1,
4810168020392,false,אצות ים מוחמצות גזר 150 גר,,,אצות ים מוחמצות גזר,גרמים,150.00,100 גרם,false,1,7.30,4.87,true,1,
4810168024260,false,ביצי דג שיבוט מומלח מצונן 130 גר,,,ביצי דג שיבוט מומלח,גרמים,130.00,100 גרם,false,1,16.70,12.85,true,1,
4810168024512,false,פילה דג הרינג מלוח מצונן עם תבלין בצנצנת חתיכות 260ג,סנטה ברמור,BY,חתיכות פילה הרינג,גרמים,260.00,100 גרם,false,1,19.40,7.46,true,1,
4810168025793,false,ביצי דג זהבנון מומלח מצונן 130 גר,,,ביצי דג זהבנון מומלח,גרמים,130.00,100 גרם,false,1,16.70,12.85,true,1,
4810168031794,false,ביצי דג הרינג אטלנטי מומלח מצונן 110 גר,,,ביצי דג הרינג אטלנטי,גרמים,110.00,100 גרם,false,1,16.70,15.18,true,1,
4810168035792,false,ממרח עם קריל מעושן 150 גר,,BY,ממרח עם קריל מעושן 1,גרמים,150.00,100 גרם,false,1,15.20,10.13,true,1,
4810168035808,false,ממרח עם קריל ברוטב שמנת ושום 150 גר,,BY,ממרח עם קריל ברוטב ש,גרמים,150.00,100 גרם,false,1,15.20,10.13,true,1,
4810168038267,false,גלידה שמנת בטעם וניל צימוקים 65 גר,Santa Bremor,BY,גלידה שמנת בטעם וניל,גרמים,65.00,100 גרם,false,1,6.90,10.62,true,1,
4810168038977,false,"גלידת שמנת בטעם וניל בגביע וופל אישי פלומביר ""75 ""YUKKIג'",Santa Bremor,BY,גלידה פלומביר 75 גר,גרמים,75.00,100 גרם,false,1,6.90,9.20,true,1,
4810168038984,false,גלידת שמנת משובחת בטעם וניל וופל בין השכבות 80 גר YUKKI,Santa Bremor,BY,גלידה פלומביר סנדווי,גרמים,80.00,100 גרם,false,1,6.90,8.63,true,1,
4810168038991,false,גלידה פלומביר בגביע בטעם שוקולד 75 גר,Santa Bremor,BY,גלידה פלומביר בגביע,גרמים,75.00,100 גרם,false,1,6.90,9.20,true,1,
4810168039004,false,גלידה פלומביר משפחתי 400 גר,,,גלידה פלומביר משפחתי,גרמים,400.00,100 גרם,false,1,25.90,6.48,true,1,
4810168045432,false,גלידת שמנת בטעם וניל עם מילוי קרם טראפל בציפוי צימקאו 65 גר YUKKI,Santa Bremor,BY,גלידה טרופל אסקימו 6,גרמים,65.00,100 גרם,false,1,6.90,10.62,true,1,
4810168047351,false,בצק עלים מרודד מוקפא 450 גרם,,BY,בצק עלים מרודד מוקפא,גרמים,450.00,100 גרם,false,1,8.90,1.98,true,1,
4810168047368,false,בצק שמרים עלים מרודד מוקפא 450 גרם,,BY,בצק שמרים עלים מרודד,גרמים,450.00,100 גרם,false,1,8.90,1.98,true,1,
4810168051396,false,בצק שמרים מרודד מוקפא 450 גרם,,BY,בצק שמרים מרודד מוקפ,גרמים,450.00,100 גרם,false,1,6.90,1.53,true,1,
4810168053031,false,גלידה פלומביר בריקט שוקולד 80 גר,,BY,גלידה פלומביר בריקט,גרמים,80.00,100 גרם,false,1,6.90,8.63,true,1,
4810168055028,false,כיסונים במילוי דובדבנים מוקפאים 450 גר (,,BY,כיסונים במילוי,גרמים,450.00,100 גרם,false,1,20.90,4.64,true,1,
4810168055035,false,כיסונים במילוי טבורוג וצימוקים מוקפאים,,BY,כיסונים במילוי,גרמים,450.00,100 גרם,false,1,16.70,3.71,true,1,
4810168055042,false,כיסונים במילוי פטל מוקפאים 450 גרם,,BY,כיסונים במילוי פטל,גרמים,450.00,100 גרם,false,1,20.90,4.64,true,1,
4810168055059,false,כיסונים במילוי גבינת ריקוטה ותרד מוקפא,,BY,כיסונים במילוי גבינת,גרמים,450.00,100 גרם,false,1,20.90,4.64,true,1,
4810168055080,false,כיסונים במילוי כרוב ופטריות מוקפאים 450,,BY,כיסונים במילוי כרוב,גרמים,450.00,100 גרם,false,1,13.50,3.00,true,1,
4810168055165,false,לביבות גבינת טבורוג מוקפאות 450 גרם,,BY,לביבות גבינת טבורוג,גרמים,450.00,100 גרם,false,1,20.90,4.64,true,1,
4810168055349,false,ביצי דג שיבוט טרסקה עם חתיכות פורל וסלמו,,,ביצי דג שיבוט טרסקה,גרמים,90.00,100 גרם,false,1,11.90,13.22,true,1,
4810168055356,false,ביצי דג שיבוט טרסקה עם קריל 90 גרם,,,ביצי דג שיבוט טרסקה,גרמים,90.00,100 גרם,false,1,11.90,13.22,true,1,
4810168055875,false,חתיכות פילה דג הרינג מתובל מומלח בשמן,,,חתיכות פילה דג הרינג,גרמים,1200.00,100 גרם,false,1,41.90,3.49,true,1,
4810168055882,false,חתיכות פילה דג הרינג מומלח בשמן מצונן,,,חתיכות פילה דג הרינג,גרמים,1200.00,100 גרם,false,1,41.90,3.49,true,1,
4810168055899,false,פילה דג הרינג מומלח בשמן מצונן 1200 גרם,,,פילה דג הרינג מומלח,גרמים,1200.00,100 גרם,false,1,41.90,3.49,true,1,
4810168055905,false,פילה דג הרינג סקנדינבי מומלח בשמן מצונן,,,פילה דג הרינג סקנדינ,גרמים,1200.00,100 גרם,false,1,41.90,3.49,true,1,
4810168057435,false,חתיכות פילה דג הרינג מלוח בשמן מצונן 400 גר,,RU,חתיכות פילה הרינג מל,גרמים,500.00,100 גרם,false,1,30.50,6.10,true,1,
4810168057510,false,חתיכות פילה דג הרינג מתובל מלוח בשמן 400 גר,,,חתיכות פילה הרינג מת,גרמים,400.00,100 גרם,false,1,30.50,7.63,true,1,
4810168058548,false,חתיכות פילה דג הרינג סקנדינבי מלוח בשמן,,,חתיכות פילה דג הרינג,גרמים,1200.00,100 גרם,false,1,41.90,3.49,true,1,
4810168058876,false,ביצי דג טרוטונית Moiva עם אבוקדו וסלמון,,,ביצי דג טרוטונית Moi,גרמים,180.00,100 גרם,false,1,16.90,9.39,true,1,
4810168058975,false,חתיכות פילה דג הרינג סקנדינבי מלוח מצונן 260 גר,סנטה ברמור,BY,חתיכות פילה דג הרינג,גרמים,260.00,100 גרם,false,1,19.40,7.46,true,1,
4810168058982,false,חתיכות פילה דג הרינג סקנדינבי מלוח בשמן 400 גר,סנטה ברמור,BY,חתיכות פילה דג הרינג,גרמים,400.00,100 גרם,false,1,30.50,7.63,true,1,
4810168058999,false,פילה דג הרינג סקנדינבי מלוח מצונן 250ג',סנטה ברמור,BY,פילה הרינג סקנדינבי,גרמים,250.00,100 גרם,false,1,15.20,6.08,true,1,
4810168061142,false,בסגנון קוויאר אדום כדורי דג סלמון ופורל,,,בסגנון קוויאר אדום כ,גרמים,230.00,100 גרם,false,1,14.90,6.48,true,1,
4810168061159,false,בסגנון קוויאר שחור כדורי דג סלמון ופורל,,,בסגנון קוויאר שחור כ,גרמים,230.00,100 גרם,false,1,14.90,6.48,true,1,
4810168062132,false,כיסונים במילוי גבינת טבורוג מוקפאים 450,,BY,כיסונים במילוי גבינת,גרמים,450.00,100 גרם,false,1,16.70,3.71,true,1,
4810168062163,false,"כיסונים במילוי תפו""א ופטריות מוקפאים 450",,BY,"כיסונים במילוי תפו""א",גרמים,450.00,100 גרם,false,1,13.50,3.00,true,1,
4810168062170,false,"כיסונים במילוי תפו""א ובצל מוקפאים 450 גר",,BY,"כיסונים במילוי תפו""א",גרמים,450.00,100 גרם,false,1,13.50,3.00,true,1,
4810168062187,false,"בלינצס במילוי תפו""א ופטריות מוקפא 420 גר",,BY,"בלינצס במילוי תפו""א",גרמים,420.00,100 גרם,false,1,14.60,3.48,true,1,
4810168062194,false,בלינצס במילוי גבינת טבורוג מוקפא 360 גר,,BY,בלינצס במילוי גבינת,גרמים,360.00,100 גרם,false,1,14.60,4.06,true,1,
4810168062200,false,בלינצס במילוי דובדבן מוקפא 360 גרם,,BY,בלינצס במילוי דובדבן,גרמים,360.00,100 גרם,false,1,14.60,4.06,true,1,
4810168062217,false,"בלינצס במילוי תפו""ע וקינמון מוקפא 360 גר",,BY,"בלינצס במילוי תפו""ע",גרמים,360.00,100 גרם,false,1,14.60,4.06,true,1,
4810168062224,false,בלינצס במילוי ממרח קקאו אגוזי לוז קפוא,,BY,בלינצס במילוי ממרח ק,גרמים,360.00,100 גרם,false,1,14.60,4.06,true,1,
4810268041914,false,טבורוג 5% סבושקין קלאסי 200 גרם,,BY,טבורוג 5% סבושקין קל,גרמים,200.00,100 גרם,false,1,13.50,6.75,true,1,
4810285004008,false,"קווס ""לידסקיי"" לחם 1.5 ליטר",,,"קווס ""לידסקיי"" לחם 1",ליטרים,0.00,ליטר,false,1,13.90,13.90,true,1,
4810285006743,false,"קווס ""לידסקיי"" כהה 1.5 ליטר",,,"קווס ""לידסקיי"" כהה 1",ליטרים,0.00,ליטר,false,1,13.90,13.90,true,1,
4810410028954,false,שוקולד מריר קומונרקה קרם טראפלס 200 גר,,BY,שוקולד מריר קומונרקה,גרמים,200.00,100 גרם,false,1,16.70,8.35,true,1,
4810410055752,false,ממתק מוקצף בציפוי שוקולד פטיציה 200 גר,,RU,ממתק מוקצף בציפוי שו,גרמים,200.00,100 גרם,false,1,20.90,10.45,true,1,
4810410064891,false,שוקולד חלב קומונרקה קרם טראפלס 200 גר,,BY,שוקולד חלב קומונרקה,גרמים,200.00,100 גרם,false,1,16.70,8.35,true,1,
4812493000919,false,חטיף גבינה לבנה בטעם קקאו 40 גרם,,BY,חטיף גבינה לבנה בטעם,גרמים,40.00,100 גרם,false,1,2.90,7.25,true,1,
4812493000926,false,חטיף גבינה לבנה בטעם תות מצופה קקאו 40 ג,,BY,חטיף גבינה לבנה בטעם,גרמים,40.00,100 גרם,false,1,2.90,7.25,true,1,
4812493000933,false,חטיף גבינה לבנה פטל אוכמניות מצופה קקאו,,BY,חטיף גבינה לבנה פטל,גרמים,40.00,100 גרם,false,1,2.90,7.25,true,1,
4812493000940,false,חטיף גבינה לבנה וניל מצופה קקאו 40 גרם,,BY,חטיף גבינה לבנה וניל,גרמים,40.00,100 גרם,false,1,2.90,7.25,true,1,
4812493001077,false,חטיף גבינה לבנה מצופה שוקולד לבן בטעם לי,,BY,חטיף גבינה לבנה,גרמים,40.00,100 גרם,false,1,2.90,7.25,true,1,
4813538004800,false,מיץ ווילה דיני דובדבן 1 ליטר,,BY,מיץ ווילה דיני דובדב,מיליליטרים,1000.00,"100 מ""ל",false,1,15.90,1.59,true,1,
4813538006484,false,נקטר תפוחעץ-ענבים ארוך ירוק 1 ליטר,,BY,נקטר תפוחעץ-ענבים אר,מיליליטרים,1000.00,"100 מ""ל",false,1,15.90,1.59,true,1,
4813538006545,false,מיץ סוצני תפוזים 1 ליטר,,BY,מיץ סוצני תפוזים 1,מיליליטרים,1000.00,"100 מ""ל",false,1,15.90,1.59,true,1,
4813538006569,false,נקטר חמוציות סוצני 1 ליטר,,BY,נקטר חמוציות סוצני 1,מיליליטרים,1000.00,"100 מ""ל",false,1,15.90,1.59,true,1,
4815387001887,false,תה ירוק פירות 80 גר LOVARE,,,תה ירוק פירות 80 גר,גרמים,80.00,100 גרם,false,1,15.90,19.88,true,1,
4815387002136,false,מארז תה 12 טעמים DALAI TEA BAG COLECTION,,UA,מארז תה 12 טעמים DAL,יחידה,1.00,יחידה,false,1,31.50,31.50,true,1,
4815387003577,false,תה 155 גר LOVARE GREAT PARTEA,MONOMAH,,תה 155 גר LOVARE GRE,גרמים,155.00,100 גרם,false,1,36.50,23.55,true,1,
4820000190961,false,"בירה אובולון צהוב פחית 500 מ""ל",,,בירה אובולון צהוב פח,מיליליטרים,330.00,"100 מ""ל",false,1,8.90,2.70,true,1,
4820000190985,false,"בירה אובולון ירוק פחית 500 מ""ל",,,בירה אובולון לאגר פח,מיליליטרים,500.00,"100 מ""ל",false,1,8.90,1.78,true,1,
4820000191579,false,בירה אובולון בהירה 2 ליטר,,,בירה אובולון בהירה 2,ליטרים,0.00,ליטר,false,1,24.90,24.90,true,1,
4820000191586,false,בירה אובולון בהירה 1 ליטר,אובלון,,בירה אובולון בהירה 1,מיליליטרים,1000.00,"100 מ""ל",false,1,13.90,1.39,true,1,
4820000192125,false,"בירה בירמיקס קלה בטעם דובדבן 500 מ""ל",,,בירה קלה בטעם דובדבן,מיליליטרים,500.00,"100 מ""ל",false,1,8.90,1.78,true,1,
4820000192187,false,"בירה אובולון ללא אלכוהול 500 מ""ל",,,בירה אובולון ללא אלכ,מיליליטרים,500.00,"100 מ""ל",false,1,6.90,1.38,true,1,
4820000193238,false,"בירה בירמיקס קלה בטעם פטל 500 מ""ל",,,בירה בירמיקס קלה בטע,מיליליטרים,500.00,"100 מ""ל",false,1,8.90,1.78,true,1,
4820000195867,false,בירה זיגולובסקיה 2 ליטר,,,בירה זיגולובסקיה 2 ל,ליטרים,0.00,ליטר,false,1,24.90,24.90,true,1,
4820000455732,false,בירה בבקבוק 450 מייל LVIVSKE 1715,,,בירה בבקבוק 450 מייל,מיליליטרים,450.00,"100 מ""ל",false,1,10.90,2.42,true,1,
4820000455909,false,קואס טאראס 1.5 ל,,,קואס טאראס 1.5 ל,ליטרים,0.00,ליטר,false,1,16.90,16.90,true,1,
4820000456272,false,"בירה LVIVSKE פרמיום 500 מ""ל",,,בירה LVIVSKE פרמיום,מיליליטרים,450.00,"100 מ""ל",false,1,10.90,2.42,true,1,
4820000456401,false,בירה ROBERT DOMS BELGIYSKIY בקבוק 500 מל,,,בירה ROBERT DOMS BEL,מיליליטרים,500.00,"100 מ""ל",false,1,10.90,2.18,true,1,
4820000458238,false,"בירה כהה ""אריה כהה"" בבקבוק 500 מ""ל",,,"בירה כהה ""אריה כהה""",מיליליטרים,450.00,"100 מ""ל",false,1,10.90,2.42,true,1,
4820000458870,false,בירה 2.3 ליטר LVIVSKE 1715,,UA,בירה 2.3 ליטר LVIVSK,ליטרים,0.00,ליטר,false,1,31.90,31.90,true,1,
4820000459617,false,"בירה אריה לבן בהירה לא מסוננת 500 מ""ל",,,בירה אריה לבן בהירה,מיליליטרים,500.00,"100 מ""ל",false,1,10.90,2.18,true,1,
4820000943888,false,מיקדו יין לבן מתוק מתובל בשזיף לבן 700 מ,,,מיקדו יין לבן מתוק מ,Unknown,0.00,Unknown,false,1,32.90,32.90,true,1,
4820000943895,false,מיקדו יין אדום מתוק מתובל בשזיף אדום 700,,UA,מיקדו יין אדום מתוק,Unknown,0.00,Unknown,false,1,32.90,32.90,true,1,
4820000947305,false,"ברנדי שוסטוף 3 שנה 500 מ""ל",,,ברנדי שוסטוף 3 שנה 5,מיליליטרים,500.00,"100 מ""ל",false,1,54.90,10.98,true,1,
4820000947343,false,"ברנדי שוסטוף 5 שנה 500 מ""ל",,,ברנדי שוסטוף 5 שנה 5,מיליליטרים,500.00,"100 מ""ל",false,1,62.90,12.58,true,1,
4820000948418,false,"ברנדי שוסטוף גראנד רויאל 500 מ""ל X.O",,,ברנדי שוסטוף גראנד ר,מיליליטרים,500.00,"100 מ""ל",false,1,79.90,15.98,true,1,
4820002300238,false,קרקר בוטרברודני 400 גר,,,קרקר בוטרברודני 400,גרמים,400.00,100 גרם,false,1,13.90,3.48,true,1,
4820002301969,false,"קרקר ""בוקובקי"" 400 גרם",,,"קרקר ""בוקובקי"" 400 ג",גרמים,400.00,100 גרם,false,1,13.90,3.48,true,1,
4820002302058,false,קרקר עדין 400 גר,,,קרקר עדין 400 גר,גרמים,400.00,100 גרם,false,1,13.90,3.48,true,1,
4820002304014,false,בסקוויט בטעם פטל עם שמנת 330 גרם,,,בסקוויט בטעם פטל עם,גרמים,330.00,100 גרם,false,1,15.90,4.82,true,1,
4820002304038,false,בסקוויט בטעם שוקולד 330 גרם,,,בסקוויט בטעם שוקולד,גרמים,330.00,100 גרם,false,1,15.90,4.82,true,1,
4820002304052,false,בסקוויט בטעם דובדבן עם שמנת 330 גרם,,,בסקוויט בטעם דובדבן,גרמים,330.00,100 גרם,false,1,15.90,4.82,true,1,
4820002309224,false,"קרקר ""סניור באטוניו"" 350 גרם",,,"קרקר ""סניור באטוניו""",גרמים,350.00,100 גרם,false,1,11.90,3.40,true,1,
4820003350102,false,יין מבעבע אדום חצי מתוק 750 מל,,,יין מבעבע אדום חצי מ,מיליליטרים,750.00,"100 מ""ל",false,1,64.90,8.65,true,1,
4820003357484,false,"KRIMיין מבעבע לבן יבש ברוט 750 מ""ל",,,KRIMיין מבעבע לבן יב,מיליליטרים,750.00,"100 מ""ל",false,1,64.90,8.65,true,1,
4820003689196,false,נקטר תפוחים 1.93 ליטר אודסה,,,נקטר תפוחים 1.93 ליט,ליטרים,0.00,ליטר,false,1,24.90,24.90,true,1,
4820003689325,false,נקטר מולטיפרוט 1.93 ליטר נאש סוק,,UA,נקטר מולטיפרוט 1.93,ליטרים,0.00,ליטר,false,1,24.90,24.90,true,1,
4820003689349,false,נקטר מולטיויטמין 1.93 ליטר נאש סוק,,,נקטר מולטיויטמין 1.9,ליטרים,0.00,ליטר,false,1,24.90,24.90,true,1,
4820003689363,false,נקטר עגבניות עם מלח 1.93 ליטר נאש סוק,,UA,נקטר עגבניות עם מלח,ליטרים,0.00,ליטר,false,1,24.90,24.90,true,1,
4820003689387,false,נקטר דובדבן 1.93 ליטר נאש סוק,,,נקטר דובדבן 1.93 ליט,ליטרים,0.00,ליטר,false,1,24.90,24.90,true,1,
4820005193097,false,שוקולד MILLENNIUM GOLD לבן אגוז 100,,,שוקולד MILLENNIUM GO,גרמים,100.00,100 גרם,false,1,7.90,7.90,true,1,
4820006011758,false,גריסי פנינה 800 גרם,,UA,גריסי פנינה 800 גרם,גרמים,800.00,100 גרם,false,1,9.90,1.24,true,1,
4820006011819,false,גריסי דוחן 800 גרם,,UA,גריסי דוחן 800 גרם,גרמים,800.00,100 גרם,false,1,9.90,1.24,true,1,
4820012596300,false,גלידה אסקימו בטעם פיסטוק לב 80 גרם,,UA,גלידה אסקימו בטעם פי,גרמים,85.00,100 גרם,false,1,5.90,6.94,true,1,
4820015165206,false,גלידת שמנת משובחת בטעם וניל בגביע וופל אישי פלומביר מס' 1 70 גר',פיאנו זיואיגזדס,LT,גלידה פלומביר בכוס 7,גרמים,70.00,100 גרם,false,1,6.90,9.86,true,1,
4820015165213,false,גלידת שמנת משובחת בטעם וניל פלומביר מס 1 בין שכבות וופל 90 גר',פיאנו זיואיגזדס,LV,גלידה פלומביר בריקט,גרמים,90.00,100 גרם,false,1,6.90,7.67,true,1,
4820016250604,false,"נקטר מולטיויטמין 200 מ""ל נאש סוק",,UA,נקטר מולטיויטמין 200,מיליליטרים,200.00,"100 מ""ל",false,1,3.90,1.95,true,1,
4820016251205,false,"נקטר אפרסק-תפו""ע 200 מ""ל נאש סוק",,UA,"נקטר אפרסק-תפו""ע 200",מיליליטרים,200.00,"100 מ""ל",false,1,3.90,1.95,true,1,
4820016252004,false,"נקטר תפוחים 200 מ""ל נאש סוק",,UA,"נקטר תפוחים 200 מ""ל",מיליליטרים,200.00,"100 מ""ל",false,1,3.90,1.95,true,1,
4820026670201,false,סוכריות גלי בטעם לימון 265 גרם,,,סוכריות גלי בטעם לימ,גרמים,265.00,100 גרם,false,1,14.90,5.62,true,1,
4820026670430,false,סוכריות וונוצק סולנצני 500 גרם,,,סוכריות וונוצק סולנצ,גרמים,500.00,100 גרם,false,1,25.90,5.18,true,1,
4820026671673,false,בונבוניירה אסורטי פרמיאום 300 גרם,,,בונבוניירה אסורטי פר,גרמים,300.00,100 גרם,false,1,32.90,10.97,true,1,
4820026674827,false,בונבוניירה סטרלה 180 גרם,,,בונבוניירה סטרלה 180,גרמים,180.00,100 גרם,false,1,19.90,11.06,true,1,
4820026675497,false,גריליאז 270 גרם,,,גריליאז 270 גרם,גרמים,270.00,100 גרם,false,1,22.90,8.48,true,1,
4820026675909,false,בונבוניירה פרומטיי 300 גרם,,,בונבוניירה פרומטיי,גרמים,300.00,100 גרם,false,1,23.90,7.97,true,1,
4820029431083,false,"משקה כהלי מוגז בטעם גין טוניק 330 מ""ל",,,משקה כהלי מוגז בטעם,מיליליטרים,330.00,"100 מ""ל",false,1,12.80,3.88,true,1,
4820029431090,false,"משקה כהלי מוגז בטעם ברנדי קולה 330 מ""ל",,,משקה כהלי מוגז בטעם,מיליליטרים,330.00,"100 מ""ל",false,1,12.80,3.88,true,1,
4820029431175,false,"משקה כהלי מוגז בטעם וודקה ליים 330 מ""ל",,,משקה כהלי מוגז בטעם,מיליליטרים,330.00,"100 מ""ל",false,1,12.80,3.88,true,1,
4820030561380,false,ממרח קישואים קייץ 500 גרם דרי באבושקה,,,ממרח קישואים קייץ 50,גרמים,500.00,100 גרם,false,1,11.90,2.38,true,1,
4820030561410,false,שעועית ברוטב עגבניות 540 גרם באבושקינה,,,שעועית ברוטב עגבניות,גרמים,540.00,100 גרם,false,1,12.90,2.39,true,1,
4820030561557,false,שעועית לבנה 540 גרם באבושקינה,,,שעועית לבנה 540 גרם,גרמים,540.00,100 גרם,false,1,12.90,2.39,true,1,
4820039710710,false,"מעדן פטל פוסולסקי דבור 1.25 ק""ג",,,מעדן פטל יפוסולסקי ד,קילוגרמים,0.00,"ק""ג",false,1,37.90,37.90,true,1,
4820041576557,false,"ממרח ע""ב שומן צמחי ושומן חלב 82.5% 180 ג",Cow Land,BG,"ממרח ע""ב שומן צמחי ו",גרמים,18.00,100 גרם,false,1,7.90,43.89,true,1,
4820043011186,false,"שמן אובלפיחה 350 מ""ל אגרוסלפרום",,,"שמן אובלפיחה 350 מ""ל",מיליליטרים,350.00,"100 מ""ל",false,1,49.90,14.26,true,1,
4820046960511,false,"בירה חזקה כהה ""אבטורסקוה 500 ,6.5% ""מ""ל",,,"בירה חזקה כהה ""אבטור",מיליליטרים,500.00,"100 מ""ל",false,1,11.90,2.38,true,1,
4820046962652,false,בירה בהירה בוצקובוה 4.3% לא מסוננת 500 מ,,UA,בירה בהירה בוצקובוה,מיליליטרים,500.00,"100 מ""ל",false,1,11.90,2.38,true,1,
4820046962829,false,"בירה כהה בוצקובוה 4.3% לא מסוננת 500 מ""ל",,,בירה כהה בוצקובוה 4.,מיליליטרים,500.00,"100 מ""ל",false,1,11.90,2.38,true,1,
4820056380163,false,עולש נמס גאלקה עם ורד בר 100 גר,,,עולש נמס גאלקה עם ור,גרמים,100.00,100 גרם,false,1,8.50,8.50,true,1,
4820056380354,false,עולש נמס גאלקה פלוס 100 גר,,,עולש נמס גאלקה פלוס,גרמים,100.00,100 גרם,false,1,8.50,8.50,true,1,
4820061980174,false,דגי ביצקי מטוגנים ברוטב עגבניות 250 גר,,,דגי ביצקי מטוגנים בר,גרמים,250.00,100 גרם,false,1,8.90,3.56,true,1,
4820061980433,false,שימורי דג ביצקי ירקות ברוטב עגבניות 250,,,שימורי דג ביצקי ירקו,גרמים,250.00,100 גרם,false,1,8.90,3.56,true,1,
4820075500856,false,ELEGANCE בונבויירות מילניום 285 גרם,,UA,ELEGANCE בונבויירות,גרמים,285.00,100 גרם,false,1,24.90,8.74,true,1,
4820075502515,false,בונבוניירה ריביירה 250 גר,,,בונבוניירה ריביירה 2,גרמים,250.00,100 גרם,false,1,24.90,9.96,true,1,
4820075503017,false,"בונבוניירה טרופל 300 גר "" Truff 4you""",,,בונבוניירה טרופל 300,גרמים,300.00,100 גרם,false,1,27.90,9.30,true,1,
4820075504397,false,בונבוניירה אסורטי פרסטיז 286 גר,,,בונבוניירה אסורטי פר,גרמים,286.00,100 גרם,false,1,29.90,10.45,true,1,
4820075504694,false,MILLENIUM ORANGE שוקולד 74% מריר 100 גר,,UA,MILLENIUM ORANGE שוק,גרמים,100.00,100 גרם,false,1,6.90,6.90,true,1,
4820077081124,false,"שמן חמניות לא מזוכך גרנה 850 מ""ל",,,שמן חמניות לא מזוכך,מיליליטרים,850.00,"100 מ""ל",false,1,12.90,1.52,true,1,
4820077081148,false,"שמן חמניות מזוכך גרנה 850 מ""ל",,,שמן חמניות מזוכך גרנ,מיליליטרים,850.00,"100 מ""ל",false,1,12.90,1.52,true,1,
4820080720584,false,"וודקה חלבני 700 מ""ל דאר קלסיק 700מל כ",יושלם,,וודקה חלבני דאר קלאס,מיליליטרים,700.00,"100 מ""ל",false,1,62.90,8.99,true,1,
4820094252231,false,מעדן פטל אדום 45% פרי 700 גר,,UA,מעדן פטל אדום 45% פר,גרמים,700.00,100 גרם,false,1,19.90,2.84,true,1,
4820097895190,false,הפס שיכר סיידר תפוחים בטעם דובדבן 330 מל,,,הפס שיכר סיידר תפוחי,מיליליטרים,330.00,"100 מ""ל",false,1,7.90,2.39,true,1,
4820097896265,false,"הפס שיכר סיידר תפוחים בטעם אגס 330 מ""ל",,,הפס שיכר סיידר תפוחי,מיליליטרים,330.00,"100 מ""ל",false,1,7.90,2.39,true,1,
4820097898221,false,"קוקטייל מוכן בורה בורה 330 מ""ל",,UA,קוקטייל מוכן בורה בו,מיליליטרים,330.00,"100 מ""ל",false,1,7.90,2.39,true,1,
4820097898238,false,"קוקטייל מוכן סקס און דה ביץ 330 מ""ל",,UA,קוקטייל מוכן סקס און,מיליליטרים,330.00,"100 מ""ל",false,1,7.90,2.39,true,1,
4820097899150,false,"קוקטייל מוכן גין אשכוליות 330 מ""ל",,UA,קוקטייל מוכן גין אשכ,מיליליטרים,330.00,"100 מ""ל",false,1,7.90,2.39,true,1,
4820103341543,false,חלב מרוכז מבושל 370 גרם פחית,,,חלב מרוכז מבושל 370,גרמים,370.00,100 גרם,false,1,12.90,3.49,true,1,
4820103341574,false,חלב מרוכז 370 גרם,,,חלב מרוכז 370 גרם,גרמים,370.00,100 גרם,false,1,11.90,3.22,true,1,
4820106160691,false,גרעיני חמניות עם קליפה קלויים 200ג ALMAZ,אזארנה,UA,גרעיני חמניות עם קלי,גרמים,200.00,100 גרם,false,1,11.90,5.95,true,1,
4820106160714,false,גרעיני חמניות עם קליפה עם מלח 200ג ALMAZ,אזארנה,UA,גרעיני חמניות עם קלי,גרמים,200.00,100 גרם,false,1,11.90,5.95,true,1,
4820112366254,false,"סוכריות זבודייקה בטעם חלב מרוכז 1 ק""ג",,UA,סוכריות זבודייקה בטע,גרמים,1000.00,100 גרם,false,1,33.90,3.39,true,1,
4820112367145,false,"סוכריות מירל 1 ק""ג Kharkovchanka",,UA,"סוכריות מירל 1 ק""ג K",גרמים,1000.00,100 גרם,false,1,44.90,4.49,true,1,
4820112367152,false,"סוכריות ניקול 1 ק""ג Kharkovchanka",,UA,"סוכריות ניקול 1 ק""ג",גרמים,1000.00,100 גרם,false,1,44.90,4.49,true,1,
4820120600548,false,מעדן דובדבנים ללא גלעינים 45% פרי 700 גר,,UA,מעדן דובדבנים ללא גל,גרמים,700.00,100 גרם,false,1,19.90,2.84,true,1,
4820139474284,false,"שיכר חמוציות 500 מ""ל SPELAYA",,,"שיכר חמוציות 500 מ""ל",מיליליטרים,500.00,"100 מ""ל",false,1,22.90,4.58,true,1,
4820154722148,false,גלידה לנינגרד שוקו 70 גר,,,גלידה לנינגרד שוקו 7,גרמים,70.00,100 גרם,false,1,6.90,9.86,true,1,
4820154722162,false,גלידה לנינגרד 70 גר,,,גלידה לנינגרד 70 גר,גרמים,70.00,100 גרם,false,1,6.90,9.86,true,1,
4820154722803,false,גלידה אסקימוס שוקולד 750 גר,,,גלידה אסקימוס שוקולד,גרמים,750.00,100 גרם,false,1,32.90,4.39,true,1,
4820154723275,false,גלידה אסקימוס אסקימו 80 גר,Santa Bremor,BY,גלידה אסקימוס אסקימו,גרמים,9000.00,100 גרם,false,1,6.90,0.08,true,1,
4820154725187,false,גלידה אסקימוס אסקימו שוקו 80 גר,Santa Bremor,BY,גלידה אסקימוס אסקימו,גרמים,8000.00,100 גרם,false,1,6.90,0.09,true,1,
4820154727938,false,גלידה חלבית עם מלון וליים 85 גר,פיאנו זיואיגזדס,LV,גלידה אסקימו מלון לי,גרמים,85.00,100 גרם,false,1,6.90,8.12,true,1,
4820160780392,false,פירושקי עם כרוב 450 גר,,,פירושקי עם כרוב,גרמים,450.00,100 גרם,false,1,17.90,3.98,true,1,
4820160780835,false,"פירושקי עם תפו""א ופטריות 450 גר",,,"פירושקי עם תפו""א",גרמים,450.00,100 גרם,false,1,17.90,3.98,true,1,
4820165641360,false,סושקה מליוטקה פירמניה 300 גר,,,סושקה מליוטקה פירמני,גרמים,300.00,100 גרם,false,1,8.90,2.97,true,1,
4820165641384,false,סושקה מליוטקה וניל פלורה 300 גר,,,סושקה מליוטקה וניל פ,גרמים,300.00,100 גרם,false,1,8.90,2.97,true,1,
4820165641391,false,סושקה וניל פלורה 300 גר,,,סושקה וניל פלורה 300,גרמים,300.00,100 גרם,false,1,8.90,2.97,true,1,
4820165641421,false,סולומקה מתוקה חרומטיק 250 גרם,,,סולומקה מתוקה חרומטי,גרמים,250.00,100 גרם,false,1,8.90,3.56,true,1,
4820165641438,false,סולומקה בטעם פירות 250 גרם,,,סולומקה בטעם פירות 2,גרמים,250.00,100 גרם,false,1,8.90,3.56,true,1,
4820171991664,false,ורניק לסקה תפוח אדמה 900 גר,,,ורניק לסקה תפוח אדמה,גרמים,900.00,100 גרם,false,1,25.90,2.88,true,1,
4820171991688,false,ורניק לסקה כרוב 900 גר,,,ורניק לסקה כרוב 900,גרמים,900.00,100 גרם,false,1,25.90,2.88,true,1,
4820171993279,false,"קרפלך תפו""א ופטריות 900 גר",,,"קרפלך תפו""א ופטריות",גרמים,900.00,100 גרם,false,1,25.90,2.88,true,1,
4820171993293,false,קרפלך גבינה מלוחה 900 גר,,,קרפלך גבינה מלוחה 90,גרמים,900.00,100 גרם,false,1,29.90,3.32,true,1,
4820171997819,false,"ורניקי תפו""א ובצל 900 גר",,UA,"ורניקי תפו""א ובצל 90",גרמים,900.00,100 גרם,false,1,25.90,2.88,true,1,
4820171997833,false,"ורניקי תפו""א ושמיר 900 גר",,UA,"ורניקי תפו""א ושמיר 9",גרמים,900.00,100 גרם,false,1,25.90,2.88,true,1,
4820176062932,false,יין קרים מבעבע לבן חצי יבש 750 מל,,,יין קרים מבעבע לבן ח,מיליליטרים,750.00,"100 מ""ל",false,1,64.90,8.65,true,1,
4820176062956,false,יין מבעבע לבן חצי מתוק 750 מל,,,יין מבעבע לבן חצי מת,מיליליטרים,750.00,"100 מ""ל",false,1,64.90,8.65,true,1,
4820176062970,false,"KRIMיין מבעבע לבן מוסקט 750 מ""ל",,,KRIMיין מבעבע לבן מו,מיליליטרים,750.00,"100 מ""ל",false,1,64.90,8.65,true,1,
4820179253726,false,איטריות רולטון להכנה מהירה עם פטריות 75,,,איטריות רולטון להכנה,גרמים,0.00,100 גרם,false,1,7.50,7.50,true,1,
4820179254013,false,פירה בטעם שמנת בכוס 40 גרם Rolton,Mareven Food Ukraine LLC,UA,פירה בטעם שמנת בכוס,גרמים,40.00,100 גרם,false,1,5.90,14.75,true,1,
4820179254044,false,פירה בטעם עוף בכוס 40 גרם Rolton,Mareven Food Ukraine LLC,UA,פירה בטעם עוף בכוס 4,גרמים,40.00,100 גרם,false,1,5.90,14.75,true,1,
4820179254082,false,פירה בטעם עוף בשקית 40 גרם Rolton,Mareven Food Ukraine LLC,UA,פירה בטעם עוף בשקית,גרמים,40.00,100 גרם,false,1,3.90,9.75,true,1,
4820179254693,false,פירה להכנה מהירה בטעם שינקן וגבי55 גר,,,פירה להכנה מהירה בט,גרמים,55.00,100 גרם,false,1,8.90,16.18,true,1,
4820179254716,false,פירה להכנה מהירה בטעם עוף בכוס 55 גר,,,פירה להכנה מהירה בט,גרמים,55.00,100 גרם,false,1,8.90,16.18,true,1,
4820180250042,false,צמות סולוגוני מעושן סירויישקה 100 גרם,,UA,צמות סולוגוני מעושן,גרמים,100.00,100 גרם,false,1,19.90,19.90,true,1,
4820180251018,false,צמות סולוגוני מעושן אדיגייסקי 100 גרם,,UA,צמות סולוגוני מעושן,גרמים,100.00,100 גרם,false,1,19.90,19.90,true,1,
4820181420628,false,"וודקה וודקה נמירוף נמירוף אוריגינל 700 מ""ל",,,וודקה נמירוף נמירוף,מיליליטרים,700.00,"100 מ""ל",false,1,59.90,8.56,true,1,
4820181420758,false,"וודקה נמירוף חיטה 700 מ""ל",,,וודקה נמירוף חיטה 70,מיליליטרים,700.00,"100 מ""ל",false,1,59.90,8.56,true,1,
4820181420901,false,"וודקה נמירוף פלפל ודבש 700 מ""ל",,,וודקה נמירוף פלפל וד,מיליליטרים,700.00,"100 מ""ל",false,1,59.90,8.56,true,1,
4820182740053,false,ציפס בטעם סרטן 70 גר,,,ציפס בטעם סרטן 70 גר,גרמים,70.00,100 גרם,false,1,8.50,12.14,true,1,
4820182740077,false,ציפס בטעם גבינה 70 גר,,,ציפס בטעם גבינה 70 ג,גרמים,70.00,100 גרם,false,1,8.50,12.14,true,1,
4820182740084,false,ציפס בטעם בקון 70 גר,,,ציפס בטעם בקון 70 גר,Unknown,0.00,Unknown,false,1,8.50,8.50,true,1,
4820182742019,false,ציפס בטעם כנפיים ברביקיו 70 גר פלינט,,,ציפס כנפיים ברביקיו,גרמים,70.00,100 גרם,false,1,8.50,12.14,true,1,
4820182742897,false,קרוטונים פלינט בטעם בקון 35 גר,,UA,קרוטונים פלינט בטעם,גרמים,35.00,100 גרם,false,1,2.90,8.29,true,1,
4820182742903,false,קרוטונים פלינט בטעם סרטן 35 גרם,,UA,קרוטונים פלינט בטעם,גרמים,35.00,100 גרם,false,1,2.90,8.29,true,1,
4820182742972,false,קרוטונים פלינט בטעם קוויאר 35 גרם,,UA,קרוטונים פלינט בטעם,גרמים,35.00,100 גרם,false,1,2.90,8.29,true,1,
4820182742989,false,קרוטונים פלינט בטעם גבינה 35 גר,,UA,קרוטונים פלינט בטעם,גרמים,35.00,100 גרם,false,1,2.90,8.29,true,1,
4820182742996,false,קרוטונים פלינט בטעם סלמי 35 גר,,UA,קרוטונים פלינט בטעם,גרמים,35.00,100 גרם,false,1,2.90,8.29,true,1,
4820182743009,false,קרוטונים פלינט בטעם שישליק 35 גרם,,UA,קרוטונים פלינט בטעם,גרמים,35.00,100 גרם,false,1,2.90,8.29,true,1,
4820182743160,false,קרוטונים בטעם שום 70 גרם FLINT,,,קרוטונים בטעם שום 7,גרמים,70.00,100 גרם,false,1,4.50,6.43,true,1,
4820182746918,false,קרוטונים בטעם עגל עם אדזיקה 70 גר FLINT,,,קרוטונים בטעם עגל עם,גרמים,70.00,100 גרם,false,1,4.50,6.43,true,1,
4820182746932,false,קרוטונים בטעם עגבניות מתובלות 70גר FLINT,,,קרוטונים בטעם עגבניו,גרמים,70.00,100 גרם,false,1,4.50,6.43,true,1,
4820185230179,false,גלידה לקומקה עם קקאו 100 גר,,,גלידה לקומקה עם קקאו,גרמים,100.00,100 גרם,false,1,5.90,5.90,true,1,
4820185230186,false,גלידה לקומקה 100 גר,,,גלידה לקומקה 100 גר,גרמים,100.00,100 גרם,false,1,5.90,5.90,true,1,
4820185230742,false,גלידה ואלס וינאי 70 גר,,,גלידה ואלס וינאי 70,גרמים,70.00,100 גרם,false,1,5.90,8.43,true,1,
4820185230964,false,גלידה אליסקה 80 גר,,,גלידה אליסקה 80 גר,גרמים,80.00,100 גרם,false,1,5.90,7.38,true,1,
4820185230988,false,גלידה בריקט מקימוס 90 גרם,,UA,גלידה בריקט מקימוס 9,גרמים,90.00,100 גרם,false,1,5.90,6.56,true,1,
4820185231978,false,גלידה פלומביר בלרוסקי 600 גר,,,גלידה פלומביר בלרוסק,גרמים,600.00,100 גרם,false,1,32.90,5.48,true,1,
4820185235013,false,גלידה וניל מילוי תות שדה אסקימו 80 גר,,UA,גלידה וניל מילוי תות,גרמים,80.00,100 גרם,false,1,5.90,7.38,true,1,
4820189290193,false,"יין לבן יבש רקציטלי 750 מ""ל AZNAURI",,,יין לבן יבש רקציטלי,Unknown,0.00,Unknown,false,1,32.90,32.90,true,1,
4820189290209,false,"יין אדום יבש ספארויי750 מ""ל AZNAURI",,UA,יין אדום יבש ספארוי,Unknown,0.00,Unknown,false,1,32.90,32.90,true,1,
4820189290483,false,"יין אזנאורי לבן מבעבע חצי מתוק 750 מ""ל",,UA,יין אזנאורי לבן מבעב,Unknown,0.00,Unknown,false,1,32.90,32.90,true,1,
4820189290629,false,"יין אזנאורי לבן מבעבע ברוט 750 מ""ל",,UA,יין אזנאורי לבן מבעב,Unknown,0.00,Unknown,false,1,32.90,32.90,true,1,
4820189290865,false,"יין אזנאורי רוזה מבעבע ברוט 750 מ""ל",,UA,יין אזנאורי רוזה מבע,Unknown,0.00,Unknown,false,1,32.90,32.90,true,1,
4820189290896,false,"יין רוזה חצי מתוק אלזני ואלי 750 מ""ל",,UA,יין רוזה חצי מתוק אל,Unknown,0.00,Unknown,false,1,32.90,32.90,true,1,
4820193030051,false,"בירה אובולון ללא אלכוהול 500 מ""ל פחית",,,בירה אובולון ללא אלכ,מיליליטרים,500.00,"100 מ""ל",false,1,7.10,1.42,true,1,
4820193030303,false,בירה Zibert בהירה בפחית 500 מל,,,בירה Zibert בהירה ב,מיליליטרים,500.00,"100 מ""ל",false,1,9.90,1.98,true,1,
4820193031300,false,בירה אובולון חזקה בהירה לא מסוננת 2 ל,,,בירה אובולון חזקה בה,ליטרים,0.00,ליטר,false,1,24.90,24.90,true,1,
4820193031447,false,בירה אובולון חזק בהירה לא מסוננת 1 ליטר,,,בירה אובולון חזק בהי,מיליליטרים,1000.00,"100 מ""ל",false,1,13.90,1.39,true,1,
4820193034707,false,בירה אובולון מחוזקת 1 ליטר,,,בירה אובולון מחוזקת,מיליליטרים,1000.00,"100 מ""ל",false,1,13.90,1.39,true,1,
4820193551754,false,"גלידת פלומביר שמנת לסונקה וניל 1 ק""ג",,UA,גלידת פלומביר שמנת,קילוגרמים,0.00,"ק""ג",false,1,36.90,36.90,true,1,
4820195090909,false,ממתקי שוקולד ממולאים 200 גר STRELA,,UA,ממתקי שוקולד ממולאים,גרמים,200.00,100 גרם,false,1,24.90,12.45,true,1,
4820195096147,false,ביסקוויט עם תפוח עץ וקינמון 680 גר,,UA,ביסקוויט עם תפוח עץ,גרמים,680.00,100 גרם,false,1,19.90,2.93,true,1,
4820198873271,false,תה שחור 1.8 גר * 25 שק DALAI LADY GREY,,UA,תה שחור 1.8 גר * 25,גרמים,45.00,100 גרם,false,1,10.90,24.22,true,1,
4820198873288,false,תה ירוק 1.8 גר * 25 שק DALAI GREEN,,UA,תה ירוק 1.8 גר * 25,גרמים,45.00,100 גרם,false,1,10.90,24.22,true,1,
4820198873295,false,תה ירוק 1.8 גר * 25 שק ORANGE MINT,,UA,תה ירוק 1.8 גר * 25,גרמים,45.00,100 גרם,false,1,10.90,24.22,true,1,
4820198873325,false,חליטת פירות צמחים 2 גר*25 שק SUMMER TIME,,UA,חליטת פירות צמחים 2,גרמים,50.00,100 גרם,false,1,10.90,21.80,true,1,
4820198873332,false,תה שחור 24 שק DALAI ASSORTI 4 FLAVORS,,UA,תה שחור 24 שק DALAI,גרמים,40.00,100 גרם,false,1,10.90,27.25,true,1,
4820198874070,false,תה ירוק 1.8 גר ORANGE MINT,,UA,תה ירוק 1.8 גר ORA,גרמים,162.00,100 גרם,false,1,29.90,18.46,true,1,
4820198874094,false,חליטת פירות וצמחים SUMMER TIME,,UA,חליטת פירות וצמחים,גרמים,162.00,100 גרם,false,1,29.90,18.46,true,1,
4820199870026,false,סושקה מלוטקה בקק 300 גר,,,סושקה מלוטקה בקק 300,גרמים,300.00,100 גרם,false,1,7.90,2.63,true,1,
4820199870033,false,סושקה צילנווק בקק 300 גר,,,סושקה צילנווק בקק 30,גרמים,300.00,100 גרם,false,1,7.90,2.63,true,1,
4820199870057,false,סושקה פירמינייה בקק 300 גר,,,סושקה פירמינייה בקק,גרמים,300.00,100 גרם,false,1,7.90,2.63,true,1,
4820199870606,false,עוגיות שבולת שועל קלאסי בקק 300 גר,,,עוגיות שבולת שועל קל,גרמים,300.00,100 גרם,false,1,7.90,2.63,true,1,
4820199870620,false,סולומקה מתוקה בקק 100 גר,,,סולומקה מתוקה בקק 10,גרמים,100.00,100 גרם,false,1,4.90,4.90,true,1,
4820199870774,false,פריאניק פרוקטוביי 380 גרם,,,פריאניק פרוקטוביי 38,גרמים,380.00,100 גרם,false,1,11.90,3.13,true,1,
4820199870781,false,פריאניק מולוצני 380 גרם,,,פריאניק מולוצני 380,גרמים,380.00,100 גרם,false,1,11.90,3.13,true,1,
4820199872990,false,פריאניקי עם מילוי בטעם פטל 190 גרם,בקק,UA,פריאניקי עם מילוי בט,גרמים,190.00,100 גרם,false,1,5.90,3.11,true,1,
4820209111125,false,"משקה קל מוגז מוחיטו 500 מ""ל",,UA,משקה קל מוגז מוחיטו,מיליליטרים,500.00,"100 מ""ל",false,1,7.90,1.58,true,1,
4820209111132,false,משקה קל מוגז מוחיטו 1 ליטר,,UA,משקה קל מוגז מוחיטו,מיליליטרים,1000.00,"100 מ""ל",false,1,12.90,1.29,true,1,
4820209111149,false,משקה קל מוגז מוחיטו 1.5 ליטר ביולה,,,משקה קל מוגז מוחיטו,ליטרים,0.00,ליטר,false,1,15.90,15.90,true,1,
4820209113211,false,משקה קל מוגז טרחון 2 ליטר ביולה,,UA,משקה קל מוגז טרחון 2,ליטרים,0.00,ליטר,false,1,18.90,18.90,true,1,
4820209113402,false,משקה קל מוגז בייקל 2 ליטר ביולה,,UA,משקה קל מוגז בייקל 2,ליטרים,0.00,ליטר,false,1,18.90,18.90,true,1,
4820209113419,false,משקה קל מוגז סיטרו 2 ליטר ביולה,,UA,משקה קל מוגז סיטרו 2,ליטרים,0.00,ליטר,false,1,18.90,18.90,true,1,
4820210080014,false,מעדן תות שדה 45% פרי 700 גר,,UA,מעדן תות שדה 45% פרי,גרמים,700.00,100 גרם,false,1,19.90,2.84,true,1,
4820210084630,false,מעדן פירות יער 45% פרי 700 גר,,UA,מעדן פירות יער 45% פ,גרמים,700.00,100 גרם,false,1,19.90,2.84,true,1,
4820213960016,false,"יין לבן מבעבע יבש אודסה ברוט 750 מ""ל",,UA,יין לבן מבעבע יבש או,מיליליטרים,750.00,"100 מ""ל",false,1,36.90,4.92,true,1,
4820213960023,false,"יין לבן מבעבע חצי מתוק אודסה 750 מ""ל",,UA,יין לבן מבעבע חצי מת,מיליליטרים,750.00,"100 מ""ל",false,1,36.90,4.92,true,1,
4820213960030,false,"יין לבן מבעבע מתוק אודסה 750 מ""ל",,UA,יין לבן מבעבע מתוק א,מיליליטרים,750.00,"100 מ""ל",false,1,36.90,4.92,true,1,
4820213960085,false,"יין לבן מבעבע חצי מתוק אודסה 750 מ""ל",,UA,יין רוזה מבעבע חצי מ,מיליליטרים,750.00,"100 מ""ל",false,1,36.90,4.92,true,1,
4820213960528,false,"יין לבן מבעבע חצי יבש אודסה 750 מ""ל",,UA,יין לבן מבעבע חצי יב,מיליליטרים,750.00,"100 מ""ל",false,1,36.90,4.92,true,1,
4820227211654,false,דובשניות עם מילוי חלב קייבחלאב 360 גר,,UA,דובשניות עם מילוי חל,גרמים,360.00,100 גרם,false,1,8.90,2.47,true,1,
4820227211692,false,דובשניות עם מילוי דובדבן קייבחלאב 360 גר,,UA,דובשניות עם מילוי דו,גרמים,360.00,100 גרם,false,1,8.90,2.47,true,1,
4820227211777,false,דובשניות עם לימון קייבחלאב 360 גר,,,דובשניות עם לימון קי,גרמים,360.00,100 גרם,false,1,8.90,2.47,true,1,
4820229031311,false,"וודקה חורטיצה פלטינום 700 מ""ל",אוקראיניאן דיסטריביו,UA,וודקה חורטיצה פלטינו,מיליליטרים,700.00,"100 מ""ל",false,1,54.90,7.84,true,1,
4820229033520,false,"משקה כוהלי ""פרבק"" פלפל דבש 700 מ""ל",,,"וודקה ""פרבק"" פלפל דב",מיליליטרים,700.00,"100 מ""ל",false,1,57.20,8.17,true,1,
4823005000372,false,"בירה LVIVSKE 1715 פחית 500 מ""ל פחית",,,בירה LVIVSKE 1715 פ,מיליליטרים,500.00,"100 מ""ל",false,1,8.90,1.78,true,1,
4823006801435,false,לצו נזין 450 גרם,,,לצו נזין 450 גרם,גרמים,450.00,100 גרם,false,1,19.90,4.42,true,1,
4823006801862,false,איקרה קישואים נזין 450 גרם,,,איקרה קישואים נזין 4,גרמים,450.00,100 גרם,false,1,19.90,4.42,true,1,
4823006802128,false,שימורי מלפפונים כבושים פאנזנסקי920 NEZEN,,UA,שימורי מלפפונים כבוש,גרמים,920.00,100 גרם,false,1,23.90,2.60,true,1,
4823006802395,false,חצילים ברוטב אדגיקה נזין 450 גרם,,,חצילים ברוטב אדגיקה,גרמים,450.00,100 גרם,false,1,19.90,4.42,true,1,
4823006802401,false,אדגיקה חריפה נזין 450 גרם,,,אדגיקה חריפה נזין 45,גרמים,450.00,100 גרם,false,1,19.90,4.42,true,1,
4823070203265,false,גלידה פלומביר סובייטי 70 גר,,,גלידה פלומביר,גרמים,70.00,100 גרם,false,1,5.90,8.43,true,1,
4823070203296,false,גלידה פלומביר בלרוסי 90 גר,,,גלידה פלומביר בלרוסי,גרמים,90.00,100 גרם,false,1,5.90,6.56,true,1,
4823077602451,false,סוכריות קרמל סוגים שונים רושן במשקל,,,סוכריות רושן קבוצה 2,Unknown,0.00,"ק""ג",true,0,35.00,35.00,true,1,
4823077604171,false,"סוכריות קארא קום 1 ק""ג רושן",,,סוכריות קארא קום 1 ק,גרמים,1000.00,100 גרם,false,1,59.90,5.99,true,1,
4823077604379,false,"סוכריות ראצקי 1 ק""ג רושן",,,"סוכריות ראצקי 1 ק""ג",גרמים,1000.00,100 גרם,false,1,24.90,2.49,true,1,
4823077604416,false,"סוכריות קראסניי מאק 1 ק""ג רושן",,,סוכריות קראסניי מאק,גרמים,1000.00,100 גרם,false,1,59.90,5.99,true,1,
4823077605215,false,"סוכריות גלי 1 ק""ג רושן",,UA,סוכריות רושן גלי 1 ק,קילוגרמים,0.00,"ק""ג",false,1,29.90,29.90,true,1,
4823077608933,false,"סוכריות לצנה 1 ק""ג רושן",,,"סוכריות לצנה 1 ק""ג",גרמים,1000.00,100 גרם,false,1,59.90,5.99,true,1,
4823077611049,false,CUNDY NUT סוכריות קרמל נוגט ובוטנים 1 ק,,UA,CUNDY NUT סוכריות קר,גרמים,1000.00,100 גרם,false,1,34.90,3.49,true,1,
4823077611308,false,עוגה נפולאון רושן 1 קג,,,עוגה נפולאון רושן,גרמים,1000.00,100 גרם,false,1,74.90,7.49,true,1,
4823077611940,false,אסורטי קלאסיק 154 גר רושן,,,אסורטי קלאסיק 154 גר,גרמים,154.00,100 גרם,false,1,19.90,12.92,true,1,
4823077612732,false,סוכריות קרמל רושן בים בום 200 גר,רושן,UA,סוכריות קרמל רושן בי,גרמים,200.00,100 גרם,false,1,4.90,2.45,true,1,
4823077613203,false,שוקולד רושן מריר + פונדוק שלם 90 גר רושן,רושן Roshen,,שוקולד רושן מריר + פ,גרמים,90.00,100 גרם,false,1,7.90,8.78,true,1,
4823077613630,false,חטיף שוקולד חלב במילוי קרם ברולה,רושן Roshen,UA,באטונציק קרם ברולה 4,גרמים,43.00,100 גרם,false,1,3.90,9.07,true,1,
4823077614675,false,ביסקוויט חלב 185 גר רושן,,,ביסקוויט חלב 185 גר,גרמים,185.00,100 גרם,false,1,3.90,2.11,true,1,
4823077614699,false,ביסקוויט וניל 185 גר רושן,,,ביסקוויט וניל 185 גר,גרמים,185.00,100 גרם,false,1,3.90,2.11,true,1,
4823077614767,false,שוקולד רושן חלב נוגט בטעם אגוזי לוז 90 ג,,,שוקולד רושן חלב נוגט,גרמים,90.00,100 גרם,false,1,4.90,5.44,true,1,
4823077614804,false,שוקולד חלב נוגט וניל 90 גרם רושן,רושן Roshen,,שוקולד חלב נוגט וניל,גרמים,90.00,100 גרם,false,1,4.90,5.44,true,1,
4823077615139,false,רומאשקה/קו קו /קונאפטו רושן במשקל,,,סוכריות רושן קבוצה 5,Unknown,0.00,"ק""ג",true,0,69.00,69.00,true,1,
4823077615757,false,בונבוניירה סטרלה 200 גר רושן,,,בונבוניירה סטרלה 200,גרמים,200.00,100 גרם,false,1,24.90,12.45,true,1,
4823077616013,false,בונבוניירה וצרני קייב 176 גרם,,,בונבוניירה וצרני קיי,גרמים,176.00,100 גרם,false,1,25.90,14.72,true,1,
4823077617041,false,חטיף שוקולד חלב במילוי קרמל,רושן Roshen,UA,באטונציק קרמל 40 גר,גרמים,40.00,100 גרם,false,1,3.90,9.75,true,1,
4823077617645,false,עוגת פרזסקי רושן 850 גר,,UA,עוגת פרזסקי רושן 850,גרמים,850.00,100 גרם,false,1,92.90,10.93,true,1,
4823077617829,false,עוגה קייבסקי רושן 450 גר,,,עוגה קייבסקי רושן 45,גרמים,450.00,100 גרם,false,1,72.90,16.20,true,1,
4823077617836,false,עוגה קייבסקי רושן 850 גר,,,עוגה קייבסקי רושן 85,גרמים,850.00,100 גרם,false,1,119.90,14.11,true,1,
4823077618918,false,בונבוניירה שוטרס ברנדי ליקר 150 גר,,,בונבוניירה שוטרס ברנ,גרמים,150.00,100 גרם,false,1,13.90,9.27,true,1,
4823077620737,false,בונבוניירה רושן וציניי קייב 352 גר,,,בונבוניירה רושן,גרמים,352.00,100 גרם,false,1,39.90,11.34,true,1,
4823077621154,false,באטונציק 43 גר רושן,,,באטונציק 43 גר רושן,גרמים,43.00,100 גרם,false,1,3.90,9.07,true,1,
4823077621635,false,וופל רושן בטעם חלב 72 גר,,,וופל רושן בטעם חלב 7,גרמים,72.00,100 גרם,false,1,3.90,5.42,true,1,
4823077621642,false,וופל רושן בטעם שוקולד 72 גר,,,וופל רושן בטעם שוקול,גרמים,72.00,100 גרם,false,1,3.90,5.42,true,1,
4823077621659,false,וופל רושן בטעם אגוז 72 גר,,,וופל רושן בטעם אגוז,גרמים,72.00,100 גרם,false,1,3.90,5.42,true,1,
4823077623714,false,סוכריות כוס חלב 150 גרם רושן,רושן,UA,סוכריות כוס חלב 150,גרמים,150.00,100 גרם,false,1,6.90,4.60,true,1,
4823077624223,false,סוכריות ג'לי בטעמי פירות Summer Mix,רושן Roshen,UA,גילי בוני פרוט 200 ג,גרמים,200.00,100 גרם,false,1,6.90,3.45,true,1,
4823077624247,false,סוכריות ג'לי מסוכרות בטעמי פירות,רושן Roshen,UA,גילי בוני פרוט 200 ג,גרמים,200.00,100 גרם,false,1,6.90,3.45,true,1,
4823077624261,false,גילי בוני פרוט 200 גר BERRY MIX,,,גילי בוני פרוט 200 ג,גרמים,200.00,100 גרם,false,1,6.90,3.45,true,1,
4823077624285,false,בונבוניירה רושן אסורטי שוקולאטריה 194 ג,,UA,בונבוניירה רושן אסור,גרמים,194.00,100 גרם,false,1,23.90,12.32,true,1,
4823077624391,false,"רושן סוכריות טופי ""מינקי בינקי"" 185 גר",רושן,UA,"רושן סוכריות טופי ""מ",גרמים,185.00,100 גרם,false,1,6.90,3.73,true,1,
4823077625145,false,ממתקי שוקולד מריר עם דובדבן בליקר דובדבן,רושן Roshen,UA,בונבוניירה רושן דובד,גרמים,155.00,100 גרם,false,1,13.90,8.97,true,1,
4823077625589,false,וופל וואפרס חלב רושן 216 גר,,UA,וופל וואפרס חלב רושן,גרמים,216.00,100 גרם,false,1,6.90,3.19,true,1,
4823077625602,false,וופל וואפרס שוקולד רושן 216 גר,,UA,וופל וואפרס שוקולד ר,גרמים,216.00,100 גרם,false,1,6.90,3.19,true,1,
4823077625626,false,וופל וואפרס אגוז רושן 216 גר,,UA,וופל וואפרס אגוז רוש,גרמים,216.00,100 גרם,false,1,6.90,3.19,true,1,
4823077625879,false,אסורטי רושן 145 גר COMPLIMENT,,UA,אסורטי רושן 145 גר C,גרמים,145.00,100 גרם,false,1,19.90,13.72,true,1,
4823077626203,false,שוקולד אורירי מריר 80 גר רושן,רושן Roshen,UA,שוקולד אורירי מריר 8,גרמים,80.00,100 גרם,false,1,6.90,8.63,true,1,
4823077626227,false,שוקולד אורירי חלב 80 גר רושן,רושן Roshen,UA,שוקולד אורירי חלב 80,גרמים,80.00,100 גרם,false,1,6.90,8.63,true,1,
4823077626241,false,שוקולד אורירי לבן קרמל 80 גר רושן,רושן Roshen,UA,שוקולד אורירי לבן קר,גרמים,80.00,100 גרם,false,1,6.90,8.63,true,1,
4823077626364,false,שוקולד אורירי לבן 80 גר רושן,רושן Roshen,UA,שוקולד אורירי לבן 80,גרמים,80.00,100 גרם,false,1,6.90,8.63,true,1,
4823077630057,false,חמאה גר 200 ROSHEN 82.5%,,UA,חמאה גר 200 ROSHEN 8,גרמים,200.00,100 גרם,false,1,10.90,5.45,true,1,
4823077630422,false,סנדוויץ קרקר חלב וניל רושן 235 גר,,,סנדוויץ קרקר חלב וני,גרמים,235.00,100 גרם,false,1,9.90,4.21,true,1,
4823077630996,false,סנדוויץ קרקר קקאו-אגוז רושן 235 גר,,,סנדוויץ קרקר קקאו-אג,גרמים,235.00,100 גרם,false,1,9.90,4.21,true,1,
4823077631337,false,בונבוניירה וצירניי קייב גולד 132 גר,,,בונבוניירה וצירניי ק,גרמים,132.00,100 גרם,false,1,18.90,14.32,true,1,
4823077631467,false,קרקר עם מלח ים רושן 168 גר,,,קרקר עם מלח ים רושן,גרמים,168.00,100 גרם,false,1,4.90,2.92,true,1,
4823077631474,false,קרקר קלאסי רושן 168 גר,,,קרקר קלאסי רושן 168,גרמים,168.00,100 גרם,false,1,4.90,2.92,true,1,
4823077631856,false,וופל רול קונאפטו קוקוס 140 גר,,UA,וופל רול קונאפטו קוק,גרמים,140.00,100 גרם,false,1,6.90,4.93,true,1,
4823077631863,false,וופל רול קונאפטו וניל 140 גר,,UA,וופל רול קונאפטו וני,גרמים,140.00,100 גרם,false,1,6.90,4.93,true,1,
4823077631962,false,סוכריות רושן 1 במשקל,,,סוכריות רושן קבוצה 4,Unknown,0.00,"ק""ג",true,0,45.00,45.00,true,1,
4823077632112,false,וופל בטעם קקאו חלב רושן 216 גר,,,וופל בטעם קקאו חלב ר,גרמים,216.00,100 גרם,false,1,6.90,3.19,true,1,
4823077632259,false,באטונציק קרם עם בוטנים 38 גר,רושן Roshen,UA,באטונציק קרם עם בוטנ,גרמים,38.00,100 גרם,false,1,3.90,10.26,true,1,
4823077632495,false,"פרלינים ""מונבלאן"" שוקולד+אגוז שלם 1 קג",,UA,"פרלינים ""מונבלאן"" שו",גרמים,1000.00,100 גרם,false,1,69.90,6.99,true,1,
4823077632518,false,"פרלינים ""מונבלאן"" שוקולד+אגוזי לוז 1 קג",,UA,"פרלינים ""מונבלאן"" שו",גרמים,1000.00,100 גרם,false,1,69.90,6.99,true,1,
4823077632570,false,שוקולד רושן מריר 85 גר BRUT,,UA,שוקולד רושן מריר 85,גרמים,85.00,100 גרם,false,1,6.90,8.12,true,1,
4823077632587,false,שוקולד רושן חלב עם שקד שלם 90 גר LACMI,,,שוקולד רושן חלב עם ש,גרמים,90.00,100 גרם,false,1,7.90,8.78,true,1,
4823077632594,false,שוקולד רושן חלב עם אגוז שלם 90 גר LACMI,,,שוקולד רושן חלב עם א,גרמים,90.00,100 גרם,false,1,7.90,8.78,true,1,
4823077633058,false,"גליליות וופל רושן ""קונאפטו"" אגוז 140 ג",,,"גליליות וופל רושן ""ק",גרמים,140.00,100 גרם,false,1,6.90,4.93,true,1,
4823077633317,false,עוגיות שוקולד עם חתיכות שוקולד 150 גר,,,עוגיות שוקולד עם חתי,גרמים,150.00,100 גרם,false,1,6.90,4.60,true,1,
4823077633324,false,עוגיות רושן עם חתיכות שוקולד 150 גר,,,עוגיות שוקוציפס עם,גרמים,150.00,100 גרם,false,1,6.90,4.60,true,1,
4823077633331,false,עוגיות רושן עם בטעם תפוז 150 גר,,,עוגיות רושן עם בטעם,גרמים,150.00,100 גרם,false,1,6.90,4.60,true,1,
4823077633348,false,עוגיות רושן עם חתיכות בוטנים 150 גר,,,עוגיות רושן עם חתיכו,גרמים,150.00,100 גרם,false,1,6.90,4.60,true,1,
4823077633508,false,חטיף וופל רושן במילוי קרם קקאו מצופה 34,,UA,חטיף וופל רושן במילו,גרמים,34.00,100 גרם,false,1,3.90,11.47,true,1,
4823077633515,false,חטיף וופל רושן במילוי קרם חלבי מצופה 34,,UA,חטיף וופל רושן במילו,גרמים,34.00,100 גרם,false,1,3.90,11.47,true,1,
4823077633690,false,בונבוניירה רושן שוטרס ויסקי 150 גר,,,בונבוניירה רושן שוטר,גרמים,150.00,100 גרם,false,1,13.90,9.27,true,1,
4823077634116,false,"סוכריות קורובקה 1 ק""ג רושן",,,"סוכריות קורובקה 1 ק""",גרמים,1000.00,100 גרם,false,1,24.90,2.49,true,1,
4823077634178,false,עוגיות עם מילוי תפוח קינמון 168 גר LOVIT,,,עוגיות עם מילוי תפוח,גרמים,168.00,100 גרם,false,1,6.90,4.11,true,1,
4823077634192,false,עוגיות עם מילוי דובדבן וניל 168 גר LOVIT,,,עוגיות עם מילוי דובד,גרמים,168.00,100 גרם,false,1,6.90,4.11,true,1,
4823077634222,false,עוגיות Lovita ממולאות ג'לי תפוז מצופות צימקאו,רושן Roshen,,עוגיות תפוז 135 גר L,גרמים,135.00,100 גרם,false,1,6.90,5.11,true,1,
4823077634246,false,עוגיות Lovita ממולאות ג'לי פטל מצופות צימקאו,רושן Roshen,,עוגיות פטל 135 גר LO,גרמים,135.00,100 גרם,false,1,6.90,5.11,true,1,
4823077634277,false,עוגיות Lovita ממולאות ג'לי תות שדה מצופות צימקאו,רושן Roshen,,עוגיות תות שדה 135 ג,גרמים,135.00,100 גרם,false,1,6.90,5.11,true,1,
4823077634369,false,שוקולד רושן חלב אוורירי 85 גר LACMI,,UA,שוקולד רושן חלב אוור,גרמים,85.00,100 גרם,false,1,6.90,8.12,true,1,
4823077634413,false,"עוגות אישיות תות שדה 270 גר""TOO COOL""",,,עוגות אישיות תות שדה,גרמים,270.00,100 גרם,false,1,14.90,5.52,true,1,
4823077634420,false,"עוגות אישיות ""TOO COOL"" חלב 270 גר",,,"עוגות אישיות ""TOO CO",גרמים,270.00,100 גרם,false,1,14.90,5.52,true,1,
4823077634741,false,עוגיות עם מילוי תות שדה 168 גר LOVITA,,,עוגיות עם מילוי תות,גרמים,168.00,100 גרם,false,1,6.90,4.11,true,1,
4823077635489,false,חטיף וופל רושן קרם קקאו 350 גר,,,חטיף וופל רושן קרם ק,גרמים,350.00,100 גרם,false,1,17.90,5.11,true,1,
4823077635533,false,חטיף וופל רושן קרם חלב 350 גר,,,חטיף וופל רושן קרם ח,גרמים,350.00,100 גרם,false,1,17.90,5.11,true,1,
4823077635793,false,וופלים דקיקים רושן חלב וניל 55 גר THINS,,UA,וופלים דקיקים רושן ח,גרמים,55.00,100 גרם,false,1,4.90,8.91,true,1,
4823077635816,false,וופלים דקיקים רושן אגוזי לוז 55 גר THINS,,UA,וופלים דקיקים רושן א,גרמים,55.00,100 גרם,false,1,4.90,8.91,true,1,
4823077636004,false,עוגיות Lovita ממולאות ג'לי דובדבן מצופות צימקאו,רושן Roshen,,עוגיות קקאו דובדבן 1,גרמים,135.00,100 גרם,false,1,6.90,5.11,true,1,
4823077636059,false,עוגיות קקאו דובדבן 420 גר LOVITA,,UA,עוגיות קקאו דובדבן,גרמים,420.00,100 גרם,false,1,17.90,4.26,true,1,
4823077636073,false,עוגיות תות שדה 420 גר LOVITA,,,עוגיות תות שדה 420 ג,גרמים,420.00,100 גרם,false,1,17.90,4.26,true,1,
4823077636097,false,עוגיות פטל 420 גר LOVITA,,,עוגיות פטל 420 גר LO,גרמים,420.00,100 גרם,false,1,17.90,4.26,true,1,
4823077636110,false,עוגיות תפוז 420 גר LOVITA,,,עוגיות תפוז 420 גר L,גרמים,420.00,100 גרם,false,1,17.90,4.26,true,1,
4823077636172,false,וופל רושן בטעם לימון 216 גר,,UA,וופל רושן בטעם לימון,גרמים,216.00,100 גרם,false,1,5.80,2.69,true,1,
4823077636332,false,עוגיות רושן במילוי קרם שוקולד127ג LOVITA,,,עוגיות רושן במילוי ק,גרמים,127.00,100 גרם,false,1,6.90,5.43,true,1,
4823077636400,false,עוגיות רושן במילוי קרם חלב 127 גר LOVITA,,,עוגיות רושן במילוי ק,גרמים,127.00,100 גרם,false,1,6.90,5.43,true,1,
4823077636417,false,עוגיות רושן במילוי קרם אגוזים127ג LOVITA,,,עוגיות רושן במילוי ק,גרמים,127.00,100 גרם,false,1,6.90,5.43,true,1,
4823077636547,false,סוכריות ממולאות פירות בים בום468ג ROSHEN,,UA,סוכריות ממולאות פירו,גרמים,468.00,100 גרם,false,1,11.90,2.54,true,1,
4823077636554,false,סוכריות ממולאות קרם בטעם חלב 378ג ROSHEN,,,סוכריות ממולאות קרם,גרמים,378.00,100 גרם,false,1,11.90,3.15,true,1,
4823077636578,false,סוכריות טופי כוס חלב 325 גר ROSHEN,,,סוכריות טופי כוס חלב,גרמים,325.00,100 גרם,false,1,11.90,3.66,true,1,
4823077636592,false,סוכריות גלי קרייזי פצולקה 378 גר ROSHEN,,,סוכריות גלי קרייזי פ,גרמים,378.00,100 גרם,false,1,11.90,3.15,true,1,
4823077636608,false,סוכריות טופי במילוי שוקולד 325 גר ROSHEN,,,סוכריות טופי במילוי,גרמים,325.00,100 גרם,false,1,11.90,3.66,true,1,
4823077638169,false,מתנה סילבסטר מס 10 850 גר,,,מתנה סילבסטר מס 10 8,גרמים,850.00,100 גרם,false,1,74.90,8.81,true,1,
4823077638183,false,מתנה סילבסטר מס 1 279 גר,,UA,מתנה סילבסטר מס 1 27,גרמים,279.00,100 גרם,false,1,24.90,8.92,true,1,
4823077638206,false,מתנה סילבסטר מס 9 600 גר,,UA,מתנה סילבסטר מס 9 60,גרמים,600.00,100 גרם,false,1,49.90,8.32,true,1,
4823077638220,false,מתנה סילבסטר מס 8 468 גר,,UA,מתנה סילבסטר מס 8 46,גרמים,468.00,100 גרם,false,1,39.90,8.53,true,1,
4823077638244,false,מתנה סילבסטר מס 7 423 גר,,UA,מתנה סילבסטר מס 7 42,גרמים,423.00,100 גרם,false,1,39.90,9.43,true,1,
4823077638282,false,מתנה סילבסטר מס 5 385 גר,,UA,מתנה סילבסטר מס 5 38,גרמים,385.00,100 גרם,false,1,34.90,9.06,true,1,
4823077638305,false,מתנה סילבסטר מס 4 333 גר,,UA,מתנה סילבסטר מס 4 33,גרמים,333.00,100 גרם,false,1,34.90,10.48,true,1,
4823077638329,false,מתנה סילבסטר מס 3 298 גר,,UA,מתנה סילבסטר מס 3 29,גרמים,298.00,100 גרם,false,1,29.90,10.03,true,1,
4823077638343,false,מתנה סילבסטר מס 2 294 גר,,UA,מתנה סילבסטר מס 2 29,גרמים,294.00,100 גרם,false,1,29.90,10.17,true,1,
4823088403022,false,בונבוניירה דובדבן בליקר 285 גרם,,,בונבונירה ליקר דובדב,גרמים,285.00,100 גרם,false,1,27.90,9.79,true,1,
4823090302481,false,ביסקוויט בטעם חלב אפוי לוזיוק 180 גרם,,UA,ביסקוויט בטעם חלב אפ,גרמים,180.00,100 גרם,false,1,5.90,3.28,true,1,
4823090302498,false,ביסקוויט בטעם שמנת לוזיוק 180 גרם,,UA,ביסקוויט בטעם שמנת ל,גרמים,180.00,100 גרם,false,1,5.90,3.28,true,1,
4823090302528,false,ביסקוויט בטעם ריבת חלב לוזיוק 180 גרם,,UA,ביסקוויט בטעם ריבת ח,גרמים,180.00,100 גרם,false,1,5.90,3.28,true,1,
4823090303525,false,עוגת וופל קפריזוליה בטעם שוקולד 220 גר,,,עוגת וופל קפריזוליה,גרמים,220.00,100 גרם,false,1,10.90,4.95,true,1,
4823092700926,false,חלבה חמניות בטעם וניל 200 גרם,,,חלבה חמניות בטעם וני,גרמים,200.00,100 גרם,false,1,5.90,2.95,true,1,
4823092700964,false,חלבה חמניות עם בוטנים 200 גרם,,,חלבה חמניות עם בוטני,גרמים,200.00,100 גרם,false,1,5.90,2.95,true,1,
4823097809754,false,גלידת שמנת משובחת וניל עם צימוקים שכבות וופל 90 גר',פיאנו זיואיגזדס,LV,גלידה עם צימוקים ברי,גרמים,90.00,100 גרם,false,1,6.90,7.67,true,1,
4823097809778,false,גלידה בריקט שוקולד 90 גר,,,גלידה בריקט שוקולד 9,גרמים,90.00,100 גרם,false,1,6.90,7.67,true,1,
4823097809785,false,"גלידה וניל 1 ק""ג",,UA,"גלידה וניל 1 ק""ג",גרמים,1000.00,100 גרם,false,1,39.90,3.99,true,1,
4823098200208,false,"וודקה חלבני דאר קראפט 700 מ""ל",,,וודקה חלבני דאר קראפ,מיליליטרים,700.00,"100 מ""ל",false,1,62.90,8.99,true,1,
4823105400096,false,מלפפונים בחומץ 300 גרם,,,מלפפונים בחומץ 300 ג,גרמים,300.00,100 גרם,false,1,12.90,4.30,true,1,
4823105400393,false,אגיקה בסגנון גרוזיני 310 גרם,,,אגיקה בסגנון גרוזיני,גרמים,310.00,100 גרם,false,1,13.90,4.48,true,1,
4823105400447,false,אגיקה בסגנון קווקזי חריפה 220 גרם,,,אגיקה בסגנון קווקזי,גרמים,220.00,100 גרם,false,1,9.90,4.50,true,1,
4823105400522,false,רוטב סצבלי 215 גרם,,,רוטב סצבלי 215 גרם,גרמים,215.00,100 גרם,false,1,7.90,3.67,true,1,
4823105400737,false,לצו בסגנון בולגרי 500 גרם,"טי.או בי. ""ויז'י פרודקשן""",,לצו בסגנון בולגרי 50,גרמים,500.00,100 גרם,false,1,13.90,2.78,true,1,
4823105400768,false,פלפל מתוק בחומץ 500 גרם,"טי.או בי. ""ויז'י פרודקשן""",,פלפל מתוק בחומץ 500,גרמים,500.00,100 גרם,false,1,13.90,2.78,true,1,
4823105400805,false,אפונה במי מלח 510 גרם,,,אפונה במי מלח 510 גר,גרמים,510.00,100 גרם,false,1,12.90,2.53,true,1,
4823105400898,false,מרינדה לברביקיו 140 גרם,"טי.או בי. ""ויז'י פרודקשן""",,מרינדה לברביקיו 140,גרמים,140.00,100 גרם,false,1,6.90,4.93,true,1,
4823105401086,false,ממרח זוקיני עם פלפלים חריפים 500 גרם,"טי.או בי. ""ויז'י פרודקשן""",,ממרח זוקיני עם פלפלי,גרמים,500.00,100 גרם,false,1,13.90,2.78,true,1,
4823105402052,false,שעועית ברוטב עגבניות 500 גרם,"טי.או בי. ""ויז'י פרודקשן""",,שעועית ברוטב עגבניות,גרמים,500.00,100 גרם,false,1,13.90,2.78,true,1,
4823105402069,false,שעועית עם ירקות 500 גרם,"טי.או בי. ""ויז'י פרודקשן""",,שעועית עם ירקות 500,גרמים,500.00,100 גרם,false,1,13.90,2.78,true,1,
4823105402618,false,חרדל בסגנון רוסי חריף 190 גרם,,,חרדל בסגנון רוסי חרי,גרמים,190.00,100 גרם,false,1,6.90,3.63,true,1,
4823105402991,false,פלפל שחור שלם 20 גרם,"טי.או בי. ""ויז'י פרודקשן""",,פלפל שחור שלם 20 גרם,גרמים,20.00,100 גרם,false,1,3.90,19.50,true,1,
4823105403004,false,פלפל שחור טחון 20 גרם,"טי.או בי. ""ויז'י פרודקשן""",,פלפל שחור טחון 20 גר,גרמים,20.00,100 גרם,false,1,3.90,19.50,true,1,
4823105403035,false,תערובת פלפלים גרוסים 20 גרם,"טי.או בי. ""ויז'י פרודקשן""",,תערובת פלפלים גרוסים,גרמים,20.00,100 גרם,false,1,3.90,19.50,true,1,
4823105403066,false,תערובת תיבול לבשר 20 גרם,"טי.או בי. ""ויז'י פרודקשן""",,תערובת תיבול לבשר 20,גרמים,20.00,100 גרם,false,1,3.90,19.50,true,1,
4823105403080,false,תערובת עשבי תיבול בסגנון איטלקי 10 גרם,"טי.או בי. ""ויז'י פרודקשן""",,תערובת עשבי תיבול בס,גרמים,10.00,100 גרם,false,1,3.90,39.00,true,1,
4823105404131,false,חרדל עם חזרת פיקנטי 190 גרם,,,חרדל עם חזרת פיקנטי,גרמים,190.00,100 גרם,false,1,6.90,3.63,true,1,
4840008000499,false,סושקה צלנוצוק 500 גרם FRANZELUTA,פרנזלוטה,,סושקה צלנוצוק 500 גר,גרמים,500.00,100 גרם,false,1,10.90,2.18,true,1,
4840008000987,false,סושקה וניל 500 גרם FRANZELUTA,פרנזלוטה,,סושקה וניל 500 גרם F,גרמים,500.00,100 גרם,false,1,10.90,2.18,true,1,
4840008001199,false,מיני סושקה וניל 500 גרם FRANZELUTA,,,מיני סושקה וניל 500,גרמים,500.00,100 גרם,false,1,10.90,2.18,true,1,
4840008001205,false,מיני סושקה עם פרג 500 גרם FRANZELUTA,,,מיני סושקה עם פרג 50,גרמים,500.00,100 גרם,false,1,10.90,2.18,true,1,
4840008002431,false,דפי וופל מלבן 350 גרם,,,דפי וופל מלבן 350 גר,גרמים,350.00,100 גרם,false,1,15.00,4.29,true,1,
4840008012812,false,לחם שיפון בורוינסקי 450 גרם,,,לחם שיפון בורוינסקי,גרמים,450.00,100 גרם,false,1,11.90,2.64,true,1,
4840008017749,false,פרנזלוטה צנימים מיני וניל 200 גר,,,פרנזלוטה צנימים מיני,גרמים,200.00,100 גרם,false,1,8.90,4.45,true,1,
4840008017763,false,פרנזלוטה צנימים מיני עם צימוקים 200 גר,,,פרנזלוטה צנימים מיני,גרמים,200.00,100 גרם,false,1,8.90,4.45,true,1,
4840008018302,false,דובשניות בסגנן כפרי 400 גרם פרנצלוטה,,,דובשניות בסגנן כפרי,גרמים,400.00,100 גרם,false,1,9.90,2.48,true,1,
4840008018333,false,דובשניות טעם דבש 400 גרם פרנצלוטה,פרנזלוטה,,דובשניות טעם דבש 400,גרמים,400.00,100 גרם,false,1,9.90,2.48,true,1,
4840008018371,false,דובשניות סברנייה 400 גרם פרנצלוטה,פרנזלוטה,,דובשניות סברנייה 400,גרמים,400.00,100 גרם,false,1,9.90,2.48,true,1,
4840008019521,false,עוגיות בצק עלים לבבות דקל פרנצלוטה 350 ג,,,עוגיות בצק עלים לבבו,גרמים,350.00,100 גרם,false,1,12.90,3.69,true,1,
4840008019897,false,דפי וופל עגולים 100 גרם,,,דפי וופל עגולים 100,גרמים,100.00,100 גרם,false,1,10.70,10.70,true,1,
4840008028028,false,פרנזלוטה צנימים עם צימוקים 200 גרם,,,פרנזלוטה צנימים עם צ,גרמים,200.00,100 גרם,false,1,8.90,4.45,true,1,
4840008030243,false,לחם שיפון טאלין פרוס 500 גרם,,,לחם שיפון טאלין פרוס,גרמים,500.00,100 גרם,false,1,11.90,2.38,true,1,
4840008037778,false,סופר מיני סושקה ווניל 300 גר,,,סופר מיני סושקה ווני,גרמים,300.00,100 גרם,false,1,8.90,2.97,true,1,
4840008037792,false,סופר מיני סושקה לוביטלסקיה 300 גר,,,סופר מיני סושקה לובי,גרמים,300.00,100 גרם,false,1,8.90,2.97,true,1,
4840008040075,false,350 עוגיות אוזניים עם קינמון גר,,MD,350 עוגיות אוזניים ע,גרמים,350.00,100 גרם,false,1,12.90,3.69,true,1,
4840019001652,false,VIS נקטר פירות מעורבים 1 ליטר,,MD,VIS נקטר פירות מעורב,מיליליטרים,1000.00,"100 מ""ל",false,1,14.90,1.49,true,1,
4840022000703,false,"מיץ תפוח 200 מ""ל VITA NATURALIS",,,"מיץ תפוח 200 מ""ל",מיליליטרים,200.00,"100 מ""ל",false,1,3.20,1.60,true,1,
4840022004107,false,ריבה אוכמניות שחורות 670 גר,,,ריבה אוכמניות שחורות,גרמים,670.00,100 גרם,false,1,29.90,4.46,true,1,
4840022004169,false,נקטר תפוח אגסים 1 ליטר VITA NATURALIS,,,נקטר תפוח אגסים 1 לי,מיליליטרים,1000.00,"100 מ""ל",false,1,12.10,1.21,true,1,
4840022004183,false,נקטר שזיף 1 ליטר VITA NATURALIS,,,נקטר שזיף 1 ליטר VIT,מיליליטרים,1000.00,"100 מ""ל",false,1,12.10,1.21,true,1,
4840022004190,false,נקטר אפרסק 1 ליטר VITA NATURALIS,,,נקטר אפרסק 1 ליטר VI,מיליליטרים,1000.00,"100 מ""ל",false,1,12.10,1.21,true,1,
4840022004589,false,נקטר תפוח משמש 2 לט VITA NATURALIS,,MD,נקטר תפוח משמש 2 ליט,ליטרים,0.00,ליטר,false,1,21.90,21.90,true,1,
4840022004626,false,מיץ עגבניות 2 לט VITA NATURALIS,,MD,מיץ עגבניות 2 לט VIT,ליטרים,0.00,ליטר,false,1,21.90,21.90,true,1,
4840022005258,false,מיץ מולטיפלורה 1 ליטר VITA,,,מיץ מולטיפלורה 1 ליט,מיליליטרים,1000.00,"100 מ""ל",false,1,13.50,1.35,true,1,
4840022005265,false,מיץ תפוחים 1 ליטר VITA,,,מיץ תפוחים 1 ליטר VI,מיליליטרים,1000.00,"100 מ""ל",false,1,13.50,1.35,true,1,
4840022005319,false,מיץ דובדבן חמוץ מתוק 1 ליטר VITA,,,מיץ דובדבן חמוץ מתוק,מיליליטרים,1000.00,"100 מ""ל",false,1,13.50,1.35,true,1,
4840022005326,false,מיץ עגבניות 1 ליטר VITA,,,מיץ עגבניות 1 ליטר V,מיליליטרים,1000.00,"100 מ""ל",false,1,13.50,1.35,true,1,
4840022005647,false,ריבת תות שדה 680 גרם,,,ריבת תות שדה 680 גרם,גרמים,680.00,100 גרם,false,1,29.90,4.40,true,1,
4840022005661,false,ריבת פטל 680גר VITA,,,ריבת פטל 680גר VITA,גרמים,680.00,100 גרם,false,1,34.90,5.13,true,1,
4840022005760,false,נקטר תות בננה 1 ליטר VITA,,MD,נקטר תות בננה 1 ליטר,מיליליטרים,1000.00,"100 מ""ל",false,1,13.50,1.35,true,1,
4840022005876,false,נקטר רימונים 1 ליטר VITA,,,נקטר רימונים 1 ליטר,מיליליטרים,1000.00,"100 מ""ל",false,1,13.50,1.35,true,1,
4840022006200,false,נקטר אננס 1 ליטר VITA,,MD,נקטר אננס 1 ליטר VIT,מיליליטרים,1000.00,"100 מ""ל",false,1,13.50,1.35,true,1,
4840022006255,false,"נקטר תפוח ענבים 200 מ""ל VITA NATURALIS",,,נקטר תפוח ענבים 200,מיליליטרים,200.00,"100 מ""ל",false,1,3.20,1.60,true,1,
4840022006637,false,נקטר תפוח דובדבן 1 ליטר VITA NATURALIS,,,נקטר תפוח דובדבן 1 ל,מיליליטרים,1000.00,"100 מ""ל",false,1,12.10,1.21,true,1,
4840022006651,false,נקטר תפוחי עץ ענביים 1 ל VITA NATURALIS,,,נקטר תפוחי עץ ענביים,מיליליטרים,1000.00,"100 מ""ל",false,1,12.10,1.21,true,1,
4840022006668,false,נקטר תפוח ענבים 2 ליטר VITA NATURALIS,,MD,נקטר תפוח ענבים 2 לי,ליטרים,0.00,ליטר,false,1,21.90,21.90,true,1,
4840022006675,false,נקטר דובדבן 1 ליטר VITA,,,נקטר דובדבן 1 ליטר V,מיליליטרים,1000.00,"100 מ""ל",false,1,13.50,1.35,true,1,
4840022006699,false,נקטר תפוח עץ אדום 1 ל VITA NATURALIS,,,נקטר תפוח עץ אדום 1,מיליליטרים,1000.00,"100 מ""ל",false,1,12.10,1.21,true,1,
4840022006705,false,נקטר תפוח אדום 2 ליטר VITA NATURALIS,,MD,נקטר תפוח אדום 2 ליט,ליטרים,0.00,ליטר,false,1,21.90,21.90,true,1,
4840022008044,false,קונפיטיור פירות יער 360 גרם VITA,,MD,קונפיטיור פירות יער,גרמים,360.00,100 גרם,false,1,10.90,3.03,true,1,
4840022008709,false,משקה קל אפרסק מנגו 1 ל VITA NATURALIS,,,משקה קל אפרסק מנגו 1,מיליליטרים,1000.00,"100 מ""ל",false,1,12.10,1.21,true,1,
4840022008716,false,משקה קל אפרסק מנגו 200 מל VITA NATURALIS,,,משקה קל אפרסק מנגו,מיליליטרים,200.00,"100 מ""ל",false,1,3.20,1.60,true,1,
4840022008747,false,ריבת שזיפים 680 גר VITA,,,ריבת שזיפים 680 גר V,גרמים,680.00,100 גרם,false,1,29.90,4.40,true,1,
4840022009560,false,משקה תפוחים פירות 1 ליטר VITA NATURALIS,,,משקה תפוחים פירות 1,מיליליטרים,1000.00,"100 מ""ל",false,1,12.10,1.21,true,1,
4840022009997,false,נקטר קל אפרסק מנגו 2 ליטר VITA NATURALIS,,MD,נקטר קל אפרסק מנגו 2,ליטרים,0.00,ליטר,false,1,21.90,21.90,true,1,
4840034001866,false,שימורי אפונה ירוקה 510 גרם,,,שימורי אפונה ירוקה 5,גרמים,470.00,100 גרם,false,1,10.40,2.21,true,1,
4840048001203,false,"ברנדי בליי איסט 5 שנים 500 מ""ל באריזת שי",,,ברנדי בליי איסט 5 שנ,מיליליטרים,500.00,"100 מ""ל",false,1,69.90,13.98,true,1,
4840095001263,false,בונבנירה מטאוריט 400 גר,,,בונבוניירה מטאוריט 4,גרמים,400.00,100 גרם,false,1,31.50,7.88,true,1,
4840095003090,false,מרמלד דולקי תפוז לימון 350 גר BUCURIA,,MD,מרמלד דולקי תפוז לימ,גרמים,350.00,100 גרם,false,1,13.50,3.86,true,1,
4840095033134,false,עוגת חלב ציפורים בוקוריה 350 גר,,,עוגת חלב ציפורים בוק,גרמים,350.00,100 גרם,false,1,24.90,7.11,true,1,
4840181001436,false,יין אדום רטריו איזבלה 10% 750 מל,,,יין אדום רטריו איזבל,Unknown,0.00,Unknown,false,1,34.90,34.90,true,1,
4840181001559,false,יין לבן גראנד מוסקט 11% 750 מל,,,יין לבן גראנד מוסקט,Unknown,0.00,Unknown,false,1,34.90,34.90,true,1,
4840254002179,false,יין לבן חצי מתוק מוסקט 1 ליטר LETTO,,MD,יין לבן חצי מתוק מוס,Unknown,0.00,Unknown,false,1,41.90,41.90,true,1,
4840254002186,false,יין מרלו בון וייג אדום חצי מתוק 750 מל,,,יין מרלו בון וייג אד,Unknown,0.00,Unknown,false,1,44.90,44.90,true,1,
4840709003393,false,"ברנדי קווינט 500 מ""ל",,,"ברנדי קווינט 500 מ""ל",מיליליטרים,500.00,"100 מ""ל",false,1,64.90,12.98,true,1,
4840748002753,false,אפונה גינה בארבו זכוכית 420 גרם,,,אפונה גינה בארבו זכו,גרמים,420.00,100 גרם,false,1,9.60,2.29,true,1,
4850001110439,false,סלט YAN ממרח חצלים 470 גר,,,סלט YAN ממרח חצלים,גרמים,470.00,100 גרם,false,12,14.60,3.11,true,1,
4850001111153,false,משקה נקטר YAN דובדבנים 930 מל,,,משקה נקטר YAN דובדבנ,גרמים,930.00,100 גרם,false,12,18.90,2.03,true,1,
4850001111511,false,מיץ YAN עגבניות טבעי 930 מל,,,מיץ YAN עגבניות טבעי,גרמים,930.00,100 גרם,false,12,18.90,2.03,true,1,
4850001111559,false,סלט YAN לצו 450 גר,,,סלט YAN לצו 450 גר,גרמים,450.00,100 גרם,false,12,14.60,3.24,true,1,
4850001111603,false,משקה כוהלי רימונים ויניאן 750 מל,,,משקה כוהלי רימונים,מיליליטרים,750.00,"100 מ""ל",false,12,29.90,3.99,true,1,
4850001116486,false,סלט YAN אגיקה חריפה 250 גר,,,סלט YAN אגיקה חריפה,גרמים,250.00,100 גרם,false,12,14.60,5.84,true,1,
4850001116516,false,פלפל אדום מתוק בתחמיץ 470 גר,,,פלפל אדום מתוק בתחמי,גרמים,470.00,100 גרם,false,12,14.60,3.11,true,1,
4850001117728,false,רוטב שזיפים YAN טקמאלי ירוק 330 גרם,,,רוטב שזיפים YAN טקמא,גרמים,330.00,100 גרם,false,12,10.90,3.30,true,1,
4850001117773,false,סלט YAN ממרח קישואים 470 גר,,,סלט YAN ממרח קישואים,גרמים,470.00,100 גרם,false,12,14.60,3.11,true,1,
4850001397649,false,JOYCO PANDA דרזיה שוקולד חלב 150 גר,,,JOYCO PANDA דרזיה שו,גרמים,150.00,100 גרם,false,1,11.40,7.60,true,1,
4850001921646,false,ברנדי לגנד ארמניה - 5 שנים 0.5 ליטר,,,ברנדי לגנד ארמניה -,מיליליטרים,500.00,"100 מ""ל",false,12,73.90,14.78,true,1,
4850006190870,false,גרעיני חמניות קלויים ללא מלח 160 גר,או.או.או זולוטה פולה,AM,גרעיני חמניות קלויים,גרמים,160.00,100 גרם,false,1,12.90,8.06,true,1,
4850011110528,false,קונפיטורת תות שדה 400 גר TAMARA,,,קונפיטורת תות שדה 40,גרמים,400.00,100 גרם,false,1,21.90,5.48,true,1,
4850011110832,false,קונפיטורת פטל 400 גר TAMARA,,,קונפיטורת פטל 400 גר,גרמים,400.00,100 גרם,false,1,24.90,6.23,true,1,
4850011110856,false,קונפיטורת דובדובנים לבנים 400 גר TAMARA,,,קונפיטורת דובדובנים,גרמים,400.00,100 גרם,false,1,26.90,6.73,true,1,
4850011110887,false,קונפיטורת אגוז מלך 400 גר TAMARA,,,קונפיטורת אגוז מלך 4,גרמים,400.00,100 גרם,false,1,25.00,6.25,true,1,
4850011110931,false,קונפיטורת קעזיל 400 גר TAMARA,,,קונפיטורת קעזיל 400,גרמים,400.00,100 גרם,false,1,21.90,5.48,true,1,
4850011111587,false,עלי גפן 720 גרם TAMARA,,,עלי גפן 720 גרם TAMA,גרמים,750.00,100 גרם,false,1,20.80,2.77,true,1,
4850011113406,false,"קונפיטורת ,תות שדה TAMARA",,,"קונפיטורת ,תות שדה T",גרמים,900.00,100 גרם,false,1,37.90,4.21,true,1,
4850016340036,false,שימורי דג חדקן במיץ טבעי 240 גר GCO FOOD,,,שימורי דג חדקן במיץ,גרמים,240.00,100 גרם,false,1,34.50,14.38,true,1,
4850016340333,false,מרק דג חדקן חארצו עם אגוזי מלך 530 גרם,,AM,מרק דג חדקן אקופוד 5,גרמים,530.00,100 גרם,false,1,26.90,5.08,true,1,
4850016340340,false,מרק גולש מדג חדקן עם שמפיניונים 530 גרם,,AM,מרק גולש מדג חדקן אק,גרמים,530.00,100 גרם,false,1,24.90,4.70,true,1,
4850017006849,false,מיץ משמש ותפוח עץ 1 ליטר AMARE,,,מיץ משמש ותפוח עץ 1,מיליליטרים,1000.00,"100 מ""ל",false,1,19.90,1.99,true,1,
4850022431841,false,דרזיה שמנת פרה 150 גר JOYCO,,,דרזיה שמנת פרה 150 ג,גרמים,150.00,100 גרם,false,1,11.40,7.60,true,1,
4860001590162,false,מים מינרליים טבעיים מוגזים סאיירמה 1 ל,,,מים מינרליים טבעיים,מיליליטרים,1000.00,"100 מ""ל",false,1,8.90,0.89,true,1,
4860004070173,false,יין אלזאני חצי מתוק 750 מל,,,יין אלזאני חצי מתוק,Unknown,0.00,Unknown,false,1,37.90,37.90,true,1,
4860004070227,false,יין אלזאני לבן מתוק 750 מל,,,יין אלזאני לבן מתוק,Unknown,0.00,Unknown,false,1,37.90,37.90,true,1,
4860004073105,false,יין קינזמראולי חצי מתוק 750 מל,,,יין קינזמראולי חצי מ,Unknown,0.00,Unknown,false,1,37.90,37.90,true,1,
4860008660196,false,"יין אדום חצי מתוק קינדזמראולי 750 מ""ל",,,יין אדום חצי מתוק,Unknown,0.00,Unknown,false,1,39.90,39.90,true,1,
4860008660202,false,"יין אדום חצי מתוק חבנצקרה 750 מ""ל",,,יין אדום חצי מתוק,Unknown,0.00,Unknown,false,1,39.90,39.90,true,1,
4860008662305,false,יין אדום יבש סאפרבי 750 מל,,,יין אדום יבש סאפרבי,מיליליטרים,750.00,"100 מ""ל",false,12,41.90,5.59,true,1,
4860009000014,false,מיץ רימונים 100% סחוט ללא תוספת סוכר,יושלם,,מיץ רימונים 1 ליטר ת,מיליליטרים,1000.00,"100 מ""ל",false,1,21.90,2.19,true,1,
4860019001346,false,בורז'ומי מים מינרליים טבעיים 500מ'ל חדש,אי די אס בורגומי,,מים מינרלים בורגומי,מיליליטרים,500.00,"100 מ""ל",false,1,6.90,1.38,true,1,
4860019001414,false,"בקבוק מים בוז'ורמי 750 מ""ל",אי.די.אס בורג'יומי,,"מים בורגומי 750 מ""ל",מיליליטרים,750.00,"100 מ""ל",false,1,8.90,1.19,true,1,
4860019001421,false,"שישיית מים בורגומי 750 מ""ל",,,שישיית מים בורגומי 7,מיליליטרים,6500.00,"100 מ""ל",false,1,44.90,0.69,true,1,
4860103350107,false,משקה גזוז טרחון 1 ליטר,גרוזינסקי פיבנייה,GE,משקה גזוז טרחון 1 לי,מיליליטרים,1000.00,"100 מ""ל",false,1,10.90,1.09,true,1,
4860103350183,false,משקה גזוז דיושס (אגס) 1 ליטר,גרוזינסקי פיבנייה,GE,משקה גזוז דיושס (אגס,מיליליטרים,1000.00,"100 מ""ל",false,1,10.90,1.09,true,1,
4860108700150,false,רוטב שזיפי בר גר 540 NENA* TKEMALI GR,,,רוטב שזיפי בר טקמלי,גרמים,540.00,100 גרם,false,1,15.90,2.94,true,1,
4860108700174,false,רוטב שזיפי בר 540 גר NENA* TKEMALI RE,,,רוטב שזיפי בר 540 גר,גרמים,540.00,100 גרם,false,1,15.90,2.94,true,1,
4860108700198,false,רוטב שזיפ.בר גר 540 NENA* TKEM.YELLOW*,,,רוטב שזיפ.בר גר 540,גרמים,540.00,100 גרם,false,1,15.90,2.94,true,1,
4860108710098,false,קונפיטורת קיזיל 350 גרם NENA,,,קונפיטורת קיזיל 350,גרמים,350.00,100 גרם,false,1,16.60,4.74,true,1,
4860108710531,false,לפתן תות שדה 100% 1 ליטר NENA,,,לפתן תות שדה 100% 1,מיליליטרים,1000.00,"100 מ""ל",false,1,17.90,1.79,true,1,
4860108710579,false,לפתן דובדבנים ננה 1 ל,,,לפתן דובדבנים ננה 1,ליטרים,0.00,ליטר,false,1,17.90,17.90,true,1,
4860108710661,false,לפתן אפרסק 100% 1 ליטר NENA,,,לפתן אפרסק 100%,מיליליטרים,1000.00,"100 מ""ל",false,1,17.90,1.79,true,1,
4860108710678,false,לפתן דובדבני קורנילה ננה 1 ל,,,לפתן דובדבני קורנילה,ליטרים,0.00,ליטר,false,1,17.60,17.60,true,1,
4860108710739,false,לפתן ענבים ספראבי ננה 1 ל,,,לפתן ענבים ספראבי ננ,ליטרים,0.00,ליטר,false,1,17.90,17.90,true,1,
4865602000010,false,מים נבגלוי בזכוכית 500 מל,נבגלבי,,מים נבגלבי בזכוכית,מיליליטרים,500.00,"100 מ""ל",false,1,7.90,1.58,true,1,
4865602000027,false,"מים מינרלים מוגזים ""נבגלבי"" 1 ליטר PET",נבגלבי,,מים מינרלים מוגזים,מיליליטרים,1000.00,"100 מ""ל",false,1,8.20,0.82,true,1,
4867106070056,false,יין גרוזיני ספראבי 700 מל,,,יין גרוזיני ספראבי 7,Unknown,0.00,Unknown,false,1,40.90,40.90,true,1,
4870082006933,false,סוכריות מוסקבה במשקל,,,סוכריות קבוצה 1 במשק,Unknown,0.00,"ק""ג",true,0,65.00,65.00,true,1,
4870200220050,false,"קמח חיטה לבן מרטין 2 ק""ג",,,קמח חיטה לבן מרטין 2,קילוגרמים,0.00,"ק""ג",false,1,21.90,21.90,true,1,
4870208431816,false,סוכירות קרה קום במשקל,,,סוכירות מוסקובסקייה,Unknown,0.00,"ק""ג",true,0,155.00,155.00,true,1,
4870208433858,false,סוכריות מוסקובסקיי קבוצת 2 במשקל,,,סוכריות קבוצת 5 במש,Unknown,0.00,"ק""ג",true,0,85.00,85.00,true,1,
4870208433933,false,סוכריות מוסקובסקיי קבוצת 1 במשקל,,,סוכריות קבוצת 4 במש,Unknown,0.00,"ק""ג",true,0,75.00,75.00,true,1,
4870208438273,false,סוכריות מוסקובסקייה קבוצה 3 במשקל,,,סוכריות קבוצה 7 במשק,Unknown,0.00,"ק""ג",true,0,100.00,100.00,true,1,
4891130001199,false,מזרח ומערב יבוא פון,,,רוטב צדפות 450 גרם,גרמים,450.00,100 גרם,false,1,17.70,3.93,true,1,
4891228430092,false,שיק אקסטרים 3 קומפורט +לנשים 4 יחידות,אנרג'יזר Energizer,CN,שיק אקסטרים 3 פס לח,Unknown,0.00,Unknown,false,1,25.20,25.20,true,1,
4903001904192,false,"רוטב סויה יאמסה פרימיום 500 מ""ל",הדקלאים אגודת שיתופי,JP,רוטב סויה יאמסה 500,מיליליטרים,500.00,"100 מ""ל",false,1,17.90,3.58,true,1,
4903001904208,false,רוטב סויה יאמסה פרימיום 1 ליטר,הדקלאים אגודת שיתופי,JP,רוטב סויה יאמסה פרימ,מיליליטרים,1000.00,"100 מ""ל",false,1,31.90,3.19,true,1,
4903001925784,false,"רוטב סויה יאמאסה פרמיום דל מלח 500 מ""ל",הדקלאים אגודת שיתופי,JP,רוטב סויה יאמאסה פרמ,מיליליטרים,500.00,"100 מ""ל",false,1,17.90,3.58,true,1,
4903001930993,false,"רוטב טריאקי יאמאסה 500 מ""ל",ליימן מותגים,JP,רוטב טריאקי יאמאסה 5,מיליליטרים,500.00,"100 מ""ל",false,1,17.90,3.58,true,1,
4958325000655,false,אצות ים קומבו 50 גר,,,אצות ים קומבו 50 גר,גרמים,50.00,100 גרם,false,1,39.90,79.80,true,1,
4958325000723,false,אצות ים ארמה 50 גר,,,אצות ים ארמה 50 גר,גרמים,50.00,100 גרם,false,1,39.90,79.80,true,1,
4958325900009,false,אבקת מרק מיסו אורגני 10 גר,,,אבקת מרק מיסו אורגני,גרמים,10.00,100 גרם,false,1,39.90,399.00,true,1,
5000111001007,false,HP רוטב 255 גרם,HP,,HP רוטב 255 גרם,מיליליטרים,255.00,"100 מ""ל",false,1,21.90,8.59,true,1,
5000111046244,false,רוטב לסטייק היינץ 450 גר,,,רוטב לסטייק היינץ 45,גרמים,450.00,100 גרם,false,1,19.90,4.42,true,1,
5000129211412,false,קרקרים בארבר 300 גרם,,GB,קרקרים בארבר 300 גרם,מיליליטרים,300.00,"100 מ""ל",false,1,9.90,3.30,true,1,
5000157073020,false,"רוטב דגים ווסטרשייר היינץ 150 מ""ל",,NL,רוטב דגים ווסטרשייר,מיליליטרים,150.00,"100 מ""ל",false,1,9.90,6.60,true,1,
5000157143365,false,מתבל בטעם מיונז וקטשופ היינץ 425 ג',היינץ Heinz,PL,מתבל בטעם מיונז וקטש,מיליליטרים,425.00,"100 מ""ל",false,1,14.90,3.51,true,1,
5000159020312,false,מלטיזרס אריזה קטנה 37 גרם,מלטיזרס Maltesers,NL,מלטיזרס 37 גרם,גרמים,37.00,100 גרם,false,1,4.50,12.16,true,1,
5000159304245,false,מ&מס קריספי 36 גרם,,,מ&מס קריספי 36 גרם,גרמים,36.00,100 גרם,false,1,4.50,12.50,true,1,
5000159344074,false,גלידת סניקרס שמנת עם,פלדמן,FR,מאגדת סניקרס 6 יח,Unknown,0.00,Unknown,false,1,29.90,29.90,true,1,
5000159376655,false,סוכריות סקיטלס 38 גר פירות 38 גרם,ריגלי ממתקים,GB,סקיטלס פירות 38 גרם,גרמים,38.00,100 גרם,false,1,3.30,8.68,true,1,
5000159376792,false,סוכריות סקיטלס Skittles פירות חמוצים,ריגלי ממתקים,,סקיטלס חמוץ 38 גרם,גרמים,38.00,100 גרם,false,1,3.30,8.68,true,1,
5000159382694,false,מארס עשירייה 450 גרם,,NL,מארס עשירייה 450 גרם,גרמים,450.00,100 גרם,false,1,24.90,5.53,true,1,
5000159382731,false,סניקרס 10*50 גרם,,,סניקרס 10*50 גרם,גרמים,500.00,100 גרם,false,1,24.90,4.98,true,1,
5000159397292,false,מאגדת גלידה מארס 6 י,פלדמן,FR,מאגדת מארס 6 יח,Unknown,0.00,Unknown,false,1,31.50,31.50,true,1,
5000159407236,false,חטיף שוקולד מרס 51 ג',מרס הולנד בי.וי.,NL,חטיף מארס 51 גרם,גרמים,51.00,100 גרם,false,1,3.60,7.06,true,1,
5000159459228,false,חטיף שוקולד טוויקס 50 ג',"נארז ע""י : א.ג. גילר",NL,חטיף טוויקס 50 גרם,גרמים,50.00,100 גרם,false,1,3.60,7.20,true,1,
5000159461122,false,חטיף שוקולד סניקרס 50 ג',"נארז ע""י : א.ג. גילר",NL,חטיף סניקרס 50 גרם,גרמים,50.00,100 גרם,false,1,3.60,7.20,true,1,
5000159461412,false,מילקי ווי-חטיף נוגט וקרמל מארז 21.5 גר,,,מילקי ווי-חטיף נוגט,גרמים,22.00,100 גרם,false,1,10.90,49.55,true,1,
5000159471510,false,אם אנד אם בוטנים 220 גרם,,FR,אם אנד אם בוטנים 220,גרמים,220.00,100 גרם,false,1,16.70,7.59,true,1,
5000159471794,false,אם אנד אם שוקולד 220 גרם,,BE,אם אנד אם שוקולד 220,גרמים,220.00,100 גרם,false,1,16.70,7.59,true,1,
5000159472029,false,אם אנד אם קריספי 213 גרם,,FR,אם אנד אם קריספי 213,גרמים,213.00,100 גרם,false,1,19.80,9.30,true,1,
5000159473927,false,סניקרס מיניס 227 גרם,,NL,סניקרס מיניס 227 גרם,גרמים,227.00,100 גרם,false,1,15.90,7.00,true,1,
5000159473965,false,מילקיווי מיניס 227 גרם,,,מילקיווי מיניס 227 ג,גרמים,227.00,100 גרם,false,1,16.90,7.44,true,1,
5000159474573,false,מארס מיניס 227 גרם,,NL,מארס מיניס 227 גרם,גרמים,227.00,100 גרם,false,1,15.90,7.00,true,1,
5000159484695,false,מאגדת גלידה טוויקס 6,פלדמן,FR,מאגדת טוויקס 6 יח,Unknown,0.00,Unknown,false,1,29.90,29.90,true,1,
5000159500258,false,מארז סלבריישן 186 גרם,,,מארז סלבריישן 186 גר,גרמים,186.00,100 גרם,false,1,26.90,14.46,true,1,
5000159515443,false,מאגדת גלידה סניקרס על מקל רביעייה 240 גר,,FR,מאגדת גלידה סניקרס ע,גרמים,240.00,100 גרם,false,1,34.90,14.54,true,1,
5000159516235,false,אם אנד אם טבלת שוקולד בוטנים 165 גרם,,,אם אנד אם טבלת שוקול,גרמים,165.00,100 גרם,false,1,21.90,13.27,true,1,
5000159516259,false,טבלת שוקולד אמ אנד אמס שוקו 165 ג',,,אם אנד אם טבלת שוקול,גרמים,165.00,100 גרם,false,1,21.90,13.27,true,1,
5000159537537,false,אם אנד אם טבלת שוקולד עוגיות 165 גרם,,,אם אנד אם טבלת שוקול,גרמים,165.00,100 גרם,false,1,21.90,13.27,true,1,
5000159538817,false,אם אנד אם וחברים מארז 139 גרם,,GB,אם אנד אם וחברים מאר,גרמים,139.00,100 גרם,false,1,21.90,15.76,true,1,
5000159543859,false,מלטיזרס שוקולד מריר 59 גרם,,,מלטיזרס שוקולד מריר,גרמים,59.00,100 גרם,false,1,10.50,17.80,true,1,
5000168199245,false,שוקולד חלב מעולה בתוספת קרמל מלוח פיור גודייבה 90 ג',"אולקר מקבוצת פלאדיס,",TR,שוקולד חלב מעולה בתו,גרמים,90.00,100 גרם,false,1,14.90,16.56,true,1,
5000175411217,false,קוביות תיבול 71 גרם XO ירקות,,,קוביות תיבול 71 גרם,גרמים,71.00,100 גרם,false,1,17.90,25.21,true,1,
5000189363069,false,אפטר אייט 200 גר,,,אפטר אייט 200 גר,גרמים,200.00,100 גרם,false,1,15.20,7.60,true,1,
5000204151022,false,"פלדג' אירוסול לניקוי רהיטים לבנדר 250 מ""ל",,NL,מרסס פלדג רהיטים לבנ,מיליליטרים,250.00,"100 מ""ל",false,1,18.90,7.56,true,1,
5000204151053,false,"פלדג' אירוסול לניקוי רהיטים קלאסי 250 מ""ל",יורופרייטס,NL,מרסס פלדג רהיטים קלא,מיליליטרים,250.00,"100 מ""ל",false,1,18.90,7.56,true,1,
5000213000359,false,בירה גינס בקבוק 330 מל,גינס Guinness,,בירה גינס בקבוק 330,מיליליטרים,330.00,"100 מ""ל",false,1,14.90,4.52,true,1,
5000213014905,false,בירה גינס 440 מל פחית,קרלסברג Carlsberg,IE,"בירה גינס 440 מ""ל פח",מיליליטרים,440.00,"100 מ""ל",false,1,15.80,3.59,true,1,
5000219009295,false,פאל מאל אדום ארוך האוס עשירייה,BAT,,פאל מאל אדום ארוך הא,Unknown,0.00,Unknown,false,1,295.00,295.00,true,1,
5000219120112,false,פאל מאל כחול ארוך סטרים פילטר עשירייה,BAT,,פאל מאל כחול ארוך סט,Unknown,0.00,Unknown,false,1,295.00,295.00,true,1,
5000232902450,false,שעועית אפויה 420 גר HP,,,שעועית אפויה 420 גר,גרמים,420.00,100 גרם,false,1,8.90,2.12,true,1,
5000267014234,false,וויסקי ג'וני ווקר רד לייבל Red label,ג'וני ווקר Johnnie walker,,מארז גוני ווקר אדום,מיליליטרים,750.00,"100 מ""ל",false,1,69.90,9.32,true,1,
5000267024233,false,"וויסקי ג'וני בלאק לייבל עם פורר 700מ""ל",ג'וני ווקר Johnnie walker,,מארז גוני ווקר שחור,מיליליטרים,700.00,"100 מ""ל",false,1,109.90,15.70,true,1,
5000267116303,false,מארז וויסקי גוני ווקר דאבל בלק 700 מל,אלכוהול (איי.בי.בי),,מארז וויסקי גוני ווק,מיליליטרים,700.00,"100 מ""ל",false,1,156.90,22.41,true,1,
5000267117560,false,"וויסקי גוני ווקר גולד לייבל רזרב 750 מ""ל",,,מארז גוני ווקר גולד,מיליליטרים,750.00,"100 מ""ל",false,1,174.90,23.32,true,1,
5000267179797,false,"מארז גוני ווקר שחור 700 מ""ל 200 שנה",,,מארז גוני ווקר שחור,מיליליטרים,700.00,"100 מ""ל",false,1,109.90,15.70,true,1,
5000267191577,false,"מארז גוני שחור 700 מ""ל+2 כוסות הייבול",,,מארז גוני שחור 700 מ,מיליליטרים,700.00,"100 מ""ל",false,1,109.90,15.70,true,1,
5000267191584,false,מארז גוני שחור 700מל+ גולד50מל+דאבל50מל,,,מארז גוני שחור 700מל,מיליליטרים,700.00,"100 מ""ל",false,1,109.90,15.70,true,1,
5000277001255,false,וויסקי דיוארס 1 ליטר,,,וויסקי דיוארס 1 ליטר,ליטרים,0.00,ליטר,false,1,116.90,116.90,true,1,
5000289925440,false,גין גורדון בקבוק 700,אלכסנדר גורדון ושות',,"גין גורדון 700 מ""ל",מיליליטרים,700.00,"100 מ""ל",false,1,79.90,11.41,true,1,
5000289929417,false,"גין גורדון ורוד 37.5% 700 מ""ל",,,גין גורדון ורוד 37.5,מיליליטרים,700.00,"100 מ""ל",false,1,93.90,13.41,true,1,
5000299223031,false,"רום קפטן מורגן ספייס גולד 750 מ""ל",קפטן מורגן Captain Morgan,,רום קפטן מורגן ספייס,מיליליטרים,750.00,"100 מ""ל",false,1,89.90,11.99,true,1,
5000299611104,false,"וויסקי שיבאס אקסטרה 700 מ""ל",,,וויסקי שיבאס 13 שרי,מיליליטרים,700.00,"100 מ""ל",false,1,149.90,21.41,true,1,
5000299626276,false,"וויסקי שיבאס 13 שיפון 700 מ""ל",,,וויסקי שיבאס 13 שיפו,מיליליטרים,700.00,"100 מ""ל",false,1,142.90,20.41,true,1,
5000299629253,false,ווסקי בלנטיינס 700 מל +2 כוסות,,,ווסקי בלנטיינס 700 מ,מיליליטרים,700.00,"100 מ""ל",false,1,79.90,11.41,true,1,
5000328637327,false,דוריטוס רוטב דיפ שמנת ועירית שום 300 גר,,GB,דוריטוס רוטב דיפ שמנ,גרמים,300.00,100 גרם,false,1,19.90,6.63,true,1,
5000329002193,false,משקה ג'ין ביפאיטר 70,ג'יימס בורו,,"גין ביפאיטר 700 מ""ל",מיליליטרים,700.00,"100 מ""ל",false,1,99.90,14.27,true,1,
5000396037531,false,מקוויטיס ביסקוויט מצופה שוקולד חלב 200 ג',מקוויטיס McVitie's,GB,מקוויטיס ביסקוויט מצ,גרמים,200.00,100 גרם,false,1,12.50,6.25,true,1,
5010026515933,false,מורנפלייק מוזלי פירות ואגוזים 750 גרם,,GB,מורנפלייק מוזלי פירו,גרמים,750.00,100 גרם,false,1,24.90,3.32,true,1,
5010029221084,false,דגני וויטביקס פרוטאין קראנץ' בטעם מקורי,טרופיקל דגיל תעשיות,,דגנים מלאים עם פרוטא,גרמים,450.00,100 גרם,false,1,27.90,6.20,true,1,
5010029222005,false,דגנים חיטה מלאה עם פרוטאין וויטביקס 440,,,דגנים חיטה מלאה עם פ,גרמים,440.00,100 גרם,false,1,27.90,6.34,true,1,
5010035068376,false,פוקס עוגיות טריפל שוק ציפס לבן ומריו 180,,,פוקס עוגיות טריפל שו,גרמים,180.00,100 גרם,false,1,11.90,6.61,true,1,
5010035068383,false,פוקס-עוגיות שוק ציפס חצי-מצופות שוק 180ג,,,פוקס-עוגיות שוק ציפס,גרמים,180.00,100 גרם,false,1,11.90,6.61,true,1,
5010038454831,false,בירה בלו מון 330 מל בקבוק,"איי, בי, אינבוו",IL,בירה בלו מון 330 מל,מיליליטרים,330.00,"100 מ""ל",false,1,13.50,4.09,true,1,
5010067322453,false,תחליף אבקת סוכר טרוביה 280 גר,טרוביה Truvia,US,תחליף אבקת סוכר טרוב,גרמים,280.00,100 גרם,false,1,34.90,12.46,true,1,
5010106110225,false,"וויסקי בלנטיינס 12 שנה 700 מ""ל",,,וויסקי בלנטיינס 12 ש,מיליליטרים,700.00,"100 מ""ל",false,1,114.90,16.41,true,1,
5010106111956,false,וויסקי בלנטיין פיינסט 1 ליטר,בלנטיינ'ס Ballantines,US,וויסקי בלנטיין פיינס,מיליליטרים,1000.00,"100 מ""ל",false,1,109.90,10.99,true,1,
5010182997338,false,"טואלט דאק ג'ל אסלה ניחוח רענן 55 מ""ל","איטיליאן פוד, אס.פי.",IT,"ט.ד.ס. אסלה גל 55 מ""",מיליליטרים,55.00,"100 מ""ל",false,1,11.40,20.73,true,1,
5010182997918,false,"טואלט דאק ג'ל אסלה בניחוח ים 55 מ""ל","איטיליאן פוד, אס.פי.",IT,טואלט דאק גל אסלה 55,מיליליטרים,55.00,"100 מ""ל",false,1,11.40,20.73,true,1,
5010265002836,false,רייויטה פת פריכה אורגינל שיפון 250 גרם,,,רייויטה פת פריכה אור,גרמים,250.00,100 גרם,false,1,12.90,5.16,true,1,
5010265002911,false,רייויטה פת פריכה מקמח שיפון מלא 250 גרם,,,רייויטה פת פריכה מקמ,גרמים,250.00,100 גרם,false,1,12.90,5.16,true,1,
5010314017408,false,"מקאלן שרי אוק 12 שנה 750 מ""ל",,,מקאלן שרי אוק 12 שנה,מיליליטרים,750.00,"100 מ""ל",false,1,489.90,65.32,true,1,
5010314101015,false,וויסקי פיימוס גראוס 1 ליטר,,,וויסקי פיימוס גראוס,מיליליטרים,1000.00,"100 מ""ל",false,1,104.90,10.49,true,1,
5010327000046,false,וויסקי גרנט'ס סקוטי,"איי, בי, אינבוו",,וויסקי גראנטס 700 מ,מיליליטרים,700.00,"100 מ""ל",false,1,67.90,9.70,true,1,
5010327000176,false,"וויסקי גלנפידיך מולט 12 שנה 700 מ""ל",,,וויסקי גלנפידיך מולט,מיליליטרים,700.00,"100 מ""ל",false,1,145.90,20.84,true,1,
5010327105215,false,וויסקי מאנקי שולדר Monkey Shoulder,וויליאם גרנט ובניו,GB,וויסקי מונקי שולדר 7,מיליליטרים,700.00,"100 מ""ל",false,1,139.90,19.99,true,1,
5010327658544,false,"בירה אינס אנד גון אוריגינל 330 מ""ל",,,בירה אינס אנד גון או,מיליליטרים,330.00,"100 מ""ל",false,1,13.90,4.21,true,1,
5010478354173,false,סוויזלס סוכריות לעיסה על מקל 180 גרם,,GB,סוויזלס סוכריות לעיס,מיליליטרים,180.00,"100 מ""ל",false,1,10.90,6.06,true,1,
5010494560282,false,וויסקי גלנמורנגי אוריגינל 10 שנים 700 מל,גלאנמורנג'י דיסטילרי,GB,וויסקי גלנמורנגי אור,מיליליטרים,700.00,"100 מ""ל",false,1,139.90,19.99,true,1,
5010494917840,false,"גלנמורנגי לסנטה וויסקי 12 שנים 700 מ""ל",,,גלנמורנגי לסנטה וויס,מיליליטרים,700.00,"100 מ""ל",false,1,239.90,34.27,true,1,
5010511472666,false,הנרי - ממתקי ליקריץ 200 גרם,,,הנרי - ממתקי ליקריץ,גרמים,200.00,100 גרם,false,1,10.90,5.45,true,1,
5010677551281,false,"בקרדי בריזר לימון 275 מ""ל בקבוק",בקרדי בריזר Bacardi Breezer,BE,בקרדי בריזר לימון,מיליליטרים,275.00,"100 מ""ל",false,1,14.50,5.27,true,1,
5010677552387,false,"בקרדי בריזר אננס 275 מ""ל בקבוק",בקרדי בריזר Bacardi Breezer,BE,בקרדי בריזר אננס 275,מיליליטרים,275.00,"100 מ""ל",false,1,14.50,5.27,true,1,
5010677554398,false,"בקרדי בריזר אבטיח 275 מ""ל בקבוק",בקרדי בריזר Bacardi Breezer,BE,בקרדי בריזר אבטיח,מיליליטרים,275.00,"100 מ""ל",false,1,14.50,5.27,true,1,
5010724526798,false,בטיסט שמפו יבש בניחוח דובדבן 200 מ'ל,בטיסט Batiste,,שמפו יבש בניחוח דובד,גרמים,200.00,100 גרם,false,1,29.90,14.95,true,1,
5010909007401,false,היילנד עוגיות חמאה סקוטיות 200 גר,,GB,היילנד עוגיות חמאה ס,גרמים,200.00,100 גרם,false,1,13.90,6.95,true,1,
5010994582368,false,צעצוע כולל,,,צעצוע כולל,Unknown,0.00,Unknown,false,1,16.90,16.90,true,1,
5010994775988,false,צעצוע מותג מקורי,,,צעצוע מותג מקורי,Unknown,0.00,Unknown,false,1,19.90,19.90,true,1,
5011007003005,false,"וויסקי ג'יימסון אירי מזוקק 700 מ""ל",אייריש דיסטילרז,IE,וויסקי אירי גיימסון,גרמים,800.00,100 גרם,false,1,89.90,11.24,true,1,
5011007003227,false,וויסקי גיימיסון 1 ליטר,אייריש דיסטלריז,,וויסקי גיימיסון 1 לי,מיליליטרים,1000.00,"100 מ""ל",false,1,124.90,12.49,true,1,
5011013100132,false,"אייריש קרים בייליס 750 מ""ל",,,אייריש קרים בייליס 7,מיליליטרים,750.00,"100 מ""ל",false,1,88.90,11.85,true,1,
5011013500680,false,"ליקר שרידנס 700 מ""ל",,,"ליקר שרידנס 700 מ""ל",מיליליטרים,700.00,"100 מ""ל",false,1,99.90,14.27,true,1,
5011013500703,false,"ליקר שרידנס 500 מ""ל",,,"ליקר שרידנס 500 מ""ל",מיליליטרים,500.00,"100 מ""ל",false,1,84.90,16.98,true,1,
5011013934546,false,"בייליס קרמל מלוח 700 מ""ל",,IE,בייליס קרמל מלוח 700,מיליליטרים,700.00,"100 מ""ל",false,1,119.90,17.13,true,1,
5011013938100,false,"מארז בייליס 700 מ""ל + כוס מאג",,,"מארז בייליס 700 מ""ל",מיליליטרים,700.00,"100 מ""ל",false,1,88.90,12.70,true,1,
5011026108033,false,"וויסקי אירי טולומור דיו 700 מ""ל",פארייפאבה אגרואינדוס,IE,וויסקי אירי טולומור,מיליליטרים,700.00,"100 מ""ל",false,1,88.90,12.70,true,1,
5011157630281,false,אורז לבן ארוך בסמטי טילדה Tilda,טילדה Tilda,GB,אורז בסמטי טילדה 1 ק,גרמים,1000.00,100 גרם,false,1,24.90,2.49,true,1,
5011157671222,false,"אורז בסמטי חום מלא טילדה 1 ק""ג",טילדה Tilda,,אורז בסמטי חום מלא ט,גרמים,1000.00,100 גרם,false,1,24.90,2.49,true,1,
5011268856068,false,זיליס דיספלי פקקים פ,,,זיליס דיספלי פקקים פ,Unknown,0.00,Unknown,false,1,21.00,21.00,true,1,
5011268860133,false,זיליס קולפן ווי הדור,,,זיליס קולפן ווי הדור,Unknown,0.00,Unknown,false,1,70.00,70.00,true,1,
5011268878862,false,מעבד מזון זיליס,,,מעבד מזון זיליס,קילוגרמים,0.00,"ק""ג",false,1,218.00,218.00,true,1,
5011268900389,false,קוצץ קוביות זיליס,,,קוצץ קוביות זיליס,Unknown,0.00,Unknown,false,1,218.00,218.00,true,1,
5011348008479,false,"בירה קינג גובלין 500 מ""ל",,,בירה קינג גובלין 500,מיליליטרים,500.00,"100 מ""ל",false,1,17.90,3.58,true,1,
5011348010335,false,"בירה גינגר בירד 4.2% 500 מ""ל",,,בירה גינגר בירד 4.2%,מיליליטרים,500.00,"100 מ""ל",false,1,17.90,3.58,true,1,
5011348015194,false,"בירה הובגובלין גולד 500 מ""ל",הובגובלין,AT,בירה הובגובלין גולד,מיליליטרים,500.00,"100 מ""ל",false,1,17.90,3.58,true,1,
5011348016238,false,"בירה שיפיארד 500 מ""ל",,,"בירה שיפיארד 500 מ""ל",מיליליטרים,500.00,"100 מ""ל",false,1,17.90,3.58,true,1,
5011348019772,false,"בירה הובגובלין אי.פי.איי 500 מ""ל",וויצ'וד,GB,בירה הובגובלין אי.פי,מיליליטרים,500.00,"100 מ""ל",false,1,17.90,3.58,true,1,
5011348019918,false,"בירה דריי נאק 500 מ""ל",,,"בירה דריי נאק 500 מ""",מיליליטרים,500.00,"100 מ""ל",false,1,17.90,3.58,true,1,
5011348023458,false,"בירה הובגובלין אי.פי.איי. פחית 500 מ""ל",,GB,בירה הובגובלין אי.פי,מיליליטרים,500.00,"100 מ""ל",false,1,16.90,3.38,true,1,
5011417547885,false,"אירוויק מקלות ריחניים בניחוח כביסה באוויר 30 מ""ל",איירוויק Air Wick,HU,מקלות ריחניים בניחוח,Unknown,0.00,Unknown,false,1,19.90,19.90,true,1,
5011417552247,false,"אירוויק מבשם אוויר נטל גז בניחוח פשתן ופרחי לילך 345מ""ל",איירוויק Air Wick,PL,איירויק נטול גז לילך,מיליליטרים,345.00,"100 מ""ל",false,1,16.90,4.90,true,1,
5013387206403,false,פרואט ביסקויט דיגסטיב ללא גלוטן 160 גרם,,GB,פרואט ביסקויט דיגסטי,גרמים,160.00,100 גרם,false,1,18.90,11.81,true,1,
5013414333232,false,"בירה תורנברידג קוקואה וונדרלנד 330 מ""ל",,,בירה תורנברידג קוקוא,מיליליטרים,330.00,"100 מ""ל",false,1,15.90,4.82,true,1,
5013635101047,false,חמאת גי 450 גרם,,,חמאת גי 450 גרם,גרמים,450.00,100 גרם,false,1,109.90,24.42,true,1,
5013931015789,false,ידית הפלא עם כרית פלדה דיש מטיק,דישמטיק Dish matic,,ידית הפלא עם כרית פל,Unknown,0.00,Unknown,false,1,23.90,23.90,true,1,
5013967003958,false,"וויסקי גון באר 700 מ""ל",,GB,גון באאר פיינסט 700,מיליליטרים,700.00,"100 מ""ל",false,1,77.90,11.13,true,1,
5013967003996,false,וויסקי גון באאר פיינסט 1 ליטר,,GB,וויסקי גון באאר פיינ,מיליליטרים,1000.00,"100 מ""ל",false,1,93.90,9.39,true,1,
5013967011557,false,"וויסקי טמנאוולין דאבל קאסק 700 מ""ל",,GB,וויסקי טמנאוולין דאב,מיליליטרים,700.00,"100 מ""ל",false,1,145.90,20.84,true,1,
5013967015401,false,"טמנאוולין שרי פיניש סינגל מאלט 700 מ""ל",,GB,טמנאוולין שרי פיניש,מיליליטרים,700.00,"100 מ""ל",false,1,156.90,22.41,true,1,
5013967016620,false,"וויסקי טמנאוולין סינגל מאלט ק.ס 700 מ""ל",,GB,וויסקי טמנאוולין סינ,מיליליטרים,700.00,"100 מ""ל",false,1,159.90,22.84,true,1,
5014201701623,false,ווסטונס אינגליש וינטג סיידר 750 מל,,,ווסטונס אינגליש וינט,מיליליטרים,750.00,"100 מ""ל",false,1,25.90,3.45,true,1,
5014201800869,false,"הנרי ווסטונס וינטג Perry (אגסים) 500 מ""",,,הנרי ווסטונס וינטג P,מיליליטרים,500.00,"100 מ""ל",false,1,19.90,3.98,true,1,
5014271300429,false,סן דלפו מעדן משמש ללא סוכר 284גר,סנדלפור St.dalfour,FR,מעדן סאנט דלפור משמש,גרמים,284.00,100 גרם,false,1,19.90,7.01,true,1,
5014271310428,false,סן דלפו מעדן דבדבן שחור ללא סוכ 284 ג',המאפיה של הרמן,FR,מעדן סאנט דלפור דובד,גרמים,284.00,100 גרם,false,1,19.90,7.01,true,1,
5014271330426,false,מעדן סאנט דלפור אוכמניות כחולות 284 גר,סנדלפור St.dalfour,FR,מעדן סאנט דלפור אוכמ,גרמים,284.00,100 גרם,false,1,19.90,7.01,true,1,
5014271400426,false,סן דלפו מעדן תות שדה ללא סוכר 284 ג',המאפיה של הרמן,FR,מעדן סאנט דלפור תות,גרמים,284.00,100 גרם,false,1,19.90,7.01,true,1,
5014271560427,false,מעדן סאנט דלפור תפוז גינגר 284 גר,סנדלפור St.dalfour,FR,מעדן סאנט דלפור תפוז,גרמים,284.00,100 גרם,false,1,19.90,7.01,true,1,
5014379009972,false,בירה לאגר באדוויזר פחית 500 מל,באדווייזר Budweiser,GB,בירה לאגר באדוויזר פ,מיליליטרים,500.00,"100 מ""ל",false,1,9.20,1.84,true,1,
5014734759047,false,"פרסקינדול אקטיב ספריי 150 מ""ל",,,פרסקינדול אקטיב ספרי,מיליליטרים,150.00,"100 מ""ל",false,1,64.90,43.27,true,1,
5018481022003,false,"וויסקי טומאטין סינגל מאלט לגאסי 700 מ""ל",,,וויסקי טומאטין סינגל,מיליליטרים,700.00,"100 מ""ל",false,1,135.90,19.41,true,1,
5020628000126,false,"תאצרס הייז מעונן סיידר תפוחים 4.5% 500 מ""ל",,,תאצרס הייז מעונן סיי,מיליליטרים,500.00,"100 מ""ל",false,1,10.90,2.18,true,1,
5020628001178,false,"תאצרס גולד סיידר תפוחים 4.8% 500 מ""ל",,,תאצרס גולד סיידר תפו,מיליליטרים,500.00,"100 מ""ל",false,1,10.90,2.18,true,1,
5020628001475,false,"תאצרס רוזה סיידר תפוחים 4% 500 מ""ל",,,תאצרס רוזה סיידר תפו,מיליליטרים,500.00,"100 מ""ל",false,1,10.90,2.18,true,1,
5021349700098,false,"וויסקי טומינטול פיטי טאנג 700 מ""ל",אנגוס דנדי,GB,וויסקי טומינטול פיטי,מיליליטרים,700.00,"100 מ""ל",false,1,187.90,26.84,true,1,
5023625004487,false,"בירה הובגובלין 500 מ""ל",וויצ'וד,GB,בירה הובגובלין 500 מ,מיליליטרים,500.00,"100 מ""ל",false,1,17.90,3.58,true,1,
5024546356587,false,וויסקי גראנד מקניש 1 ליטר SCOTCH,אגדת,IL,וויסקי גראנד מקניש 1,מיליליטרים,1000.00,"100 מ""ל",false,1,104.90,10.49,true,1,
5024546366609,false,"וויסקי 700 מ""ל LAUDERS SCOTCH",מקדוף אינטרנשנל דיסט,,"וויסקי 700 מ""ל LAUDE",מיליליטרים,700.00,"100 מ""ל",false,1,72.90,10.41,true,1,
5024546366630,false,וויסקי לאודרס 1 ליטר SCOTCH,אגדת,IL,וויסקי לאודרס 1 ליטר,מיליליטרים,1000.00,"100 מ""ל",false,1,104.90,10.49,true,1,
5027455415413,false,בקבוק שתיה מפלצות,,,בקבוק שתיה מפלצות,קילוגרמים,0.00,"ק""ג",false,1,44.90,44.90,true,1,
5029053002408,false,נייר טואלט קלינקס פרימיום לבן - מארז 9 גלילים,קימברלי קלארק ישראל,IL,נ.טואלט קלינקס לבן 9,מטרים,275.00,מטר,false,1,33.90,0.12,true,1,
5029053002439,false,נייר טואלט קלינקס פרימיום צהוב - מארז 9 גלילים,חוגלה קימברלי,GB,נ.טואלט קלינקס צהוב,מטרים,275.00,מטר,false,1,33.90,0.12,true,1,
5029053510811,false,קוטקס - תחבושות אולטרה נורמל + כנפיים 30 יח',קימברלי קלארק,TR,תחבושת קוטקס נורמל,Unknown,0.00,Unknown,false,1,18.90,18.90,true,1,
5029053510828,false,קוטקס - תחבושות אולטרה סופר + כנפיים 22 יח',קימברלי קלארק,GB,תחבושת קוטקס סופר +,Unknown,0.00,Unknown,false,1,18.90,18.90,true,1,
5029053523446,false,קוטקס - תחבושות אולטרה נייט + כנפיים 20 יח',קימברלי קלארק,GB,תחבושת קוטקס נייט,Unknown,0.00,Unknown,false,1,18.90,18.90,true,1,
5029053534589,false,קוטקס טמפוני מיני 32 יח',חוגלה קימברלי,CZ,טמפון קוטקס מיני 32,Unknown,0.00,Unknown,false,1,29.90,29.90,true,1,
5029053535227,false,קוטקס טמפון עם מוליך נורמל 16 יח',KC Czech,CZ,טמפון קוטקס עם מוליך,Unknown,0.00,Unknown,false,1,23.90,23.90,true,1,
5030544902121,false,גבינה מעושנת DORSET RED במשקל,,,גבינה מעושנת DORSET,Unknown,0.00,"ק""ג",true,0,143.00,143.00,true,1,
5030544902992,false,גבינת צדר אנגלי 190 גר,,,גבינת צדר אנגלי 190,גרמים,190.00,100 גרם,false,1,32.90,17.32,true,1,
5030544903081,false,גבינת עיזים 200 גרם,,,גבינת עיזים 200 גרם,גרמים,200.00,100 גרם,false,1,34.90,17.45,true,1,
5030544903654,false,גבינת צדר עם בצל מקורמל Farmers Cheese 190 גרם,,,גבינת צדר עם בצל מקו,גרמים,190.00,100 גרם,false,1,26.50,13.95,true,1,
5032678004979,false,"טוניק לייט פרנקלין 200 מ""ל",,GB,טוניק לייט פרנקלין,מיליליטרים,200.00,"100 מ""ל",false,1,7.20,3.60,true,1,
5035766044673,false,"סיידר תפוחים סטרונגבאו 330 מ""ל בקבוק",סטרונגבאו Strongbow,BE,סיידר תפוחים סטרונגב,מיליליטרים,330.00,"100 מ""ל",false,1,8.20,2.48,true,1,
5035766060253,false,"בירה מרפיס פחית 500 מ""ל",מרפיס Murphys,,"מרפיס פחית 500 מ""ל",מיליליטרים,500.00,"100 מ""ל",false,1,12.80,2.56,true,1,
5050974505259,false,פת פריכה קמח שיפון מלא עם גרעינים ודגנים קלויים,רייויטה Ryvita,,רייויטה פת פריכה שיפ,גרמים,250.00,100 גרם,false,1,12.90,5.16,true,1,
5053827110679,false,"קלוגס ""פרוט לופס"" דגני בוקר 375 גרם",,,"קלוגס ""פרוט לופס"" דג",גרמים,375.00,100 גרם,false,1,24.90,6.64,true,1,
5053827191753,false,דגני בוקר קלוגס - ווראייטי מארז 190 גר,,,דגני בוקר קלוגס - וו,גרמים,190.00,100 גרם,false,1,19.90,10.47,true,1,
5053827207102,false,קלוגס-דגני בוקר שוקו קריספיס 330 גר,,ES,קלוגס-דגני בוקר שוקו,גרמים,330.00,100 גרם,false,1,20.90,6.33,true,1,
5053827215862,false,קלוגס קוקו פופס שוקו 500ג',קלוגס Kellogg's,DE,קוקו פופס 500 גרם,גרמים,500.00,100 גרם,false,1,18.90,3.78,true,1,
5055966800114,false,"מארז וויסקי בלק בוש 700 מ""ל + כוסות",,,מארז וויסקי בלק בוש,מיליליטרים,750.00,"100 מ""ל",false,1,124.90,16.65,true,1,
5055966801005,false,"וויסקי בושמילס אוריגינל 700 מ""ל",,,וויסקי בושמילס אוריג,מיליליטרים,700.00,"100 מ""ל",false,1,109.90,15.70,true,1,
5055966801012,false,וויסקי בושמילס אוריגינל 1 ליטר,,,וויסקי בושמילס אוריג,מיליליטרים,1000.00,"100 מ""ל",false,1,99.00,9.90,true,1,
5055966830142,false,"וויסקי בושמילס קאסק רום 700 מ""ל",,,וויסקי בושמילס קאסק,מיליליטרים,700.00,"100 מ""ל",false,1,109.90,15.70,true,1,
5056357900925,false,סניקרס חטיף חלבון חמאת בוטנים 57 גרם,מרס נדרלנד,US,סניקרס חטיף חלבון חמ,גרמים,57.00,100 גרם,false,1,16.90,29.65,true,1,
5056357901427,false,אם אנד אם חטיף חלבון שוקולד 51 גרם,מארס,GB,אם אנד אם חטיף חלבון,גרמים,51.00,100 גרם,false,1,16.90,33.14,true,1,
5056357902431,false,עוגיות באונטי 180 גרם,,,עוגיות באונטי 180 גר,גרמים,180.00,100 גרם,false,1,10.90,6.06,true,1,
5056357902936,false,סניקרס לבן חטיף היי פרוטאין 57 ג,,,סניקרס לבן חטיף היי,גרמים,57.00,100 גרם,false,1,16.90,29.65,true,1,
5056357905616,false,באונטי טריפל טריט 128 גרם,,IE,באונטי טריפל טריט 12,גרמים,227.00,100 גרם,false,1,16.90,7.44,true,1,
5056357906323,false,אם אנד אם קריספי חלבון 52 גרם,,,אם אנד אם קריספי חלב,גרמים,52.00,100 גרם,false,1,16.90,32.50,true,1,
5060017740011,false,"גין ברוקרס 700 מ""ל",,,"גין ברוקרס 700 מ""ל",מיליליטרים,700.00,"100 מ""ל",false,1,114.90,16.41,true,1,
5060045588128,false,"וויסקי גים בים לבן 700 מ""ל","איי, בי, אינבוו",US,וויסקי גים בים לבן 7,מיליליטרים,700.00,"100 מ""ל",false,1,83.90,11.99,true,1,
5060045590190,false,"וויסקי גים בים דבש 700 מ""ל",בים סנטורי,ES,וויסקי גים בים דבש 7,מיליליטרים,700.00,"100 מ""ל",false,1,83.90,11.99,true,1,
5060045590213,false,"וויסקי גים בים תפוח 700 מ""ל",,,וויסקי גים בים תפוח,מיליליטרים,700.00,"100 מ""ל",false,1,83.90,11.99,true,1,
5060108450003,false,מי טוניק פיבר טרי פר,פיבר טרי,,טוניק פיבר טרי 200 מ,מיליליטרים,200.00,"100 מ""ל",false,1,8.90,4.45,true,1,
5060108450089,false,גינגר אייל פרימיום ב,פיבר טרי,,"גינגר אייל 200 מ""ל",מיליליטרים,200.00,"100 מ""ל",false,1,8.90,4.45,true,1,
5060108450263,false,"פרימיום מי טוניק 500 מ""ל",,GB,פרימיום מי טוניק 500,מיליליטרים,500.00,"100 מ""ל",false,1,17.90,3.58,true,1,
5060108450287,false,"פרימיום גינגר אייל 500 מ""ל",פיבר טרי,GB,פרימיום גינגר אייל 5,מיליליטרים,500.00,"100 מ""ל",false,1,17.90,3.58,true,1,
5060122038584,false,אבקה להכנת שוקו חם אם אנד אם 140 גרם,,DE,אבקה להכנת שוקו חם א,גרמים,140.00,100 גרם,false,1,23.90,17.07,true,1,
5060122039123,false,אבקה להכנת שוקו חם באונטי 140 גרם,,DE,אבקה להכנת שוקו חם ב,גרמים,140.00,100 גרם,false,1,19.90,14.21,true,1,
5060123608397,false,לונדון חליטת תפוז חדש 20 שקיקים,,,לונדון חליטת תפוז חד,Unknown,0.00,Unknown,false,1,16.90,16.90,true,1,
5060139430364,false,יויו תות מולטי פק 100 גגרם,,GB,יויו תות מולטי פק 1,גרמים,100.00,100 גרם,false,1,19.90,19.90,true,1,
5060139430647,false,יויו פטל מולטי פק 100 גגרם,,GB,יויו פטל מולטי פק 1,גרמים,100.00,100 גרם,false,1,19.90,19.90,true,1,
5060139431033,false,יויו מנגו מולטי פק 100 גגרם,,GB,יויו מנגו מולטי פק,גרמים,100.00,100 גרם,false,1,19.90,19.90,true,1,
5060190560741,false,"בירה אינס אנד גון רום פיניש 330 מ""ל",,,בירה אינס אנד גון רו,מיליליטרים,330.00,"100 מ""ל",false,1,13.90,4.21,true,1,
5060229011473,false,תה אלדרברי ואכינצאה,,,תה אלדרברי ואכינצאה,Unknown,0.00,Unknown,false,1,31.90,31.90,true,1,
5060229012562,false,תה שלוש קמומיל פוקה 30 גרם,,GB,תה שלוש קמומיל פוקה,גרמים,30.00,100 גרם,false,1,31.90,106.33,true,1,
5060229014832,false,תה מרענן,,,תה מרענן,Unknown,0.00,Unknown,false,1,31.90,31.90,true,1,
5060229017093,false,שטאוורי הוליסטי,,,שטאוורי הוליסטי,Unknown,0.00,Unknown,false,1,179.90,179.90,true,1,
5060229017680,false,תה ירוק תותי בר 85 גרם,,,תה ירוק תותי בר 85 ג,Unknown,0.00,Unknown,false,1,31.90,31.90,true,1,
5060255492185,false,חול חתולים ירוק 6 לריחני,MARDEL,GB,אברקלין 6ל (ירוק ),ליטרים,0.01,ליטר,false,1,69.90,6990.00,true,1,
5060255492277,false,חול לחתולים אוור קלין אדום,אבר קלין Ever clean,,אברקלין 6ל אדום,ליטרים,0.01,ליטר,false,1,69.90,6990.00,true,1,
5060283762212,false,ציפס עדשים בטעם ברביקיו 85 גרם,,GB,ציפס עדשים בטעם ברבי,גרמים,85.00,100 גרם,false,1,14.90,17.53,true,1,
5060309490068,false,"דיאבלו עוגיות בוטנים ושוקולד לל""ס 150 גר",,,דיאבלו עוגיות בוטנים,גרמים,150.00,100 גרם,false,1,13.90,9.27,true,1,
5060309490075,false,"דיאבלו עוגיות שוקולד ציפס ללת""ס 130 גר",,,דיאבלו עוגיות שוקולד,גרמים,130.00,100 גרם,false,1,17.90,13.77,true,1,
5060309490136,false,דיאבלו סוכריות ללא סוכר תות 75 גרם,,GB,דיאבלו סוכריות ללא ס,גרמים,75.00,100 גרם,false,1,9.90,13.20,true,1,
5060309490143,false,דיאבלו סוכריות ללא סוכר לימון 75 גרם,,GB,דיאבלו סוכריות ללא ס,גרמים,75.00,100 גרם,false,1,9.90,13.20,true,1,
5060309490242,false,דיאבלו סוכריות ללא סוכר מנטה 75 גרם,,GB,דיאבלו סוכריות ללא ס,גרמים,75.00,100 גרם,false,1,9.90,13.20,true,1,
5060309490617,false,דיאבלו טופי פירות ללא סוכר 75 גרם,,GB,דיאבלו טופי פירות לל,גרמים,75.00,100 גרם,false,1,9.90,13.20,true,1,
5060309490679,false,דיאבלו עוגיות וניל קרם קקאו ללא סוכר 176,,,דיאבלו עוגיות וניל ק,גרמים,176.00,100 גרם,false,1,12.90,7.33,true,1,
5060319120023,false,תה קינמון אורגני 40 גרם הייר ליבינג,,,תה קינמון אורגני 40,Unknown,0.00,Unknown,false,1,17.90,17.90,true,1,
5060319120108,false,תה ארל גריי אורגני 40 גר הייר ליבינג,,,תה ארל גריי אורגני 4,Unknown,0.00,Unknown,false,1,17.90,17.90,true,1,
5060319120115,false,תה ירוק אורגני 50 גרם הייר ליבינג,,,תה ירוק אורגני 50 גר,Unknown,0.00,Unknown,false,1,17.90,17.90,true,1,
5060319120153,false,תה קמומיל ונילה אורגני 30 גר הייר ליבינג,,,תה קמומיל ונילה אורג,Unknown,0.00,Unknown,false,1,17.90,17.90,true,1,
5060319129422,false,חליטת דיטוקס אורגנית 25 גרם הייר ליבינג,אונלי נטורל פרודקטס,PT,חליטת דיטוקס אורגנית,Unknown,0.00,Unknown,false,1,17.90,17.90,true,1,
5060326870850,false,"חטיף חומוס, בטטה, אפונה בטעם מלוח85 ג",,GB,"חטיף חומוס, בטטה, אפ",גרמים,85.00,100 גרם,false,1,9.90,11.65,true,1,
5060326870898,false,חטיף ציפס חלבון בטעם ברביקיו מתוק85 ג,,GB,חטיף ציפס חלבון בטעם,גרמים,85.00,100 גרם,false,1,9.90,11.65,true,1,
5060326870911,false,חטיף ציפס חלבון בטעם מלח ופלפל85 ג,,GB,חטיף ציפס חלבון בטעם,גרמים,85.00,100 גרם,false,1,9.90,11.65,true,1,
5060402900860,false,"משקה אם אנד אם בוטנים 350 מ""ל",,,משקה אם אנד אם בוטני,גרמים,350.00,100 גרם,false,1,12.90,3.69,true,1,
5060402901928,false,ממרח טוויקס 200 גרם,,,ממרח טוויקס 200 גרם,גרמים,200.00,100 גרם,false,1,24.90,12.45,true,1,
5060402902130,false,"משקה טוויקס 350 מ""ל",,GB,"משקה טוויקס 350 מ""ל",מיליליטרים,350.00,"100 מ""ל",false,1,12.90,3.69,true,1,
5060402905346,false,ממרח אם אנד אם 200 גרם,,,ממרח אם אנד אם 200 ג,גרמים,200.00,100 גרם,false,1,24.90,12.45,true,1,
5060402906459,false,עוגיות טוויקס קרמל 144 גרם,,GB,עוגיות טוויקס קרמל 1,גרמים,144.00,100 גרם,false,1,12.90,8.96,true,1,
5060402907203,false,אבקה להכנת שוקו חם מארס 140 גרם,,DE,אבקה להכנת שוקו חם מ,גרמים,140.00,100 גרם,false,1,19.90,14.21,true,1,
5060402908248,false,סניקרס חטיף חלבון 55 גרם,מרס נדרלנד,US,סניקרס חטיף חלבון 55,גרמים,55.00,100 גרם,false,1,16.90,30.73,true,1,
5060402908286,false,מארס חטיף חלבון 59 גרם,מרס נדרלנד,US,מארס חטיף חלבון 59 ג,גרמים,59.00,100 גרם,false,1,16.90,28.64,true,1,
5060462260713,false,אצבעות וופל קרם קרמל מלוח מ.קרמל 45 גרם,,ES,אצבעות וופל קרם קרמל,גרמים,45.00,100 גרם,false,1,15.90,35.33,true,1,
5060462261475,false,חטיף קאפס קרם בוטנים ציפוי שוקולד 34 גרם,,ES,חטיף קאפס קרם בוטנים,גרמים,34.00,100 גרם,false,1,15.90,46.76,true,1,
5060465390004,false,"בירה סקיני ללא גלוטן 330 מ""ל",סקיני ביר בע״מ,GB,בירה סקיני ללא גלוטן,מיליליטרים,330.00,"100 מ""ל",false,1,11.50,3.48,true,1,
5060517886486,false,"מונסטר משקה אנרגיה קלאסי 500 מ""ל",מונסטר אנרג'י Monster Energy,RU,מונסטר אנרגי פח 500,מיליליטרים,500.00,"100 מ""ל",false,1,6.90,1.38,true,1,
5060517886516,false,"מונסטר משקה אנרגיה 500 מ""ל פחית זירו",מונסטר אנרג'י Monster Energy,RU,מונסטר אנרגי זירו פח,מיליליטרים,500.00,"100 מ""ל",false,1,6.90,1.38,true,1,
5060519140852,false,מיץ אלוורה פוקה 1 ליטר,,,מיץ אלוורה פוקה 1 לי,מיליליטרים,1000.00,"100 מ""ל",false,1,219.90,21.99,true,1,
5060639128051,false,"משקה אנרגיה מונסטר אולטרה פחית 500 מ""ל",מונסטר אנרג'י Monster Energy,RS,מונסטר ULTRA פחית 50,מיליליטרים,500.00,"100 מ""ל",false,1,6.90,1.38,true,1,
5060639129102,false,"משקה אנרגיה מונסטר מנגו פח 500 מ""ל",מונסטר אנרג'י Monster Energy,RS,Mango Loco מונסטר 50,מיליליטרים,500.00,"100 מ""ל",false,1,6.90,1.38,true,1,
5060751218173,false,"משקה אנרגיה מונסטר Pipline punch פח 500 מ""ל",מונסטר אנרג'י לימטד,IE,מונסטר פייפליין פאנצ,מיליליטרים,500.00,"100 מ""ל",false,1,6.50,1.30,true,1,
5060751219033,false,"משקה אנרגיה מונסטר ULTRA PARADISE פח 500 מ""ל",מונסטר אנרג'י לימטד,IE,מונסטר אולטרה פרדייס,מיליליטרים,500.00,"100 מ""ל",false,1,6.50,1.30,true,1,
5060805990703,false,חברים-עוגיות רייצל עוגיות רד וולוט 150ג,,,חברים-עוגיות רייצל ע,גרמים,150.00,100 גרם,false,1,21.90,14.60,true,1,
5060805990741,false,חברים-עוגיות מוניקה שוקולד ציפס 150 גר,,,חברים-עוגיות מוניקה,גרמים,150.00,100 גרם,false,1,21.90,14.60,true,1,
5065000523145,false,תה שלוש גינגר,,,תה שלוש גינגר,Unknown,0.00,Unknown,false,1,31.90,31.90,true,1,
5065000523923,false,תה לימון-גראס וגינגר,,,תה לימון-גראס וגינגר,Unknown,0.00,Unknown,false,1,31.90,31.90,true,1,
5099873007143,false,"וויסקי גק דניאלס סינגל בארל ריי 700 מ""ל",,,וויסקי גק דניאלס סינ,מיליליטרים,700.00,"100 מ""ל",false,1,219.90,31.41,true,1,
5099873017623,false,"וויסקי גק דניאלס טנסי אפל 700 מ""ל",ג'ק דניאלס Jack Daniel's,BE,וויסקי גק דניאלס טנס,מיליליטרים,700.00,"100 מ""ל",false,1,99.90,14.27,true,1,
5099873045855,false,"מארז מתכת גק דניאלס 700 מ""ל + 2 כוסות",,,מארז מתכת גק דניאלס,מיליליטרים,700.00,"100 מ""ל",false,1,99.90,14.27,true,1,
5099873221976,false,"גנטלמן גק 700 מ""ל במארז טוקסידו",,,"גנטלמן גק 700 מ""ל במ",מיליליטרים,700.00,"100 מ""ל",false,1,129.90,18.56,true,1,
5200132560167,false,"יין דומיין סבאניס, פייר ווינד לבן 750",,GR,"יין דומיין סבאניס, פ",Unknown,0.00,Unknown,false,1,39.90,39.90,true,1,
5200133120476,false,גלילות וופלים ממולאים קרם אגוזים וקקאו 400 ג',יוניליוור גרמניה Gm,GR,גליליות וופלים ממולא,גרמים,400.00,100 גרם,false,1,18.80,4.70,true,1,
5200133120483,false,גליליות וופלים ממולא קרם וניל 400 גר,יוניליוור גרמניה Gm,GR,גליליות וופלים ממולא,גרמים,400.00,100 גרם,false,1,18.80,4.70,true,1,
5200133120506,false,גליליות וופלים קרם אגוזים קקאו 150 גרם,קוארטט אס.אי,GR,גליליות וופלים קרם א,גרמים,150.00,100 גרם,false,1,7.90,5.27,true,1,
5201043004412,false,זיתי קלמטה שחורים 200 גר,,,זיתי קלמטה שחורים 37,מיליליטרים,370.00,"100 מ""ל",false,1,18.90,5.11,true,1,
5201306803400,false,זיתים מושחרים דלפי סופר ממוט 820 גרם,,GR,זיתים מושחרים 465 גר,גרמים,465.00,100 גרם,false,1,26.90,5.78,true,1,
5201340003385,false,טונה מעושנת שמן סויה 160 ג' TRATA,נורט אגיאוסי קנריס,GR,טונה מעושנת בשמן סוי,גרמים,160.00,100 גרם,false,1,15.90,9.94,true,1,
5201340026704,false,טונה מעושנת פיקנטי 160 ג' TRATA,נורט אגיאוסי קנריס,GR,טונה מעושנת פיקנטי 1,גרמים,160.00,100 גרם,false,1,15.90,9.94,true,1,
5201583752217,false,זירו סוכריות ללא סוכר מנטה במילוי שוקולד,,GR,ZERO סוכריות מנטה ב,גרמים,490.00,100 גרם,false,1,6.90,1.41,true,1,
5201940010011,false,זיתים שחורים טבעיים בפח 454 גרם,סיוארס אס.איי,GR,זיתים שחורים טבעיים,גרמים,454.00,100 גרם,false,1,20.50,4.52,true,1,
5201940010110,false,זיתים שחורים מזן קלמטה בפח 454 גרם,סיוארס אס.איי,GR,זיתים שחורים מזן קלמ,גרמים,454.00,100 גרם,false,1,14.90,3.28,true,1,
5202175001515,false,נאצ'וס בטעם מלוח 225 גרם,אל סבור מקסיקן פוד,TW,נאצ`וס בטעם מלוח 225,גרמים,225.00,100 גרם,false,1,11.40,5.07,true,1,
5202302000039,false,זיתים שחורים טבעיים קלמטה 275 גרם,,,זיתים שחורים טבעיים,גרמים,275.00,100 גרם,false,1,27.50,10.00,true,1,
5202390015618,false,גבינה צהובה טבעונית אורגינל ויאו לייף 200 ג',אריביה אס.אי. 57022,GR,צהובה טבעונית בטעם א,גרמים,200.00,100 גרם,false,1,23.50,11.75,true,1,
5202390016967,false,צהובה טבעונית עם פטריות 200 גר,אריביה אס.אי. 57022,GR,צהובה טבעונית עם פטר,גרמים,200.00,100 גרם,false,1,23.90,11.95,true,1,
5202390027871,false,ויובלוק פרמזן מגורדת 100 גרם,אפפילד,GR,ויובלוק פרמזן מגורדת,גרמים,100.00,100 גרם,false,1,22.90,22.90,true,1,
5202413010019,false,אוזו פלומארי 1 ליטר,,,אוזו פלומארי 1 ליטר,ליטרים,0.00,ליטר,false,1,104.90,104.90,true,1,
5202429109394,false,ציפס בטעם בייקון,,,זיתים שחורים שלמים 8,גרמים,820.00,100 גרם,false,1,22.90,2.79,true,1,
5202795130022,false,"ברנדי מטאקסה *7 באריזת שי 700 מ""ל",,,ברנדי מטאקסה *7 בארי,מיליליטרים,700.00,"100 מ""ל",false,1,133.90,19.13,true,1,
5202904540308,false,גבינת קפלוטירי יווני צאן 300 ג',,GR,קפילוטרי יווני צאן 3,גרמים,300.00,100 גרם,false,0,34.90,11.63,true,1,
5208049004781,false,פאל מאל ברי דמי סלימס קופסא,,,פאל מאל ברי דמי סלימ,Unknown,0.00,Unknown,false,1,26.00,26.00,true,1,
5214000101062,false,שמן זית יווני כתית מעולה 1 ליטר Oleum,Oleum,,שמן זית יווני כתית מ,מיליליטרים,1000.00,"100 מ""ל",false,1,65.90,6.59,true,1,
5214000101369,false,"שמן זית יווני כתית מעולה 750 מ""ל Oleum",Oleum,,שמן זית יווני כתית מ,מיליליטרים,750.00,"100 מ""ל",false,1,54.90,7.32,true,1,
5391500600094,false,"בירה אוהרס - אייריש רד אייל 330 מ""ל",,IE,בירה אוהרס - אייריש,מיליליטרים,330.00,"100 מ""ל",false,1,13.90,4.21,true,1,
5391500600650,false,"בירה אוהרס - אייריש פייל אייל 330 מ""ל",,IE,בירה אוהרס - אייריש,מיליליטרים,330.00,"100 מ""ל",false,1,13.90,4.21,true,1,
5391500600698,false,"בירה אוהרהס ליין פוליין 330 מ""ל בקבוק",,,בירה אוהרס ליין פולי,מיליליטרים,330.00,"100 מ""ל",false,1,13.90,4.21,true,1,
5391500602487,false,"בירה אוהרס ווסט קוסט אי פי אי 440 מ""ל",,IE,בירה אוהרס ווסט קוסט,מיליליטרים,440.00,"100 מ""ל",false,1,17.90,4.07,true,1,
5391500602500,false,"בירה אוהרס הייזי אי פי איי 440 מ""ל",,IE,בירה אוהרס הייזי אי,מיליליטרים,440.00,"100 מ""ל",false,1,17.90,4.07,true,1,
5391500602678,false,"פחית בירה דאבל א.פי.איי אוהרס 440 מ""ל",,IE,פחית בירה דאבל א.פי.,מיליליטרים,440.00,"100 מ""ל",false,1,17.90,4.07,true,1,
5391500602692,false,"פחית בירה אייריש רד אייל ניטרו 440 מ""ל",,IE,פחית בירה אייריש רד,מיליליטרים,440.00,"100 מ""ל",false,1,17.90,4.07,true,1,
5391523270021,false,"וויסקי אירי טילינג סמול באטש 700 מ""ל",,,וויסקי אירי טילינג ס,מיליליטרים,700.00,"100 מ""ל",false,1,159.90,22.84,true,1,
5400141055146,false,שימורי בצלי פנינה בוני 650 גר,,BE,שימורי בצלי פנינה בו,גרמים,650.00,100 גרם,false,1,14.90,2.29,true,1,
5400265022796,false,המלט- שוקוליס דפדפי קריספי 125 גר,,,המלט- שוקוליס דפדפי,גרמים,125.00,100 גרם,false,1,16.70,13.36,true,1,
5400265022802,false,המלט- שוקוליס דפדפי שוקולד 57% 125 גר,,BE,המלט- שוקוליס דפדפי,גרמים,125.00,100 גרם,false,1,16.70,13.36,true,1,
5400265022819,false,המלט- שוקוליס דפדפי אגוז קריספי 125 גר,,,המלט- שוקוליס דפדפי,גרמים,125.00,100 גרם,false,1,16.70,13.36,true,1,
5400265022826,false,המלט- שוקוליס דפדפי תפוז קריספי 125 גר,,,המלט- שוקוליס דפדפי,גרמים,125.00,100 גרם,false,1,16.70,13.36,true,1,
5400265024226,false,קופידו-פרלינים בלגים במילוי קוואנטרו 150,,,קופידו-פרלינים בלגים,גרמים,150.00,100 גרם,false,1,17.90,11.93,true,1,
5400265024233,false,קופידו-פרלינים בלגים במילוי ויסקי טיצרס,,,קופידו-פרלינים בלגים,גרמים,150.00,100 גרם,false,1,17.90,11.93,true,1,
5400265024240,false,קופידו - פרלינים בלגים במילוי איירש קרים,,,קופידו - פרלינים בלג,גרמים,150.00,100 גרם,false,1,17.90,11.93,true,1,
5400265024349,false,המלט מאפה מבצק עלים מסוכר 250 גר,,,המלט מאפה מבצק עלים,גרמים,250.00,100 גרם,false,1,13.50,5.40,true,1,
5400265026152,false,המלט -באריזת מתנה 250 גרם קלאסיק,,,המלט -באריזת מתנה 25,גרמים,250.00,100 גרם,false,1,41.90,16.76,true,1,
5400265026510,false,המלט מרשמלו 250 גר,,BE,המלט מרשמלו 250 גר,גרמים,250.00,100 גרם,false,1,12.90,5.16,true,1,
5400265032337,false,המלט-אריזת מתנה צסטרפילד קרם 125 גר,,,המלט-אריזת מתנה צסטר,גרמים,125.00,100 גרם,false,1,22.90,18.32,true,1,
5400265032993,false,המלט- נשיקות מרנג לבן 100 גרם,,,המלט- נשיקות מרנג לב,גרמים,100.00,100 גרם,false,1,12.90,12.90,true,1,
5400265039732,false,המלט-פרלינים בלגים קריסמס פח 500 גר,,,המלט-פרלינים בלגים ק,גרמים,500.00,100 גרם,false,1,99.90,19.98,true,1,
5400265040479,false,המלט-שוקו סטיקס חלב 100 גרם,,,המלט-שוקו סטיקס חלב,גרמים,100.00,100 גרם,false,1,12.90,12.90,true,1,
5400265040486,false,המלט-שוקו סטיקס מריר/מנטה 100 גרם,,,המלט-שוקו סטיקס מריר,גרמים,100.00,100 גרם,false,1,12.90,12.90,true,1,
5400265040493,false,המלט-שוקו סטיקס חלב קרמל-מלח 100 גרם,,,המלט-שוקו סטיקס חלב,גרמים,100.00,100 גרם,false,1,12.90,12.90,true,1,
5400265040974,false,המלט-פרלינים בלגים דיזרט 200 גר,,,המלט-פרלינים בלגים ד,גרמים,200.00,100 גרם,false,1,34.90,17.45,true,1,
5400265041025,false,המלט-טרופל בלגי רובי 150 גר,,,המלט-טרופל בלגי רובי,גרמים,150.00,100 גרם,false,1,29.90,19.93,true,1,
5400265170114,false,המלט-סוכריית מקל סבא 28 גרם,,,המלט-סוכריית מקל סבא,גרמים,28.00,100 גרם,false,1,6.50,23.21,true,1,
5410041435702,false,טוק קרקר קלאסי 100ג',,HU,טוק קרקרים 100 גרם,גרמים,100.00,100 גרם,false,1,7.30,7.30,true,1,
5410041435900,false,טוק קרקרים בתיבול פפריקה 100 גרם,,HU,טוק קרקרים בתיבול פפ,גרמים,100.00,100 גרם,false,1,7.30,7.30,true,1,
5410059024721,false,שוקולד מריר בלגי 200 גר JAQUES,,BE,שוקולד מריר בלגי 200,גרמים,200.00,100 גרם,false,1,17.90,8.95,true,1,
5410091648176,false,"פה - דאודורנט רול און לאישה פינק פרדייס 50 מ""ל",שוורצקופף והנקל,DE,פה רול און פינק 50 מ,Unknown,0.00,Unknown,false,1,15.30,15.30,true,1,
5410103161617,false,קרם יום עם פעולה משולשת Triple active לעור יבש ועדין,לוריאל Loreal,DE,פעולה משולשת קרם יום,Unknown,0.00,Unknown,false,1,49.90,49.90,true,1,
5410126006087,false,ביסקוויט לוטוס קרמל 700 גרם,לוטוס ביקרי נ.וי.,BE,ביסקוויט לוטוס קרמל,גרמים,700.00,100 גרם,false,1,21.90,3.13,true,1,
5410126106183,false,ביסקויט לוטוס קרמל 312 גר 50 יח ארוז,כלורוקס אוקלנד,BE,ביסקויט לוטוס קרמל 3,גרמים,312.00,100 גרם,false,1,16.50,5.29,true,1,
5410126116953,false,ממרח עוגיות לוטוס קרמל 400 גר,לוטוס בייקרי בלגיה נ,BE,ממרח עוגיות לוטוס קר,גרמים,400.00,100 גרם,false,1,22.90,5.73,true,1,
5410126716016,false,"ביסקוויט בטעם קרמל לוטוס בד""צ 250 ג'",לוטוס ביקרי בלגיה,BE,ביסקויט קרמל לוטוס 2,גרמים,250.00,100 גרם,false,1,11.80,4.72,true,1,
5410158510064,false,מילקה מלוקקס שישייה 100 גרם,,,מילקה מלוקקס שישייה,גרמים,100.00,100 גרם,false,1,11.40,11.40,true,1,
5410228142089,false,בירה לף בלונד בקבוק,קרלסברג יבוא יצוא,BE,"לף בלונד 330 מ""ל",מיליליטרים,330.00,"100 מ""ל",false,1,9.90,3.00,true,1,
5410228144755,false,"בירה סטלה ארטואה שישייה בקבוק 330 מ""ל",קרלסברג יבוא יצוא,IL,שישיית סטלה ארטואה,מיליליטרים,1980.00,"100 מ""ל",false,1,29.90,1.51,true,1,
5410228267515,false,"שישיית בירה לאגר באדוויזר 6*330 מ""ל",באדווייזר Budweiser,GB,שישיית בירה לאגר באד,מיליליטרים,1980.00,"100 מ""ל",false,1,29.90,1.51,true,1,
5410316983693,false,"סמירנוף אייס בודד 275 מ""ל",סמירנוף אייס Smirnoff ice,IT,סמירנוף אייס בודד 27,מיליליטרים,275.00,"100 מ""ל",false,1,12.90,4.69,true,1,
5410316994019,false,"וודקה סמירנוף אדום 700מ""ל",דיאג'ו אופריישנס איט,US,"סמירנוף אדום 700 מ""ל",מיליליטרים,700.00,"100 מ""ל",false,1,59.90,8.56,true,1,
5410358442097,false,הריבו מרשמלו לבן וורוד 140 גרם,,,הריבו מרשמלו לבן וור,גרמים,140.00,100 גרם,false,1,7.90,5.64,true,1,
5410358452027,false,הריבו ספקיז מרשמלו ורוד לבן פסים 175 גרם,,BE,הריבו ספקיז מרשמלו ו,גרמים,175.00,100 גרם,false,1,7.90,4.51,true,1,
5410358459347,false,הריבו מרשמלו ברביקיו 175 גרם,,BE,הריבו מרשמלו ברביקיו,גרמים,175.00,100 גרם,false,1,7.90,4.51,true,1,
5410481080166,false,קרלייר-נוגט וניל עם שקדים 100 גר,,BE,קרלייר-נוגט וניל עם,גרמים,100.00,100 גרם,false,1,15.60,15.60,true,1,
5410658902413,false,קפסולות קפה אלומיניום דרגת חוזק 08 Fortisimo- Espresso,,,אספרסו פורטיסימו - ק,גרמים,50.00,100 גרם,false,1,11.90,23.80,true,1,
5410658902420,false,קפסולות קפה אלומיניום דרגת חוזק 10 Fortisimo- Espresso,,,ריסטרטו פורטיסימו -,גרמים,50.00,100 גרם,false,1,11.90,23.80,true,1,
5410658902437,false,קפסולות קפה אלומיניום דרגת חוזק 07 Fortisimo- Espresso,,,פורטה פורטיסימו - קפ,גרמים,50.00,100 גרם,false,1,11.90,23.80,true,1,
5410769100081,false,"בירה לה שוף 330 מ""ל בקבוק","איי, בי, אינבוו",BE,"בירה לה שוף 330 מ""ל",מיליליטרים,330.00,"100 מ""ל",false,1,14.90,4.52,true,1,
5410769200088,false,"בירה מק שוף 330 מ""ל בקבוק",פארייפאבה אגרואינדוס,BE,"בירה מק שוף 330 מ""ל",מיליליטרים,330.00,"100 מ""ל",false,1,14.90,4.52,true,1,
5410769800097,false,"בירה לה צרי שוף 8% 330 מ""ל בקבוק",פארייפאבה אגרואינדוס,BE,בירה לה צרי שוף 8%,מיליליטרים,330.00,"100 מ""ל",false,1,13.90,4.21,true,1,
5410769800554,false,"בקבוק צירי שוף 750 מ""ל בקבוק",,,בקבוק צירי שוף 750 מ,מיליליטרים,750.00,"100 מ""ל",false,1,29.90,3.99,true,1,
5410783005379,false,"מארז בירה קורנט 8.5% 4*330 מ""ל + כוס)",,,מארז בירה קורנט 8.5%,מיליליטרים,1320.00,"100 מ""ל",false,1,47.90,3.63,true,1,
5410908000036,false,"בירה שימאי בלו 330 מ""ל",,,בירה שימאי בלו 330 מ,מיליליטרים,330.00,"100 מ""ל",false,1,20.90,6.33,true,1,
5410976140122,false,בונבוניירה צדפות 250 גרם גיליאן,,,בונבוניירה צדפות 250,גרמים,250.00,100 גרם,false,1,41.90,16.76,true,1,
5410976212010,false,גוליאן מארז מוזהב דצפים עם סרט 195 גר,,,גוליאן מארז מוזהב דצ,גרמים,195.00,100 גרם,false,1,54.90,28.15,true,1,
5410976271017,false,גיליאן - אופוס פרלין בלגי 180 גרם,,,גיליאן - אופוס פרלין,גרמים,180.00,100 גרם,false,1,41.90,23.28,true,1,
5410976620518,false,בונבוניירה גוליאן מבחר קלאסי בלגי 305 גר,,,בונבוניירה גוליאן מב,גרמים,305.00,100 גרם,false,1,79.90,26.20,true,1,
5410976823018,false,גיליאן-שוקולד מריר פטל 100 גר,,BE,גיליאן-שוקולד מריר פ,גרמים,100.00,100 גרם,false,1,16.90,16.90,true,1,
5410976826019,false,שוקולד מריר 72% 100 גר גיליאן,,BE,שוקולד מריר 72% 100,גרמים,100.00,100 גרם,false,1,16.90,16.90,true,1,
5411081000523,false,"בירה קסטיל כהה 330 מ""ל",ואן הונסברוק,BE,בירה קסטיל כהה 330 מ,מיליליטרים,330.00,"100 מ""ל",false,1,12.90,3.91,true,1,
5411081003654,false,"בירה קסטיל רוז 330 מ""ל",ואן הונסברוק,BE,בירה קסטיל רוז 330 מ,מיליליטרים,330.00,"100 מ""ל",false,1,11.90,3.61,true,1,
5411081003661,false,"בירה קסטיל רוז 750 מ""ל",,,בירה קסטיל רוז 750 מ,מיליליטרים,750.00,"100 מ""ל",false,1,31.90,4.25,true,1,
5411081008192,false,"בירה קסטיל רוז 330 מ""ל פחית",,,בירה קסטיל רוז 330 מ,מיליליטרים,330.00,"100 מ""ל",false,1,11.90,3.61,true,1,
5411081008420,false,"בירה בירה שושנע קסטיל 330 מ""ל",,,בירה בירה שושנע קסטי,מיליליטרים,330.00,"100 מ""ל",false,1,12.20,3.70,true,1,
5411188081852,false,אלפרו משקה סויה בטעם וניל 1 ל',הנסיך- מפעל לייצור ט,BE,אלפרו סויה בטעם וניל,מיליליטרים,1000.00,"100 מ""ל",false,1,14.90,1.49,true,1,
5411188096108,false,"שמנת לבישול ע""ב סויה 250 מ""ל אלפרו",אלפרו C.V.A,BE,"שמנת לבישול ע""ב סוי",מיליליטרים,250.00,"100 מ""ל",false,1,9.90,3.96,true,1,
5411188110835,false,אלפרו חלב סויה שקדים וניל 1ל',הנסיך- מפעל לייצור ט,BE,אלפרו משקה שקדים 1 ל,מיליליטרים,1000.00,"100 מ""ל",false,1,13.90,1.39,true,1,
5411188112709,false,"משקה קוקוס אלפרו 1 ליטר משקה שקדים לל""ס",הנסיך- מפעל לייצור ט,BE,אלפרו משקה שקדים ללא,מיליליטרים,1000.00,"100 מ""ל",false,1,13.90,1.39,true,1,
5411188115366,false,משקה קוקוס אלפרו 1 ליטר משקה שיבולת שועל 1 ליטר,הנסיך- מפעל לייצור ט,BE,אלפרו משקה שיבולת שו,מיליליטרים,1000.00,"100 מ""ל",false,1,13.90,1.39,true,1,
5411188115434,false,משקה אלפרו בריסטה סויה 1 ליטר,אלפרו Alpro,BE,אלפרו משקה בריסטה סו,מיליליטרים,1000.00,"100 מ""ל",false,1,15.90,1.59,true,1,
5411188115472,false,אלפרו משקה סויה 1 ליטר,הנסיך- מפעל לייצור ט,BE,אלפרו משקה סויה 1 לי,מיליליטרים,1000.00,"100 מ""ל",false,1,13.90,1.39,true,1,
5411188120957,false,"אלפרו תערובת לבישול על בסיס קוקוס 250 מ""ל",אלפרו Alpro,BE,אלפרו קוקוס לבישול 1,מיליליטרים,250.00,"100 מ""ל",false,1,9.90,3.96,true,1,
5411188124689,false,משקה שיבולת שועל ללא סוכר 1ל' אלפרו,אלפרו Alpro,BE,אלפרו משקה שיבולת שו,מיליליטרים,1000.00,"100 מ""ל",false,1,13.90,1.39,true,1,
5411188127697,false,אלפרו משקה בריסטה שיבולת שועל 1 ליטר,הנסיך- מפעל לייצור ט,BE,אלפרו בריסטה משקה שי,מיליליטרים,1000.00,"100 מ""ל",false,1,15.90,1.59,true,1,
5411188129899,false,משקה אלפרו בריסטה שקדים 1 ליטר,הנסיך- מפעל לייצור ט,BE,אלפרו בריסטה משקה שק,מיליליטרים,1000.00,"100 מ""ל",false,1,15.90,1.59,true,1,
5411188513483,false,"משקה סויה לבישול 14% 250 מ""ל אלפרו",אלפרו C.V.A,BE,אלפרו סויה לבישול 14,מיליליטרים,250.00,"100 מ""ל",false,1,9.90,3.96,true,1,
5411188543398,false,אלפרו משקה סויה ללא סוכר 1 ליטר,הנסיך- מפעל לייצור ט,BE,אלפרו משקה סויה ללא,מיליליטרים,1000.00,"100 מ""ל",false,1,13.90,1.39,true,1,
5411223030081,false,"בירה לינדמנס קריק דובדבנים 250 מ""ל",לינדמנס,BE,בירה לינדמנס דובדבני,מיליליטרים,250.00,"100 מ""ל",false,1,14.90,5.96,true,1,
5411616002190,false,"בירה STRONG מרטינס 8.5% כהל 500 מ""ל",מבשלת מרטנס,BE,בירה STRONG מרטינס,מיליליטרים,500.00,"100 מ""ל",false,1,8.20,1.64,true,1,
5411616133245,false,"בירה מרטנס 500 מ""ל-פחית",מבשלת מרטנס,BE,"בירה מרטנס 500 מ""ל-פ",מיליליטרים,500.00,"100 מ""ל",false,1,7.20,1.44,true,1,
5411616148546,false,"בירה מרטינס גולד 500 מ""ל-פחית",מבשחת מרטנס,BE,בירה מרטינס גולד 500,מיליליטרים,500.00,"100 מ""ל",false,1,7.20,1.44,true,1,
5411676301356,false,"בירת ברבר בוק (כהה) 330 מ""ל",,,בירת ברבר בוק (כהה),מיליליטרים,330.00,"100 מ""ל",false,1,16.50,5.00,true,1,
5411681038001,false,בירה מרדסו טריפל 330 מל,"איי, בי, אינבוו",BE,בירה מרדסו טריפל 330,מיליליטרים,330.00,"100 מ""ל",false,1,15.90,4.82,true,1,
5411681038070,false,בירה מרדסו טריפל 750 מל,,,בירה מרדסו טריפל 750,מיליליטרים,750.00,"100 מ""ל",false,1,29.90,3.99,true,1,
5411686700118,false,"בירה לינדמנס פרוטס 250 מ""ל",לפימנס,BE,בירה לינדמנס פרוטס 2,מיליליטרים,250.00,"100 מ""ל",false,1,14.90,5.96,true,1,
5411686700460,false,"מארז ליפמנס און דה רוקס 4*250 מ""ל + כוס",,BE,מארז ליפמנס און דה ר,מיליליטרים,1000.00,"100 מ""ל",false,1,44.90,4.49,true,1,
5412186000043,false,"בירה דליריום טרמנס בהירה 750 מ""ל",,BE,בירה דליריום טרמנס ח,מיליליטרים,750.00,"100 מ""ל",false,1,34.90,4.65,true,1,
5412186000098,false,"דילריום טרמנס - בקבוק 330 מ""ל",,BE,בירה דליריאום חזקה,מיליליטרים,330.00,"100 מ""ל",false,1,14.90,4.52,true,1,
5412186000159,false,"בירה בהירה 330 מ""ל Blanche des neiges",,BE,"בירה בהירה 330 מ""ל",מיליליטרים,330.00,"100 מ""ל",false,1,12.90,3.91,true,1,
5412186000715,false,"דילריום נוקטורנום - בקבוק 330 מ""ל",,BE,בירה דילריום נוקטורנ,מיליליטרים,330.00,"100 מ""ל",false,1,14.90,4.52,true,1,
5412186000883,false,מארז דליריאום בלונד 8.5% 2*750 מלTremens,,BE,מארז דליריאום בלונד,מיליליטרים,1500.00,"100 מ""ל",false,1,79.90,5.33,true,1,
5412186002528,false,מארז בירה 8.5% 4*330 מל La guillotine,,BE,מארז בירה 8.5% 4*330,מיליליטרים,1320.00,"100 מ""ל",false,1,79.90,6.05,true,1,
5412186003495,false,בירה דליריאום רד בטעמי פירות 8.0% 750 מל,,BE,בירה דליריאום רד בטע,מיליליטרים,750.00,"100 מ""ל",false,1,34.90,4.65,true,1,
5412186003594,false,בירה דליריאום אמבר 7% 330 מל Argentum,,BE,בירה דליריאום אמבר,מיליליטרים,330.00,"100 מ""ל",false,1,14.90,4.52,true,1,
5412186004997,false,"מארז בירה דליריאום מארז מעורב 4*330 מ""ל",,BE,מארז בירה דליריאום מ,מיליליטרים,1320.00,"100 מ""ל",false,1,79.90,6.05,true,1,
5412533002287,false,נוזל לניקוי אסלות בניחוח אורנים ECOVER,,,נוזל לניקוי אסלות בנ,מיליליטרים,750.00,"100 מ""ל",false,1,19.90,2.65,true,1,
5412533419702,false,"מרכך כביסה ווניל וגרדניה 750 מ""ל",,,מרכך כביסה ווניל וגר,מיליליטרים,750.00,"100 מ""ל",false,1,16.90,2.25,true,1,
5412956213482,false,שוקולד חלב קאשט אורגני שברי קרמל ומלח100,KIMS,BE,שוקולד חלב קאשט אורג,גרמים,100.00,100 גרם,false,1,11.90,11.90,true,1,
5412956214519,false,שוקולד מריר עם תפוז ושקדים 100 גרם,Kim's Chocolates NV,BE,שוקולד מריר עם תפוז,גרמים,100.00,100 גרם,false,1,10.50,10.50,true,1,
5412956214533,false,שוקולד מריר עם לימון ופלפל שחור 100 גרם,Kim's Chocolates NV,BE,שוקולד מריר עם לימון,גרמים,100.00,100 גרם,false,1,10.50,10.50,true,1,
5412956214540,false,שוקולד מריר עם גינגר ואוכמניות 100 גרם,Kim's Chocolates NV,BE,שוקולד מריר עם גינגר,גרמים,100.00,100 גרם,false,1,10.50,10.50,true,1,
5412956214649,false,שוקולד מריר 85% קקאו 100 גרם,Kim's Chocolates NV,BE,שוקולד מריר 85% קקאו,גרמים,100.00,100 גרם,false,1,10.50,10.50,true,1,
5412956214670,false,שוקולד מריר 70% קקאו 100 גרם,Kim's Chocolates NV,BE,שוקולד מריר 70% קקאו,גרמים,100.00,100 גרם,false,1,10.50,10.50,true,1,
5412956221173,false,שוקולד קאשט מריר 70% קקאו 180 גר,KIMS,BE,שוקולד מריר קאשט 70%,גרמים,180.00,100 גרם,false,1,12.90,7.17,true,1,
5412956221180,false,שוקולד קאשט מריר שברי שקדים ומלח ים 180ג,KIMS,BE,שוקולד מריר קאשט שבר,גרמים,180.00,100 גרם,false,1,12.90,7.17,true,1,
5412956221197,false,שוקולד קאשט חלב שברי בייגלה ובראוניז180ג,KIMS,BE,שוקולד חלב קאשט שברי,גרמים,180.00,100 גרם,false,1,12.90,7.17,true,1,
5413121355082,false,שוקולד בלגי מריר משובח 72 פרסטיז 100 גרם,,,שוקולד בלגי מריר משו,גרמים,100.00,100 גרם,false,1,14.90,14.90,true,1,
5413121355099,false,בלג'יאן-שוקו' מריר %72 פולי קפה 100 גר' 1/25,,,שוקולד בלגי מריר קפה,גרמים,100.00,100 גרם,false,1,14.90,14.90,true,1,
5413121355105,false,שוקולד בלגי חלב משובח פרסטיז 100 גרם,,,שוקולד בלגי חלב משוב,גרמים,100.00,100 גרם,false,1,14.90,14.90,true,1,
5413121355143,false,בלג'יאן-שוקולד לבן משובח 100 גר' 1/25 (640175),,,שוקולד בלגי לבן משוב,גרמים,100.00,100 גרם,false,1,14.90,14.90,true,1,
5413121356737,false,בלג'יאן-שוקולד מריר ללא ת.סוכר 100גר' 1/20,,,"BCG שוקולד מריר ללת""",גרמים,100.00,100 גרם,false,1,17.50,17.50,true,1,
5413121356829,false,שוקולד חלב 100 גר ללתס,,,שוקולד חלב 100 גר,גרמים,100.00,100 גרם,false,1,17.50,17.50,true,1,
5413121359035,false,בלגיאן טראפלס בלגי קקאו אורגינל 200 גרם,,,בלגיאן טראפלס בלגי ק,גרמים,200.00,100 גרם,false,1,17.70,8.85,true,1,
5413121359066,false,בלגיאן טראפלס בלגי שברי פו קקאו 200 גרם,,,בלגיאן טראפלס בלגי ש,גרמים,200.00,100 גרם,false,1,17.70,8.85,true,1,
5413121359769,false,לבבות וצדפי שוקולד 195ג' בלגיאן,,,בלגיאן - צדפי שוקולד,גרמים,195.00,100 גרם,false,1,18.90,9.69,true,1,
5413121359998,false,"שוקולד מריר שקד ללת""ס בלגיאן 100 גר",,,"שוקולד מריר שקד ללת""",גרמים,100.00,100 גרם,false,1,21.90,21.90,true,1,
5413121365616,false,שוקולד בלגי מריר 90% בלגיאן 100 גרם,,,שוקולד בלגי מריר 90,גרמים,100.00,100 גרם,false,1,13.50,13.50,true,1,
5413202810141,false,בונ פרלינים בלגיים 400 גר DELAFAILLE,,,בונ פרלינים בלגיים 4,גרמים,400.00,100 גרם,false,1,56.90,14.23,true,1,
5413548040479,false,בונבוניירה רפאלו 240 גרם,קדבורי,PL,בונבוניירה רפאלו 240,גרמים,240.00,100 גרם,false,1,27.90,11.63,true,1,
5413548280189,false,קינדר שוקובון 16 יחידות,פררו,BE,קינדר שוקובון 125 גר,גרמים,125.00,100 גרם,false,1,12.50,10.00,true,1,
5414145035585,false,"וויסקי בורבון קנטקי גק 700 מ""ל",,US,וויסקי בורבון קנטקי,מיליליטרים,700.00,"100 מ""ל",false,1,83.90,11.99,true,1,
5414145035622,false,וויסקי בורבון קנטקי גק 1 ליטר,,,וויסקי בורבון קנטקי,מיליליטרים,1000.00,"100 מ""ל",false,1,124.90,12.49,true,1,
5414145036919,false,ליקר קנטקי גק דבש עם וויסקי בורבון 700 מ,,,ליקר קנטקי גק דבש עם,מיליליטרים,700.00,"100 מ""ל",false,1,80.90,11.56,true,1,
5414359811210,false,צ'יפס מלח ים 150 גרם,,BE,ציפס מלח ים 150 גרם,גרמים,150.00,100 גרם,false,1,13.90,9.27,true,1,
5420066330104,false,ביאנקה טרופל תפוז 175 גר,,,ביאנקה טרופל תפוז 17,גרמים,175.00,100 גרם,false,1,14.90,8.51,true,1,
5420066330203,false,ביאנקה- טרופל קקאו באריזות זהב 175 ג,,,ביאנקה טרופל קקאו בא,גרמים,175.00,100 גרם,false,1,14.60,8.34,true,1,
5420066330234,false,ביאנקה טרופל בטעם אגוזים 175 גרם,,,ביאנקה טרופל בטעם אג,גרמים,175.00,100 גרם,false,1,13.90,7.94,true,1,
5420066370025,false,טראפל שוקולד בלגי קפ,,,טראפל בלגי קפה 150 ג,גרמים,150.00,100 גרם,false,1,11.90,7.93,true,1,
5420066370032,false,טראפל בלגי מריר 150 גרם,,,טראפל בלגי מריר 150,גרמים,150.00,100 גרם,false,1,11.90,7.93,true,1,
5420066370049,false,טראפל בלגי תפוז 150 גרם,,,טראפל בלגי תפוז 150,גרמים,150.00,100 גרם,false,1,11.90,7.93,true,1,
5420066370384,false,טראפל בלגי אגוזים 150 גרם,,,טראפל בלגי אגוזים 15,גרמים,150.00,100 גרם,false,1,11.90,7.93,true,1,
5425025120024,false,בירה לופולוס בראון 8.5% כהה וחזקה 750 מל,,BE,בירה לופולוס בראון 8,מיליליטרים,750.00,"100 מ""ל",false,1,29.90,3.99,true,1,
5600787049008,false,"משקה אורגני ע""ב קמבוצה ותה ירוק 400 מל",,PT,"משקה אורגני ע""ב קמבו",מיליליטרים,400.00,"100 מ""ל",false,1,20.90,5.23,true,1,
5600787049022,false,"משקה אורגני ע""ב קמבוצה ותה ירוק 400 מל",,PT,"משקה אורגני ע""ב קמבו",מיליליטרים,400.00,"100 מ""ל",false,1,20.90,5.23,true,1,
5600787049213,false,"משקה אורגני ע""ב קמבוצה ותה ירוק עם 400",,PT,"משקה אורגני ע""ב קמבו",מיליליטרים,400.00,"100 מ""ל",false,1,20.90,5.23,true,1,
5601007001615,false,"יין פורט פריירה רובי 750 מ""ל",,,יין פורט פריירה רובי,Unknown,0.00,Unknown,false,1,65.90,65.90,true,1,
5601010211087,false,פילה סרדין בשמן זית כתית 100 גר רמירז,רמירז קונסרב,PT,פילה סרדין בשמן זית,גרמים,100.00,100 גרם,false,1,14.50,14.50,true,1,
5601012011500,false,"מתאוס רוזה 750 מ""ל",,,יין מטאוס רוזה פורטו,Unknown,0.00,Unknown,false,1,41.90,41.90,true,1,
5601012021509,false,"יין מטאוס לבן פורטוגל 750 מ""ל",,,יין מטאוס לבן פורטוג,Unknown,0.00,Unknown,false,1,41.90,41.90,true,1,
5601012837636,false,"יין סילק אנד ספייס אדום 750 מ""ל",,,יין סילק אנד ספייס א,Unknown,0.00,Unknown,false,1,62.90,62.90,true,1,
5601045300022,false,משקה גוארנה אנטרטיקה פחית 355 מל,סומול וקומפל אס.איי,PT,משקה גוארנה אנטרטיק,מיליליטרים,356.00,"100 מ""ל",false,1,6.90,1.94,true,1,
5601055005375,false,פינטרולס - עדשי שוקולד בגליל שלישיה 22 גרם,פינטרולס,PT,שלישייה עדשי שוקולד,גרמים,66.00,100 גרם,false,1,9.40,14.24,true,1,
5601055319854,false,מאגדת עדשי שוקולד פינטרולס 10*15 גרם,פינטרולס,PT,מאגדת עדשי שוקולד פי,גרמים,150.00,100 גרם,false,1,18.90,12.60,true,1,
5601078005017,false,"יין גראו וסקו אדום 750 מ""ל",,,יין גראו וסקו אדום 7,Unknown,0.00,Unknown,false,1,36.90,36.90,true,1,
5601083640104,false,יין סנדמאן פורט טוני 750 מל,,,יין סנדמאן פורט טוני,Unknown,0.00,Unknown,false,1,67.90,67.90,true,1,
5601083653104,false,יין סנדמאן פורט פאונדרס רזרב 750 מל,,,סנדמאן פורט פאונדרס,Unknown,0.00,Unknown,false,1,77.90,77.90,true,1,
5601996023780,false,"יין פורטה 6 רוזה 750 מ""ל",,PT,יין פורטה 6 רוזה 750,Unknown,0.00,Unknown,false,1,49.90,49.90,true,1,
5601996355485,false,"יין פורטה 6 לבן 750 מ""ל",,PT,יין פורטה 6 לבן 750,Unknown,0.00,Unknown,false,1,49.90,49.90,true,1,
5601996547897,false,"יין פורטה 6 אדום 750 מ""ל",,PT,יין פורטה 6 אדום 750,Unknown,0.00,Unknown,false,1,49.90,49.90,true,1,
5601996669872,false,"יין פורטה 6 וינו ורדה 750 מ""ל",,PT,יין פורטה 6 וינו ורד,Unknown,0.00,Unknown,false,1,49.90,49.90,true,1,
5694230223312,false,כבד דג במיץ טבעי 121 גר BRIVAIS VILNIS,,IS,כבד דג במיץ טבעי 121,גרמים,121.00,100 גרם,false,1,10.40,8.60,true,1,
5694230412501,false,שימורי כבד דג פרמיום 121 גר,,,שימורי כבד דג פרמיום,גרמים,121.00,100 גרם,false,1,12.90,10.66,true,1,
5701215042407,false,גבינת ברי אורנהולט 125ג',,,ברי 125 גרם,גרמים,125.00,100 גרם,false,1,21.90,17.52,true,1,
5701932026964,false,פופקורן להכנה במיקרוגל בטעם טבעי 6 שקיות,ליימן מותגים,US,הוטפופ מלוח 600 גרם,גרמים,600.00,100 גרם,false,1,14.90,2.48,true,1,
5701932026971,false,פופקורן להכנה במיקרוגל בטעם חמאה 6 שקיות,ליימן מותגים,US,הוטפופ חמאה 600 גרם,גרמים,600.00,100 גרם,false,1,14.90,2.48,true,1,
5703985072240,false,גבינת דנאבלו 100ג',,,דנאבלו 100 גר,גרמים,100.00,100 גרם,false,1,13.50,13.50,true,1,
5708209201628,false,עלי טורטיה 25 קמח חיטה 370 ג',,,עלי טורטייה 370 גר,גרמים,370.00,100 גרם,false,1,22.90,6.19,true,1,
5710840210013,false,טבק באלי לבן 40 גרם,,,טבק באלי לבן 40 גרם,Unknown,0.00,Unknown,false,1,95.90,95.90,true,1,
5711815015176,false,צעצוע של סיפור- משקה מוגז בטעם תפוח 750מ,,HU,צעצוע של סיפור- משקה,מיליליטרים,750.00,"100 מ""ל",false,1,19.90,2.65,true,1,
5711953106583,false,גבינת שמנת בטעם טבעי 200 גרם ארלה,ארלה פודס אמבה,DK,גבינת שמנת טבעי ארלה,גרמים,200.00,100 גרם,false,1,15.90,7.95,true,1,
5711953106590,false,גבינת שמנת ארלה שמנת שום 200 גרם,ארלה פודס אמבה,DK,גבינת שמנת שום ארלה,גרמים,200.00,100 גרם,false,1,15.90,7.95,true,1,
5711953106606,false,גבינת שמנת עם תבלינים ועשבי תיבול 23.5%,ארלה פודס אמבה,DK,גבינת שמנת עשבי תיבו,גרמים,200.00,100 גרם,false,1,15.90,7.95,true,1,
5711953145230,false,"משקה סטארבקס פרפוצינו 250 מ""ל",,DK,משקה סטארבקס פרפוצינ,מיליליטרים,250.00,"100 מ""ל",false,1,14.90,5.96,true,1,
5711953145339,false,"משקה סטארבקס פרפוצינו מוקה 250 מ""ל",,DK,משקה סטארבקס פרפוצינ,מיליליטרים,250.00,"100 מ""ל",false,1,14.90,5.96,true,1,
5711953148347,false,"גבינת שמנת טבעי ארלה, 300 גרם",ארלה,DK,גבינת שמנת טבעי ארלה,גרמים,300.00,100 גרם,false,1,22.90,7.63,true,1,
5711953150548,false,"משקה סטארבקס פרפוצינו קוקיז 250 מ""ל",,DK,משקה סטארבקס פרפוצינ,מיליליטרים,250.00,"100 מ""ל",false,1,14.90,5.96,true,1,
5740900403215,false,ממרח מחמאת לורפק עם מלח 250 ג',לורפאק Lurpak,DK,ממרח לורפק עם מלח 25,גרמים,250.00,100 גרם,false,1,16.90,6.76,true,1,
5740900403222,false,ממרח לורפק חמאה עם מלח מופחת שומן 250 ג,לורפאק Lurpak,DK,ממרח לורפק עם מלח מו,גרמים,250.00,100 גרם,false,1,16.90,6.76,true,1,
5740900403239,false,ממרח מחמאת לורפק ללא מלח 250 ג',לורפאק Lurpak,DK,ממרח לורפק ללא מלח 2,גרמים,250.00,100 גרם,false,1,16.90,6.76,true,1,
5740900403246,false,ממרח מחמאת לורפק ללא מלח 500 ג',לורפאק Lurpak,DK,ממרח לורפק ללא מלח 5,גרמים,500.00,100 גרם,false,1,27.90,5.58,true,1,
5740900403253,false,ממרח מחמאת לורפק עם מלח 500 ג',לורפאק Lurpak,DK,ממרח לורפק עם מלח 50,גרמים,500.00,100 גרם,false,1,27.90,5.58,true,1,
5740900403260,false,ממרח מחמאת לורפק ללא מלח 27% פחות שומן,ארלה פודס אמבה,DK,ממרח לורפק ללא מלח מ,גרמים,250.00,100 גרם,false,1,16.90,6.76,true,1,
5774540694306,false,אנטון ברג בקבוקים שחור אורך 250 גרם,,,אנטון ברג בקבוקים שח,גרמים,250.00,100 גרם,false,1,73.50,29.40,true,1,
5774540819303,false,אנטון ברגבקבוקי שוקולד במילוי ליקרים 187,,DK,אנטון ברגבקבוקי שוקו,גרמים,187.00,100 גרם,false,1,59.90,32.03,true,1,
5774540822938,false,אנטון ברג-בקבוקוני רמי מרטן מריר 187 גר,,DK,אנטון ברג-בקבוקוני ר,גרמים,187.00,100 גרם,false,1,59.90,32.03,true,1,
5774540870007,false,אנטון ברג-בקבוקוני שוקולד עם ליקרים 62גר,,,אנטון ברג-בקבוקוני ש,גרמים,62.00,100 גרם,false,1,21.90,35.32,true,1,
5774540984056,false,אנטון ברג-מרציפן תות שדה ושמפניה 220 גר,,,אנטון ברג-מרציפן תות,גרמים,220.00,100 גרם,false,1,41.90,19.05,true,1,
5774540984155,false,אנטון ברג-מרציפן אוכמניות בוודקה 220 גר,,,אנטון ברג-מרציפן אוכ,גרמים,220.00,100 גרם,false,1,41.90,19.05,true,1,
5774540984254,false,אנטון ברג-מרציפן משמש בברנדי 220 גר,,,אנטון ברג-מרציפן משמ,גרמים,220.00,100 גרם,false,1,41.90,19.05,true,1,
5774540984452,false,אנטון ברג-מרציפן דובדבן ברום 220 גר,,,אנטון ברג-מרציפן דוב,גרמים,220.00,100 גרם,false,1,41.90,19.05,true,1,
5774540989853,false,אנטון ברג-מרציפן פטל בליקר תפוז 220 גר,,,אנטון ברג-מרציפן פטל,גרמים,220.00,100 גרם,false,1,41.90,19.05,true,1,
5774540990057,false,אנטון ברג-מרציפן אוכמניות בוודקה 220 גר,,,אנטון ברג-מרציפן אוכ,גרמים,220.00,100 גרם,false,1,41.90,19.05,true,1,
5900017062419,false,"ניוואה - תחליב רחצה ורדים ושמן שקדים 750 מ""ל",ביירסדורף,DE,תחליב רחצה ניוואה ור,מיליליטרים,750.00,"100 מ""ל",false,1,17.90,2.39,true,1,
5900020012814,false,דגנים נסקוויק מלחמת הכוכבים 500 גרם,מיוצר עי קונדיטוריית,PL,דגנים נסקוויק 500 גר,גרמים,375.00,100 גרם,false,1,24.90,6.64,true,1,
5900020015174,false,חטיף דגנים פיטנס Fitness עם שוקולד מריר,מיוצר עי קונדיטוריית,PL,פיטנס חטיף דגנים שוק,גרמים,141.00,100 גרם,false,1,15.60,11.06,true,1,
5900020020710,false,נסטלה - קראנץ' שוקו וניל חטיף דגנים 25 גרם * 6,נסטלה פולין ברים,PL,חטיפי דגנים קראנץ בר,גרמים,150.00,100 גרם,false,1,14.90,9.93,true,1,
5900020024770,false,פיטנס - דליס חטיף דגנים שוקולד אגוז 22.50 גרם * 6,סי. פי. פולין,PL,פיטנס בר דליס שוקולד,גרמים,135.00,100 גרם,false,1,15.60,11.56,true,1,
5900020024817,false,פיטנס דליס Fitness Delice חטיף דגנים עם שוקולד לבן,סי.פי.פולין,PL,פיטנס בר דליס שוקולד,גרמים,135.00,100 גרם,false,1,15.60,11.56,true,1,
5900020026552,false,דגני בוקר האני נאט צ'יריוס בטעם דבש ושקדים,נסטלה צרפת איטנקורט,FR,האני נאט ציריוס מלחמ,גרמים,625.00,100 גרם,false,1,24.90,3.98,true,1,
5900020034991,false,דגני בוקר צדפים בטעם שוקולד 450 ג' קראנץ',סי. פי. פולין,IL,קראנץ צדפים בטעם שוק,גרמים,450.00,100 גרם,false,1,24.90,5.53,true,1,
5900020036407,false,דגני בוקר ליון Lion בטעם שוקולד וקרמל,ג.נרל מילס,US,דגני בוקר שוקולד וקר,גרמים,480.00,100 גרם,false,1,24.90,5.19,true,1,
5900020037916,false,דגני בוקר שיבולת שועל צ'ריוס 375ג',ג'נרל מילס סאן אדריא,US,צריוס שיבולת שועל 37,גרמים,375.00,100 גרם,false,1,19.40,5.17,true,1,
5900020041142,false,קורנפלקס פיטנס 500 ג' אסם,סי.פי.פולין,PL,פיטנס קורנפלקס 500 ג,גרמים,500.00,100 גרם,false,1,16.90,3.38,true,1,
5900020041371,false,מארז חטיף פיטנס שוקולד מריר 23.5X6 גרם,נסטלה פולין ברים,PL,פיטנס חטיף שוקולד מר,גרמים,141.00,100 גרם,false,1,15.60,11.06,true,1,
5900073020071,false,חטיפי תפוא בט.בייקון מעושן פרזיסנקי135גר,,,חטיפי תפוא בט.בייקון,גרמים,135.00,100 גרם,false,1,14.90,11.04,true,1,
5900073020088,false,חטיפי תפוא בטעם גבינה ובצל פרזיסנקי 135ג,,,חטיפי תפוא בטעם גבינ,גרמים,135.00,100 גרם,false,1,14.90,11.04,true,1,
5900073020231,false,חטיפי תפוא כלבלבים פרזיסנקי 95 גר,,,חטיפי תפוא כלבלבים פ,גרמים,95.00,100 גרם,false,1,11.90,12.53,true,1,
5900073020248,false,חטיפי תפוא כלבלבים קטשופ פרזיסנקי 90 גר,,,חטיפי תפוא כלבלבים ק,גרמים,90.00,100 גרם,false,1,11.90,13.22,true,1,
5900073020293,false,חטיפי תירס בטעם בצל ירוק פרזיסנקי 150 גר,,,חטיפי תירס בטעם בצל,גרמים,150.00,100 גרם,false,1,14.90,9.93,true,1,
5900073180935,false,חטיפי תפוא בטעם חמאה פרזיסנקי 135 גר,,,חטיפי תפוא בטעם חמאה,גרמים,135.00,100 גרם,false,1,14.90,11.04,true,1,
5900073180959,false,חטיפי תפוא בטעם שמנת ובצל פרזיסנקי 135גר,,,חטיפי תפוא בטעם שמנת,גרמים,135.00,100 גרם,false,1,14.90,11.04,true,1,
5900130034171,false,גלידה מילקה יוגורט תות 4 יח 284 גרם,,,גלידה מילקה יוגורט ת,גרמים,284.00,100 גרם,false,1,34.90,12.29,true,1,
5900130036670,false,גלידה מילקה מריר חלב רביעייה 268 גרם,,,גלידה מילקה מריר חלב,גרמים,268.00,100 גרם,false,1,38.90,14.51,true,1,
5900238584349,false,לשנות חתול 100 גרם,,PL,ברון שוקולד לשונות ח,גרמים,100.00,100 גרם,false,1,9.90,9.90,true,1,
5900353615690,false,בונ ברנדי בשוקולד מריר 180 ג MIESZKO,MIEZSKO,PL,בונ ברנדי בשוקולד מר,גרמים,180.00,100 גרם,false,1,22.90,12.72,true,1,
5900353615706,false,בונ וודקה בשוקולד מריר 180 ג MIESZKO,MIEZSKO,PL,בונ וודקה בשוקולד מר,גרמים,180.00,100 גרם,false,1,22.90,12.72,true,1,
5900353616321,false,בונבוניירה שוקולדורו 178 גרם MIESZKO,,,בונבוניירה שוקולדורו,גרמים,178.00,100 גרם,false,1,29.90,16.80,true,1,
5900353618288,false,בונבוניירה שרי 285 ג,MIEZSKO,PL,בונ שרי 285 ג MIEZSK,גרמים,285.00,100 גרם,false,1,39.90,14.00,true,1,
5900353646755,false,שקית סליווקה שזיפים בשוקולד מריר 255 ג,,,שקית סליווקה שזיפים,גרמים,255.00,100 גרם,false,1,18.90,7.41,true,1,
5900353647035,false,בונ טו סיקרט קריסמס 139 ג MIESZKO,MIEZSKO,PL,בונ טו סיקרט קריסמס,גרמים,139.00,100 גרם,false,1,20.90,15.04,true,1,
5900353647219,false,קופסה סליווקה שזיפים בשוקולד מריר 205 ג,,,קופסה סליווקה שזיפים,גרמים,205.00,100 גרם,false,1,16.90,8.24,true,1,
5900396020864,false,חליטת מאטה מנדרין פירמידה 40 גר LOYD,,,חליטת מאטה מנדרין פי,Unknown,0.00,Unknown,false,1,10.90,10.90,true,1,
5900617035882,false,חטיף חלבון נוטרישיין בטעם שוקולד,גרנייה,NL,חטיף פרוטאין 33 בטעם,גרמים,50.00,100 גרם,false,1,9.90,19.80,true,1,
5900617035929,false,חטיף חלבון נוטרישיין בטעם וניל תות יער,גרנייה,NL,חטיף פרוטאין 33 בטעם,גרמים,50.00,100 גרם,false,1,9.90,19.80,true,1,
5900627066715,false,טבליות למדיח פיניש הכל ב-1 100 יח,רקיט בנקיזר,PL,טבליות למדיח פיניש ה,יחידה,1.00,יחידה,false,1,59.90,59.90,true,1,
5900915002678,false,סנטה בודד 62 גרם,,,סנטה שוקולד חלב 60 ג,Unknown,0.00,Unknown,false,1,4.90,4.90,true,1,
5900951293610,false,אם אנד אם בראוניז 70 גרם,,,אם אנד אם בראוניז 70,גרמים,175.00,100 גרם,false,1,10.90,6.23,true,1,
5901008000991,false,שימורי עגבניות כבושות 660 גר POLAN,,,שימורי עגבניות כבושו,גרמים,660.00,100 גרם,false,1,11.40,1.73,true,1,
5901008990100,false,פרוסות מלפפון ופלפל 850 גר POLAN,,PL,פרוסות מלפפון ופלפל,גרמים,850.00,100 גרם,false,1,14.90,1.75,true,1,
5901008990155,false,עגבניות ירוקות-פלפל 840 גר Polan,,PL,עגבניות ירוקות פלפל,גרמים,840.00,100 גרם,false,1,13.50,1.61,true,1,
5901008990162,false,סלט כרוב עם סלק 900 גרם Polan,,PL,סלט כרוב עם סלק 900,גרמים,900.00,100 גרם,false,1,12.90,1.43,true,1,
5901008990322,false,שימורי פטיסונים מוחמצים 860 גר POLAN,,,שימורי פטיסונים מוחמ,גרמים,860.00,100 גרם,false,1,21.90,2.55,true,1,
5901008990407,false,שימורי מלפפונים מוחמצים 860 גר POLAN,,,שימורי מלפפונים מוחמ,גרמים,860.00,100 גרם,false,1,19.90,2.31,true,1,
5901008990445,false,ריבועי פלפל אדום 680 גר POLAN,,,ריבועי פלפל אדום 680,גרמים,680.00,100 גרם,false,1,16.90,2.49,true,1,
5901008990452,false,כרוב כבוש 900 גר POLAN,,,כרוב כבוש 900 גר POL,גרמים,900.00,100 גרם,false,1,16.90,1.88,true,1,
5901008990599,false,מלפפונים קורנישונים מוחמצים 860 גר POLAN,,,מלפפונים קורנישונים,גרמים,860.00,100 גרם,false,1,21.90,2.55,true,1,
5901046990315,false,חזרת אדומה 180 גר POLAN,,,חזרת אדומה 180 גר PO,גרמים,180.00,100 גרם,false,1,10.90,6.06,true,1,
5901064000331,false,"שיכר דובדבנים 750 מ""ל NALEWKA BABUNI",,,"שיכר דובדבנים 750 מ""",מיליליטרים,750.00,"100 מ""ל",false,1,30.90,4.12,true,1,
5901154046164,false,משקה דגנים אורגני ללא קפאין 100 גר INKA,,,משקה דגנים אורגני לל,גרמים,100.00,100 גרם,false,1,17.90,17.90,true,1,
5901177155461,false,בונ זהב משולשת בצורת עץ 112 גר,,,בונ זהב משולשת בצורת,גרמים,112.00,100 גרם,false,1,13.90,12.41,true,1,
5901177155898,false,בונ אדומה משולשת בצורת עץ 126,,,בונ אדומה משולשת בצו,גרמים,126.00,100 גרם,false,1,13.90,11.03,true,1,
5901315053970,false,תבלין תערובת תיבול ל,,HR,תבלין תערובת תיבול ל,Unknown,1.00,Unknown,false,1,3.50,3.50,true,1,
5901414200411,false,ביסקוויט מיניס ממולא שוקולד היט 130 גר,בלזן פולסקה,PL,ביסקוויט מיניס ממולא,גרמים,130.00,100 גרם,false,1,6.80,5.23,true,1,
5901489038186,false,שימורי כבד דג שיבוט,,,שימורי כבד דג שיבוט,Unknown,1.00,Unknown,false,1,13.90,13.90,true,1,
5902198160403,false,"משקה אנרגיה XL TEN פחית לל""ס 250מ""ל","טמפו משקאות בע""מ",IL,XL TEN משקה אנרגיה,מיליליטרים,250.00,"100 מ""ל",false,1,4.90,1.96,true,1,
5902256000535,false,שימורי עגבניות אדומות מוחמצות ואלדיבן900,,,שימורי עגבניות אדומו,גרמים,900.00,100 גרם,false,1,15.90,1.77,true,1,
5902256000559,false,שימורי מלפפונים כבושים במלח ואלדיבן 900ג,,,שימורי מלפפונים כבוש,גרמים,900.00,100 גרם,false,1,15.90,1.77,true,1,
5902256000740,false,שימורי מלפפונים בחומץ ואלדיבן 900ג,,,שימורי מלפפונים בחומ,גרמים,900.00,100 גרם,false,1,15.90,1.77,true,1,
5902256001716,false,שימורי כרוב לבן כבוש עם גזר ואלדיבן 900,,,שימורי כרוב לבן כבוש,גרמים,900.00,100 גרם,false,1,15.90,1.77,true,1,
5902256004717,false,שימורי עגבניות ירוקות מוחמצות ואלדיבן900,,,שימורי עגבניות ירוקו,גרמים,900.00,100 גרם,false,1,15.90,1.77,true,1,
5902256005653,false,שימורי מלפפונים כבושים במלח ואלדיבן 770,,,שימורי מלפפונים כבוש,גרמים,770.00,100 גרם,false,1,18.90,2.45,true,1,
5902377000612,false,ממרח על בסיס גבינה מותכת אמנטל 100 גר,", ,",PL,ממרח על בסיס גבינה מ,גרמים,100.00,100 גרם,false,1,5.90,5.90,true,1,
5902377000629,false,ממרח על בסיס גבינה מותכת פטריות 100 גר,,,ממרח על בסיס גבינה מ,גרמים,100.00,100 גרם,false,1,5.90,5.90,true,1,
5902377000643,false,ממרח על בסיס גבינה מותכת אמנטל 100 גר,", ,",PL,ממרח על בסיס גבינה מ,גרמים,100.00,100 גרם,false,1,5.90,5.90,true,1,
5902377000650,false,ממרח על בסיס גבינה מותכת סלמון 100 גר,,,ממרח על בסיס גבינה מ,גרמים,100.00,100 גרם,false,1,5.90,5.90,true,1,
5902510274153,false,ממרח סלמון קלאסי 100 גר,,PL,ממרח סלמון קלאסי 100,גרמים,100.00,100 גרם,false,1,4.90,4.90,true,1,
5902510274160,false,ממרח סלמון עם שמיר 100 גר,,PL,ממרח סלמון עם שמיר 1,גרמים,100.00,100 גרם,false,1,4.90,4.90,true,1,
5902510275365,false,"ממרח בטעם כבד ברווז ""צרפתי"" 300 גרם",,PL,ממרח בטעם כבד ברווז,גרמים,300.00,100 גרם,false,1,10.90,3.63,true,1,
5902510275389,false,"ממרח בטעם כבד ברווז ""צרפתי"" 300 גרם PASH",,,ממרח בטעם כבד ברווז,גרמים,300.00,100 גרם,false,1,10.90,3.63,true,1,
5902510275396,false,ממרח בטעם כבד עוף עדין 130 גר GURMANOFF,,,ממרח בטעם כבד עוף עד,גרמים,130.00,100 גרם,false,1,5.90,4.54,true,1,
5902510275402,false,"ממרח בטעם כבד אווז ""דליקטס"" 300 גרם",,PL,"ממרח בטעם כבד אווז """,גרמים,300.00,100 גרם,false,1,10.90,3.63,true,1,
5902781000048,false,חליטת תה מלווה פרי יער 25 שק,,,חליטת תה מלווה פרי י,Unknown,0.00,Unknown,false,1,12.90,12.90,true,1,
5902781001281,false,חליטת תה נענע מלווה 25 יח,,PL,חליטת תה נענע מלווה,גרמים,50.00,100 גרם,false,1,12.90,25.80,true,1,
5902781002028,false,חליטת תה שומר מלווה 25 שק,,PL,חליטת תה שומר מלווה,גרמים,50.00,100 גרם,false,1,12.90,25.80,true,1,
5904277115274,false,קפה נמס קופרו 200 גר,,,קפה נמס קופרו 200 גר,גרמים,200.00,100 גרם,false,1,19.90,9.95,true,1,
5904358560023,false,ברון ש. מריר עם חתיכות פטל 126 גרם,,PL,ברון שוקולד מריר עם,גרמים,126.00,100 גרם,false,1,12.90,10.24,true,1,
5904603190302,false,סלט כרוב כבוש 850 גר *DWOREK*,,,סלט כרוב כבוש 850,גרמים,850.00,100 גרם,false,1,11.90,1.40,true,1,
5904603190654,false,שימורי עגבניות צהוב-אדום בחומץ 850 גר,,PL,שימורי עגבניות צהוב-,גרמים,880.00,100 גרם,false,1,13.90,1.58,true,1,
5904603190883,false,עגבניות ירוקות כבושו,,,עגבניות ירוקות כבושו,גרמים,880.00,100 גרם,false,1,13.90,1.58,true,1,
5904603190906,false,מלפפונים בחומץ עלה דובדבן 850 גר DWOREK,,,מלפפונים בחומץ עלה ד,גרמים,850.00,100 גרם,false,1,18.90,2.22,true,1,
5904603191323,false,מלפפונים כבושים 850 גר DWOREK,,,מלפפונים כבושים 850,גרמים,850.00,100 גרם,false,1,18.90,2.22,true,1,
5904603192054,false,מלפפונים בחומץ ברוטב חרדל 700 גר,,,מלפפונים בחומץ ברוטב,גרמים,700.00,100 גרם,false,1,18.90,2.70,true,1,
5904941750312,false,"משקה אנרגיה BLU מוחיטו בודד 250 מ""ל",אקו - ביט,PL,משקה אנרגיה BLU מו,מיליליטרים,250.00,"100 מ""ל",false,1,3.90,1.56,true,1,
5904941751302,false,"משקה אנרגיה בלו 250 מ""ל- בודד",אקו - ביט,PL,משקה אנרגיה BLU בוד,מיליליטרים,250.00,"100 מ""ל",false,1,3.90,1.56,true,1,
5904941751524,false,"משקה אנרגיה BLU DAY אבטיח בודד 250 מ""ל",אקו - ביט,PL,משקה אנרגיה BLU DAY,מיליליטרים,250.00,"100 מ""ל",false,1,3.90,1.56,true,1,
5904941751920,false,בלו משקה אנרגיה דיי חצי מכמות הקלו250 מל,אקו - ביט,PL,משקה אנרגיה BLU DAY,מיליליטרים,250.00,"100 מ""ל",false,1,3.90,1.56,true,1,
5904941752262,false,"משקה אנרגיה BLU לימון סיקס ללא סוכר 250 מ""ל",אקווה ויט,PL,בלו לימון סיקס ללא ס,מיליליטרים,250.00,"100 מ""ל",false,1,3.90,1.56,true,1,
5906013005887,false,ריבת שזיפים מיובשים 300 גר ORZECH,,PL,ריבת שזיפים מיובשים,גרמים,300.00,100 גרם,false,1,12.50,4.17,true,1,
5906013005900,false,ריבת שזיפים עם שקדים 300 גר ORZECH,,PL,ריבת שזיפים עם שקדים,גרמים,300.00,100 גרם,false,1,12.50,4.17,true,1,
5906013006235,false,ORZECHשימורי סלט ירקות קורולבסקי 860 גר,,PL,ORZECHשימורי סלט ירק,גרמים,860.00,100 גרם,false,1,17.90,2.08,true,1,
5906485301012,false,"משקה אנרגיה XL פחית 250 מ""ל","טמפו משקאות בע""מ",IL,משקה אנרגיה XL פחית,מיליליטרים,250.00,"100 מ""ל",false,1,4.90,1.96,true,1,
5906485304334,false,גלידה משפחתית קפה לטה 490 גר,,PL,גלידה משפחתית קפה לט,גרמים,490.00,100 גרם,false,1,20.90,4.27,true,1,
5907042020247,false,עוגיות קרם בטעם קוקו,,PL,עוגיות קרם בטעם קוקו,Unknown,1.00,Unknown,false,1,8.90,8.90,true,1,
5907443601991,false,ברון סוויט אובסשן 250 גרם,,PL,ברון סוויט אובסשן 25,גרמים,250.00,100 גרם,false,1,19.90,7.96,true,1,
5907443604275,false,ברון אצבעות ש.מריר מרציפן ופיסטוק 200 גר,,PL,ברון אצבעות ש.מריר מ,גרמים,100.00,100 גרם,false,1,12.90,12.90,true,1,
5907623350404,false,כבד דג שיבות 240 גרם,,,כבד דג שיבות 240 גרם,גרמים,240.00,100 גרם,false,1,18.80,7.83,true,1,
5907713370329,false,סוכריות טופי קוקוס טעם טופי אורגני 150 ג,קוקירניזה ספולדזילניה אינוואלידו ידנוסק,PL,סוכריות טופי קוקוס ט,גרמים,150.00,100 גרם,false,1,21.90,14.60,true,1,
5941021000639,false,טבלת שוקולד חלב אגוז היידי גראנדור 100 ג',,,שוקולד היידי חלב אגו,גרמים,100.00,100 גרם,false,1,9.40,9.40,true,1,
5941021000899,false,טבלת שוקולד מריר אגוז היידי גראנדור 100 ג',,,היידי מריר אגוז 100ג,גרמים,100.00,100 גרם,false,1,9.40,9.40,true,1,
5941021001179,false,היידי סנטה עומד 70 ג,,,היידי סנטה עומד 70 ג,גרמים,70.00,100 גרם,false,1,14.90,21.29,true,1,
5941021001261,false,טבלת שוקולד היידי גראנדור 75% 80 ג',,RO,שוקולד היידי 75% 80,גרמים,80.00,100 גרם,false,1,10.80,13.50,true,1,
5941021002282,false,היידי גורמה דובדבן 100ג,,RO,טבלת שוקולד היידי גו,גרמים,100.00,100 גרם,false,1,11.90,11.90,true,1,
5941021003647,false,היידי איש שלג 150ג,היידי שוקולד,,היידי איש שלג 150ג,גרמים,150.00,100 גרם,false,1,29.90,19.93,true,1,
5941021004446,false,היידי סנטה+שלג 40ג,,,היידי סנטה+שלג 40ג,גרמים,40.00,100 גרם,false,1,8.50,21.25,true,1,
5941021004989,false,היידי פינגווין 70 גרם,,,היידי פינגווין 70 גר,Unknown,0.00,Unknown,false,1,14.90,14.90,true,1,
5941021007492,false,היידי רודולף אייל 70ג,,,היידי רודולף אייל 70,גרמים,70.00,100 גרם,false,1,14.90,21.29,true,1,
5941021007577,false,טבלת שוקולד פיסטוק היידי גראנדור 80 ג',היידי שוקולד,,טבלת היידי גראנדור פ,Unknown,0.00,Unknown,false,1,9.90,9.90,true,1,
5941021008673,false,טבלת שוקולד לבן שקד פיסטוק היידי גראנדור 100 ג',היידי שוקולד,,טבלת היידי גראנדור ל,גרמים,100.00,100 גרם,false,1,9.40,9.40,true,1,
5941021011277,false,היידי פינגווין 70 גרם,,,היידי פינגווין 70 גר,גרמים,70.00,100 גרם,false,1,14.90,21.29,true,1,
5941021015596,false,טבלת שוקולד בטעם מריר אוכמניות היידי גראנדור 80 ג',,PL,טבלת היידי שוקולד מר,גרמים,80.00,100 גרם,false,1,9.90,12.38,true,1,
5941021016401,false,טבלת שוקולד מריר שקד היידי גראנדור 100 ג',,PL,טבלת היידי גראנדור מ,גרמים,100.00,100 גרם,false,1,10.40,10.40,true,1,
5941021022303,false,טבלת שוקולד היידי מריר עם דובדבן 80 גר,,RO,טבלת שוקולד היידי מר,גרמים,80.00,100 גרם,false,1,9.90,12.38,true,1,
5941868200063,false,חטיף תירס מצופה בטעם,,RO,חטיף תירס מצופה בטעם,Unknown,1.00,Unknown,false,1,5.90,5.90,true,1,
5941868200414,false,חטיף תירס פטל וקקאו,,RO,חטיף תירס פטל וקקאו,Unknown,1.00,Unknown,false,1,5.90,5.90,true,1,
5941868202852,false,חטיף תירס גבינה 80 ג,,RO,חטיף תירס גבינה 80 ג,Unknown,1.00,Unknown,false,1,8.90,8.90,true,1,
5941868204023,false,חטיף תירס מלוח 85 גר,,RO,חטיף תירס מלוח 85 גר,Unknown,1.00,Unknown,false,1,8.90,8.90,true,1,
5941868204917,false,חטיף תירס גבינה טבעו,,RO,חטיף תירס גבינה טבעו,Unknown,1.00,Unknown,false,1,7.90,7.90,true,1,
5941868204924,false,חטיף תירס בצל טבעות,,RO,חטיף תירס בצל טבעות,Unknown,1.00,Unknown,false,1,7.90,7.90,true,1,
5941868204931,false,חטיף תירס פיצה טבעות,,RO,חטיף תירס פיצה טבעות,Unknown,1.00,Unknown,false,1,7.90,7.90,true,1,
5941868206089,false,חטיף תירס עם אבקת חל,,RO,חטיף תירס עם אבקת חל,Unknown,1.00,Unknown,false,1,8.90,8.90,true,1,
5941868206096,false,חטיף תירס פיצה 80 גר,,RO,חטיף תירס פיצה 80 גר,Unknown,1.00,Unknown,false,1,8.90,8.90,true,1,
5941868206102,false,חטיף תירס קקאו וחלב,,RO,חטיף תירס קקאו וחלב,Unknown,1.00,Unknown,false,1,8.90,8.90,true,1,
5942219000059,false,מים מינרלים בורסק 1.5 ליטר,,,מים מינרלים בורסק,ליטרים,0.00,ליטר,false,1,9.90,9.90,true,1,
5997321701806,false,אבקה למניעת אבנית במכונת כביסה 2 ב-1,רקיט בנקיזר פולין,PL,אבקה למניעת אבנית קל,גרמים,1000.00,100 גרם,false,1,31.50,3.15,true,1,
5998710131877,false,בונבונטי חטיף דובדבן בשוקולד 36 גרם,,HU,בונבונטי חטיף דובדבן,גרמים,36.00,100 גרם,false,1,3.90,10.83,true,1,
5998711388928,false,טוק קרקרים עם גבינה 100 גרם,,HU,טוק קרקרים עם גבינה,גרמים,100.00,100 גרם,false,1,7.30,7.30,true,1,
5998749104392,false,פדיגרי דנטאסטיקס כלב מדיום 77 גרם (3 יח') BP35C,מארס,HU,פדיגרי דנטהסטיקס18X7,גרמים,77.00,100 גרם,false,1,7.90,10.26,true,1,
5999076221561,false,חטיף חלבון זירו בר שוקולד בננה 50 גרם,,,חטיף חלבון זירו בר ש,גרמים,50.00,100 גרם,false,1,14.90,29.80,true,1,
5999076223602,false,חטיף חלבון זירו בר שוקולד עוגיות 50 גרם,,,חטיף חלבון זירו בר ש,גרמים,50.00,100 גרם,false,1,14.90,29.80,true,1,
5999076223619,false,חטיף חלבון זירו בר שוקולד קרמל 50 גרם,,,חטיף חלבון זירו בר ש,גרמים,50.00,100 גרם,false,1,14.90,29.80,true,1,
5999883580431,false,מכוניות- משקה מוגז בטעם תות ותפוח 750 מ,,HU,מכוניות- משקה מוגז ב,מיליליטרים,750.00,"100 מ""ל",false,1,19.90,2.65,true,1,
6001030003126,false,רוטב ולינגטונס ווסטר 250 גר,,,רוטב ולינגטונס ווסטר,גרמים,250.00,100 גרם,false,1,18.80,7.52,true,1,
6001067017530,false,קולגייט מברשת שיניים לילדים ספיידרמן,יבואן ומשווק: ש. שסט,CN,מברשת שיניים קולגייט,Unknown,0.00,Unknown,false,1,14.90,14.90,true,1,
6001067027324,false,מברשת ילדים חשמלית בארבי באטמן,קולגייט - פלמוליב,CN,קולגייט מברשת ילדים,Unknown,0.00,Unknown,false,1,59.90,59.90,true,1,
6001495062591,false,"ליקר אמרולה 750 מ""ל",,,ליקר אמרולה,מיליליטרים,750.00,"100 מ""ל",false,1,88.90,11.85,true,1,
6001496310547,false,יין פלר דה קאפ-פינוטאז 750 מל,,,יין פלר דה קאפ-פינוט,Unknown,0.00,Unknown,false,1,67.90,67.90,true,1,
6003105003185,false,"ציר בקר מרוכז 200 מ""ל אינה פארמנס",,,"ציר בקר מרוכז 200 מ""",מיליליטרים,200.00,"100 מ""ל",false,1,36.50,18.25,true,1,
6003105003260,false,"ציר ירקות מרוכז 200 מ""ל אינה פארמנס",,,ציר ירקות מרוכז 200,מיליליטרים,200.00,"100 מ""ל",false,1,36.50,18.25,true,1,
6003241003278,false,"ורי פרי רוטב אפריקאי שום 250 מ""ל",דורסוטס/אול ג'וי פוד,ZA,ורי פרי רוטב אפריקאי,מיליליטרים,250.00,"100 מ""ל",false,1,18.90,7.56,true,1,
6003241003292,false,ורי פרי רוטב אפריקאי חריף 250 גרם,דורסוטס/אול ג'וי פוד,ZA,ורי פרי רוטב אפריקאי,מיליליטרים,250.00,"100 מ""ל",false,1,18.90,7.56,true,1,
6006507004798,false,"CAPE HERBS מטחנה מלח ים אטלנטי 360ג""ר",,,CAPE HERBS מטחנה מלח,גרמים,360.00,100 גרם,false,1,22.90,6.36,true,1,
6008165271192,false,פאל מאל אדום ארוך האוס חפיסה,אמריקן גרדן,,פאל מאל אדום ארוך הא,Unknown,0.00,Unknown,false,1,30.00,30.00,true,1,
6008165274629,false,פאל מאל כחול ארוך סטרים פילטר חפיסה,יושלם,,פאל מאל כחול ארוך סט,Unknown,0.00,Unknown,false,1,30.00,30.00,true,1,
6009645550745,false,FYNBOS רוטב פלפל הבנרו חריף 130גר,,,FYNBOS רוטב פלפל הב,גרמים,130.00,100 גרם,false,1,18.90,14.54,true,1,
6009678813985,false,קייפ פודס מטחנת מלח הימלאיה ורוד 390 גרם,,ZA,קייפ פודס מטחנת מלח,גרמים,390.00,100 גרם,false,1,17.90,4.59,true,1,
6009813410406,false,"SPUR רוטב ברביקיו 500 מ""ל",,,SPUR רוטב ברביקיו 50,מיליליטרים,500.00,"100 מ""ל",false,1,19.90,3.98,true,1,
6009893614206,false,"יין קייפ גואל גוורצטרמינר ריזרב 750 מ""ל",קייפ ג'ואל,ZA,יין קייפ גואל גוורצט,Unknown,0.00,Unknown,false,1,46.90,46.90,true,1,
6009900532684,false,"יין קייפ גואל שרדונה ריזרב 750 מ""ל",קייפ ג'ואל,ZA,יין קייפ גואל שרדונה,Unknown,0.00,Unknown,false,1,46.90,46.90,true,1,
6009900532769,false,"יין קייפ גואל רוזה ריזרב 750 מ""ל",קייפ ג'ואל,ZA,יין קייפ גואל רוזה ר,Unknown,0.00,Unknown,false,1,46.90,46.90,true,1,
6009900532783,false,"יין גואל קברנה סוביניון ריזרב 750 מ""ל",קייפ ג'ואל,ZA,יין קייפ גואל קברנה,Unknown,0.00,Unknown,false,1,46.90,46.90,true,1,
6009900532790,false,יין קייפ גואל פינוטאז ריזרב 750 מ,קייפ ג'ואל,ZA,יין קייפ גואל פינוטא,Unknown,0.00,Unknown,false,1,46.90,46.90,true,1,
6111094000013,false,"קוסקוס דארי בינוני תומר 1 ק""ג",Marchesi srl,MA,קוסקוס מרוקאי בינוני,גרמים,1000.00,100 גרם,false,1,18.50,1.85,true,1,
6111094000198,false,קוסקוס דארי דק 350 גרם,קרמה מן,MA,קוסקוס דארי דק 350 ג,גרמים,360.00,100 גרם,false,1,7.90,2.19,true,1,
6111094000228,false,"קוסקוס דארי דק תומר 1 ק""ג",דרי קוספט,MA,קוסקוס מרוקאי דק 1 ק,גרמים,1000.00,100 גרם,false,1,18.50,1.85,true,1,
6111094000259,false,קוסקוס דארי בינוני 500ג'18X,דארי Dari,MA,קוסקוס דארי בינוני 5,גרמים,500.00,100 גרם,false,1,9.50,1.90,true,1,
6111094000808,false,"קוסקוס דארי בינוני תומר 1 ק""ג + 10% תוספת",דרי קוספט,MA,קוסקוס דארי 1 קג + 1,קילוגרמים,0.00,"ק""ג",false,1,18.50,18.50,true,1,
6111094002123,false,דארי אטריות דקות תוספת 10% 550 גרם,דארי,MA,דארי אטריות דקות תוס,גרמים,550.00,100 גרם,false,1,9.50,1.73,true,1,
6253017300012,false,טחינה קראוון המקורית,אחדות ביחר לטחינה ח,IL,טחינה יונה כחולה 500,גרמים,500.00,100 גרם,false,1,17.70,3.54,true,1,
6253017300029,false,טחינה גולמית קרוואן,קרואן Karawan,,טחינה יונה כחולה 1 ק,גרמים,1000.00,100 גרם,false,1,34.50,3.45,true,1,
6297000361154,false,סילאן תמרים אורגני 470 גרם,,,סילאן תמרים אורגני 4,גרמים,470.00,100 גרם,false,1,13.90,2.96,true,1,
6411401072666,false,פייזר שוקולדים עם ליקר 150 גרם,,FI,פייזר שוקולדים עם לי,גרמים,150.00,100 גרם,false,1,26.50,17.67,true,1,
6411401072703,false,פייזר גיישה שוקו חלב קרם אגוזים 150 גרם,,FI,פייזר גיישה שוקולד ח,גרמים,150.00,100 גרם,false,1,26.50,17.67,true,1,
6411401072758,false,פייזר שוקולד ליקר בטעם וודקה 150 גרם,,FI,פייזר שוקולד ליקר בט,גרמים,150.00,100 גרם,false,1,26.50,17.67,true,1,
6414100895802,false,מגן תחתון נורמל- 100% תאית צמחית 12 יח,,,מגן תחתון נורמל- 100,Unknown,0.00,Unknown,false,1,22.90,22.90,true,1,
6416453072817,false,פייזר גיישה שוקולד מריר קרם אגוזים 150 ג,,FI,פייזר גיישה שוקולד מ,גרמים,150.00,100 גרם,false,1,26.50,17.67,true,1,
6420211000349,false,חטיף תירס מלוח עם הפ,,RO,חטיף תירס מלוח עם הפ,Unknown,1.00,Unknown,false,1,9.90,9.90,true,1,
6430016342049,false,חמאה טאוסנד לייק 475 גר,,,חמאה טאוסנד לייק 475,גרמים,475.00,100 גרם,false,1,34.90,7.35,true,1,
6901248680907,false,דיוונון מיובש ומומלח 90 גרם,,,דיוונון מיובש ומומלח,גרמים,90.00,100 גרם,false,1,17.70,19.67,true,1,
6901248893239,false,רצועות דביקון מיובש וממולח 90 גר,,,רצועות דביקון מיובש,גרמים,90.00,100 גרם,false,1,17.50,19.44,true,1,
6901248894281,false,קמבלה ארנה 100 גר,,,קמבלה ארנה 100 גר,גרמים,100.00,100 גרם,false,1,17.50,17.50,true,1,
6910191800287,false,אצות נורי בלו 10 דף (ננגטונג),ננטונג היידה אקווטוק,CN,אצות נורי בלו 10 דפי,Unknown,0.00,Unknown,false,1,12.50,12.50,true,1,
6912977000140,false,אטריות שעועית 250 גר' ( Yantai)ללא גלוטן,יאנטאי ינסידה לנוגקא,CN,אטריות שעועית דקות 2,גרמים,250.00,100 גרם,false,1,8.80,3.52,true,1,
6920510504345,false,צעצוע פרוזן עם ממתק סוויט בוקס,,,צעצוע פרוזן עם ממתק,גרמים,10.00,100 גרם,false,1,12.50,125.00,true,1,
6920510504369,false,צעצוע מכוניות עם ממתק סוויט בוקס,,,צעצוע מכוניות עם ממת,גרמים,10.00,100 גרם,false,1,12.50,125.00,true,1,
6920510504383,false,צעצוע נסיכות עם ממתק סוויט בוקס,,,צעצוע נסיכות עם ממתק,גרמים,10.00,100 גרם,false,1,12.50,125.00,true,1,
6920510504420,false,צעצוע ספיידרמן עם ממתק סוויט בוקס,,,צעצוע ספיידרמן עם ממ,גרמים,10.00,100 גרם,false,1,12.50,125.00,true,1,
6920510504444,false,צעצוע הנוקמים עם ממתק סוויט בוקס,,,צעצוע הנוקמים עם ממת,גרמים,10.00,100 גרם,false,1,12.50,125.00,true,1,
6922276100083,false,מחית וואסבי - חזרת 43 גרם דליאן,דליאן ג'ינדה קונדימנ,CN,מחית וואסבי - חזרת 4,גרמים,43.00,100 גרם,false,1,10.00,23.26,true,1,
6928542902795,false,פרש דפי ריענון כחול,שאטו בלוו,CN,פרש דפי מנטה חזקה כח,Unknown,0.00,Unknown,false,1,8.90,8.90,true,1,
6928542902801,false,פרש דפי ריענון מנטה,שאטו בלוו,CN,דפי מנטה עדין,Unknown,0.00,Unknown,false,1,8.90,8.90,true,1,
6928542902818,false,סטריפס בטעם תות 12 י,שאטו בלוו,CN,פרש דפי מנטה תות אדו,Unknown,0.00,Unknown,false,1,8.90,8.90,true,1,
6928542903297,false,פרש דפי מנטה לימון צהוב 12 יח,,,פרש דפי מנטה לימון צ,Unknown,0.00,Unknown,false,1,8.90,8.90,true,1,
6933960500089,false,קנפיו 100 גרם-רצועות דלעת לסושי,qingdao sun growing,CN,קנפיו 100 גרם-רצועות,גרמים,100.00,100 גרם,false,1,13.10,13.10,true,1,
6934731210138,false,אטריות טריות עבות 200 גרם,יאנטאי ינסידה לנוגקא,CN,אטריות טריות עבות 20,גרמים,200.00,100 גרם,false,1,7.30,3.65,true,1,
6936745600462,false,רוטב מירין לתיבול מז,דאנינג יוה פודס קו,CN,מירין דאניינג,מיליליטרים,500.00,"100 מ""ל",false,1,19.90,3.98,true,1,
6936745600783,false,"חומץ אורז 500 מ""ל (דאניינג)",דאנינג יוה פודס קו,CN,חומץ אורז מיצוקאן 50,מיליליטרים,500.00,"100 מ""ל",false,1,15.90,3.18,true,1,
6941156100166,false,מחית סויה אדומה אקא מיסו 500 גרם,,,מחית סויה אדומה אקא,גרמים,500.00,100 גרם,false,1,19.80,3.96,true,1,
6942971507031,false,"סוויט בוקס צעצוע ו דובוני גלי ""חתולים""",,,סוויט בוקס צעצוע ו ד,Unknown,0.00,Unknown,false,1,12.50,12.50,true,1,
6942971507123,false,"סוויט בוקס צעצוע ו דובוני גלי ""גורים""",,,סוויט בוקס צעצוע ו ד,Unknown,0.00,Unknown,false,1,12.50,12.50,true,1,
6942971508090,false,"סוויט בוקס צעצוע ו דובוני גלי ""מפלצות""",,,סוויט בוקס צעצוע ו ד,Unknown,0.00,Unknown,false,1,12.50,12.50,true,1,
6944027000428,false,תה סיני 250 גר,,,תה סיני 250 גר,גרמים,250.00,100 גרם,false,1,12.40,4.96,true,1,
6957763801518,false,סאיירה במיץ טבעי 425 גרם,,UA,סאיירה במיץ טבעי 425,גרמים,425.00,100 גרם,false,1,13.50,3.18,true,1,
6957763801532,false,סאיירה בתוספת שמן צמחי 425 גרם,,UA,סאיירה בתוספת שמן צמ,גרמים,425.00,100 גרם,false,1,13.50,3.18,true,1,
6970533670510,false,מקרונס גל,,,מקרונס גל,Unknown,0.00,Unknown,false,1,24.90,24.90,true,1,
6974640730167,false,פטריות שיטאקי 100 גרם,ZHEJIANG FOREST INDU,CN,פטריות שיטאקי 100 גר,גרמים,100.00,100 גרם,false,1,14.90,14.90,true,1,
6999999996583,false,סטנד מסתובב 12 אחסונ,,,סטנד מסתובב 12 אחסונ,Unknown,0.00,Unknown,false,1,179.00,179.00,true,1,
7271730901261,false,ווקי מאק ארוחת אטריות עם גבינה 156 גרם,ניו וורלד פסטה קומפנ,US,פסטה עם גבינה הכנה מ,גרמים,156.00,100 גרם,false,1,10.90,6.99,true,1,
7290000000157,false,ג ינג יר,,,גינגיר,Unknown,0.00,"ק""ג",true,0,23.90,23.90,true,1,
7290000000159,false,פלפל צבעוני,,,פלפל צבעוני,Unknown,0.00,Unknown,false,1,9.90,9.90,true,1,
7290000000374,false,"פטריות שמפיניון בד""ץ (רביבים)",מרינה פטריות,IL,פטריות,Unknown,0.00,Unknown,false,1,10.90,10.90,true,1,
7290000000603,false,תמרים מגהול כחול 5 ק,,,בצל ירוק,Unknown,0.00,Unknown,false,1,3.90,3.90,true,1,
7290000000608,false,חסה ערבית,,,חסה ערבית,Unknown,0.00,Unknown,false,1,5.90,5.90,true,1,
7290000000632,false,שום,,,שום ברשת,Unknown,0.00,Unknown,false,1,9.90,9.90,true,1,
7290000000636,false,תירס ארוז,,,תירס ארוז,Unknown,0.00,"ק""ג",true,0,12.90,12.90,true,1,
7290000000641,false,אננס טרי,,,אננס טרי,Unknown,0.00,Unknown,false,1,44.90,44.90,true,1,
7290000000664,false,תות שדה,,,תות שדה,Unknown,0.00,Unknown,false,0,24.90,24.90,true,1,
7290000000665,false,נבטים/אלפפא,משתנה,IL,נבטים/אלפפא,Unknown,0.00,Unknown,false,1,4.90,4.90,true,1,
7290000000669,false,חסה עגולה,,,חסה עגולה,Unknown,0.00,Unknown,false,1,6.90,6.90,true,1,
7290000000688,false,נענע,,,נענע,Unknown,0.00,Unknown,false,1,4.90,4.90,true,1,
7290000000751,false,שום ברשת,,,שום ברשת,Unknown,0.00,Unknown,false,1,9.90,9.90,true,1,
7290000000831,false,בצלי פנינה,,,בצלי פנינה,Unknown,0.00,Unknown,false,1,6.60,6.60,true,1,
7290000001104,false,פטריות חורש מיני ארוז 200 ג',מרינה פטריות,IL,פטריות פרטובלה,Unknown,0.00,Unknown,false,1,14.90,14.90,true,1,
7290000001846,false,כרוב אלמוג,,,כרוב אלמוג,Unknown,0.00,Unknown,false,1,9.90,9.90,true,1,
7290000004679,false,ירק תפזורת-פטר/שמיר/נענע/כוסברה,,,ירק תפזורת,Unknown,0.00,Unknown,false,1,2.25,2.25,true,1,
7290000023083,false,ערק אשקלון 40% בקבוק,"יקבי ברקן בע""מ",IL,ערק אשקלון 40% 700 מ,מיליליטרים,700.00,"100 מ""ל",false,1,49.90,7.13,true,1,
7290000023809,false,"יין ברקן קלאסיק קברנה סובניון 750מ""ל",יקבי ברקן שיווק והפצ,IL,יין קברנה סובניון קל,Unknown,0.00,Unknown,false,1,32.90,32.90,true,1,
7290000023816,false,"יין ברקן קלאסיק אמרלד ריזלינג 750מ""ל",יקבי ברקן שיווק והפצ,IL,יין אמרלד ריזלינג קל,Unknown,0.00,Unknown,false,1,32.90,32.90,true,1,
7290000023823,false,יין סוביניון בלאן קלסיק 750 מל,יקבי ברקן שיווק והפצ,IL,יין סוביניון בלאן קל,Unknown,0.00,Unknown,false,1,32.90,32.90,true,1,
7290000023830,false,יין קלאסיק שיראז רוזה 750 מל,טמפו ברקן 5%,IL,יין קלאסיק שיראז רוז,Unknown,0.00,Unknown,false,1,32.90,32.90,true,1,
7290000023847,false,יין שרדונה קלאסיק 750 מל,יקבי ברקן שיווק והפצ,IL,יין שרדונה קלאסיק 75,Unknown,0.00,Unknown,false,1,32.90,32.90,true,1,
7290000023977,false,"יין ברקן קלאסיק מרלו 750 מ""ל",יקבי ברקן שיווק והפצ,IL,יין קלאסיק מרלו 750,Unknown,0.00,Unknown,false,1,32.90,32.90,true,1,
7290000024219,false,יין רזרב אמרלד ריזלינג 750 מל שביעית,יקבי ברקן,IL,יין רזרב אמרלד ריזלי,Unknown,0.00,Unknown,false,1,44.90,44.90,true,1,
7290000024523,false,מיץ ענבים של סגל 1 ליטר,כרמי צבי - האחים סגל,IL,מיץ ענבים של סגל 1,Unknown,0.00,Unknown,false,1,13.90,13.90,true,1,
7290000036144,false,קונדיטור קורנפלור שק,קרלו,IL,קורנפלור גלעם 200 גר,גרמים,200.00,100 גרם,false,1,5.20,2.60,true,1,
7290000036151,false,קונדיטור קורנפלור 50,גלעם,IL,קורנפלור 500 גרם,גרמים,500.00,100 גרם,false,1,9.10,1.82,true,1,
7290000040042,false,יוגורט תות %3 גביע 150 ג' יופלה,תנובה בעמ,IL,יופלה תות 3% 150 גרם,גרמים,150.00,100 גרם,false,1,5.20,3.47,true,1,
7290000040066,false,יוגורט דובדבן 3% שומן 150 ג' יופלה,תנובה מרכז שיתופי לש,IL,יופלה דובדבן 3% 150,גרמים,150.00,100 גרם,false,1,5.20,3.47,true,1,
7290000040080,false,יוגורט אפרסק 3% שומן 150 ג' יופלה,תנובה בעמ,IL,יופלה אפרסק 3% 150 ג,גרמים,150.00,100 גרם,false,1,5.20,3.47,true,1,
7290000040301,false,"גבינת קולאז קממבר עין גדי 24%, 125 ג'",תנובה מרכז שיתופי לש,IL,קולאז קממבר עין גדי,גרמים,125.00,100 גרם,false,1,18.50,14.80,true,1,
7290000040318,false,גבינת ברי 24% קולאז עדי תנובה 125 ג',תנובה מרכז שיתופי לש,IL,קולאז ברי בחפיסה 125,גרמים,125.00,100 גרם,false,1,19.90,15.92,true,1,
7290000040974,false,חלב תנובה קרטון דל לקטוז 2% 1ל,תנובה מרכז שיתופי לש,IL,חלב טרי דל לקטוז 1 ל,מיליליטרים,1000.00,"100 מ""ל",false,1,6.80,0.68,true,1,
7290000041858,false,"שמנת חמוצה 15% יטבתה 200 מ""ל מהדרין",שטראוס גרופ,IL,שמנת חמוצה 15% 200 מ,מיליליטרים,200.00,"100 מ""ל",false,1,2.40,1.20,true,1,
7290000042015,false,חלב טרי 3% תנובה שקית 1ל' מהדרין,תנובה מרכז שיתופי לש,IL,"חלב בשקית 3% בד""צ 1",מיליליטרים,1000.00,"100 מ""ל",false,1,5.43,0.54,true,1,
7290000042404,false,חלב יוטבתה מועשר 3% שקית 1ל',שטראוס גרופ,IL,חלב מועשר 1ל 3% בשקי,מיליליטרים,1000.00,"100 מ""ל",false,1,6.20,0.62,true,1,
7290000042435,false,חלב דל שומן בקרטון+פקק 1 ליטר 1%,תנובה מרכז שיתופי לש,IL,חלב דל שומן בקרטון,מיליליטרים,1000.00,"100 מ""ל",false,1,5.86,0.59,true,1,
7290000042640,false,"חלב תנובה עמיד 3% קרטון 250 מ""ל",תנובה מרכז שיתופי לש,IL,"חלב עמיד 3% 250 מ""ל",מיליליטרים,250.00,"100 מ""ל",false,1,3.10,1.24,true,1,
7290000042855,false,יוטבתה שוקו שקית 225מל,שטראוס גרופ,IL,"שוקו שקית 225 מ""ל",מיליליטרים,225.00,"100 מ""ל",false,1,2.70,1.20,true,1,
7290000043012,false,"שוקו עמיד 2% בקרטון 250 מ""ל תנובה",תנובה מרכז שיתופי לש,IL,"שוקו עמיד 250 מ""ל",מיליליטרים,250.00,"100 מ""ל",false,1,5.50,2.20,true,1,
7290000043814,false,"שמנת מתוקה להקצפה 38% 250 מ""ל תנובה",תנובה מרכז שיתופי לש,IL,שמנת עמידה להקצפה 38,גרמים,250.00,100 גרם,false,1,6.47,2.59,true,1,
7290000043890,false,רוויון קרטון 1 ליטר %1.5,תנובה מרכז שיתופי לש,IL,רויון 1.5% 1 ליטר,מיליליטרים,1000.00,"100 מ""ל",false,1,11.90,1.19,true,1,
7290000043944,false,כד יוגורט תנובה 4% שומן 1.5 ליטר,מיוצר עי קונדיטוריית,IL,יוגורט 4% 1.5 ליטר,ליטרים,0.00,ליטר,false,1,17.50,17.50,true,1,
7290000044248,false,"רויון קרטון 1.5% שומן 500 מ""ל תנובה",תנובה,IL,"שלי רוויון 500 מ""ל",גרמים,500.00,100 גרם,false,1,6.90,1.38,true,1,
7290000044712,false,יוגורט עם תות 1.5% שומן 500 ג' פרילי,מיוצר עי קונדיטוריית,IL,פרילי תות 500 גרם,גרמים,500.00,100 גרם,false,1,11.50,2.30,true,1,
7290000044880,false,באדי יוגורט תות 3% שומן 500 ג' תנובה,מיוצר עי קונדיטוריית,IL,"באדי תות 3% 500 מ""ל",גרמים,500.00,100 גרם,false,1,9.90,1.98,true,1,
7290000045573,false,גבינת מותכת משולשים 25% שומן 200 ג' נעמה,תנובה,IL,גבינה מותכת נעמה 200,גרמים,200.00,100 גרם,false,1,16.90,8.45,true,1,
7290000045580,false,"גבינת מותכת נעמה חורש 25%, 240 ג'",תנובה מרכז שיתופי לש,IL,גבינה מותכת חורש 240,גרמים,240.00,100 גרם,false,1,16.90,7.04,true,1,
7290000045771,false,יוגורט תנובה כד 3 ליטר 4%,תנובה מרכז שיתופי לש,IL,יוגורט 4.5% 3 ליטר,ליטרים,0.00,ליטר,false,1,31.50,31.50,true,1,
7290000045917,false,תנובה גבינת פרומעז 23% גלילית 200ג,תנובה,IL,קולאז עיזים פרומעז ג,גרמים,200.00,100 גרם,false,1,27.90,13.95,true,1,
7290000046327,false,"גבינת גלבוע פרוס 22%, 200 ג' תנובה",תנובה מרכז שיתופי לש,IL,גבינת גלבוע פרוס 200,גרמים,200.00,100 גרם,false,1,13.00,6.50,true,1,
7290000047546,false,כנען גבינה לבנה 5% 500 גרם ללא מלח,תנובה מרכז שיתופי לש,IL,גבינת כנען 5% 500 גר,גרמים,500.00,100 גרם,false,1,24.90,4.98,true,1,
7290000048185,false,גבינה לבנה 5% שומן 250 ג' תנובה,מיוצר עי קונדיטוריית,IL,גבינה לבנה 5% 250 גר,גרמים,250.00,100 גרם,false,1,4.98,1.99,true,1,
7290000048192,false,גבינה לבנה 9% שומן 250 ג' תנובה,מחלבת אלון תבור,IL,גבינה למריחה 9% 250,גרמים,250.00,100 גרם,false,1,4.98,1.99,true,1,
7290000048307,false,גבינת קוטג 5% עם זיתים 250ירוקים גרם,מיוצר עי קונדיטוריית,IL,גבינת קוטג 5%,גרמים,250.00,100 גרם,false,1,5.70,2.28,true,1,
7290000048413,false,גבינה חמד %16 שקית 250 ג' פיראוס,תנובה מרכז שיתופי לש,IL,גבינה חמד פיראוס 250,גרמים,250.00,100 גרם,false,1,18.90,7.56,true,1,
7290000048437,false,גבינה צפתית 5% 200 ג' פיראוס,פארייפאבה אגרואינדוס,IL,צפתית פיראוס 5% 200,גרמים,200.00,100 גרם,false,1,15.90,7.95,true,1,
7290000050447,false,יוגורט תות 500 ג' יופלה,מיוצר עי קונדיטוריית,IL,יופלה תות 3% 500גר,גרמים,500.00,100 גרם,false,1,14.90,2.98,true,1,
7290000050454,false,יוגורט אפרסק 500 ג' יופלה,מיוצר עי קונדיטוריית,IL,יופלה אפרסק 3% 500 ג,גרמים,500.00,100 גרם,false,1,14.90,2.98,true,1,
7290000051352,false,חלב מלא בטעם של פעם 3.4% תנובה קרטון 1 ל',תנובה מרכז שיתופי לש,IL,חלב של פעם 3.5% 1 ל,מיליליטרים,1000.00,"100 מ""ל",false,1,7.90,0.79,true,1,
7290000051376,false,יופלה דיאט אננס ספורטיבי 0% 150גר,תנובה מרכז שיתופי לש,IL,יופלה דיאט אננס ספור,גרמים,150.00,100 גרם,false,1,5.20,3.47,true,1,
7290000051710,false,לאבנה 9% עם שמן זית וזעתר 263 ג' פיראוס,"תנובה, מחלבת אלון תב",IL,פיראוס לאבנה עם שמן,גרמים,260.00,100 גרם,false,1,14.90,5.73,true,1,
7290000052311,false,עמק פרוס בקופסא 200 גר 15% שומן,תנובה מרכז שיתופי לש,IL,עמק פרוס בקופסא 200,גרמים,200.00,100 גרם,false,1,16.90,8.45,true,1,
7290000052649,false,גבינת לאבנה 5% שומן 500 ג' פיראוס,תנובה מרכז שיתופי לש,IL,פיראוס לאבנה גביע 50,גרמים,500.00,100 גרם,false,1,20.90,4.18,true,1,
7290000052717,false,קוטג' 5%עם שום שמיר 250 ג' תנובה,מיוצר עי קונדיטוריית,IL,קוטג 5% עם שום שמיר,גרמים,250.00,100 גרם,false,1,6.30,2.52,true,1,
7290000055015,false,גבינת פיראוס פטה כבשים 5% 250 ג' פיראוס,תנובה מרכז שיתופי לש,IL,פיראוס פטה כבשים 5%,גרמים,250.00,100 גרם,false,1,26.90,10.76,true,1,
7290000055329,false,משקה יוגורט יופלה בטעם תות-מלון 250 גר,תנובה מרכז שיתופי לש,IL,משקה יוגורט יופלה בט,גרמים,250.00,100 גרם,false,1,5.90,2.36,true,1,
7290000055336,false,משקה יוגורט יופלה בטעם בננה אפרסק 250 גר,תנובה מרכז שיתופי לש,IL,משקה יוגורט יופלה בט,גרמים,250.00,100 גרם,false,1,5.90,2.36,true,1,
7290000055343,false,משקה יוגורט יופלה בטעם טרופי 250 גר,תנובה מרכז שיתופי לש,IL,משקה יוגורט יופלה בט,גרמים,250.00,100 גרם,false,1,5.90,2.36,true,1,
7290000055350,false,גבינה צהובה חריץ עמק 28% במשקל,תנובה מרכז שיתופי לש,IL,גבינה צהובה עמק 28%,Unknown,0.00,"ק""ג",true,0,44.79,44.79,true,1,
7290000055893,false,חמאה משמנת מפוסטרת 200ג' כ.מהדרין,תנובה מרכז שיתופי לש,IL,חמאה מהדרין 200 גר,גרמים,200.00,100 גרם,false,1,8.70,4.35,true,1,
7290000056081,false,מאגדת פרילי טבע 6 יח' * 200 ג',מיוצר עי קונדיטוריית,IL,מאגדת פרילי טבע 25%,גרמים,200.00,100 גרם,false,1,25.90,12.95,true,1,
7290000056845,false,חלב טרי 3% הומוגני קרטון 1.5 ל' תנובה,פארייפאבה אגרואינדוס,IL,חלב קרטון 3% תנובה,ליטרים,0.00,ליטר,false,1,9.34,9.34,true,1,
7290000056883,false,יופלה מאגדת פרי 3% 8 יח' * 150 ג',תנובה מרכז שיתופי לש,IL,מאגדת 8 יופלה פרי 3%,גרמים,1200.00,100 גרם,false,1,33.90,2.83,true,1,
7290000056890,false,דיאט יופלה שמינייה טעמים שונים,מיוצר עי קונדיטוריית,IL,שמיניית יופלה 0% 150,קילוגרמים,0.00,"ק""ג",false,1,31.30,31.30,true,1,
7290000056906,false,מאגדת לבן טבעי 1.5% שומן 8 יח' * 150 ג' יופלה,מחלבת אלון תבור,IL,שמיניית יופלה לבן,גרמים,1200.00,100 גרם,false,1,20.50,1.71,true,1,
7290000056951,false,שמנת לבישול 15% 500 מל עמיד השף הלבן,תנובה מרכז שיתופי לש,IL,שמנת 15% באריזה עם פ,מיליליטרים,500.00,"100 מ""ל",false,1,15.60,3.12,true,1,
7290000057088,false,עמק פרוס דק דק 200 גרם 28%,תנובה מרכז שיתופי לש,IL,עמק דק 200 גרם,גרמים,200.00,100 גרם,false,1,17.90,8.95,true,1,
7290000057118,false,עמק סמי מעדנייה כשרות מהדרין,תנובה מרכז שיתופי לש,IL,גבינה סמי 28% 400 גר,גרמים,400.00,100 גרם,false,1,21.90,5.48,true,1,
7290000057132,false,יוגורט תנובה טבעי 1.5% גביע 200 גרם,מחלבת אלון תבור,IL,יוגורט 1.5% 200 גרם,גרמים,200.00,100 גרם,false,1,3.00,1.50,true,1,
7290000057149,false,יוגורט תנובה טבעי 3% גביע 200 גרם,מיוצר עי קונדיטוריית,IL,יוגורט תנובה 3% 200,גרמים,200.00,100 גרם,false,1,3.00,1.50,true,1,
7290000057552,false,יופלה דיאט עוגת גבינה ותות 0% גביע 150ג',תנובה בעמ,IL,דיאט יופלה ע.גבינה,גרמים,150.00,100 גרם,false,1,5.20,3.47,true,1,
7290000058030,false,"יופלה שטוזים משקה יוגורט תות 8 יח' * 100 מ""ל",מיוצר עי קונדיטוריית,IL,משקה יופלה שטוזים,מיליליטרים,800.00,"100 מ""ל",false,1,21.90,2.74,true,1,
7290000058047,false,**שף לבן שמנת מתוקה מהדרין 38% פקק 500מ,תנובה מרכז שיתופי לש,IL,שמנת 38% עם פקק 500,מיליליטרים,500.00,"100 מ""ל",false,1,12.94,2.59,true,1,
7290000060071,false,אוסם - חטיפי פריכונים מאורז מלא קלוי 80גר,"מיוצר ע""י PT, משווק",IL,פריכונים טבעי 80 גר,גרמים,80.00,100 גרם,false,1,7.50,9.38,true,1,
7290000060088,false,בייגלה אסם מקלות מלוחים 400 גרם,מיוצר עי קונדיטוריית,IL,בייגלה מקלות מלוחים,גרמים,400.00,100 גרם,false,1,9.90,2.48,true,1,
7290000060163,false,פסטה אסם אטריות דקות 400גר,"אסם השקעות בע""מ",IL,אטריות דקות 400 גרם,גרמים,400.00,100 גרם,false,1,6.90,1.73,true,1,
7290000060200,false,פסטה אסם פתיתים אפויים קוסקוס 500גר,"אסם השקעות בע""מ",IL,פתיתים אפויים קוסקוס,גרמים,500.00,100 גרם,false,1,6.70,1.34,true,1,
7290000060217,false,פסטה אסם מקרוני 7 500 גר,פסטה זארה,IT,פסטה מקרוני מס 7 500,גרמים,500.00,100 גרם,false,1,5.70,1.14,true,1,
7290000060248,false,פסטה אסם פתיתים תלתלים 500 גר',פסטה זארה,IT,פסטה תלתלים (61) 500,גרמים,500.00,100 גרם,false,1,5.70,1.14,true,1,
7290000060316,false,פסטה פרפקטו ספגטי 500ג' אסם,פסטה זארה,IT,פסטה ספגטי פרפקטו 50,גרמים,500.00,100 גרם,false,1,7.90,1.58,true,1,
7290000060330,false,פרפקטו פרפקטו ספיראלי גירף 500 גר,פסטה זארה,IL,פסטה פרפקטו ספירלי 5,גרמים,500.00,100 גרם,false,1,7.90,1.58,true,1,
7290000060408,false,פסטה אסם פתיתים אפויים טבעות 500 גר,"אסם השקעות בע""מ",IL,פתיתים אפויים טבעות,גרמים,500.00,100 גרם,false,1,6.70,1.34,true,1,
7290000060415,false,פסטה פרפקטו לזאניה אסם 500ג',פסטה לנסי,IL,פרפקטו לזניה 500 גרם,גרמים,500.00,100 גרם,false,1,14.40,2.88,true,1,
7290000060576,false,פסטה אסם פתיתים אפוי כוכב 500גר,"אסם השקעות בע""מ",IL,פתיתים אפויים כוכבים,גרמים,500.00,100 גרם,false,1,6.70,1.34,true,1,
7290000060781,false,פסטה אסם פתיתים מסולסלים 500גר,פסטה זארה,IT,פסטה מסולסלים (57) 5,גרמים,500.00,100 גרם,false,1,5.70,1.14,true,1,
7290000060828,false,פסטה קרניים בינוניות (55) 500 גרם,פסטה זארה,IT,פסטה קרניים בינוניות,גרמים,500.00,100 גרם,false,1,5.70,1.14,true,1,
7290000060880,false,פסטה מס' 8 ספגטי אסם 500ג',פסטה זארה,IT,ספגטי (3) 500 גרם,גרמים,500.00,100 גרם,false,1,5.70,1.14,true,1,
7290000060903,false,פסטה אסם פתיתים אפויים אורז 500גר,"אסם השקעות בע""מ",IL,פתיתים אפויים אורז 5,גרמים,500.00,100 גרם,false,1,6.70,1.34,true,1,
7290000060958,false,פסטה אסם אטריות בינוניות 400 גרם,"אסם השקעות בע""מ",IL,אטריות בינוניות 400,גרמים,400.00,100 גרם,false,1,6.90,1.73,true,1,
7290000061061,false,קרקר בצל אסם 250 גרם,"אסם השקעות בע""מ",IL,קרקר בצל 250 גרם,גרמים,250.00,100 גרם,false,1,9.90,3.96,true,1,
7290000061085,false,"רוטב צילי מתוק 290 מ""ל-בקבוק","אסם השקעות בע""מ",IL,רוטב צילי מתוק 290 מ,מיליליטרים,290.00,"100 מ""ל",false,1,12.50,4.31,true,1,
7290000061108,false,"רוטב טריאקי 290 מ""ל-בקבוק","אסם השקעות בע""מ",IL,"רוטב טריאקי 290 מ""ל-",מיליליטרים,290.00,"100 מ""ל",false,1,12.50,4.31,true,1,
7290000061214,false,פתיתים אפויים קוסקוס עם בצל אסם 500 גר',"אסם השקעות בע""מ",IL,פתיתים קוסקוס עם בצל,גרמים,500.00,100 גרם,false,1,6.90,1.38,true,1,
7290000061450,false,פתיתים אפויים קוסקוס צבעוני אסם 500 גר',"אסם השקעות בע""מ",IL,פתיתים קוסקוס 3 צבעי,גרמים,500.00,100 גרם,false,1,6.70,1.34,true,1,
7290000061764,false,נסקפה רד מאג טעם חדש 200ג',נסטלה ספרד קפה,ES,נס קפה רד מאג 200 גר,גרמים,200.00,100 גרם,false,1,20.90,10.45,true,1,
7290000062242,false,"דובונים חטיף תפו""א שמנת מצל 40 גרם","אסם השקעות בע""מ",IL,"דובונים חטיף תפו""א ש",גרמים,40.00,100 גרם,false,1,4.30,10.75,true,1,
7290000062952,false,אוסם - מיני קרוטונים למרק ולסלט 250 גרם,עינת תעשיות מזון אגו,IL,מיני קרוטונים למרק ו,גרמים,250.00,100 גרם,false,1,13.90,5.56,true,1,
7290000063102,false,קמח עוגה אסם תופח מאליו 350ג',"אסם השקעות בע""מ",IL,קמח עוגה תופח מאליו,גרמים,350.00,100 גרם,false,1,4.70,1.34,true,1,
7290000063140,false,שקדי מרק רכיבים טבעיים בשקית 400 ג' אסם,"אסם השקעות בע""מ",IL,שקדי מרק 400 גרם -שק,גרמים,400.00,100 גרם,false,1,10.00,2.50,true,1,
7290000063157,false,"קמח עוגה תופח מאליו 1 ק""ג","אסם השקעות בע""מ",IL,קמח עוגה תופח מאליו,גרמים,1000.00,100 גרם,false,1,8.90,0.89,true,1,
7290000064758,false,קוסקוס בינוני אמיתי אסם 350 ג',"מיוצר ע""י קוד יצרן K",IL,קוסקוס אמיתי בשקית 3,גרמים,350.00,100 גרם,false,1,7.70,2.20,true,1,
7290000064871,false,"אוסם - מנה חמה פירה תפו""א עם בצל 56 גרם","אסם השקעות בע""מ",IL,"מנה חמה פירה תפו""א ו",גרמים,56.00,100 גרם,false,1,7.30,13.04,true,1,
7290000065090,false,מיני קרוטונים למרק ולסלט 400 ג' אסם,עינת תעשיות מזון אגו,IL,מיני קרוטונים למרק ו,גרמים,400.00,100 גרם,false,1,22.80,5.70,true,1,
7290000065335,false,אוסם - מנה חמה פירה עם ירקות 55 גרם,"אסם השקעות בע""מ",IL,"מנה חמה פירה תפו""א",גרמים,55.00,100 גרם,false,1,7.30,13.27,true,1,
7290000065557,false,אוסם - מנה חמה קוסקוס עם ירקות 84 גרם,"אסם תעשיות מזון בע""מ",IL,מנה חמה קוסקוס עם יר,גרמים,62.00,100 גרם,false,1,7.30,11.77,true,1,
7290000065977,false,חטיפי פריכונים תירס שומשום 80 ג' אוסם,"מיוצר ע""י פרח, משווק",IL,אסם חטיפי פריכונים ת,גרמים,80.00,100 גרם,false,1,7.50,9.38,true,1,
7290000066141,false,ביסלי בטעם גריל 70 גרם,"אסם השקעות בע""מ",IL,ביסלי בטעם גריל 70 ג,גרמים,70.00,100 גרם,false,1,4.20,6.00,true,1,
7290000066172,false,ביסלי בטעם פיצה 70 גרם,"אסם השקעות בע""מ",IL,ביסלי בטעם פיצה 70 ג,גרמים,70.00,100 גרם,false,1,4.20,6.00,true,1,
7290000066196,false,ביסלי גדול בטעם גריל 200 ג' אסם,מיוצר עי קונדיטוריית,IL,ביסלי בטעם גריל 200,גרמים,200.00,100 גרם,false,1,7.50,3.75,true,1,
7290000066226,false,ביסלי בטעם פיצה 200 ג' אסם,מיוצר עי קונדיטוריית,IL,ביסלי בטעם פיצה 200,גרמים,200.00,100 גרם,false,1,7.50,3.75,true,1,
7290000066264,false,אוסם - חטיף דובונים 40 גרם,"אסם השקעות בע""מ",IL,"דובונים חטיף תפו""א 4",גרמים,40.00,100 גרם,false,1,4.30,10.75,true,1,
7290000066295,false,אסם במבה תות מחומרים טבעיים 30גר,מיוצר עי קונדיטוריית,IL,במבה תות מחומרים טבע,גרמים,30.00,100 גרם,false,1,3.10,10.33,true,1,
7290000066318,false,במבה קלאסי 40*80גרם,"אסם השקעות בע""מ",IL,במבה 80 גרם,גרמים,80.00,100 גרם,false,1,4.30,5.38,true,1,
7290000066332,false,אפרופו חטיף אסם 50ג',מיוצר עי קונדיטוריית,IL,חטיף אפרופו 50 גרם,גרמים,50.00,100 גרם,false,1,5.00,10.00,true,1,
7290000066349,false,אפרופו גדול אסם 100ג',מיוצר עי קונדיטוריית,IL,חטיף אפרופו 100 גרם,גרמים,100.00,100 גרם,false,1,8.70,8.70,true,1,
7290000066431,false,פופקו חטיף תירס בטעם חמאה ודבש 80 גרם,מיוצר עי קונדיטוריית,IL,פופקו חטיף תירס בטעם,גרמים,80.00,100 גרם,false,1,5.20,6.50,true,1,
7290000067407,false,פרורית מתובלת בשקית 200 גרם,עינת תעשיות מזון אגו,IL,פרורית מתובלת בשקית,גרמים,200.00,100 גרם,false,1,6.40,3.20,true,1,
7290000067544,false,פירורית זהב שקית 200גר,עינת תעשיות מזון אגו,IL,פירורית זהב 200 גרם,גרמים,200.00,100 גרם,false,1,6.40,3.20,true,1,
7290000067599,false,אוסם - מנה חמה ספגטי רוטב בולנז 65 גרם,"אסם השקעות בע""מ",IL,מנה חמה ספגטי בולונז,גרמים,65.00,100 גרם,false,1,7.30,11.23,true,1,
7290000067735,false,"פסטה פרפקטו ניוקי בצקיות תפו""א 500ג' אסם",גרנדי פסטי,IT,"ניוקי בצקיות תפו""א 5",גרמים,500.00,100 גרם,false,1,15.00,3.00,true,1,
7290000068138,false,אסם פודינג אינסטנט וניל 80 גרם,מיוצר עי קונדיטוריית,IL,פודינג אינסטנט בטעם,גרמים,80.00,100 גרם,false,1,5.20,6.50,true,1,
7290000068190,false,ג'לי תות שדה צבע טבעי 85 ג',מיוצר עי קונדיטוריית,IL,גלי בזק בטעם תות שדה,גרמים,85.00,100 גרם,false,1,6.80,8.00,true,1,
7290000068237,false,ג'לי פטל צבע טבעי 85ג' אסם,מיוצר עי קונדיטוריית,IL,גלי בזק בטעם פטל צמח,גרמים,85.00,100 גרם,false,1,6.80,8.00,true,1,
7290000068343,false,אוסם - פירכונים מאורז מלא 140 גרם,"מיוצר ע""י PT, משווק",IL,פריכונים מאורז מלא 1,גרמים,140.00,100 גרם,false,1,7.90,5.64,true,1,
7290000068701,false,שקדי מרק רכיבים טבעיים 400 גרם-מיכל,"אסם השקעות בע""מ",IL,שקדי מרק רכיבים טבעי,גרמים,400.00,100 גרם,false,1,15.90,3.98,true,1,
7290000068770,false,במבה יום הולדת 80 גרם,"אסם השקעות בע""מ",IL,במבה יום הולדת 80 גר,גרמים,80.00,100 גרם,false,1,4.30,5.38,true,1,
7290000069258,false,פסטה פרפקטו פנה ריגאטה 500ג' אסם,פסטה זארה,IT,פסטה פרפקטו פנה ריגט,גרמים,500.00,100 גרם,false,1,7.90,1.58,true,1,
7290000069364,false,פריכונים עגולים אורז דל נתרן אסם 140 גרם,"מיוצר ע""י PT, משווק",IL,פריכונים מאורז מלא ל,גרמים,140.00,100 גרם,false,1,7.90,5.64,true,1,
7290000069715,false,אוסם - חטיפי קרקר מלוח 300 גרם,,,חטיפי קרקר מלוח 300,גרמים,300.00,100 גרם,false,1,12.50,4.17,true,1,
7290000069739,false,אוסם - חטיפי קרקר שומשום 300 גרם,מיוצר עי קונדיטוריית,IL,חטיפי קרקר שומשום 30,גרמים,300.00,100 גרם,false,1,12.50,4.17,true,1,
7290000070308,false,אבקת מרק עוף אמיתי במיכל 400 גרם,"אסם השקעות בע""מ",IL,אבקת מרק עוף אמיתי,גרמים,400.00,100 גרם,false,1,16.90,4.23,true,1,
7290000070353,false,אבקת מרק בצל רכיבים טבעיים 400 ג' אסם,"אסם השקעות בע""מ",IL,אבקת מרק בצל 400 גרם,גרמים,400.00,100 גרם,false,1,27.50,6.88,true,1,
7290000070919,false,בייגלה אסם רשתות מלח 400 גרם,מיוצר עי קונדיטוריית,IL,בייגלה רשתות מלח 400,גרמים,400.00,100 גרם,false,1,14.60,3.65,true,1,
7290000072623,false,קטשופ אסם בקבוק לחיץ 750 גרם,"אסם השקעות בע""מ",IL,קטשופ אסם בקבוק לחיץ,גרמים,750.00,100 גרם,false,1,10.90,1.45,true,1,
7290000072630,false,קטשופ אסם חריף 750 גרם-בקבוק,"אסם השקעות בע""מ",IL,קטשופ אסם חריף 750 ג,גרמים,750.00,100 גרם,false,1,10.90,1.45,true,1,
7290000072753,false,קפה טייסטר צ'ויס קפה מגורען 200ג',נסטלה קוריאה - קפה,IL,נסקפה טייסטרס צויס,גרמים,200.00,100 גרם,false,1,28.90,14.45,true,1,
7290000072760,false,נסקפה טייסטרס צויס 100 גר אוריגנל,נסטלה,KR,נסקפה טייסטרס צויס,גרמים,100.00,100 גרם,false,1,23.90,23.90,true,1,
7290000072777,false,קפה טייסטר צ'ויס מגור' נ.קפאין 200ג',לוטה נסטלה קוריאה,IL,נסקפה טייסטרס צויס,גרמים,200.00,100 גרם,false,1,38.90,19.45,true,1,
7290000072784,false,קפה טייסטר צויס נטול קופאין 100 גר',לוטה נסטלה קוריאה,KR,נסקפה טייסטרס צויס,גרמים,100.00,100 גרם,false,1,27.90,27.90,true,1,
7290000072968,false,דגנים סיני מיניס מלחמת הכוכבים 500 גרם,נסטלה פולין דגני בוק,PL,דגנים סיני מיניס מלח,גרמים,375.00,100 גרם,false,1,23.90,6.37,true,1,
7290000073125,false,אוסם - מנה חמה פסטה עם עגבניות 62 גרם,"אסם השקעות בע""מ",IL,מנה חמה פסטה עם עגבנ,גרמים,62.00,100 גרם,false,1,7.30,11.77,true,1,
7290000073415,false,אוסם - מנה חמה פסטה ברוטב פיצה 61 גרם,"אסם השקעות בע""מ",IL,מנה חמה פסטה ברוטב פ,גרמים,61.00,100 גרם,false,1,7.30,11.97,true,1,
7290000073750,false,מנה חמה נודלס אטר+ירקות טעם עוף 70 גרם,טאי רזידנט,TH,מנה חמה נודלס אטר+יר,גרמים,70.00,100 גרם,false,1,5.70,8.14,true,1,
7290000073767,false,מנה חמה נודלס אטר.+ירקות טעם בקר 70 גרם,טאי רזידנט,TH,מנה חמה נודלס אטר.+י,גרמים,70.00,100 גרם,false,1,5.70,8.14,true,1,
7290000074153,false,ביסקוויט פתיבר שוקו,מיוצר עי קונדיטוריית,IL,פתי בר שוקו 500 גרם,גרמים,500.00,100 גרם,false,1,13.90,2.78,true,1,
7290000074184,false,אוסם - פתי בר בינוני 500 גרם,"אסם השקעות בע""מ",IL,פתי בר וניל 500 גרם,גרמים,500.00,100 גרם,false,1,10.90,2.18,true,1,
7290000074245,false,אוסם - קרם קרקר אסם 250 גרם,"אסם השקעות בע""מ",IL,קרם קרקר 250 גרם,גרמים,250.00,100 גרם,false,1,9.80,3.92,true,1,
7290000074252,false,קרקר אסם שומשום 250 גרם,"אסם השקעות בע""מ",IL,קרקר שומשום 250 גרם,גרמים,250.00,100 גרם,false,1,9.90,3.96,true,1,
7290000074276,false,קרקר פיקנטי טבעון 250 ג' אסם,"אסם השקעות בע""מ",IL,קרקר קלאסי 250 גרם א,גרמים,250.00,100 גרם,false,1,9.90,3.96,true,1,
7290000074375,false,אוסם - קרקר זהב 150 גרם,"אסם השקעות בע""מ",IL,קרקר זהב 150 גרם,גרמים,150.00,100 גרם,false,1,6.90,4.60,true,1,
7290000074481,false,לחמית אגוזים אסם 160 ג',"אסם השקעות בע""מ",IL,לחמית כפרית 190 גרם,גרמים,160.00,100 גרם,false,1,9.90,6.19,true,1,
7290000074696,false,אסם קרם קרקר 4*1קג ח,"אסם השקעות בע""מ",IL,"קרם קרקר 1 ק""ג",גרמים,1000.00,100 גרם,false,1,28.50,2.85,true,1,
7290000075204,false,אוסם - לחמית חיטה מלאה 250 גרם,"אסם השקעות בע""מ",IL,לחמית חיטה מלאה 250,גרמים,250.00,100 גרם,false,1,9.40,3.76,true,1,
7290000075693,false,עוגת הבית שמרים בריוש שוקולד 360ג',מיוצר עי קונדיטוריית,IL,עוגת שמרים שוקולד 36,גרמים,360.00,100 גרם,false,1,15.60,4.33,true,1,
7290000076645,false,אוסם - טוסטעים חיטה מלאה 100 גרם,ון דר מולן האלום,NL,טוסטעים חיטה מלאה 10,גרמים,100.00,100 גרם,false,1,10.50,10.50,true,1,
7290000077253,false,אוסם - לחמית כפרית עם דגנים מלאים 190 גרם,"אסם השקעות בע""מ",IL,לחמית כפרית 190 גרם,גרמים,190.00,100 גרם,false,1,9.90,5.21,true,1,
7290000078212,false,קרוטונים מתובלים 250 ג' אסם,עינת תעשיות מזון אגו,IL,קרוטונים מתובלים 250,גרמים,250.00,100 גרם,false,1,13.90,5.56,true,1,
7290000078762,false,אוסם - חטיפי פריכונים מאורז מלא בטעם דבש 80גר,סנורייס בלגיום אן. ו,BE,פריכונים מאורז מלא ב,גרמים,80.00,100 גרם,false,1,7.50,9.38,true,1,
7290000080758,false,אוסם - טוסטעים פת קלוי 100 גרם,ון דר מולן האלום,NL,טוסטעים פת קלויה 100,גרמים,100.00,100 גרם,false,1,10.50,10.50,true,1,
7290000080765,false,טוסטעים פת קלויה עם שומשום 100 ג' אוסם,ון דר מולן האלום,NL,טוסטעים פת קלויה שומ,גרמים,100.00,100 גרם,false,1,10.50,10.50,true,1,
7290000081663,false,בייגלה אסם טבעות שומשום 300 גרם,מיוצר עי קונדיטוריית,IL,בייגלה טבעות עם שומש,גרמים,300.00,100 גרם,false,1,9.90,3.30,true,1,
7290000100296,false,תערובת להכנת Smoothie ורוד תות ובננה,"סנפרוסט בע""מ",IL,סמודיז תות בננה סנפר,גרמים,300.00,100 גרם,false,1,18.90,6.30,true,1,
7290000100609,false,קוביות אנטי פסטי להקפצה סנפורסט 600 ג',"סנפרוסט בע""מ",IL,קוביות אנטיפסטי להקפ,גרמים,600.00,100 גרם,false,0,27.50,4.58,true,1,
7290000101934,false,מיקס פירות יער מוקפאות 300 ג' סנפרוסט,"סנפרוסט בע""מ",IL,מיקס פירות יער מוקפא,גרמים,300.00,100 גרם,false,1,17.90,5.97,true,1,
7290000101941,false,אננס חתוך מוקפא סנפרוסט 300ג',"סנפרוסט בע""מ",IL,אננס מוקפא סנפרוסט,גרמים,300.00,100 גרם,false,1,17.90,5.97,true,1,
7290000101958,false,מנגו חתוך מוקפא סנפרוסט 300ג',"סנפרוסט בע""מ",IL,מנגו מוקפא סנפרוסט,גרמים,300.00,100 גרם,false,1,17.90,5.97,true,1,
7290000103433,false,לקט ירקות סנפרוסט לתנור 800 גר,"איי, בי, אינבוו",IL,לקט ירקות סנפרוסט לת,גרמים,800.00,100 גרם,false,1,22.90,2.86,true,1,
7290000103471,false,מיני ברוקולי סנפרוסט 600 גר',"סנפרוסט בע""מ",IL,מיני ברוקולי 600 גר,גרמים,600.00,100 גרם,false,1,16.70,2.78,true,1,
7290000103730,false,לקט להקפצה עם פסטה פוזילי סנפרוסט 800 גרם,"איי, בי, אינבוו",IL,לקט להקפצה עם פסטה פ,גרמים,800.00,100 גרם,false,1,23.90,2.99,true,1,
7290000103815,false,סנפרוסט לקט להקפצה תאילנדי 800 גר,"סנפרוסט בע""מ",IL,לקט להקפצה בסגנון תא,גרמים,800.00,100 גרם,false,1,23.90,2.99,true,1,
7290000104201,false,אפונה עדינה סנפרוסט 600 גרם,"איי, בי, אינבוו",IL,אפונה עדינה 600 גר,גרמים,600.00,100 גרם,false,1,17.90,2.98,true,1,
7290000104225,false,בצל קצוץ סנפרוסט 600 גרם,"סנפרוסט בע""מ",IL,בצל קצוץ 600 גרם,גרמים,600.00,100 גרם,false,1,19.80,3.30,true,1,
7290000104676,false,אפונה קפואה סנפרוסט 800 גרם,"איי, בי, אינבוו",IL,אפונת גינה 800 גרם,גרמים,800.00,100 גרם,false,1,16.90,2.11,true,1,
7290000104683,false,שעועית ירוקה שלמה 800 גר סנפרוסט,"סנפרוסט בע""מ",IL,שעועית ירוקה שלמה,גרמים,800.00,100 גרם,false,1,19.90,2.49,true,1,
7290000104720,false,שעועית ירוקה חתוכה 800גר סנפרוסט,"סנפרוסט בע""מ",IL,שעועית ירוקה חתוכה 8,גרמים,800.00,100 גרם,false,1,18.70,2.34,true,1,
7290000104737,false,שעועית צהובה חתוכה סנפרוסט 800גר,"סנפרוסט בע""מ",IL,שעועית צהובה חתוכה,גרמים,800.00,100 גרם,false,1,18.70,2.34,true,1,
7290000104744,false,כרובית 800 גר סנפרוסט,"סנפרוסט בע""מ",IL,כרובית 800גר סנפרוסט,גרמים,800.00,100 גרם,false,1,20.80,2.60,true,1,
7290000104751,false,כרוב ניצנים סנפרוסט 800 גרם,"איי, בי, אינבוו",IL,כרוב ניצנים 800 גר,גרמים,800.00,100 גרם,false,1,23.90,2.99,true,1,
7290000104768,false,תרד עלים סנפרוסט 800 ג ',"איי, בי, אינבוו",IL,תרד עלים 800גר סנפרו,גרמים,800.00,100 גרם,false,1,25.60,3.20,true,1,
7290000104775,false,מדליוני תרד 800 גר סנפרוסט,"איי, בי, אינבוו",IL,מדליוני תרד סנפרוסט,גרמים,800.00,100 גרם,false,1,20.80,2.60,true,1,
7290000104799,false,שעועית לבנה מבושלת סנפרוסט 800גר,"איי, בי, אינבוו",IL,שעועית לבנה 800 גרם,גרמים,800.00,100 גרם,false,1,18.90,2.36,true,1,
7290000104805,false,גרגירי חומוס קפוא 800 ג' סנפרוסט,"איי, בי, אינבוו",IL,חומוס קפוא סנפרוסט,גרמים,800.00,100 גרם,false,1,18.90,2.36,true,1,
7290000104829,false,"קלחוני תירס 1 ק""ג סנפרוסט","סנפרוסט בע""מ",IL,"קלחוני תירס 1 ק""ג סנ",גרמים,1000.00,100 גרם,false,1,18.90,1.89,true,1,
7290000104836,false,שעועית עדינה שלמה 600 גר סנפרוסט,"סנפרוסט בע""מ",IL,שעועית עדינה שלמה 60,גרמים,600.00,100 גרם,false,1,20.90,3.48,true,1,
7290000104874,false,ירקות לקוסקוס של אמא סנפרוסט 800ג',"סנפרוסט בע""מ",IL,לקט לקוסקוס 800גר סנ,גרמים,800.00,100 גרם,false,1,22.90,2.86,true,1,
7290000104904,false,לקט ירקות מעורבים 800 ג' סנפרוסט,"איי, בי, אינבוו",IL,ירקות מעורבים 800גר-,גרמים,800.00,100 גרם,false,1,22.90,2.86,true,1,
7290000104911,false,לקט נורמנדי 800 גר סנפרוסט,"איי, בי, אינבוו",IL,לקט נורמנדי 800 גרם,גרמים,800.00,100 גרם,false,1,22.90,2.86,true,1,
7290000106526,false,ירקות מעורבים מוקפאים חגיגה ירוקה להקפצה,"איי, בי, אינבוו",IL,חגיגה ירוקה להקפצה ס,גרמים,800.00,100 גרם,false,1,24.90,3.11,true,1,
7290000107165,false,פולי סויה אדממה סנפרוסט 400 ג',"איי, בי, אינבוו",IL,חטיף סויה סנפרוסט,גרמים,400.00,100 גרם,false,1,14.60,3.65,true,1,
7290000107189,false,תחתיות ארטישוק 400 גרם סנפרוסט,"איי, בי, אינבוו",IL,תחתיות ארטישוק 400 ג,גרמים,400.00,100 גרם,false,1,20.90,5.23,true,1,
7290000107295,false,תפרחות ברוקולי סנפרוסט 800 ג',"איי, בי, אינבוו",IL,ברוקולי 800 גרם סנפר,גרמים,800.00,100 גרם,false,1,24.90,3.11,true,1,
7290000110844,false,"כיפלי גריל בד""צ תלמה 70 ג'",יוניליור ישראל מזון,IL,"כפלי גריל בד""צ 70 גר",גרמים,70.00,100 גרם,false,1,5.90,8.43,true,1,
7290000110851,false,"כיפלי בצל בד""צ תלמה 70 ג'",אתר שפע - Food,IL,"כפלי בצל בד""צ 70 גרם",גרמים,70.00,100 גרם,false,1,5.90,8.43,true,1,
7290000111000,false,שתיה קרה בודד,,,שתיה קרה בודד,Unknown,0.00,Unknown,false,1,1.00,1.00,true,1,
7290000111117,false,מרכך כביסה לבן 4 ל' בדין,יוניליור ישראל טיפוח,IL,בדין לבן 4 ליטר -לבן,ליטרים,0.00,ליטר,false,1,19.90,19.90,true,1,
7290000111186,false,מיונז תלמה 500 גרם-צנצנת,יוניליוור ישראל מזון,IL,מיונז תלמה 500 גרם-צ,גרמים,500.00,100 גרם,false,1,9.90,1.98,true,1,
7290000111353,false,"מיונז אמיתי תלמה 1 ק""ג",יוניליוור ישראל מזון,IL,"מיונז 1 ק""ג-צנצנת",גרמים,1000.00,100 גרם,false,1,16.90,1.69,true,1,
7290000111384,false,חרדל אמיתי בצנצנת 550 ג' תלמה,יוניליוור ישראל מזו,IL,חרדל תלמה 550 גרם-צנ,גרמים,550.00,100 גרם,false,1,10.40,1.89,true,1,
7290000112220,false,בארכה טחינה 100% שומשום 500 גרם,רושדי תעשיות מזון בע,IL,טחינה 500 גר בארכה,גרמים,500.00,100 גרם,false,1,13.90,2.78,true,1,
7290000112237,false,בארכה טחינה 100% שומשום 6*1000גרם,רושדי תעשיות מזון בע,IL,"טחינה 1 ק""ג-צנצנת",גרמים,1000.00,100 גרם,false,1,32.50,3.25,true,1,
7290000112497,false,מרק עשיר עוף אטריות קנור 75 גרם - שקיות,יוניליוור ישראל מזון,IL,מרק עשיר עוף אטריות,גרמים,75.00,100 גרם,false,1,10.40,13.87,true,1,
7290000112619,false,מרק עוף לתיבול והעשרה קנור 400 גרם,יוניליוור ישראל מזון,IL,אבקת מרק עוף קנור,גרמים,400.00,100 גרם,false,1,19.90,4.98,true,1,
7290000113180,false,כיפלי חטיף צ'יפס 70ג' בדץ,יוניליור ישראל מזון,IL,כפלי ציפס 50 גרם בדצ,גרמים,75.00,100 גרם,false,1,5.20,6.93,true,1,
7290000113203,false,"כפלי קטשופ 50 גרם בד""צ",יוניליוור ישראל מזון,IL,כפלי קטשופ 50 גרם בד,גרמים,50.00,100 גרם,false,1,5.20,10.40,true,1,
7290000117171,false,מרק טעם עוף דל קלוריות 48 גרם-קופסא,יוניליוור ישראל מזון,IL,מרק טעם עוף דל קלורי,גרמים,48.00,100 גרם,false,1,9.00,18.75,true,1,
7290000117720,false,קנור - נמס בכוס זוג פטריות 21.50 גרם * 2,יוניליוור ישראל מזון,IL,מרק נמס בכוס פטריות,גרמים,43.00,100 גרם,false,1,6.50,15.12,true,1,
7290000118277,false,כופתאות מצה להכנת מהירה 65 ג' קנור,יוניליוור ישראל מזון,IL,קניידלך 130 גרם-קופ,גרמים,130.00,100 גרם,false,1,11.40,8.77,true,1,
7290000120836,false,הלמנס מיונז אמיתי 394גר ADR,קונפקו אינק' די.בי.א,CA,מיונז הלמנס 394 גרם,גרמים,433.00,100 גרם,false,1,10.90,2.52,true,1,
7290000120874,false,מיונז הלמנס לייט מופחת קלוריות 424ג,"יונילוור ארה""ב - HPC",US,מיונז הלמנס לייט 424,גרמים,476.00,100 גרם,false,1,10.90,2.29,true,1,
7290000121093,false,גבינה מון בלאן שוצרית 120 גרם,האי נאם סי או אל.טי.,IL,מון בלאן שוצרית 120,גרמים,120.00,100 גרם,false,1,13.30,11.08,true,1,
7290000121147,false,גבינה מון בלאן לייט 7% פיקנטי 120ג',"שלושת האופים בע""מ",IL,גבינת מון בלאן פיקנ,גרמים,121.00,100 גרם,false,1,13.30,10.99,true,1,
7290000121239,false,מיוקל 5% שומן ללא כולסטרול תלמה 500ג',יוניליוור ישראל מזון,IL,מיוקל 5%,גרמים,500.00,100 גרם,false,1,15.20,3.04,true,1,
7290000122830,false,רוטב בישול סצואן 370 גרם קנור,מיוצר עי קונדיטוריית,IL,רוטב בישול סצואן 370,גרמים,370.00,100 גרם,false,1,10.90,2.95,true,1,
7290000125251,false,בדין שמפו לכביסה עדינה 2 ליטר,"זוהר דליה, קיבוץ דלי",IL,בדין שמפו לכביסה עדי,ליטרים,0.00,ליטר,false,1,26.50,26.50,true,1,
7290000129457,false,אבקת רוטב פטריות קנור 28 ג' שקית,יוניליוור ישראל מזון,IL,קנור רוטב פטריות באב,גרמים,29.00,100 גרם,false,1,4.90,16.90,true,1,
7290000129785,false,מרכך כביסה ירוק 4 ל' בדין,,IL,מרכך כביסה בדין ירוק,ליטרים,0.00,ליטר,false,1,19.90,19.90,true,1,
7290000135045,false,"XL TEN משקה אנרגיה פתוח ללא סוכר 250 מ""ל","טמפו משקאות בע""מ",IL,XL TEN משקה אנרגיה פ,מיליליטרים,250.00,"100 מ""ל",false,1,4.90,1.96,true,1,
7290000135182,false,"מארז 7 אפ פרי דל קלוריות בטעם לימון ליים פחית צרה 330 מ""ל*6 יח'","טמפו משקאות בע""מ",AL,שישייה 7 אפ פרי פחיו,ליטרים,0.00,ליטר,false,1,18.90,18.90,true,1,
7290000135311,false,פפסי מקס ליים 1.5 ליטר בודד,"טמפו משקאות בע""מ",IL,פפסי מקס ליים 1.5 לי,ליטרים,0.00,ליטר,false,1,7.50,7.50,true,1,
7290000135342,false,"מי סודה טמפו בקבוק 500 מ""ל",,,"מי סודה 500 מ""ל בקבו",מיליליטרים,500.00,"100 מ""ל",false,1,2.90,0.58,true,1,
7290000135595,false,פפסי מקס בטעם דובדבן 1.5 ליטר,"איי, בי, אינבוו",IL,פפסי מקס דובדבן 1.5,ליטרים,0.00,ליטר,false,1,7.60,7.60,true,1,
7290000135625,false,"רביעיית פחיות גולדסטאר 500 מ""ל",טמפו,IL,רביעיית פחיות גולדסט,מיליליטרים,2000.00,"100 מ""ל",false,1,32.90,1.65,true,1,
7290000135663,false,"פפסי מקס דובדבן פחית צרה מארז שישייה 330 מ""ל",,,שישיית פפסי מקס דובד,ליטרים,0.00,ליטר,false,1,19.50,19.50,true,1,
7290000136158,false,פפסי מקס 1.5 ליטר פיקדון,פפסי Pepsi,IL,פפסי מקס 1.5 ליטר,ליטרים,0.00,ליטר,false,1,7.20,7.20,true,1,
7290000136257,false,פאנק טוניק גזוז בטעם פירות,טמפו 7.5%,IL,פאנק טוניק 1.5 ל טמפ,ליטרים,0.00,ליטר,false,1,9.20,9.20,true,1,
7290000136264,false,מי טוניק גזוז 1.5 ל' טמפו,טמפו 7.5%,IL,טוניק 1.5 ל טמפו,ליטרים,0.00,ליטר,false,1,9.90,9.90,true,1,
7290000136288,false,סירופ בטעם תפוחים סיידר הגליל JUICER,סיידר הגליל,IL,סירופ בטעם תפוחים 33,מיליליטרים,330.00,"100 מ""ל",false,1,14.90,4.52,true,1,
7290000136431,false,משקה בטעם אפרסק צלול תריסר 1.5 ל' ג'אמפ,טמפו 7.5%,IL,גאמפ אפרסק 1.5 ליטר,ליטרים,0.00,ליטר,false,1,7.50,7.50,true,1,
7290000136523,false,משקה בטעם ענבים תריסר 1.5 ל' ג'אמפ,טמפו 7.5%,IL,גאמפ ענבים 1.5 ליטר,ליטרים,0.00,ליטר,false,1,7.50,7.50,true,1,
7290000136561,false,משקה בטעם תות בננה תריסר 1.5 ל' ג'אמפ,טמפו 7.5%,IL,גאמפ תות בננה 1.5 ל,ליטרים,0.00,ליטר,false,1,7.50,7.50,true,1,
7290000136585,false,משקה בטעם תפוזים תריסר 1.5 ל' ג'אמפ,טמפו 7.5%,IL,גאמפ תפוז 1.5 ליטר,ליטרים,0.00,ליטר,false,1,7.50,7.50,true,1,
7290000136646,false,משקה מאלט תריסר 1.5 ל' נשר,טמפו 7.5%,IL,נשר מאלט 1.5 ליטר,ליטרים,0.00,ליטר,false,1,8.90,8.90,true,1,
7290000136653,false,משקה מאלט דיאט תריסר 1.5 ל' נשר,טמפו 7.5%,IL,דיאט נשר מאלט 1.5 לי,ליטרים,0.00,ליטר,false,1,8.90,8.90,true,1,
7290000136660,false,סודה רגיל 1.5 ליטר,טמפו,IL,מי סודה 1.5 ליטר,ליטרים,0.00,ליטר,false,1,3.70,3.70,true,1,
7290000136677,false,פפסי קולה פיקדון 1.5 ליטר,טמפו,IL,פפסי קולה 1.5 ליטר,ליטרים,0.00,ליטר,false,1,7.90,7.90,true,1,
7290000136684,false,פפסי מקס פיקדון 1.5 ליטר,טמפו,IL,פפסי מקס 1.5 ליטר,ליטרים,0.00,ליטר,false,1,7.20,7.20,true,1,
7290000136707,false,מירינדה בקבוק 1.5 לי,טמפו,IL,מירינדה 1.5 ליטר,ליטרים,0.00,ליטר,false,1,7.90,7.90,true,1,
7290000136806,false,מארז סודה רביעייה לימון ליים 1.5 ל' טמפו,טמפו 7.5%,IL,רביעייה סודה לימון ל,ליטרים,0.01,ליטר,false,1,12.00,1200.00,true,1,
7290000136813,false,סודה בטעם אננס מארז רביעייה 1.5 ל' טמפו,טמפו 7.5%,IL,רביעייה סודה אננס 1.,ליטרים,0.01,ליטר,false,1,12.00,1200.00,true,1,
7290000136837,false,גזוז בנגיעות טעם אפרסק - מארז רביעייה,טמפו 7.5%,IL,רביעייה סודה אפרסק 1,ליטרים,0.01,ליטר,false,1,12.00,1200.00,true,1,
7290000136844,false,מארז מים מזוככים אקווה נובה שישיית 2 ליטר,אקווה נובה Aqua Nova,IL,שישיית אקווה נובה 2ל,ליטרים,0.01,ליטר,false,1,12.90,1290.00,true,1,
7290000136851,false,סבן אפ פיקדון 1.5 ליטר,טמפו,IL,סבן אפ 1.5 ליטר,ליטרים,0.00,ליטר,false,1,7.90,7.90,true,1,
7290000136868,false,שישיית מים מינרלים סאן בנדטו,סאן בנדטו San Benedetto,IL,שישיית מים סאן בנדטו,ליטרים,0.01,ליטר,false,1,18.90,1890.00,true,1,
7290000136875,false,מארז מים מינרלים מוגז 6* 1.5 ל' סאן בנדטו,סאן בנדטו San Benedetto,IL,שישיית סאן בנדטו מוג,ליטרים,0.01,ליטר,false,1,19.90,1990.00,true,1,
7290000136936,false,סבן אפ דיאט בקבוק 1.,טמפו,IL,סבן אפ דיאט 1.5 ליטר,ליטרים,0.00,ליטר,false,1,7.90,7.90,true,1,
7290000137513,false,גלידונית גלידה וניל בציפוי שוקולד 60 יח' קרמיסימו,"גלידת שטראוס בע""מ, ר",IL,גלידונית 60 יחידות,גרמים,700.00,100 גרם,false,1,44.90,6.41,true,1,
7290000137643,false,מאגדת שלגוני טעמקור 8 יח' שטראוס,"גלידת שטראוס בע""מ, ר",IL,שמיניית טעמקור,גרמים,400.00,100 גרם,false,1,39.90,9.98,true,1,
7290000139258,false,שלווה עם סוכר ודבש 200 גרם,"אשב""ל בע""מ",IL,שלווה עם סוכר ודבש 2,גרמים,200.00,100 גרם,false,1,8.50,4.25,true,1,
7290000143217,false,"הוואי שמפו יבש מסולסל 700 מ""ל",שוורצקוף& הנקל דיסלד,IL,שמפו הוואי לשיער יבש,מיליליטרים,700.00,"100 מ""ל",false,1,8.90,1.27,true,1,
7290000143279,false,"שמפו הוואי נגד קשקשים 700 מ""ל-אדום",שוורצקוף& הנקל דיסלד,IL,שמפו הוואי נגד קשקשי,מיליליטרים,700.00,"100 מ""ל",false,1,8.90,1.27,true,1,
7290000144160,false,"שמן זית כתית מעולה מודגש""עץ-הזית"" 750 מ""ל","מרקאולאו, ספרד.אבסה,",IL,שמן זית כתית מעולה ב,מיליליטרים,750.00,"100 מ""ל",false,1,29.90,3.99,true,1,
7290000144467,false,שמן חמניות מועשר בנוגדי חמצון 1 ל' עץ הזית,"נארז ע""י : א.ג. גילר",GR,שמן עץ הזית חמניות 1,מיליליטרים,1000.00,"100 מ""ל",false,1,16.40,1.64,true,1,
7290000144474,false,שמן עץ הזית קנולה 1 ליטר בריאות מהטבע,שמן תעשיות,EE,שמן עץ הזית קנולה 1,מיליליטרים,1000.00,"100 מ""ל",false,1,14.90,1.49,true,1,
7290000146997,false,"טום וג'רי - משחת שיניים מסטיק 50 מ""ל",טרופיקל דגיל קוסמטיק,IL,משחת שיניים מסטיק טו,Unknown,0.00,Unknown,false,1,9.70,9.70,true,1,
7290000148380,false,פיסטוק קלוי שקית 200 גרם,"ג'י אנד ג'י בע""מ",IL,פיסטוק קלוי שקית 200,גרמים,200.00,100 גרם,false,1,22.90,11.45,true,1,
7290000148618,false,קשיו מטוגן שקית קליית גת 200 גרם,"ג'י אנד ג'י בע""מ",IL,קשיו מטוגן שקית קליי,גרמים,200.00,100 גרם,false,1,19.80,9.90,true,1,
7290000148748,false,גרעיני חמניה שקית קליית גת 200 גרם,"ג'י אנד ג'י בע""מ",IL,גרעיני חמניה שקית קל,גרמים,200.00,100 גרם,false,1,6.20,3.10,true,1,
7290000149905,false,טקסטיל שמפו לכביסה ביד 1 ליטר,מיוצר עי קונדיטוריית,IL,טקסטיל שמפו לכביסה 1,מיליליטרים,1000.00,"100 מ""ל",false,1,15.60,1.56,true,1,
7290000161358,false,תלמה מיונז אמיתי משמן קנולה 500 גרם,אתר חיפה ממרחים - Fo,IL,תלמה מיונז אמיתי משמ,גרמים,500.00,100 גרם,false,1,16.90,3.38,true,1,
7290000168173,false,ברנפלקס קרנצים 375 ג' תלמה,יוניליור ישראל מזון,IL,ברנפלקס קרנצים 375 ג,גרמים,375.00,100 גרם,false,1,20.90,5.57,true,1,
7290000169538,false,"נמס בכוס עגבניות וקרוטונים מרק כשרות בד""ץ 62 ג' קנור",יוניליוור ישראל מזון,IL,מרק נמס בכוס עגבניות,גרמים,56.00,100 גרם,false,1,6.50,11.61,true,1,
7290000169798,false,"עוגי מופחת סוכר 20% פצפוצי שוקו' 500ג' בד""צ",יוניליוור שפע ישראל,IL,עוגי 20% פחות סוכר 5,גרמים,500.00,100 גרם,false,1,22.90,4.58,true,1,
7290000170053,false,שוקולד פרה חלב 100 גרם,"תופינית בע""מ",IL,שוקולד פרה חלב 100 ג,גרמים,100.00,100 גרם,false,1,5.20,5.20,true,1,
7290000174723,false,שוקולית אבקה להכנת משקה שוקו 500 גרם,הנסיך- מפעל לייצור ט,IL,שוקולית 500 גרם,גרמים,500.00,100 גרם,false,1,11.90,2.38,true,1,
7290000176062,false,קפה עלית טורקי 100 גרם,שטראוס קפה בי.וי.,IL,קפה עלית טורקי 100 ג,גרמים,100.00,100 גרם,false,1,8.30,8.30,true,1,
7290000176079,false,קפה עלית טורקי עם הל 100 גרם,הנסיך- מפעל לייצור ט,IL,קפה עלית טורקי עם הל,גרמים,100.00,100 גרם,false,1,8.70,8.70,true,1,
7290000176116,false,"קפה טורקי עלית וואקום 1 ק""ג",הנסיך- מפעל לייצור ט,IL,קפה עלית טורקי,גרמים,1000.00,100 גרם,false,1,86.90,8.69,true,1,
7290000176413,false,קפה נמס עלית 50 גרם,הנסיך- מפעל לייצור ט,IL,קפה נמס עלית 50 גרם,גרמים,50.00,100 גרם,false,1,9.40,18.80,true,1,
7290000176420,false,קפה נמס אבקתי 200ג עלית,שטראוס קפה בי.וי,IL,קפה נמס עלית 200 גרם,גרמים,200.00,100 גרם,false,1,18.90,9.45,true,1,
7290000176468,false,קפה נמס נטול קפאין 50 ג' קפה האג,"איי, בי, אינבוו",IL,האג נמס אבקתי 50 גרם,גרמים,50.00,100 גרם,false,1,12.00,24.00,true,1,
7290000178707,false,תפוצ'יפס טבעי 50 גרם,"שטראוס פריטו ליי בע""",IL,תפוציפס טבעי 50 גרם,גרמים,50.00,100 גרם,false,1,3.90,7.80,true,1,
7290000178721,false,תפוציפס מלוח 200 גרם,"שטראוס פריטו ליי בע""",IL,תפוציפס טבעי 200 גרם,גרמים,200.00,100 גרם,false,1,9.90,4.95,true,1,
7290000186535,false,נייר טואלט טריו לבן 32 גלילים לילי,קימברלי קלארק ישראל,IL,לילי טריו לבן 32 גלי,מטרים,537.28,מטר,false,1,42.90,0.08,true,1,
7290000186931,false,ניקול כריות קרצוף חתוכות 12 יח',UFO,US,ניקול סקוטש חתוך 12,Unknown,0.00,Unknown,false,1,12.80,12.80,true,1,
7290000187938,false,לילי - נייר טואולט נייר טואלט פסטל 32 יח',קימברלי קלארק,IL,לילי פסטל 32 גלילים,מטרים,588.00,מטר,false,1,40.90,0.07,true,1,
7290000187952,false,נייר טואלט טריו לילי פרימיום 32גליל,קימברלי קלארק,IL,לילי טריו ורוד 32 גל,מטרים,537.28,מטר,false,1,42.90,0.08,true,1,
7290000189192,false,מגבת רב שימושית סופר ניקול 64 דף,קימברלי קולומביה,CO,סופר מגבת ניקול 64 י,מטרים,1.85,מטר,false,1,15.90,8.59,true,1,
7290000189277,false,תבניות מלבניות גדולות ועמוקות 3 יח,בראבו,CN,תבניות מלבניות גדולו,Unknown,0.00,Unknown,false,1,10.90,10.90,true,1,
7290000189536,false,אשפתון שרוך מתכלה 52/65 ניקול 40 יח',אשפלסט,TR,שקיות אשפה ניקול 40,Unknown,0.00,Unknown,false,1,19.80,19.80,true,1,
7290000189550,false,זוג אשפתון ניקול ענק מתכלה 10 יח,אשפלסט,IL,XXL ניקול שקיות אשפה,Unknown,0.00,Unknown,false,1,25.90,25.90,true,1,
7290000189598,false,מטליות לחות חד פעמיות לניקוי כללי 50 יח' ניקול,עלבד משואות יצחק בעמ,IL,ניקול מטלית לחות חד,Unknown,0.00,Unknown,false,1,10.90,10.90,true,1,
7290000189659,false,מטליות לחות לרצפה ניקול 10 יח'-מרכז,עלבד משואות יצחק בעמ,IL,ניקול מטליות לחות לר,Unknown,0.00,Unknown,false,1,10.90,10.90,true,1,
7290000189734,false,מטליות לחות לפרקט 10יח' ניקול,עלבד משואות יצחק בעמ,IL,מטליות לחות לפרקטים,Unknown,0.00,Unknown,false,1,17.90,17.90,true,1,
7290000190068,false,מפיות אירוח לבן 100 יחי' ניקול,חוגלה קימברלי,IL,מפיות ניקול 100,Unknown,0.00,Unknown,false,1,8.90,8.90,true,1,
7290000190198,false,מטליות לניקוי וחיטוי חדרי שירותים ואמבטיה,עלבד משואות יצחק בעמ,IL,מטלית ניקול לניקוי ח,Unknown,0.00,Unknown,false,1,10.90,10.90,true,1,
7290000190853,false,לילי פיור נייר טואלט דו שכבתי 30 גלילים,לילי Lily,,לילי פיור נייר טואלט,מטרים,588.00,מטר,false,1,43.90,0.07,true,1,
7290000191225,false,האגיס - רך נולד מידה 2 מוקטן 44 יח',קימברלי קלארק שיווק,IL,חיתולי האגיס ליטל בי,Unknown,0.00,Unknown,false,1,34.50,34.50,true,1,
7290000191539,false,ממחטות טישו לילי צבעוני חמישיה,חוגלה קימברלי,IL,ממחטות נייר לילי 5 י,Unknown,0.00,Unknown,false,1,14.90,14.90,true,1,
7290000191652,false,קלינקס ממחטות טישו אולטרא סופט מארז 90X3יח',חוגלה קימברלי,IL,קלינקס שלישייה,Unknown,0.00,Unknown,false,1,9.90,9.90,true,1,
7290000192581,false,מגבת נייר גליל כפול ניקול 12=6 גליל,,IL,נייר מגבת ניקול 6=12,מטרים,129.72,מטר,false,1,20.90,0.16,true,1,
7290000193014,false,פדיות אינטרלוד מגיני יום לילי 50יח',חוגלה קימברלי,CZ,לילי אינטרלוד,Unknown,0.00,Unknown,false,1,12.80,12.80,true,1,
7290000193076,false,שלישיית מטליות לריצפה ניקול,עופרטקס,IL,שלישיית מטליות לריצפ,Unknown,0.00,Unknown,false,1,12.50,12.50,true,1,
7290000193083,false,לילי - תחבושות נובה לי 28 יח',חוגלה קימברלי,CZ,נובה לי,Unknown,0.00,Unknown,false,1,11.80,11.80,true,1,
7290000194288,false,האגיס משטחי החתלה 10,Ontex,BE,האגיס משטח החתלה,Unknown,0.00,Unknown,false,1,23.90,23.90,true,1,
7290000194837,false,ניקול - שקיות מזון + ידיות קשירה אקסטרה לארג' 200 יח',קילת,CN,שקיות מזון גדולות עם,Unknown,0.00,Unknown,false,1,14.60,14.60,true,1,
7290000195216,false,נייר אפייה בשקית ניקול 50 יח',אופל,IL,נייר אפייה ניקול,Unknown,0.00,Unknown,false,1,11.90,11.90,true,1,
7290000195537,false,האגיס - מגבוני האגיס דיילי קר לא מבושם 64 יח' * 4,חוגלה קימברלי,IL,מגבוני האגיס רביעיה,Unknown,0.00,Unknown,false,1,19.90,19.90,true,1,
7290000195773,false,האגיס - מגבוני האגיס סנסטיב קר לא מבושם 64 יח' * 4,חוגלה קימברלי,IL,מגבוני האגיס קמומיל,Unknown,0.00,Unknown,false,1,19.90,19.90,true,1,
7290000196039,false,"מפות שולחן איריס ח""פ ניקול 2 יח'",דיספובד,IL,מפות שולחן ניקול זוג,Unknown,0.00,Unknown,false,1,12.00,12.00,true,1,
7290000197012,false,ניקול שקיות ניילון ריצרץ לאחסון 15יח',קילת,CN,שקיות ריצרץ לטריות 1,Unknown,0.00,Unknown,false,1,13.40,13.40,true,1,
7290000197029,false,ניקול שקיות ניילון ריצרץ לאחסון 12יח',קילת,IL,שקיות ריצרץ לאיחסון,Unknown,0.00,Unknown,false,1,13.40,13.40,true,1,
7290000197326,false,רדיד אלומניום ניקול זוגי 30X7.5מ',אופל,IL,רדיד אלומיניום ניקול,מטרים,15.00,מטר,false,1,9.90,0.66,true,1,
7290000197340,false,רדיד אלומניום ניקול זוגי 45X7.5מ',אופל,IL,זוג רדיד ניקול ארוך,מטרים,15.00,מטר,false,1,21.90,1.46,true,1,
7290000197425,false,האגיס פרידום דריי שלב 3 54 יחידות,קימברלי קלארק ישראל,IL,האגיס פרידום דריי של,Unknown,0.00,Unknown,false,1,41.90,41.90,true,1,
7290000197432,false,שקיות אוכל סנדביצ'ון ניקול מארז 150X2יח',אשלפסט תעשיות בעמ,IL,זוג סנדביצון ענק,Unknown,0.00,Unknown,false,1,12.90,12.90,true,1,
7290000197463,false,האגיס פרידום דריי שלב 4+ 42 יחידות,קימברלי קלארק ישראל,IL,האגיס פרידום דריי של,Unknown,0.00,Unknown,false,1,41.90,41.90,true,1,
7290000197548,false,האגיס פרידום דריי שלב 5 38 יחידות,קימברלי קלארק ישראל,IL,האגיס פרידום דריי של,Unknown,0.00,Unknown,false,1,41.90,41.90,true,1,
7290000197678,false,האגיס פרידום דריי שלב 6 34 יחידות,קימברלי קלארק ישראל,IL,האגיס פרידום דריי של,Unknown,0.00,Unknown,false,1,41.90,41.90,true,1,
7290000197753,false,ניילון נצמד אנטי בטקריאלי ניקול 30X2מ',GTC,CN,זוג ניילון נצמד ניקו,מטרים,60.00,מטר,false,1,11.90,0.20,true,1,
7290000197999,false,רדיד אלומיניום עבה ניקול זוגי 30X7.5מ',אופל,IL,זוג רדיד ניקול עבה,מטרים,15.00,מטר,false,1,17.70,1.18,true,1,
7290000201795,false,"האגיס מגבונים לתינוק מבושם מארז, שלישיה * 64 יח'",קימברלי,IL,מגבוני האגיס שלישייה,Unknown,0.00,Unknown,false,1,21.90,21.90,true,1,
7290000204215,false,ניקול כריות יפניות 6 יח',פלסטו פוליש (ברקן),IL,כרית ניקול שישייה,Unknown,0.00,Unknown,false,1,10.90,10.90,true,1,
7290000204253,false,מטליות ניקול רב שימושיות 9יח',נועם אורים-קיבוץ אור,IL,מטליות ניקול 9 יח,Unknown,0.00,Unknown,false,1,9.90,9.90,true,1,
7290000204512,false,מטליות לחות לרצפה בניחוח לימון 10 יח' ניקול,עלבד משואות יצחק בעמ,IL,מטליות לחות לרצפה בר,Unknown,0.00,Unknown,false,1,10.90,10.90,true,1,
7290000205762,false,חיתולי האגיס אקסטרה קייר מידה 3 48 יח',חוגלה קימברלי,IL,האגיס אקסטרה קייר מי,Unknown,0.00,Unknown,false,1,49.90,49.90,true,1,
7290000205915,false,חיתולי האגיס אקסטרה קייר מידה 4 40יח,חוגלה קימברלי,IL,האגיס אקסטרה קייר מי,Unknown,0.00,Unknown,false,1,49.90,49.90,true,1,
7290000207063,false,רסק עגבניות פריכוז 28% 240 גרם יכין,היינץ צפון אמריקה מק,IL,פריכוז 240 גר,גרמים,240.00,100 גרם,false,1,4.90,2.04,true,1,
7290000207162,false,רוטב עגבניות מרכיב טבעי 100 ג' יכין,"זנלכל בע""מ",IL,רוטב עגבניות יכין 10,גרמים,100.00,100 גרם,false,1,2.50,2.50,true,1,
7290000208008,false,רסק פלפל חריף חריסה A2 יכין 550 ג',"זנלכל בע""מ",IL,חריסה 550 גר יכין A/,גרמים,550.00,100 גרם,false,1,9.90,1.80,true,1,
7290000208022,false,עגבניות מרוסקות פריכוז 800 ג' יכין,"זנלכל בע""מ",IL,עגבניות 2.5 A מרוסק,גרמים,850.00,100 גרם,false,1,9.90,1.16,true,1,
7290000208077,false,אפונת גינה רגילה 550 גרם יכין,"זנלכל בע""מ",IL,אפונת גינה רגילה 550,גרמים,550.00,100 גרם,false,1,8.50,1.55,true,1,
7290000208114,false,"אפונה וגזר יכין A2 פ""ק בית יוסף","זנלכל בע""מ",IL,אפונה וגזר יכין 550,גרמים,550.00,100 גרם,false,1,8.50,1.55,true,1,
7290000208138,false,סירופ ענבים דיאט 1 ליטר יכין,"זנלכל בע""מ",IL,סירופ דיאט ענבים יכי,מיליליטרים,1000.00,"100 מ""ל",false,1,17.90,1.79,true,1,
7290000208213,false,שעועית לבנה אפויה A2 ברוטב עגבניות יכין 560ג',היינץ צפון אמריקה מק,IL,שעועית יכין אפויה 58,גרמים,580.00,100 גרם,false,1,8.50,1.47,true,1,
7290000208220,false,"שעועית צ'לי יכין פ""ק A2 בית יוסף",היינץ צפון אמריקה מק,IL,שעועית צלי חריף A2,גרמים,550.00,100 גרם,false,1,9.90,1.80,true,1,
7290000208244,false,"בסיס לשקשוקה יכין A2 פ""ק בית יוסף","זנלכל בע""מ",IL,בסיס לשקשוקה יכין 57,גרמים,570.00,100 גרם,false,1,9.90,1.74,true,1,
7290000208268,false,שעועית צהובה א-2. יכין 550 ג',"זנלכל בע""מ",IL,שעועית צהובה 560 גר,גרמים,560.00,100 גרם,false,1,9.90,1.77,true,1,
7290000208312,false,גרעיני תירס מתוק בואקום יכין 400 גר',"זנלכל בע""מ",IL,תירס מתוק יכין 400 ג,גרמים,400.00,100 גרם,false,1,6.90,1.73,true,1,
7290000208329,false,גרעיני תירס מתוק 550 גרם יכין,"זנלכל בע""מ",IL,תירס גרעינים 550 גר,גרמים,550.00,100 גרם,false,1,8.50,1.55,true,1,
7290000208336,false,רסק יכין 240גר 22% יכין בית יוסף,"זנלכל בע""מ",IL,רוטב עגבניות יכין 24,גרמים,240.00,100 גרם,false,1,4.50,1.88,true,1,
7290000208343,false,עגבניות מרוסקות שום יכין A2.5 בית יוסף,היינץ צפון אמריקה מק,IL,עגבניות מרוסקות שום,גרמים,850.00,100 גרם,false,1,9.90,1.16,true,1,
7290000208350,false,עגבניות מרוסקות בצל 850 גר יכין A 2.5,,IL,עגבניות מרוסקות בצל,גרמים,800.00,100 גרם,false,1,9.90,1.24,true,1,
7290000208367,false,עגבניות מרוסקות בתוספת בזיליקום 800 ג' יכין,זנלכל,IL,עגבניות מרוסקות בזיל,גרמים,800.00,100 גרם,false,1,9.90,1.24,true,1,
7290000208404,false,A2 פול מצרי 550 גרם יכין,"זנלכל בע""מ",IL,פול יכין 560 גרם,גרמים,560.00,100 גרם,false,1,8.90,1.59,true,1,
7290000208428,false,גרגרי חומוס שלם 550 גרם יכין,"זנלכל בע""מ",IL,חומוס יכין שלם 550 ג,גרמים,550.00,100 גרם,false,1,8.50,1.55,true,1,
7290000208459,false,"לקט ירקות יכין פ""ק A2 בית יוסף","זנלכל בע""מ",IL,לקט תפוחי אדמה A2 יכ,גרמים,550.00,100 גרם,false,1,9.90,1.80,true,1,
7290000208480,false,גרעיני תירס מתוק בטעם חמאה 550 גרם יכין,זנלכל,IL,תירס בטעם חמאה יכין,גרמים,550.00,100 גרם,false,1,9.90,1.80,true,1,
7290000208800,false,גרעיני תירס מתוק לילדים 400 גרם יכין,זנלכל,IL,תירס ואקום קיד 400 ג,גרמים,400.00,100 גרם,false,1,6.90,1.73,true,1,
7290000208855,false,רוטב לפסטה קלאסי 240 גרם יכין,"זנלכל בע""מ",IL,רוטב לפסטה 260 גרם י,מיליליטרים,260.00,"100 מ""ל",false,1,6.50,2.50,true,1,
7290000208930,false,עגבניות מרוסקות בתוספת שום 240 גרם יכין,"זנלכל בע""מ",IL,עגבניות +שום 260 גרם,גרמים,260.00,100 גרם,false,1,6.50,2.50,true,1,
7290000208947,false,עגבניות מרוסקות 260 גרם יכין,היינץ צפון אמריקה מק,IL,עגבניות מרוסקות 260,גרמים,260.00,100 גרם,false,1,6.50,2.50,true,1,
7290000208978,false,פריכוז 100 גרם יכין בית יוסף,היינץ צפון אמריקה מק,IL,רסק עגבניות פריכוז 1,גרמים,100.00,100 גרם,false,1,3.40,3.40,true,1,
7290000209012,false,חומץ הדרים 5% יכין 1,"זנלכל בע""מ",IL,חומץ הדרים 1 ליטר,מיליליטרים,1000.00,"100 מ""ל",false,1,5.90,0.59,true,1,
7290000209043,false,מיץ לימון משומר 1 ל' יכין,היינץ צפון אמריקה מק,IL,מיץ לימון יכין 1 ליט,מיליליטרים,1000.00,"100 מ""ל",false,1,6.90,0.69,true,1,
7290000209371,false,שלישיית תירס יכין 165 גר OZ 6,היינץ צפון אמריקה מק,IL,שלישיית תירס יכין 16,גרמים,165.00,100 גרם,false,1,14.90,9.03,true,1,
7290000209388,false,תירס גרגרים לייט וואקום מארז 60X3ג',זנלכל,IL,שלישיית תירס לייט יכ,גרמים,165.00,100 גרם,false,1,14.90,9.03,true,1,
7290000209517,false,סירופ דיאט 1 ל ט. לימון,היינץ צפון אמריקה מק,IL,סירופ דיאט 1 ל ט. לי,ליטרים,0.00,ליטר,false,1,17.90,17.90,true,1,
7290000209524,false,ססירופ דיאט פטל יכין 1 ליטר,זנלכל,IL,סירופ דיאט פטל יכין,מיליליטרים,1000.00,"100 מ""ל",false,1,17.90,1.79,true,1,
7290000209555,false,סירופ דיאט תפוח עץ יכין 1 ליטר,זנלכל,IL,סירופ דיאט תפוח עץ י,מיליליטרים,1000.00,"100 מ""ל",false,1,17.90,1.79,true,1,
7290000209708,false,עגבניות מרוסקות עם בזיליקום 240 גרם יכין,היינץ צפון אמריקה מק,IL,עגבניות +בזיליקום 26,גרמים,260.00,100 גרם,false,1,6.50,2.50,true,1,
7290000209722,false,רסק עגבניות 28% פריכוז 580 גרם יכין,"זנלכל בע""מ",IL,רסק עגבניות פריכוז A,גרמים,580.00,100 גרם,false,1,10.90,1.88,true,1,
7290000209913,false,עגבניות חתוכות לקוביות 240 גרם יכין,"זנלכל בע""מ",IL,עגבניות קוביות 260 ג,גרמים,260.00,100 גרם,false,1,6.50,2.50,true,1,
7290000209944,false,רוטב לעגבניות בסיס לשקשוקה 240 ג' יכין,"זנלכל בע""מ",IL,רוטב עגבניות לשקשוק,גרמים,260.00,100 גרם,false,1,6.50,2.50,true,1,
7290000209951,false,רוטב עגבניות לפיצה 260 גרם יכין,"זנלכל בע""מ",IL,רוטב עגבניות לפיצה,גרמים,260.00,100 גרם,false,1,6.50,2.50,true,1,
7290000209968,false,רוטב עגבניות ללזניה יכין 240 גרם,"זנלכל בע""מ",IL,רוטב עגבניות ללזניה,גרמים,260.00,100 גרם,false,1,6.50,2.50,true,1,
7290000210148,false,אפונה ירוקה אלפא 550 גר,,,אפונה ירוקה אלפא 550,גרמים,550.00,100 גרם,false,1,8.90,1.62,true,1,
7290000210469,false,עגבניות שלמות יכין A2.5 בית יוסף,זנלכל,IL,עגבניות 2.5 A שלמות,גרמים,850.00,100 גרם,false,1,9.90,1.16,true,1,
7290000210896,false,רוטב לפסטה בולונז 240 גרם יכין,"זנלכל בע""מ",IL,רוטב בולונז 260 גרם,מיליליטרים,260.00,"100 מ""ל",false,1,6.50,2.50,true,1,
7290000211169,false,"אורז תאילנדי אחד אחד סוגת 1 ק""ג",האי נאם סי או אל.טי.,IL,"אורז תאילנדי 1 ק""ג",קילוגרמים,0.00,"ק""ג",false,1,7.90,7.90,true,1,
7290000211312,false,סוגת אורז מלא פרסי אחד אחד 1 קג,האי נאם סי או אל.טי.,IL,"אורז מלא 1 ק""ג",גרמים,1000.00,100 גרם,false,1,10.40,1.04,true,1,
7290000211374,false,קמח חיטה מלא סוגת 1,טחנת קמח דגן-שטיבל,IL,"קמח מלא 1 ק""ג סוגת",גרמים,1000.00,100 גרם,false,1,7.50,0.75,true,1,
7290000211442,false,"סוגת אורז פרסי קלאסי שקית 1 ק""ג",האי נאם סי או אל.טי.,IL,"אורז פרסי 1 ק""ג סוג",גרמים,1000.00,100 גרם,false,1,10.80,1.08,true,1,
7290000211503,false,סוכר לבן ארוז בשקית,"סוגת תעשיות בע""מ",IL,"סוכר לבן 1 ק""ג",קילוגרמים,0.00,"ק""ג",false,1,4.60,4.60,true,1,
7290000211626,false,"סוגת אורז חיש 1 ק""ג",סוגת תעשיות,IL,"אורז חיש 1 ק""ג",גרמים,1000.00,100 גרם,false,1,11.40,1.14,true,1,
7290000211985,false,"אורז ריזוטו עגול סוגת 1 ק""ג","סוגת תעשיות בע""מ",IL,אורז עגול 1 קג,גרמים,1000.00,100 גרם,false,1,9.70,0.97,true,1,
7290000226552,false,קפולסקי עוגת טורט ריבת חלב+ קוקוס קפוא,קפולסקי שיווק וקמעונ,IL,קפולסקי עוגת טורט,קילוגרמים,0.00,"ק""ג",false,1,67.90,67.90,true,1,
7290000226569,false,קפולסקי עוגת טורט קצפת שוקולד,קפולסקי שיווק וקמעונ,IL,קפולסקי עוגת טורט,גרמים,1000.00,100 גרם,false,1,67.90,6.79,true,1,
7290000226576,false,קפולסקי עוגת טורט מצופה שוקולד,קפולסקי שיווק וקמעונ,IL,קפולסקי עוגת טורט,גרמים,1000.00,100 גרם,false,1,67.90,6.79,true,1,
7290000238029,false,"בצק עלים צרפתי מרודד מעדנות 1ק""ג",מיוצר עי קונדיטוריית,IL,"בצק עלים מרודד 1 ק""ג",גרמים,1000.00,100 גרם,false,1,20.90,2.09,true,1,
7290000238036,false,מלווח עגול מעדנות 700 ג',מיוצר עי קונדיטוריית,IL,מלאווח מעדנות 700 גר,גרמים,700.00,100 גרם,false,1,16.90,2.41,true,1,
7290000238173,false,מעדנות בורקס גבינה 800גר,מיוצר עי קונדיטוריית,IL,בורקס גבינה מעדנות,גרמים,800.00,100 גרם,false,1,19.90,2.49,true,1,
7290000238180,false,בורקס תפוחי אדמה מעדנות 800ג',מיוצר עי קונדיטוריית,IL,"בורקס תפו""א 800 גרם",גרמים,800.00,100 גרם,false,1,18.90,2.36,true,1,
7290000245072,false,סוד מרכך לכביסה סופט בייבי 4 ל',"הנקל סוד בע""מ",IL,סוד לתינוק 4 ל מרכך,ליטרים,0.00,ליטר,false,1,18.80,18.80,true,1,
7290000245157,false,סוד סופט מרכך כביסה סנסיישן 4 ליטר,"הנקל סוד בע""מ",IL,סוד סנסיישן 4 ל מרכך,ליטרים,0.00,ליטר,false,1,18.80,18.80,true,1,
7290000245270,false,"פרסיל אבקת כביסה סופרא 1.250 ק""ג","הנקל סוד בע""מ",IL,אב.כביסה פרסיל 1.25,קילוגרמים,0.00,"ק""ג",false,1,16.70,16.70,true,1,
7290000262413,false,חיתולי האגיס אקסטרה קייר מידה 5 34יח,חוגלה קימברלי,IL,האגיס אקסטרה קייר מי,Unknown,0.00,Unknown,false,1,49.90,49.90,true,1,
7290000263359,false,האגיס - פיור נטורל שלב 1 ניו בורן 40 יח',קימברלי קלארק שיווק,IL,חיתולי האגיס ליטל בי,Unknown,0.00,Unknown,false,1,32.90,32.90,true,1,
7290000267036,false,שקדים משובבים השף 100 ג',"דין שיווק וקלייה בע""",IL,שקד מולבן משובב 100,גרמים,100.00,100 גרם,false,1,12.80,12.80,true,1,
7290000267050,false,שקד מולבן טחון 100 גרם,"דין שיווק וקלייה בע""",IL,שקד מולבן טחון 100 ג,גרמים,100.00,100 גרם,false,1,12.80,12.80,true,1,
7290000267500,false,קליפות הדר מצופות בשוקולד 200 גרם,"דין שיווק וקלייה בע""",IL,קליפות הדר מצופות בש,גרמים,200.00,100 גרם,false,1,13.10,6.55,true,1,
7290000267548,false,אגוזי מלך גרוסים 100 ג',"דין שיווק וקלייה בע""",IL,אגוז גרוס 100 גרם,גרמים,100.00,100 גרם,false,1,11.90,11.90,true,1,
7290000267586,false,גרעייני חמניה קלופים 150 גר,"דין שיווק וקלייה בע""",US,חמניות קלופיות 150 ג,גרמים,150.00,100 גרם,false,1,5.20,3.47,true,1,
7290000267678,false,גרעיני דלעת טבעי קלוף שקדיה 150 ג',"דין שיווק וקליה בע""מ",IL,גרעין דלעת טבעי קלוף,גרמים,150.00,100 גרם,false,1,13.50,9.00,true,1,
7290000272443,false,סירופ עסיס דיאט תפוזים צ.טבעי 1 ל',בית-השיטה עסיס תעשיו,IL,סירופ דיאט תפוזים 1,מיליליטרים,1000.00,"100 מ""ל",false,1,20.90,2.09,true,1,
7290000272696,false,עסיס מיץ לימון טבעי משומר 1 ל' אסם,בית-השיטה עסיס תעשיו,IL,מיץ לימון עסיס משומר,מיליליטרים,1000.00,"100 מ""ל",false,1,12.50,1.25,true,1,
7290000272726,false,חומץ טבעי 5% עסיס 1 ל' אסם,בית השיטה עסיס תעשיו,IL,חומץ טבעי עסיס 5% -1,מיליליטרים,1000.00,"100 מ""ל",false,1,6.90,0.69,true,1,
7290000286297,false,"סנו אנטי קאלק מסיר אבן מקומקום 700 מ""ל",סנו מפעלי ברונוס בעמ,IL,סנו אנטי קאלק מסיר א,מיליליטרים,700.00,"100 מ""ל",false,1,11.90,1.70,true,1,
7290000286594,false,"סנו איקס לימון במיכל 600 מ""ל",סנו מפעלי ברונוס בעמ,IL,סנו איקס לימון במיכל,גרמים,600.00,100 גרם,false,1,11.40,1.90,true,1,
7290000286945,false,"סנו רהיט אקדח מרסס 500מ""ל","סנו מפעלי ברונוס בע""",IL,סנו רהיט נוזל+אקדח,מיליליטרים,500.00,"100 מ""ל",false,1,22.90,4.58,true,1,
7290000287607,false,לאסלות סנו בלו גדול,סנו,IL,סנו בלו גדול,גרמים,150.00,100 גרם,false,1,23.90,15.93,true,1,
7290000288017,false,ז'אוול אקונומיקה 1ל'-לימון,"סנו מפעלי ברונוס בע""",IL,סנו זאוול לימון 1 לי,מיליליטרים,1000.00,"100 מ""ל",false,1,8.30,0.83,true,1,
7290000288048,false,סנו זאוול מרסס מונבלאן 1 ליטר,סנו,IL,סנו זאוול מרסס מונבל,מיליליטרים,1000.00,"100 מ""ל",false,1,18.90,1.89,true,1,
7290000288307,false,סנו - מט מכשיר דוחה יתושים + טבליות,זובאלה,IT,סנומט מכשיר + 30 טבל,Unknown,0.00,Unknown,false,1,28.90,28.90,true,1,
7290000288352,false,"סנו K-300 חרקים ונמלים 630מ""ל","סנו מפעלי ברונוס בע""",IL,K-300,מיליליטרים,600.00,"100 מ""ל",false,1,19.90,3.32,true,1,
7290000289069,false,סנו - ז'אוול מרסס קצף ניקוי בתוספת אקונומיקה בריח לימון 1 ליטר,"סנו מפעלי ברונוס בע""",IL,סנו זאוול מרסס לימון,מיליליטרים,1000.00,"100 מ""ל",false,1,18.90,1.89,true,1,
7290000289236,false,K3 נמלים פיתיון ג'ל - קוטל נמלים בבית ובחצר,"סנו מפעלי ברונוס בע""",IL,קוטל נמלים בבית ובחצ,גרמים,10.00,100 גרם,false,1,49.90,499.00,true,1,
7290000289885,false,"סנו פרש ענק אושן כחול 375 מ""ל",סנו,IL,סנופרש יבש אושן,מיליליטרים,375.00,"100 מ""ל",false,1,11.90,3.17,true,1,
7290000289892,false,"סנו פרש ענק מאונטן טורקיז 375 מ""ל",סנו,IL,סנופרש יבש מאונטן,מיליליטרים,375.00,"100 מ""ל",false,1,11.90,3.17,true,1,
7290000292007,false,K3 פיתיון ג'ל קוטל תיקנים (ג'וקים) בבית ובחצר,מיוצר עי קונדיטוריית,IL,פיתיון גל K3 לקטילת,גרמים,10.00,100 גרם,false,1,49.90,499.00,true,1,
7290000292137,false,"סנו: נוזל ניקוי וטיפול במוצרי עור 500 מ""",מיוצר עי קונדיטוריית,IL,סנו מנקה עור נוזלי,מיליליטרים,500.00,"100 מ""ל",false,1,29.90,5.98,true,1,
7290000292502,false,"k-800 קוטל נמלים 300מ""ל","סנו מפעלי ברונוס בע""",IL,קוטל נמלים K800,מיליליטרים,800.00,"100 מ""ל",false,1,19.90,2.49,true,1,
7290000292564,false,"סנו 2000-K דוחה חרקים ללא ריח 750 מ""ל",מיוצר עי קונדיטוריית,IL,K - 2000,מיליליטרים,750.00,"100 מ""ל",false,1,29.90,3.99,true,1,
7290000292687,false,סנובון לאסלה כחול אפרסק נתלה 55X3ג',מיוצר עי קונדיטוריית,IL,סנובון כחול שלישייה,Unknown,0.00,Unknown,false,1,16.90,16.90,true,1,
7290000293943,false,סנו אנטי קאלק מסיר אבנית וחלודה 1ל',מיוצר עי קונדיטוריית,IL,מרסס סנו אנטי קאלק 1,מיליליטרים,1000.00,"100 מ""ל",false,1,17.90,1.79,true,1,
7290000294773,false,סנו ז'אוול 4ליטר מונטבלאן קול,"סנו מפעלי ברונוס בע""",IL,סנו זאוול מונבלאן 4,ליטרים,0.00,ליטר,false,1,16.90,16.90,true,1,
7290000294780,false,סנו - ז'אוול אקונומיקה סמיכה מבושמת 4 ליטר,"סנו מפעלי ברונוס בע""",IL,סנו זאוול סמיכה 4 לי,ליטרים,0.00,ליטר,false,1,16.90,16.90,true,1,
7290000295503,false,סנו סושי שקיות אוכל מתכלות זוג *150 יח',"אשפלסט תעשיות בע""מ",CN,סנו סושי 150 שקיות ב,Unknown,0.00,Unknown,false,1,12.90,12.90,true,1,
7290000300900,false,טבעול שניצל תירס 8*750גרם רכיבים טבעיים,עיצובים 2020 (4.8),IL,שניצל תירס 750 גרם,גרמים,750.00,100 גרם,false,1,24.90,3.32,true,1,
7290000303581,false,פול מצרי A-2 פרי הגליל 560ג',"פרי הגליל בע""""מ",IL,פול מצרי A2,גרמים,668.00,100 גרם,false,1,6.50,0.97,true,1,
7290000303598,false,שעועית לבנה אפויה במיץ עגבניות A2,"פרי הגליל בע""""מ",IL,שעועית לבנה אפויה במ,גרמים,550.00,100 גרם,false,1,7.90,1.44,true,1,
7290000307015,false,אפונת גינה גדול 550 גר A2 פרי גליל,"פרי הגליל בע""""מ",IL,אפונת גינה גדול 550,גרמים,550.00,100 גרם,false,1,7.90,1.44,true,1,
7290000307046,false,אפונת גינה וגזר 550 גר A2 פרי גליל,"פרי הגליל בע""""מ",IL,אפונת גינה וגזר 550,גרמים,550.00,100 גרם,false,1,7.90,1.44,true,1,
7290000307220,false,גרעיני תירס מתוק בואקום פרי הגליל 285 גרם,"פרי הגליל בע""""מ",IL,תירס מתוק בואקום OZ,גרמים,450.00,100 גרם,false,1,6.90,1.53,true,1,
7290000307237,false,גרעיני תירס מתוק 550 ג' פרי הגליל,"פרי הגליל בע""""מ",IL,תירס מתוק 550 גר A2,גרמים,550.00,100 גרם,false,1,7.90,1.44,true,1,
7290000307343,false,שעועית ירוקה חתוכה A2 פרי גליל 550ג',"פרי הגליל בע""""מ",IL,שעועית ירוקה חתוכה A,גרמים,680.00,100 גרם,false,1,7.80,1.15,true,1,
7290000307985,false,גרעיני תירס מתוק ללא למלח 325 גרם פרי הגליל,פרי הגליל,IL,תירס מתוק ללא מלח,גרמים,660.00,100 גרם,false,1,7.90,1.20,true,1,
7290000311203,false,וופלים מן בטעם שוקולד 200 גרם,תות ממתקי איכות,IL,מן וופל שוקו 200 גר,גרמים,200.00,100 גרם,false,1,5.50,2.75,true,1,
7290000311258,false,מן וופל מצופה שוקולד 250 גרם,"רוקחמן בע""מ",IL,ופל מצופה 250 גרם,גרמים,250.00,100 גרם,false,1,8.90,3.56,true,1,
7290000311715,false,מן עוגיות כוכבים שוקולד 300 גרם,תות ממתקי איכות,IL,מן עוגיות בטעם שוקו,גרמים,500.00,100 גרם,false,1,8.90,1.78,true,1,
7290000313160,false,עוגיות חברים זהבה ו-3 הדובים שוקו' אסם 250 גר',היינץ צפון אמריקה מק,IL,עוגיות חברים זהבה 3,גרמים,250.00,100 גרם,false,1,8.30,3.32,true,1,
7290000313290,false,אסם נודלס נודלס אטריות מסולסלות 200גר,תאי פרזידנט פוד בנגק,TH,נודלס אטריות מסולסלו,גרמים,200.00,100 גרם,false,1,10.40,5.20,true,1,
7290000313528,false,חלת שמרים,,,חלה בית מאפה שמרים,Unknown,0.00,Unknown,false,1,15.90,15.90,true,1,
7290000315133,false,קנור ציר בקר משחתי 3,יוניליוור ישראל מזון,IL,ציר בקר 300 גרם קנור,גרמים,300.00,100 גרם,false,1,26.50,8.83,true,1,
7290000315140,false,קורנפלקס מלא 500 גרם בדץ,יוניליוור שפע ישראל,IL,קורנפלקס מלא 500 גרם,גרמים,500.00,100 גרם,false,1,20.80,4.16,true,1,
7290000327044,false,"מארז סבן אפ פחית צרה 330 מ""ל*6 יח'",מודרן גרופ משקאות בע,IL,סבן אפ פחית צרה 330,ליטרים,0.00,ליטר,false,1,19.50,19.50,true,1,
7290000334684,false,טבעות בצל 700 גרם תפוגן,"תעשיות תפוגן בע""מ",IL,טבעות בצל 700 גרם תפ,גרמים,700.00,100 גרם,false,1,17.90,2.56,true,1,
7290000334745,false,"אמריקאן צ'יפס תפוגן 1.5 ק""ג","תעשיות תפוגן בע""מ",IL,תפוגן אמריקן ציפס 1.,קילוגרמים,0.00,"ק""ג",false,1,26.50,26.50,true,1,
7290000336053,false,"תרכיז טבעי סיידר הגליל 330 מ""ל","טמפו משקאות בע""מ",IL,"סיידר תרכיז 330 מ""ל",מיליליטרים,330.00,"100 מ""ל",false,1,13.60,4.12,true,1,
7290000339191,false,רן אבקת הלבנה קל 350ג,זוהר דליה - 3P Local,IL,רן הלבנה 350 גרם,גרמים,350.00,100 גרם,false,1,26.50,7.57,true,1,
7290000339566,false,מרכך כביסה ורוד 4 ל' בדין,יוניליור ישראל טיפוח,IL,בדין 4 ליטר ורוד,ליטרים,0.00,ליטר,false,1,19.90,19.90,true,1,
7290000341071,false,בדין - מרכך כביסה בייבי לבן 2 ליטר,יוניליוור ישראל טיפו,IL,בדין בייבי 2 ליטר,ליטרים,0.00,ליטר,false,1,14.90,14.90,true,1,
7290000342856,false,מרכך כביסה כחול 4 ל' בדין,יוניליור ישראל טיפוח,IL,בדין 4 ליטר כחול,ליטרים,0.00,ליטר,false,1,19.90,19.90,true,1,
7290000345048,false,תה ויסוצקי 74 125 גרם,HIQ FOOD PRODUCTS,IL,תה ויסוצקי 74 125 גר,גרמים,125.00,100 גרם,false,1,15.50,12.40,true,1,
7290000345055,false,תה ויסוצקי ארל גריי 100 ג',מולינו ניקולי s.p.a,IL,תה ארל גריי 100 גרם,גרמים,100.00,100 גרם,false,1,17.70,17.70,true,1,
7290000345116,false,תה ויסוצקי ירוק 125 גרם,תה ויסוצקי,IL,תה ויסוצקי ירוק 125,גרמים,125.00,100 גרם,false,1,14.90,11.92,true,1,
7290000345208,false,תה ויסוצקי קלאסיק מעודן 25X1.0יח',HIQ FOOD PRODUCTS,IL,תה ויסוצקי 25 שקיקים,Unknown,0.00,Unknown,false,1,7.70,7.70,true,1,
7290000345260,false,תה ויסוצקי 25 שקיקים 1.5 גרם,מולינו ניקולי s.p.a,IL,תה ויסוצקי 25 שקיקים,Unknown,0.00,Unknown,false,1,8.40,8.40,true,1,
7290000345277,false,תה ויסוצקי קלאסיק 75 יחידות,מולינו ניקולי s.p.a,IL,תה ויסוצקי קלאסיק 50,Unknown,0.00,Unknown,false,1,14.60,14.60,true,1,
7290000345284,false,תה ויסוצקי קלאסיק טעם עשיר 100/1.5יח',מולינו ניקולי s.p.a,IL,תה קלאסיק 100 שקיקים,גרמים,150.00,100 גרם,false,1,15.90,10.60,true,1,
7290000345291,false,תה ארל גריי 25 שקיקים ויסוצקי,ויסוצקי,IL,תה ארל גריי 25 שקיקי,Unknown,0.00,Unknown,false,1,14.90,14.90,true,1,
7290000345307,false,תה ארל גריי 50 שקיקים ויסוצקי,מולינו ניקולי s.p.a,IL,תה ארל גריי 50 שקיקי,Unknown,0.00,Unknown,false,1,29.90,29.90,true,1,
7290000345536,false,תה נענע 25 שקיקים 1.5 גרם,מולינו ניקולי s.p.a,IL,תה נענע 25 שקיקים 1.,Unknown,0.00,Unknown,false,1,18.80,18.80,true,1,
7290000346021,false,חליטת קמומיל בבונג גן קסום 50 שקיקים,בית ויסוצקי,IL,חליטת קמומיל בבונג ג,Unknown,0.00,Unknown,false,1,35.90,35.90,true,1,
7290000346120,false,חליטת קסם הקינמון 25 שקיקים גן קסום,HIQ FOOD PRODUCTS,IL,חליטת קסם הקינמון 25,Unknown,0.00,Unknown,false,1,18.90,18.90,true,1,
7290000346144,false,חליטת עינוגי התפוח 25 שקיקים גן קסום,HIQ FOOD PRODUCTS,IL,חליטת עינוגי התפוח,Unknown,0.00,Unknown,false,1,18.90,18.90,true,1,
7290000346199,false,חליטת פירות היער 25 שקיקים גן קסום,HIQ FOOD PRODUCTS,IL,חליטת פירות היער 25,Unknown,0.00,Unknown,false,1,18.90,18.90,true,1,
7290000346205,false,חליטת קמומיל 25 שקיקים הגן קסום,HIQ FOOD PRODUCTS,IL,חליטת קמומיל 25 שקיק,Unknown,0.00,Unknown,false,1,18.90,18.90,true,1,
7290000346236,false,חליטת לואיזה 25 שקיקים הגן הקסום,ויסוצקי,IL,חליטת לואיזה 25 שקיק,Unknown,0.00,Unknown,false,1,18.90,18.90,true,1,
7290000347738,false,תה ירוק נענע 25 שקיקים 1.5 גרם,HIQ FOOD PRODUCTS,IL,תה ירוק נענע 25 שקיק,Unknown,0.00,Unknown,false,1,24.90,24.90,true,1,
7290000347752,false,תה ירוק לימונית ולואיזה 25 שקיקים *1.5 ג'' ויסוצקי,HIQ FOOD PRODUCTS,IL,תה ירוק לימונית לואי,Unknown,0.00,Unknown,false,1,24.90,24.90,true,1,
7290000354118,false,סלמון ספיישל +הפוך סלמון/טונה,,,Cקומבינציה,Unknown,0.00,Unknown,false,1,54.00,54.00,true,1,
7290000354552,false,סנדוויץ סלט טונה אבוקדו,,,סנדוויצ סלט טונה,Unknown,0.00,Unknown,false,1,29.00,29.00,true,1,
7290000354644,false,סנדוויץ סלמון אבוקדו,,,סנדוויצ סלמון/ טונה,Unknown,0.00,Unknown,false,1,31.00,31.00,true,1,
7290000354682,false,ארוחה G,,,Dקומבינציה,Unknown,0.00,Unknown,false,1,75.00,75.00,true,1,
7290000354835,false,אבוקדו ספיישל +הפוך צמחוני B,,,קומבינציה צמחוני,Unknown,0.00,Unknown,false,1,44.00,44.00,true,1,
7290000354927,false,סלמון ספיישל +רול סלמון /טונה C,,,Bקומבינציה,Unknown,0.00,Unknown,false,1,51.00,51.00,true,1,
7290000363011,false,סלמי קוניאק מובחר טירת צבי במשקל,הנסיך- מפעל לייצור ט,IL,סלמי קוניאק מובחר,Unknown,0.00,"ק""ג",true,0,75.00,75.00,true,1,
7290000363202,false,נקניק גליל 700 גרם טירת צבי,הנסיך- מפעל לייצור ט,IL,נקניק גליל 700 גרם,גרמים,700.00,100 גרם,false,1,26.90,3.84,true,1,
7290000363363,false,קבנוס מיוחד 160 גרםטירת צבי,הנסיך- מפעל לייצור ט,IL,קבנוס מיוחד 160 גרם,גרמים,160.00,100 גרם,false,1,20.90,13.06,true,1,
7290000363899,false,נקניקיות פיקנטיות טירת צבי 400 גר',טירת- צבי,IL,נקניקיות פיקנטיות,גרמים,400.00,100 גרם,false,1,12.90,3.23,true,1,
7290000364261,false,דקניקים סלסולי כתף בקר 120 ג' טירת צבי,הנסיך- מפעל לייצור ט,IL,סלסולי כתף בקר 120גר,גרמים,120.00,100 גרם,false,1,13.90,11.58,true,1,
7290000364278,false,דקניקים סילסולי סלמי איטלקי 120 ג' טירת צבי,הנסיך- מפעל לייצור ט,IL,סלסולי סלמי איטלקי,גרמים,120.00,100 גרם,false,1,13.90,11.58,true,1,
7290000364285,false,דקניקים סלסולי פסטרמה הודו 120 ג' טירת צבי,הנסיך- מפעל לייצור ט,IL,סלסולי פסטרמה הודו,גרמים,120.00,100 גרם,false,1,13.90,11.58,true,1,
7290000364292,false,דקניקים סלסולי פסטרמה הודו על גחלים 120 ג' טירת צבי,הנסיך- מפעל לייצור ט,IL,סלסולי גחלים 120גר,גרמים,120.00,100 גרם,false,1,13.90,11.58,true,1,
7290000364858,false,"נקניקיות עוף טרי 1 ק""ג טירת צבי",הנסיך- מפעל לייצור ט,IL,טירת צבי נקניקיות עו,קילוגרמים,0.00,"ק""ג",false,1,24.90,24.90,true,1,
7290000364872,false,נקניקיות עוף 400 גרםטירת צבי,טיב טירת צבי 2000,IL,נקניקיות עוף 400 גרם,גרמים,400.00,100 גרם,false,1,13.90,3.48,true,1,
7290000364957,false,נקניקיות מיני מיני עוף 700 גרםטירת צבי,הנסיך- מפעל לייצור ט,IL,נקניקיות מיני מיני ע,גרמים,700.00,100 גרם,false,1,24.90,3.56,true,1,
7290000365398,false,חזה הודו בדבשטירת צבי,טירת- צבי,IL,חזה הודו בדבש,Unknown,0.00,"ק""ג",true,0,85.00,85.00,true,1,
7290000365909,false,פסטרמה הודו מעושנתטירת צבי,טירת- צבי,IL,פסטרמה הודו מעושנת,Unknown,0.00,"ק""ג",true,0,85.00,85.00,true,1,
7290000367590,false,צמד כפרי סלמי+פסטרמה 800 גרם טירת צבי,טיב טירת צבי 2000,IL,צמד כפרי טירת צבי,גרמים,800.00,100 גרם,false,1,25.90,3.24,true,1,
7290000369617,false,כדורי מעדן גבינה בשמן 225 ג' ניצן,"ניצן מותגי מזון בע""מ",IL,כדורי פטה מתובלים 15,גרמים,150.00,100 גרם,false,1,17.70,11.80,true,1,
7290000369709,false,ניצן חמאה ט.שונים 10,"ניצן מותגי מזון בע""מ",IL,חמאה מתובלת 100 גר,גרמים,100.00,100 גרם,false,1,15.60,15.60,true,1,
7290000377209,false,בוטנים מטוגנים קליית,"ג'י אנד ג'י בע""מ",IL,בוטן מטוגן 200 גרם,גרמים,200.00,100 גרם,false,1,7.30,3.65,true,1,
7290000377612,false,"מיץ סחוט תפוזים פריגת 400 מ""ל",גת גבעת חיים,IL,פריגת סחוט תפוז 400,מיליליטרים,400.00,"100 מ""ל",false,1,9.90,2.48,true,1,
7290000390536,false,לבבות חסה,,,לבבות חסה,Unknown,0.00,Unknown,false,1,10.90,10.90,true,1,
7290000408316,false,יוגורט דנונה דל לקטוז 200 גרם,מיוצר עי קונדיטוריית,IL,דנונה דל לקטוז,גרמים,200.00,100 גרם,false,1,3.50,1.75,true,1,
7290000408354,false,יוגורט עם אורז מצופה שוקולד קקאו 175 ג' דנונה,"שטראוס בריאות בע""מ",IL,דנונה בר פצפוצים 173,גרמים,173.00,100 גרם,false,1,4.50,2.60,true,1,
7290000412481,false,סנו - מנקה אסלות 00 1 ליטר,מיוצר עי קונדיטוריית,IL,סנו מנקה אסלות 00 1,מיליליטרים,1000.00,"100 מ""ל",false,1,8.90,0.89,true,1,
7290000416021,false,ממרח שוקולד השחר חלבי 500 גר',השחר העולה,IL,ממרח השחר 500 גרם,גרמים,500.00,100 גרם,false,1,13.90,2.78,true,1,
7290000416045,false,ממרח שוקולד השחר דלי,השחר העולה תעשייות מ,IL,"ממרח השחר 1 ק""ג",גרמים,1000.00,100 גרם,false,1,24.90,2.49,true,1,
7290000416854,false,אבקת קקאו השחר העולה 150ג',השחר העולה תעשייות מ,IL,קקאו 150 גרם השחר הע,גרמים,150.00,100 גרם,false,1,11.80,7.87,true,1,
7290000419107,false,לנדוור מקורי - קפה טחון טורקי 100 גרם,קפה לנדוור בע''מ,IL,קפה לנדור כחול 100 ג,גרמים,100.00,100 גרם,false,1,8.30,8.30,true,1,
7290000419114,false,קפה לנדור כחול 200 גרם,קפה לנדוור,IL,קפה לנדור כחול 200 ג,גרמים,200.00,100 גרם,false,1,15.90,7.95,true,1,
7290000419220,false,לנדוור כחול המקורי קפה טחון טורקי 3*100 גרם 16 יח',קפה לנדוור,IL,מארז קפה לנדוור לבוק,גרמים,300.00,100 גרם,false,1,23.90,7.97,true,1,
7290000419374,false,לנדוור לבוקר קפה טחון טורקי 3*100 גרם 16 יח',קפה לנדוור,IL,מארז קפה טחון המקורי,גרמים,300.00,100 גרם,false,1,23.90,7.97,true,1,
7290000419893,false,לנדוור חזק - קפה טחון טורקי 100 גרם,מולינו ניקולי s.p.a,IL,קפה לנדוור לבוקר טחו,גרמים,100.00,100 גרם,false,1,8.30,8.30,true,1,
7290000419909,false,לנדוור לבוקר קפה טחון שחור טורקי 100 גרם,מולינו ניקולי s.p.a,IL,קפה לנדוור טעם אקספר,גרמים,100.00,100 גרם,false,1,8.30,8.30,true,1,
7290000420325,false,פופ קורן טבעי למיקרוגל 5 יח',Preston farms,US,פופ קורן טבעי למיקרו,גרמים,300.00,100 גרם,false,1,12.90,4.30,true,1,
7290000420332,false,פופ קורן חמאה למיקרוגל 5יח',Preston farms,US,פופ קורן חמאה למיקרו,גרמים,300.00,100 גרם,false,1,12.90,4.30,true,1,
7290000430102,false,"שקיות קרח 2 ק""ג ""מר אייס""","אייס (קיובס) בע""מ -",IL,"קוביות קרח 2 ק""ג",קילוגרמים,0.00,"ק""ג",false,1,10.90,10.90,true,1,
7290000453019,false,שמרים טריים לאפייה שקית שמרית 50 ג',"פאקא תעשיות בע""מ",IL,שמרית בשקית 50 גרם,גרמים,50.00,100 גרם,false,1,4.90,9.80,true,1,
7290000453408,false,בצק פיצה דק מצונן ומוכן לאפייה שמרית,"פאקא תעשיות בע""מ",FR,בצק פיצה דק מצונן,גרמים,415.00,100 גרם,false,1,17.50,4.22,true,1,
7290000453415,false,בצק עלים מצונן ומוכן לאפייה שמרית,"פאקא תעשיות בע""מ",FR,בצק עלים מצונן ומוכן,גרמים,300.00,100 גרם,false,1,15.90,5.30,true,1,
7290000453422,false,בצק פילו מצונן ומוכן לאפייה שמרית,"פאקא תעשיות בע""מ",FR,בצק פילו מוכן לאפיה,גרמים,300.00,100 גרם,false,1,16.70,5.57,true,1,
7290000453781,false,שמרים יבשים שמרית 125 גרם,"פאקא תעשיות בע""מ",PT,שמרים יבשים שמרית 12,גרמים,125.00,100 גרם,false,1,6.90,5.52,true,1,
7290000453798,false,שמרית שמרים יבשים אקטיביים 500 גר',"גי' בי' רכיבים בע""מ",IL,שמרים יבשים אקטיבים,גרמים,500.00,100 גרם,false,1,16.90,3.38,true,1,
7290000453866,false,נטורינה קוקוס לאפייה שמרית 200ג',גרונבאנג- גרונדנסק א,IL,נטורינה קוקוס שמרית,גרמים,200.00,100 גרם,false,1,7.30,3.65,true,1,
7290000453880,false,מרגרינה ללא מלח לאפיה ובישול שמרית 200גר,"פאקא תעשיות בע""מ",IL,מרגרינה ללא מלח לאפי,גרמים,200.00,100 גרם,false,1,5.10,2.55,true,1,
7290000453897,false,מרגרינה בטעם חמאה שימרית 200 ג',גרונבאנג- גרונדנסק א,IL,מרגרינה בטעם חמאה שמ,גרמים,200.00,100 גרם,false,1,5.10,2.55,true,1,
7290000461625,false,בייגלה שמיניות מלח בייגל בייגל 400 ג',בייגל את בייגל מזון,IL,בייגלה שמיניות מלוח,גרמים,400.00,100 גרם,false,1,12.50,3.13,true,1,
7290000461656,false,בייגלה אחד אחד 400 ג' מקלות,בייגל את בייגל מזון,IL,בייגלה אחד אחד 400 ג,גרמים,400.00,100 גרם,false,1,12.50,3.13,true,1,
7290000461724,false,בייגל גדול גדול שומשום 400 גרם,אתר בייגל - Food,IL,בייגל גדול גדול שומש,גרמים,400.00,100 גרם,false,1,16.70,4.18,true,1,
7290000462103,false,סחוג אדום חריף עדין (מכסה לבן) 150 גרם,קריניסה ויטמין אס אי,IL,סחוג זהבי אדום 150 ג,גרמים,150.00,100 גרם,false,1,9.90,6.60,true,1,
7290000462141,false,סחוג אדום חריף מאוד (מכסה אדום) 150 גרם,קריניסה ויטמין אס אי,IL,זחוק אדום מריף מאוד,גרמים,350.00,100 גרם,false,1,10.40,2.97,true,1,
7290000467153,false,צבר חומוס סמיר הגדול 400גר,סלטי צבר,IL,חומוס סמיר הגדול 400,גרמים,400.00,100 גרם,false,1,13.90,3.48,true,1,
7290000474502,false,גבינה לבנה 5% 250ג' טרה מהדרין,טרה,IL,גבינה לבנה 5%,גרמים,250.00,100 גרם,false,1,4.98,1.99,true,1,
7290000474540,false,גבינה טוב טעם 3% טרה 250ג' מהדרין,טרה,IL,טוב טעם 250 גרם,גרמים,250.00,100 גרם,false,1,11.90,4.76,true,1,
7290000474830,false,גבינה צהובה מגורדת 28% שומן 500 ג' נעם,מילקו תעשיות בעמ,IL,נעם גבינה צהובה מגור,גרמים,500.00,100 גרם,false,1,34.90,6.98,true,1,
7290000480107,false,קוואקר שיבולת שועל פחית 500 גר',וולקרס סנקס לימיטד,GB,קוואקר שיבולת שועל פ,גרמים,500.00,100 גרם,false,1,12.90,2.58,true,1,
7290000480305,false,הרמזית 400 טבליות,,,הרמזית 400 טבליות,גרמים,400.00,100 גרם,false,1,20.90,5.23,true,1,
7290000480442,false,קוואקר שיבולת שועל שקית 500 גר',פריטו ליי FRITO-LAY,IL,קוואקר 500 גרם שקית,גרמים,500.00,100 גרם,false,1,9.90,1.98,true,1,
7290000482019,false,שקיות קוקי רגיל צליה 10יח',"ש. שסטוביץ בע""מ",IL,קוקי רגיל 10 יח,Unknown,0.00,Unknown,false,1,10.90,10.90,true,1,
7290000482033,false,שקיות קוקי ענק בתנור ובמיקרוגל 5 יח,הנסיך- מפעל לייצור ט,IL,קוקי ענק שקיות לצליה,Unknown,0.00,Unknown,false,1,10.90,10.90,true,1,
7290000483412,false,קישוטי עוגה טיפטופים,המרשלג פרלינס בעמ,IL,טיפטופי המרשלג 60 גר,Unknown,0.00,Unknown,false,1,13.90,13.90,true,1,
7290000484747,false,עראק עלית 700 מל 40% כהל,יקב הגליל שווק בעמ,IL,"ערק עלית 40% 700 מ""ל",מיליליטרים,700.00,"100 מ""ל",false,1,55.90,7.99,true,1,
7290000493176,false,אבקת רוטב צלי לבשר 22ג' אסם,"אסם השקעות בע""מ",IL,אבקת רוטב צלי לבשר-2,גרמים,22.00,100 גרם,false,1,4.90,22.27,true,1,
7290000493183,false,אבקת רוטב פטריות לבשר-30 גרם,"אסם השקעות בע""מ",IL,אבקת רוטב פטריות לבש,גרמים,30.00,100 גרם,false,1,5.50,18.33,true,1,
7290000497044,false,לחם ברמן אקטיב 750 גר,מאפית י את א ברמן בע,IL,לחם ברמן אקטיב 750 ג,גרמים,750.00,100 גרם,false,1,15.90,2.12,true,1,
7290000497112,false,לחם ברמן אחיד פרוס 750ג',מאפית י את א ברמן בע,IL,אחיד פרוס ברמן,גרמים,750.00,100 גרם,false,1,7.11,0.95,true,1,
7290000497228,false,לחמניה רגילה בשקית ברמן 6יח',מאפית י את א ברמן בע,IL,שש לחמניות בשקית,גרמים,450.00,100 גרם,false,1,10.50,2.33,true,1,
7290000497273,false,לחמניות אקטיב ברמן 450 גר,מאפית י את א ברמן בע,IL,לחמניות אקטיב ברמן 4,גרמים,450.00,100 גרם,false,1,14.50,3.22,true,1,
7290000497303,false,לחמניה מקמח מלא 6יח' ברמן 450ג',מאפית י את א ברמן בע,IL,שש לחמניות בשקית,גרמים,450.00,100 גרם,false,1,12.50,2.78,true,1,
7290000497426,false,לחם ברמן לענין פלוס 500 גרם,מאפית י את א ברמן בע,IL,לחם ברמן לענין פלוס,גרמים,500.00,100 גרם,false,1,14.50,2.90,true,1,
7290000497570,false,לחם דגנים פלוס ברמן 500 גרם,מאפית י את א ברמן בע,IL,לחם דגנים פלוס ברמן,גרמים,500.00,100 גרם,false,1,14.50,2.90,true,1,
7290000498003,false,לחם מקמח חיטה מלא 750 גר,מאפית י את א ברמן בע,IL,לחח מקמח חיטה מלא 75,גרמים,750.00,100 גרם,false,1,15.90,2.12,true,1,
7290000498034,false,לחם אי פרי קמח כוסמין מלא 750 גר',מאפית י את א ברמן בע,IL,לחם מקמח כוסמין מלא,גרמים,750.00,100 גרם,false,1,15.90,2.12,true,1,
7290000504278,false,סוכרזית - קלאסי פטנט 700 טבליות,אף.סי תבליני בגליל ב,IL,סוכרזית פטנט 700 טבל,גרמים,574.00,100 גרם,false,1,14.90,2.60,true,1,
7290000518169,false,מתוק וקל טבליות ממתי,פתח תקווה,IL,מתוק וקל 1000 טבליות,Unknown,0.00,Unknown,false,1,10.30,10.30,true,1,
7290000518190,false,מתוק וקל סטיביה 100 שקיות,מתוק וקל,IL,מתוק וקל סטיביה 100,Unknown,0.00,Unknown,false,1,29.50,29.50,true,1,
7290000518220,false,סוכרה דיאט ממתיק 100 שקיות,פתח תקווה,IL,סוכרה דיאט 100 שקיות,גרמים,100.00,100 גרם,false,1,23.90,23.90,true,1,
7290000518336,false,ממתק צמר גפן מתוק מסיבים תזונתיים,מתוק וקל בעמ,IL,MOOOSH צמר גפן מתוק,גרמים,10.00,100 גרם,false,1,5.20,52.00,true,1,
7290000521404,false,"יין מרום גליל קברנה סוביניון סינגל 750 מ""ל",כרמי צבי אחים סגל בע,IL,יין מרום גליל סינגל,Unknown,0.00,Unknown,false,1,29.90,29.90,true,1,
7290000521411,false,יין מרום גליל סינגל מרלו 750 מל,כרמי צבי אחים סגל בע,IL,יין מרום גליל סינגל,Unknown,0.00,Unknown,false,1,29.90,29.90,true,1,
7290000521428,false,יין מרום גליל שרדונה 750 מל,כרמי צבי-אחים סגל בע,IL,יין מרום גליל שרדונה,Unknown,0.00,Unknown,false,1,29.90,29.90,true,1,
7290000522104,false,חלב הרים עמיד 3% 1 ל,,,חלב עמיד 3% 1 ליטר,מיליליטרים,1000.00,"100 מ""ל",false,1,8.10,0.81,true,1,
7290000522166,false,חלב הרים טהור-עמיד- נטול לקטוז 1 לי 3%,"מחלבות רמת הגולן בע""",IL,חלב הרים טהור-עמיד-,מיליליטרים,1000.00,"100 מ""ל",false,1,11.00,1.10,true,1,
7290000522272,false,"שמנת לקפה 10% שומן 500 מ""ל",מחלבות רמת הגולן,IL,שמנת לקפה 10% שומן 5,מיליליטרים,500.00,"100 מ""ל",false,1,10.90,2.18,true,1,
7290000523125,false,מלח הארץ הים האדום 250 ג' עדין,חברת מלח הארץ אילת ב,IL,מלח הארץ ים יבש 250,גרמים,250.00,100 גרם,false,1,5.50,2.20,true,1,
7290000523224,false,מלח הארץ הים האדום 500 ג' עדין,חברת מלח הארץ אילת ב,IL,מלח הארץ ים יבש 500,גרמים,500.00,100 גרם,false,1,7.70,1.54,true,1,
7290000523804,false,"מלח עדין צנצנת 1 ק""ג מלח הארץ",חברת מלח הארץ אילת ב,IL,"מלח עדין 1 ק""ג צנצנת",גרמים,1000.00,100 גרם,false,1,7.90,0.79,true,1,
7290000523811,false,"צנצנת מלח גס 1 ק""ג מלח הארץ",חברת מלח הארץ אילת ב,IL,"מלח גס 1 ק""ג צנצנת",גרמים,1000.00,100 גרם,false,1,7.60,0.76,true,1,
7290000525969,false,פרימור סחוט תפוזים טבעי 1ל',"גניר (1992) בע""מ",IL,מיץ תפוזים סחוט 1 ל,מיליליטרים,1000.00,"100 מ""ל",false,1,15.80,1.58,true,1,
7290000529875,false,צאי מאסלה אורגני 30 ג' עדנים,,,תה צאי מאסלה אורגני,Unknown,0.00,Unknown,false,1,16.90,16.90,true,1,
7290000540177,false,טישו שולחני מעוצב 3 שכבות 100 יח,,CN,טישו שולחני מעוצב 3,יחידה,1.00,יחידה,false,1,8.00,8.00,true,1,
7290000542546,false,בגט צרפתי קלאסי,,,בגט אוטנטיק,Unknown,0.00,Unknown,false,1,8.90,8.90,true,1,
7290000554402,false,מלבי מעדן חלב גד 170,"מיוצר ע""י קוד יצרן E",IL,מעדן מלבי 160 גר,גרמים,160.00,100 גרם,false,1,5.60,3.50,true,1,
7290000554457,false,גבינה צפתית מיני 5% גד 350ג',"מחלבות גד בע""מ",IL,צפתית מיני 5% 350 גר,גרמים,350.00,100 גרם,false,1,20.90,5.97,true,1,
7290000554471,false,גבינת מוצרלה 22% נקניק 180ג' גד,"מחלבות גד בע""מ",IL,מוצרלה 180 גרם,גרמים,180.00,100 גרם,false,1,17.50,9.72,true,1,
7290000554532,false,גבינה צפתית מעודנת במלח ים 5% 200 ג' גד,הנסיך- מפעל לייצור ט,IL,צפתית מעודנת 5% במלח,גרמים,200.00,100 גרם,false,1,15.80,7.90,true,1,
7290000554600,false,מוצרלה מגורדת 18% 300 גרם - רובין,מחלבות גד בעמ,IL,מוצרלה מגורדת 300 גר,גרמים,300.00,100 גרם,false,1,26.60,8.87,true,1,
7290000554624,false,ירח מתוק 3% 150 גרם רובין,"מיוצר ע""י קוד יצרן E",IL,מעדן ירח מתוק 150 גר,גרמים,150.00,100 גרם,false,1,6.00,4.00,true,1,
7290000554686,false,לאבנה שמן זית וזעתר 5% 250 גרם - רבנות,מחלבות גד בעמ,IL,לבנה בשמן זית וזעתר,גרמים,250.00,100 גרם,false,1,16.20,6.48,true,1,
7290000554822,false,גבינת ריקוטה טבעי 5% שומן 250 ג' גד,מחלבות גד בעמ,IL,ריקוטה 250 גרם,גרמים,250.00,100 גרם,false,1,14.90,5.96,true,1,
7290000554839,false,שמנת מתוקה קשה בסגנון איטלקי 40% שומן 250 ג' גד,מחלבות גד בעמ,IL,גבינת מסקרפונה 250 ג,גרמים,250.00,100 גרם,false,1,22.40,8.96,true,1,
7290000555501,false,פיקדון 30 אגורות,,,פיקדון 30 אגורות,Unknown,0.00,Unknown,false,1,0.30,0.30,true,1,
7290000555505,false,פיקדון זוג,,,פיקדון זוג,Unknown,0.00,Unknown,false,1,0.60,0.60,true,1,
7290000555510,false,פיקדון שלישייה,,,פיקדון שלישייה,Unknown,0.00,Unknown,false,1,0.90,0.90,true,1,
7290000560533,false,אדג' ג'ל ירוק לעור רגיל 198גרם,אס.סי ג'ונסון ובניו,US,אדג גל רגיל 198 גר,גרמים,198.00,100 גרם,false,1,20.90,10.56,true,1,
7290000560540,false,אדג' ג'ל כתום לעור רגיש 198גרם,המאפיה של הרמן,US,אדג גל רגיש 198 גר,גרמים,198.00,100 גרם,false,1,20.90,10.56,true,1,
7290000560557,false,אדג ג'ל תכלת לרכוך העור 198 ג',אס.סי ג'ונסון ובניו,US,אדג גל לרכוך העור 19,גרמים,198.00,100 גרם,false,1,20.90,10.56,true,1,
7290000571232,false,גבינת גאודה טבעית פרוס 30% המחלווה 150ג',גבינות משק אחים מאיר,IL,גבינת גאודה טבעי פרו,גרמים,200.00,100 גרם,false,1,21.90,10.95,true,1,
7290000571300,false,גבינה גאודה פרוס מעושנת המחלבה 150ג',גבינות משק אחים מאיר,IL,גבינת גאודה מעושנת,גרמים,200.00,100 גרם,false,1,21.90,10.95,true,1,
7290000571386,false,יוגורמה יוגורט כבשים 850 גר,גבינות משק אחים מאיר,IL,יוגורמה יוגורט כבשים,גרמים,850.00,100 גרם,false,1,28.80,3.39,true,1,
7290000571393,false,יוגורמה יוגורט כבשים 140 גר,גבינות משק אחים מאיר,IL,יוגורמה יוגורט כבשים,גרמים,140.00,100 גרם,false,1,6.30,4.50,true,1,
7290000571478,false,גבינת תום עיזים פרוס 200 גרם,גבינות משק אחים מאיר,IL,גבינת תום עיזים פרוס,גרמים,200.00,100 גרם,false,1,39.40,19.70,true,1,
7290000571812,false,פרמזן מגורד המחלבה 200 גר,גבינות משק אחים מאיר,IL,פרמזן מגורד המחלבה 2,גרמים,200.00,100 גרם,false,1,22.90,11.45,true,1,
7290000571928,false,"יוגורמה כבשים עם גרעינים, אגוזים וחמוציות ממותקות",המחלבה מבית יצחק,IL,יוגורמה יוגורט כבשים,גרמים,140.00,100 גרם,false,1,6.20,4.43,true,1,
7290000571935,false,יוגורמה יוגורט כבשים עם גרנולה 140 גר,המחלבה מבית יצחק,IL,יוגורמה יוגורט כבשים,גרמים,140.00,100 גרם,false,1,6.20,4.43,true,1,
7290000572208,false,חלבה חטיף וניל אחווה 100ג',שוורצקוף& הנקל דיסלד,IL,חלבה 100 גרם אחוה,גרמים,100.00,100 גרם,false,1,3.20,3.20,true,1,
7290000572536,false,אחווה חלווה ווניל במגש 400 גר,אחדות ביחר לטחינה חל,IL,אחווה חלווה ווניל במ,גרמים,400.00,100 גרם,false,1,14.90,3.73,true,1,
7290000652542,false,פילה אמנון 5-7 100% דג,,CN,פילה אמנון קפוא,Unknown,0.00,"ק""ג",true,0,34.90,34.90,true,1,
7290000654546,false,פילה אמנון קפוא 100% דג,תנובה,IL,פילה אמנון קפוא 7-9,Unknown,0.00,"ק""ג",true,0,34.90,34.90,true,1,
7290000688381,false,שישיית מי עדן פקק ספורט 0.5 ליטר,"מי עדן בע""מ",IL,מי עדן שישיה אישי,מיליליטרים,3000.00,"100 מ""ל",false,1,14.90,0.50,true,1,
7290000692203,false,אג'קס ניקוי כללי 2לימון-מרכז,הנסיך- מפעל לייצור ט,GR,אגקס ניקוי כללי 2ל ל,ליטרים,0.00,ליטר,false,1,26.50,26.50,true,1,
7290000692210,false,אג'קס ניקוי כללי לוונדר 2ל',הנסיך- מפעל לייצור ט,GR,אגקס ניקוי כללי 2ל ל,ליטרים,0.00,ליטר,false,1,26.50,26.50,true,1,
7290000692456,false,אג'קס חלונות זוג 750*2 מל ספריי ורפיל,הנסיך- מפעל לייצור ט,GR,אגקס לניקוי חלונות כ,ליטרים,0.00,ליטר,false,1,25.90,25.90,true,1,
7290000742540,false,לחם מיוחד בריאות של שמרים,,,לחם מיוחד בריאות,Unknown,0.00,Unknown,false,1,21.90,21.90,true,1,
7290000789538,false,קרנץ שמרים,,,קרנץ שמרים,Unknown,0.00,Unknown,false,1,43.90,43.90,true,1,
7290000803067,false,"אלמקס משחת שיניים לילדים 75 מ""ל",הנסיך- מפעל לייצור ט,PL,אלמקס לילדים 75 מל מ,מיליליטרים,75.00,"100 מ""ל",false,1,16.70,22.27,true,1,
7290000803180,false,מרידול מי פהשטיפה דנטלית 400 מל,קולגייט פלמוליב,CH,"מרידול מי פה 400 מ""ל",מיליליטרים,400.00,"100 מ""ל",false,1,31.50,7.88,true,1,
7290000805924,false,מזון חתולים לה קט דג,"ביופט בע""מ",IL,לה-קט 2.85 קג דגים,קילוגרמים,0.00,"ק""ג",false,1,59.90,59.90,true,1,
7290000841557,false,סטרילי טבע 500 מל,,,סטרילי טבע 500 מל,מיליליטרים,500.00,"100 מ""ל",false,1,16.30,3.26,true,1,
7290000993461,false,עגבניות שרי צהוב ליח',אראל תוצרת חקלאית בע,IL,שרי צהוב,Unknown,0.00,Unknown,false,1,12.90,12.90,true,1,
7290000993560,false,עגבניות שרי תמר שוקו 500 גרם לפי יח',אראל תוצרת חקלאית בע,IL,שרי מנומר,Unknown,0.00,Unknown,false,1,12.90,12.90,true,1,
7290000995410,false,נבטים סיניים ארוז,נסטלה פורינה USA קר,IL,נבטים סינים,Unknown,0.00,Unknown,false,1,9.90,9.90,true,1,
7290000995441,false,קייל כרוב על 300 גרם,יובל שריגיאן,IL,קייל - כרוב על,Unknown,0.00,Unknown,false,1,14.90,14.90,true,1,
7290000995953,false,כוסברה ארוז,,,כוסברה,Unknown,0.00,Unknown,false,1,5.90,5.90,true,1,
7290001045169,false,פרימור סחוט תפוחי עץ צלול 1 ל',"גניר (1992) בע""מ",IL,מיץ תפוחים צלול 1 ל,מיליליטרים,1000.00,"100 מ""ל",false,1,15.80,1.58,true,1,
7290001045657,false,פרימור מיץ תפוחים סחוט מקורר 400מל,פרימור,IL,"תפוחים צלול 400 מ""ל",מיליליטרים,400.00,"100 מ""ל",false,1,10.90,2.73,true,1,
7290001045688,false,"תפוזים סחוט 400 מ""ל פרימור",פרימור,IL,"תפוזים סחוט 400 מ""ל",מיליליטרים,400.00,"100 מ""ל",false,1,10.90,2.73,true,1,
7290001065983,false,פסיליום 340 גר`,,,פסיליום 340 גר`,Unknown,0.00,Unknown,false,1,64.90,64.90,true,1,
7290001072134,false,אל סבון סגול+משאבה 1ל נובו,,,אל סבון סגול+משאבה 1,Unknown,0.00,Unknown,false,12,9.90,9.90,true,1,
7290001186237,false,ויטמין C 500 טבליות לעיסה כשר (50),אלטמן,,ויטמין C 500 טבליות,Unknown,0.00,Unknown,false,1,59.90,59.90,true,1,
7290001199008,false,גזר בסגנון קוריאני 250 גרם,,,גזר בסגנון קוריאני 2,גרמים,250.00,100 גרם,false,1,9.40,3.76,true,1,
7290001199022,false,גמבה במרינדה 400 גרם,,,גמבה במרינדה 400 גרם,גרמים,450.00,100 גרם,false,1,13.50,3.00,true,1,
7290001199039,false,סלט בולגרי 450 גרם,,,סלט בולגרי 450 גרם,גרמים,450.00,100 גרם,false,1,15.60,3.47,true,1,
7290001199046,false,כרוב במלח 450 גרם,,,כרוב במלח 450 גרם,גרמים,500.00,100 גרם,false,1,8.90,1.78,true,1,
7290001199053,false,חציל תאילנדי 500גר,,,חציל תאילנדי 500גר,גרמים,500.00,100 גרם,false,1,14.90,2.98,true,1,
7290001199084,false,גזר בסגנון קוריאני 500 גרם,,,גזר בסגנון קוריאני 5,גרמים,450.00,100 גרם,false,1,15.60,3.47,true,1,
7290001199107,false,סוטא אוקראיני 500 גרם,,,סוטא אוקראיני 500 גר,גרמים,450.00,100 גרם,false,1,13.50,3.00,true,1,
7290001199114,false,סוטא פטריות 500 גרם,,,סוטא פטריות 500 גרם,גרמים,500.00,100 גרם,false,1,14.60,2.92,true,1,
7290001199244,false,כרוב במלח 1 קג,,,כרוב במלח 1 קג,גרמים,1000.00,100 גרם,false,1,16.90,1.69,true,1,
7290001199312,false,מעדן חצילים 450 גרם,,,מעדן חצילים 450 גרם,גרמים,450.00,100 גרם,false,1,14.60,3.24,true,1,
7290001199343,false,חזרת 180 גרם,,,חזרת 180 גרם,גרמים,180.00,100 גרם,false,1,9.40,5.22,true,1,
7290001199404,false,"כרוב במלח עם חמוציות 1 ק""ג",,,כרוב במלח עם חמוציות,גרמים,1000.00,100 גרם,false,1,18.90,1.89,true,1,
7290001199435,false,חציל פיקנטי 500 גר,,,חציל פיקנטי 500 גר,גרמים,500.00,100 גרם,false,1,14.50,2.90,true,1,
7290001199510,false,חמוצים בטעם ביתי 700גר,,,חמוצים בטעם ביתי 700,גרמים,700.00,100 גרם,false,1,16.50,2.36,true,1,
7290001201589,false,ביצים אריזון 12 גדול,"מ.לסר בע""מ",IL,ביצים אריזון 12 גדול,Unknown,0.00,Unknown,false,1,12.05,12.05,true,1,
7290001201596,false,ביצים אריזון 12 בינוני,לסר,IL,ביצים אריזון 12 בינו,Unknown,0.00,Unknown,false,1,11.15,11.15,true,1,
7290001201657,false,ביצים אומגה 30 יח בי,לסר,IL,ביצים אומגה 3 30 יח,Unknown,0.00,Unknown,false,1,45.90,45.90,true,1,
7290001201824,false,תבנית ביצים 12 יח' לארג' אורגני,לסר,IL,ביצים אורגניות 12 יח,Unknown,0.00,Unknown,false,1,23.50,23.50,true,1,
7290001201855,false,ביצים לארג' אומגה 12 יח',לסר,IL,ביצים אומגה 3 12 יח,Unknown,0.00,Unknown,false,1,21.90,21.90,true,1,
7290001201862,false,ביצי חופש לארג' 12 יחידות,לסר,IL,ביצי חופש 12 יח L,Unknown,0.00,Unknown,false,1,20.90,20.90,true,1,
7290001216231,false,טחינה גולמית שומשום מלא אל ארז 500ג',דולפין ספא,IL,טחינה מלאה 500 גרם ט,גרמים,500.00,100 גרם,false,1,16.90,3.38,true,1,
7290001230331,false,סיגריות כאמל בוקס חפ,JTI,,כאמל בוקס חפיסה,Unknown,0.00,Unknown,false,1,30.90,30.90,true,1,
7290001230739,false,כאמל קופסא בודדת כחו,JTI,,כאמל כחול חפיסה,Unknown,0.00,Unknown,false,1,30.90,30.90,true,1,
7290001231932,false,ווינסטון כחול בוקס חפיסה,JTI,,ווינסטון כחול בוקס ח,Unknown,0.00,Unknown,false,1,33.00,33.00,true,1,
7290001235938,false,סיגריות וינסטון כחול,JTI,,ווינסטון כחול ארוך,Unknown,0.00,Unknown,false,1,33.00,33.00,true,1,
7290001245712,false,אקונומיקה 4 ליטר טאצ,,,אקונומיקה 4 ליטר טאצ,Unknown,0.00,Unknown,false,1,9.90,9.90,true,1,
7290001245729,false,ג'ל כביסה ירוקה טאצ 3 ליטר סלקט,,,גל כביסה ירוק 3 ליטר,Unknown,0.00,Unknown,false,1,19.90,19.90,true,1,
7290001245736,false,ג'ל כביסה כחול טאצ' 3 ליטר סלקט,,,גל כביסה כחול 3 ליטר,Unknown,0.00,Unknown,false,1,19.90,19.90,true,1,
7290001246054,false,פותח סתימות 1 ליטר טאצ,סאסאטק,IL,פותח סתימות 1 ליטר ט,Unknown,0.00,Unknown,false,1,14.90,14.90,true,1,
7290001246061,false,מרכך מרוכז פרפיום פנטזי טאצ 1ל',סאסאטק,IL,מרכך כביסה מרוכז כחו,Unknown,0.00,Unknown,false,12,11.90,11.90,true,1,
7290001246085,false,טאצ' מרסס ניקוי חלונות 1 ליטר,,,ניקוי חלונות 1 ליטר,Unknown,0.00,Unknown,false,1,6.90,6.90,true,1,
7290001246092,false,"תרסיס מסיר שומנים 750 מ""ל טאצ.",סאסאטק,IL,תרסיס מסיר שומנים 75,Unknown,0.00,Unknown,false,1,10.90,10.90,true,1,
7290001246108,false,"טאצ' תרסיס מסיר אבנית 750 מ""ל",,,תרסיס מסיר אבנית 750,Unknown,0.00,Unknown,false,1,10.90,10.90,true,1,
7290001246115,false,"טאצ' תרסיס מסיר עובש 750 מ""ל",,,תרסיס מסיר עובש 750,Unknown,0.00,Unknown,false,1,10.90,10.90,true,1,
7290001246122,false,"תרסיס ניקוי כללי+ אקונומיקה 750 מ""ל טאצ",סאסאטק,IL,תרסיס ניקוי כללי+אקו,Unknown,0.00,Unknown,false,1,10.90,10.90,true,1,
7290001246221,false,"טאצ' תרסיס מטהר אוויר לימון 300 מ""ל",,,תרסיס מטהר אוויר לימ,Unknown,0.00,Unknown,false,1,4.90,4.90,true,1,
7290001246238,false,"טאצ' תרסיס מטהר אוויר פריחה 300 מ""ל",,,תרסיס מטהר אוויר פרי,Unknown,0.00,Unknown,false,1,4.90,4.90,true,1,
7290001246269,false,"טאצ' תרסיס מטהר אוויר לבנדר 300 מ""ל",,,תרסיס מטהר אוויר לבנ,Unknown,0.00,Unknown,false,1,4.90,4.90,true,1,
7290001246276,false,"טאצ' תרסיס מטהר אוויר אורנים 300 מ""ל",,,תרסיס מטהר אוויר אור,Unknown,0.00,Unknown,false,1,4.90,4.90,true,1,
7290001246290,false,"תרסיס רסס נגב 750 סמ""ק טאצ",סאסאטק,IL,תרסיס רסס נגב 750 ס,Unknown,0.00,Unknown,false,1,10.90,10.90,true,1,
7290001246535,false,ת. נירוסטה 400 מל טאצ,,,ת. נירוסטה 400 מל טא,Unknown,0.00,Unknown,false,1,17.90,17.90,true,1,
7290001246757,false,נוזל רצפות מלון בוטיק טאצ' 2 ליטר,,,נוזל רצפות מלון בוטי,Unknown,0.00,Unknown,false,1,18.90,18.90,true,1,
7290001246955,false,אקופרנד לשטיפה וניקוי פירות וירקות 1 ליט,,,אקופרנד לשטיפה וניקו,מיליליטרים,1000.00,"100 מ""ל",false,1,18.90,1.89,true,1,
7290001247068,false,קרטונית נקטר ספרינג תות בננה 1 ליטר,"יפאורה תבורי בע""מ",IL,קרטונית נקטר ספרינג,מיליליטרים,1000.00,"100 מ""ל",false,1,6.90,0.69,true,1,
7290001247082,false,קרטונית נקטר ספרינג עגבניות 1 ליטר,"יפאורה תבורי בע""מ",IL,קרטונית נקטר ספרינג,מיליליטרים,1000.00,"100 מ""ל",false,1,6.60,0.66,true,1,
7290001247099,false,קרטונית נקטר ספרינג מנגו 1 ליטר,"יפאורה תבורי בע""מ",IL,קרטונית נקטר ספרינג,מיליליטרים,1000.00,"100 מ""ל",false,1,6.90,0.69,true,1,
7290001247105,false,קרטונית נקטר ספרינג אפרסק 1 ליטר,"יפאורה תבורי בע""מ",IL,קרטונית נקטר ספרינג,מיליליטרים,1000.00,"100 מ""ל",false,1,6.90,0.69,true,1,
7290001247112,false,קרטונית נקטר ספרינג לימונענע 1 ליטר,"יפאורה תבורי בע""מ",IL,קרטונית נקטר ספרינג,מיליליטרים,1000.00,"100 מ""ל",false,1,6.90,0.69,true,1,
7290001247129,false,נקטר ספרינג תפוזים קרטונית 1 ל',"יפאורה תבורי בע""מ",IL,קרטונית נקטר ספרינג,מיליליטרים,1000.00,"100 מ""ל",false,1,6.90,0.69,true,1,
7290001247143,false,נקטר ספרינג תפוחים קרטונית 1 ל',"יפאורה תבורי בע""מ",IL,קרטונית נקטר ספרינג,מיליליטרים,1000.00,"100 מ""ל",false,1,6.90,0.69,true,1,
7290001258378,false,גבינת חלומי שקיל,,,גבינת חלומי במשקל,Unknown,0.00,"ק""ג",true,0,90.00,90.00,true,1,
7290001258668,false,שמנת עיזים למריחה.,גבינות משק יעקבס,IL,עז-מה יחידה,גרמים,250.00,100 גרם,false,1,17.70,7.08,true,1,
7290001258736,false,יוגורט עיזים סילאן 0.5ל,משק יעקבס,IL,מארז גבינה קשקבל,Unknown,0.00,"ק""ג",true,0,135.00,135.00,true,1,
7290001258958,false,גבינת ומוצרלה מגורדת,גבינות משק יעקבס,IL,מוצרלה מגורדת 200 גר,גרמים,200.00,100 גרם,false,1,26.50,13.25,true,1,
7290001258972,false,משק יעקבס חלומי200 ג,גבינות משק יעקבס,IL,חלומי 200 גר,גרמים,200.00,100 גרם,false,1,26.50,13.25,true,1,
7290001265642,false,שלישיית מעדני לה-קט פטה 3*400 גר,fidele sas,FR,שלישיית מעדני לה-קט,גרמים,1200.00,100 גרם,false,1,19.90,1.66,true,1,
7290001274934,false,מאגדת גלידל פרי למון ליים 8 יח,הגלידות של פלדמן,IL,מאגדת גלידל פרי למון,מיליליטרים,640.00,"100 מ""ל",false,1,26.50,4.14,true,1,
7290001305188,false,פלמוליב כלים שקוף לימון 750 בקבוק חדש,יבואן ומשווק: ש. שסט,GR,פלמוליב לכלים אקטיב,מיליליטרים,750.00,"100 מ""ל",false,1,11.50,1.53,true,1,
7290001327180,false,שטראוס קרמיסימו וניל ציפ 1.33 ליטר,"גלידת שטראוס בע""מ, ר",IL,קרמיסימו וניל ציפס 1,ליטרים,0.00,ליטר,false,1,21.90,21.90,true,1,
7290001327791,false,גלידת קרמיסימו וניל עוגיות חלבי,"גלידת שטראוס בע""מ, ר",IL,קרמיסימו עוגיות 1.33,ליטרים,0.00,ליטר,false,1,21.90,21.90,true,1,
7290001330029,false,למבדה מרנג עוגה 450 גר,,,למבדה מרנג,גרמים,450.00,100 גרם,false,1,120.50,26.78,true,1,
7290001330043,false,עוגת וואלס שכבות קרם,,,עוגת וואלס שכבות קרם,גרמים,1000.00,100 גרם,false,1,120.50,12.05,true,1,
7290001330050,false,וואלס שכבות קרם מרובעת 500 גר,,,וואלס שכבות קרם מרוב,גרמים,500.00,100 גרם,false,1,66.90,13.38,true,1,
7290001330234,false,קייבסקי טורט,,,קייבסקי טורט,גרמים,600.00,100 גרם,false,1,93.90,15.65,true,1,
7290001330265,false,עוגת ערב בפראג עגול,,,עוגת ערב בפראג עגול,גרמים,900.00,100 גרם,false,1,93.90,10.43,true,1,
7290001330623,false,"פולונז שוקו בונדוק 1.1 ק""ג",,,פולונז שוקו בונדוק,קילוגרמים,0.00,"ק""ג",false,1,120.50,120.50,true,1,
7290001330746,false,עוגת ליצן מלבנית 500 גרם,,,עוגת ליצן מלבנית,גרמים,550.00,100 גרם,false,1,52.50,9.55,true,1,
7290001330753,false,עוגת שחרחורת מלבנית,,,עוגת שחרחורת מלבנית,גרמים,450.00,100 גרם,false,1,52.50,11.67,true,1,
7290001330760,false,עוגת תותי פרוטי מלבנית,,,עוגת תותי פרוטי מלבנ,גרמים,450.00,100 גרם,false,1,52.50,11.67,true,1,
7290001330838,false,עוגה בת קייב 700 גר,,,עוגה בת קייב 700 גר,גרמים,700.00,100 גרם,false,1,78.50,11.21,true,1,
7290001330890,false,עוגה פולינז שוקו בונדוק 700 גר,,,עוגה פולינז שוקו,גרמים,450.00,100 גרם,false,1,86.90,19.31,true,1,
7290001330906,false,עוגה למבדה מרנג 600 גר,,,עוגה למבדה מרנג,גרמים,450.00,100 גרם,false,1,86.90,19.31,true,1,
7290001330951,false,עוגה סיביר ריבת חלב 800גר,,,עוגה סיביר ריבת חלב,גרמים,800.00,100 גרם,false,1,93.90,11.74,true,1,
7290001330968,false,פחזניות קרם וניל 300 גר,,,פחזניות קרם וניל 300,גרמים,300.00,100 גרם,false,1,35.50,11.83,true,1,
7290001343845,false,"גרנולה פירות 1 ק""ג - 845 - ורוד שקדיה",הנסיך- מפעל לייצור ט,IL,"גרנולה פירות 1 ק""ג ו",גרמים,1000.00,100 גרם,false,1,21.90,2.19,true,1,
7290001356166,false,סלמון מעושן 100 גרם,ישראגל,,סלמון מעושן 100 גרם,גרמים,100.00,100 גרם,false,1,24.90,24.90,true,1,
7290001356173,false,סלמון פרוס 200 גרם,ישראגל,,סלמון פרוס 200 גרם,גרמים,200.00,100 גרם,false,1,45.90,22.95,true,1,
7290001361009,false,עוגת טורט קייבסקי,האי נאם סי או אל.טי.,IL,טורט קייבסקי,גרמים,700.00,100 גרם,false,1,79.90,11.41,true,1,
7290001361016,false,עוגת גינגי שכבות בצק,GS עבור נטו מלינדה ס,IL,עוגה גינגית 600 גרם,גרמים,600.00,100 גרם,false,1,44.90,7.48,true,1,
7290001361023,false,עוגה מולטית 400 גר,,,עוגה מולטית 400 גר,גרמים,400.00,100 גרם,false,1,46.90,11.73,true,1,
7290001361047,false,אקלרים ריבת חלב (400 ג' ),,,אקלרים ריבת חלב 400,גרמים,400.00,100 גרם,false,1,44.90,11.23,true,1,
7290001361054,false,אקלרים פטיסייר (600 ג'),אף.סי תבליני בגליל ב,IL,אקלרים וניל 600 גרם,גרמים,600.00,100 גרם,false,1,43.90,7.32,true,1,
7290001361061,false,פחזניות בציפוי שוקולד 600 גרם,"נטלי פלוס בע""מ",IL,פחזניות בציפוי שוקול,גרמים,600.00,100 גרם,false,1,47.90,7.98,true,1,
7290001361078,false,לילות קייב 900 ג',,,לילות קייב,גרמים,900.00,100 גרם,false,1,108.90,12.10,true,1,
7290001361085,false,עוגת נפוליאון 600 גר,אף.סי תבליני בגליל ב,IL,עוגת נפוליאון,גרמים,600.00,100 גרם,false,1,44.90,7.48,true,1,
7290001361092,false,עוגה פיצוץ 400 גרם,GS עבור נטו מלינדה ס,IL,עוגת פיצוץ,גרמים,400.00,100 גרם,false,1,46.90,11.73,true,1,
7290001361153,false,עוגה פיצוץ גדולה,,,"עוגה פיצוץ 1.1 ק""ג",קילוגרמים,0.00,"ק""ג",false,1,108.90,108.90,true,1,
7290001361160,false,עוגה מיסטיקה אננס 750 גר,,,עוגה מיסטיקה אננס 75,גרמים,750.00,100 גרם,false,1,86.90,11.59,true,1,
7290001361177,false,פס דובדבנים 650 ג',יושלם,,עוגת דובדבנים,גרמים,650.00,100 גרם,false,1,49.90,7.68,true,1,
7290001361207,false,פס אוכמניות 650 ג',,,עוגת אוכמניות,גרמים,650.00,100 גרם,false,1,48.90,7.52,true,1,
7290001361269,false,פס קייבסקי ללא קמח 3,נטלי פלוס בעמ,IL,טורט פס קייב 350 גרם,גרמים,350.00,100 גרם,false,1,49.90,14.26,true,1,
7290001361290,false,"עוגת מוצרט 1 ק""ג","נטלי פלוס בע""מ",IL,"טורט מוצרט 1 ק""ג",גרמים,1000.00,100 גרם,false,1,108.90,10.89,true,1,
7290001361436,false,פס שמנת סמנטיק 550 גרם,נטלי פלוס בעמ,IL,פס שמנת סמנטיק 550 ג,גרמים,550.00,100 גרם,false,1,46.90,8.53,true,1,
7290001361450,false,עוגת מותק - ריבת חלב 650 ג',,,עוגת ריבת חלב,גרמים,600.00,100 גרם,false,1,69.90,11.65,true,1,
7290001361733,false,פס אלפחורס נטלי 550 גרם,נטלי פלוס בעמ,IL,פס אלפחורס נטלי,גרמים,550.00,100 גרם,false,1,46.90,8.53,true,1,
7290001361894,false,פס טראפלס שוקולד 450 ג',,,פס טראפלס 500 גר,גרמים,500.00,100 גרם,false,1,39.90,7.98,true,1,
7290001361924,false,פס גבינה פרורוים 500 גר,נטלי,,פס גבינה פרורוים 500,גרמים,500.00,100 גרם,false,1,39.90,7.98,true,1,
7290001361931,false,פחזניות במילוי גבינה (350 ג'),האי נאם סי או אל.טי.,IL,פחזניות במילוי גבינה,גרמים,450.00,100 גרם,false,1,36.90,8.20,true,1,
7290001407547,false,טחינה גולמית משומשום מלא פי 6 בארכה 500ג',רושדי תעשיות מזון בע,IL,טחינה משומשום מלא פי,גרמים,500.00,100 גרם,false,1,15.90,3.18,true,1,
7290001407769,false,טחינה גולמית שומשום מלא בארכה 500ג',רושדי תעשיות מזון בע,IL,טחינה משומשום מלא,גרמים,500.00,100 גרם,false,1,17.80,3.56,true,1,
7290001407837,false,חלבה שאמית קקאו בארכה 350 ג',רושדי תעשיות מזון בע,IL,חלבה שאמית קקאו 350,גרמים,350.00,100 גרם,false,1,17.30,4.94,true,1,
7290001407844,false,חלווה קלאסית וניל בארכה 350גר,רושדי תעשיות מזון בע,IL,חלבה קלאסית וניל 350,גרמים,350.00,100 גרם,false,1,16.90,4.83,true,1,
7290001407936,false,בארכה-טחינה גולמית מעודנת בקבוק לחיץ 310 ג',רושדי תעשיות מזון בע,IL,בארכה טחינה מעודנת 3,גרמים,310.00,100 גרם,false,1,12.50,4.03,true,1,
7290001419618,false,וופל בלגי עלמה שחור לבן וניל 200ג',"גילרו בע""מ",IL,עלמה וופל קראנץ שוקו,גרמים,200.00,100 גרם,false,1,3.90,1.95,true,1,
7290001419793,false,גביעי גלידה מגולגל עלמה גילרו 30 יח',"גילרו בע""מ",IL,גביעי גלידה מגולגל 1,Unknown,0.00,Unknown,false,1,12.10,12.10,true,1,
7290001425664,false,אלסבון סדרת שמן הזית,,,אל סבון זית 1 ליטר,ליטרים,0.00,ליטר,false,1,10.00,10.00,true,1,
7290001427019,false,"מיץ תפוזים סחוט 100% 500 מ""ל",קשת מיצים,IL,"מיץ תפוז קשת 500 מ""ל",מיליליטרים,500.00,"100 מ""ל",false,1,17.90,3.58,true,1,
7290001427132,false,"מיץ רימונים טבעי 500 מ""ל קשת",קשת מיצים טבעיים,IL,"מיץ רימונים 500 מ""ל",מיליליטרים,500.00,"100 מ""ל",false,1,24.90,4.98,true,1,
7290001427255,false,מיץ תפוחים סחוט טבעי,,,קשת מיץ תפוחים טבעי,מיליליטרים,1000.00,"100 מ""ל",false,1,17.60,1.76,true,1,
7290001427323,false,פריניב מיץ סלק 1 ליטר פלסטיק,,,מיץ סלק ותפוח פט 1 ל,מיליליטרים,1000.00,"100 מ""ל",false,1,22.90,2.29,true,1,
7290001427347,false,מיץ תפוחים סמית קשת,פרי ניב,IL,מיץ תפוחים סמית קשת,מיליליטרים,1000.00,"100 מ""ל",false,1,22.90,2.29,true,1,
7290001427453,false,מיץ תפוחים פינק ליידי קשת 1 ליטר,פרי ניב,IL,מיץ תפוחים פינק לייד,מיליליטרים,1000.00,"100 מ""ל",false,1,22.90,2.29,true,1,
7290001436790,false,נקנקיות מרגז מיני אקסטרה חריף ארוז בלדי 500 ג',יוליניבר,IL,מיני מרגז חריף 500 ג,גרמים,500.00,100 גרם,false,1,29.50,5.90,true,1,
7290001468753,false,קמח תפוחי אדמה 500 ג' נאמן,תבליני ביטון,IL,קמח תפוא 500 גרם,גרמים,500.00,100 גרם,false,1,7.50,1.50,true,1,
7290001471722,false,אלטמן - מולטי ויטמין לגבר קפליות 60 יח',,,מגה VIT לגבר (60) כ,Unknown,0.00,Unknown,false,1,99.90,99.90,true,1,
7290001482094,false,גבינה פרמז'נו משולשים ויליפוד 200ג',זנטי אס. אי לאלין,IT,פרמזנו 200 גר,גרמים,200.00,100 גרם,false,1,26.50,13.25,true,1,
7290001482384,false,אננס חתוך 227 גרם ויליפוד,טקרנג,TH,אננס חתוך וילי פוד 2,גרמים,227.00,100 גרם,false,1,4.80,2.11,true,1,
7290001491010,false,תה ירוק יסמין 25 שקיקים 1.5 גרם,HIQ FOOD PRODUCTS,IL,תה ירוק יסמין 25 שקי,Unknown,0.00,Unknown,false,1,24.90,24.90,true,1,
7290001532713,false,פילה הרינג עם שמיר במשקל,,,פילה הרינג עם שמיר ב,Unknown,0.00,"ק""ג",true,0,55.00,55.00,true,1,
7290001581049,false,שיפודי פרגיות קפוא מזרע,,,שיפודי פרגיות קפואים,Unknown,0.00,"ק""ג",true,0,64.90,64.90,true,1,
7290001581094,false,כנפיים עוף ללא נוצות טרי,,,כנפיים עוף ללא נוצות,Unknown,0.00,"ק""ג",true,0,17.90,17.90,true,1,
7290001594025,false,"קוקה קולה זכוכית 350 מ""ל",החברה המרכזית לייצור,IL,קוקה קולה קלאסי 350,מיליליטרים,350.00,"100 מ""ל",false,1,6.10,1.74,true,1,
7290001594155,false,קוקה קולה בקבוק 500,החברה המרכזית לייצור,IL,"קוקה קולה 500 מ""ל",מיליליטרים,500.00,"100 מ""ל",false,1,7.50,1.50,true,1,
7290001594179,false,פאנטה אורנג' בבקבוק,החברה המרכזית לייצור,IL,"פאנטה אורנג 500 מ""ל",מיליליטרים,500.00,"100 מ""ל",false,1,7.50,1.50,true,1,
7290001594230,false,"קינלי סודה בקבוק 250 מ""ל",החברה המרכזית לייצור,IL,"קינלי סודה 250 מ""ל",מיליליטרים,250.00,"100 מ""ל",false,1,2.90,1.16,true,1,
7290001594377,false,פריגת משקה קל תפוזים,מבשלות בירה בינלאומי,IL,"פריגת תפוזים 500 מ""ל",מיליליטרים,500.00,"100 מ""ל",false,1,5.90,1.18,true,1,
7290001594391,false,פריגת משקה קל ענבים,מבשלות בירה בינלאומי,IL,פריגת ענבים 500,מיליליטרים,500.00,"100 מ""ל",false,1,5.90,1.18,true,1,
7290001594568,false,"בירה קרלסברג פחית 500 מ""ל",מבשלות בירה בינלאומי,RO,"קרלסברג פחית 500 מ""ל",מיליליטרים,500.00,"100 מ""ל",false,1,8.90,1.78,true,1,
7290001594575,false,"בירה טובורג פחית 500 מ""ל",מבשלות בירה בינלאומי,IL,"בירה טובורג 500 מ""ל",מיליליטרים,500.00,"100 מ""ל",false,1,8.90,1.78,true,1,
7290001594858,false,"טובורג רד שישייה בקבוק 330 מ""ל",קרלסברג ישראל,IL,טובורג רד שישייה בקב,מיליליטרים,1980.00,"100 מ""ל",false,1,29.90,1.51,true,1,
7290001594865,false,"קרלסברג בירה בקבוק 6* 330 מ""ל",קרלסברג ישראל,IL,קרלסברג שישיה בקבוק,מיליליטרים,1980.00,"100 מ""ל",false,1,29.90,1.51,true,1,
7290001670873,false,"צלחות גדולות לבנות קשיח ח""פ הנמל 66יח'",הנמל אריזות ושיווק ב,IL,צלחות הנמל 1 קג,Unknown,0.00,Unknown,false,1,59.50,59.50,true,1,
7290001694459,false,תה ירוק מאצה יפני 50 גרם,,JP,תה ירוק מאצה יפני 50,Unknown,0.00,Unknown,false,1,44.90,44.90,true,1,
7290001697504,false,ארט 3 פלקס סופהרב,,,ארט 3 פלקס סופהרב,Unknown,0.00,Unknown,false,1,104.90,104.90,true,1,
7290001697825,false,בי סי אי אי (BCAA),,,בי סי אי אי (BCAA),Unknown,0.00,Unknown,false,1,105.90,105.90,true,1,
7290001713150,false,סנט מוריץ מתז אקונומיקה Bleach קצף לימון 1 ליטר,"קומפלקס כימיקלים בע""",IL,קצף אקונומיקה סנט מו,ליטרים,0.00,ליטר,false,1,11.90,11.90,true,1,
7290001791349,false,אקונומיקה פסגה ריחנית 4ליטר,"סנו מפעלי ברונוס בע""",IL,פסגה אקונומיקה 4 ליט,ליטרים,0.00,ליטר,false,1,9.90,9.90,true,1,
7290001817728,false,צ'יטוס חטיף כאפה קטשופ 55 גרם,"שטראוס פריטו ליי בע""",IL,ציטוס כאפה עידן הקרח,גרמים,55.00,100 גרם,false,1,3.50,6.36,true,1,
7290001835357,false,פרמיו מיני 100ג',,,פרמיו מיני 100 ג,גרמים,100.00,100 גרם,false,1,16.90,16.90,true,1,
7290001865439,false,פמלי לקשרי 1ליטר וניל טהור +משאבה,אף.סי תבליני בגליל ב,IL,פמילי אל סבון נוזלי,מיליליטרים,1000.00,"100 מ""ל",false,1,13.90,1.39,true,1,
7290001881040,false,מלפפון בייבי 600 גרם,,IL,מלפפון בייבי 600 גרם,גרמים,600.00,100 גרם,false,1,31.50,5.25,true,1,
7290001881095,false,"עגבניות שרי 1 ק""ג",,,עגבניות שרי 1 קג,קילוגרמים,0.00,"ק""ג",false,1,29.50,29.50,true,1,
7290001881224,false,אננס חתוך קפוא 300 גר,מאמא מרי,IL,אננס חתוך קפוא 300 ג,גרמים,300.00,100 גרם,false,1,16.90,5.63,true,1,
7290001881293,false,תות שדה 300 גרם,,,תות שדה 300 גרם,גרמים,300.00,100 גרם,false,1,13.90,4.63,true,1,
7290001881873,false,"מאמא מרי כרוב עם חמוציות 1 ק""ג",,,כרוב עם חמוציות 1 קג,קילוגרמים,0.00,"ק""ג",false,1,20.90,20.90,true,1,
7290001901656,false,היימיש פיש הדג המיוחד 7 קציצות 600 גרם,דג טעים בעמ,IL,היימיש פיש הדג המיוח,גרמים,600.00,100 גרם,false,1,17.90,2.98,true,1,
7290001901670,false,גפילטע פיש גולד ללא סוכר 470 ג הדג המיוח,דג טעים בעמ,IL,גפילטע פיש גולד ללא,גרמים,470.00,100 גרם,false,1,24.90,5.30,true,1,
7290001973233,false,"ד""ר פישר - קמיל בלו מילוי מגבונים בדיספנסר 120 יח'","ד""ר פישר Dr fischer",IL,מגבונים קמיל בלו 120,Unknown,0.00,Unknown,false,1,10.40,10.40,true,1,
7290001975992,false,בירה ויינשטפיין בקבו,יושלם,,"בירה ויינשטפן 330 מ""",מיליליטרים,330.00,"100 מ""ל",false,1,14.50,4.39,true,1,
7290001990117,false,שומשום סוגת 100 גרם,האי נאם סי או אל.טי.,IL,שומשום 100 גרם,גרמים,100.00,100 גרם,false,1,4.50,4.50,true,1,
7290001990148,false,"סוכר גולדן קלאסי צנצנת 1ק""ג סוגת",האי נאם סי או אל.טי.,IL,סוכר גולדן קלאסי צנצ,גרמים,1000.00,100 גרם,false,1,12.90,1.29,true,1,
7290001990414,false,"עדשים אדומים 1 ק""ג סוגת","סוגת תעשיות בע""מ",IL,"עדשים אדומים 1 ק""ג",גרמים,1000.00,100 גרם,false,1,15.60,1.56,true,1,
7290001990421,false,"פופקורן גרעינים סוגת 1 ק""ג","סוגת תעשיות בע""מ",IL,"פופקורן 1 ק""ג",גרמים,1000.00,100 גרם,false,1,10.40,1.04,true,1,
7290001992081,false,קרפלך עגל 800 גרם,,,קרפלך עגל 800 גרם,גרמים,800.00,100 גרם,false,1,29.90,3.74,true,1,
7290001992142,false,קרפלך עוף 800 גרם,,,קרפלך עוף 800 גרם,גרמים,800.00,100 גרם,false,1,29.90,3.74,true,1,
7290001992203,false,קרפלך סיבירסקי 800 גרם,,,קרפלך סיבירסקי 800 ג,גרמים,800.00,100 גרם,false,1,29.90,3.74,true,1,
7290001992210,false,קרפלך רוסי 800 גרם,,,קרפלך רוסי 800 גרם,גרמים,800.00,100 גרם,false,1,29.90,3.74,true,1,
7290001992500,false,קרפלך ילדים 800 גר מניה,,,קרפלך ילדים 800 גר,גרמים,800.00,100 גרם,false,1,29.90,3.74,true,1,
7290002000136,false,מגע המשי שעווה דבש למיקרוגל 500 ג',ש. שוורץ (באר שבע) ב,IL,מגע המשי הדבש שעווה,גרמים,500.00,100 גרם,false,1,19.90,3.98,true,1,
7290002007036,false,כוסמת הנמל 500 גרם,,,כוסמת 500 גר,גרמים,500.00,100 גרם,false,1,8.20,1.64,true,1,
7290002007234,false,אבקת סוכר 100 ג' הנמל,"מיוצר וארוז ע""י: ר.ס",IL,אבקת סוכר 100 גרם,גרמים,100.00,100 גרם,false,1,2.20,2.20,true,1,
7290002007357,false,שקיות צליה דליקטס מיקרוגל הנמל 10 יח',הנמל,IL,שקיות צליה 10 יחידות,Unknown,0.00,Unknown,false,1,5.50,5.50,true,1,
7290002007500,false,קיסמי שיניים במבוק בחבית 500 יח',הנמל אריזות ושיווק ב,CN,קיסמי שיניים בחבית,Unknown,0.00,Unknown,false,1,3.10,3.10,true,1,
7290002007852,false,"תמצית אפייה בטעמים שונים 55 מ""ל הנמל",ממתקי עלה יצור ושיוו,IL,תמציות לאפיה,Unknown,0.55,Unknown,false,1,4.20,7.64,true,1,
7290002008040,false,"שיפודים עץ 30 ס""מ הנמל 100יח'",הנמל אריזות ושיווק ב,IL,שיפודים 30 סמ,Unknown,0.00,Unknown,false,1,3.90,3.90,true,1,
7290002008347,false,קורנפלור 500 ג' הנמל,,,קורנפלור 500 גרם,גרמים,500.00,100 גרם,false,1,6.80,1.36,true,1,
7290002008507,false,נייר אפייה 50 יח' הנמל,הנמל אריזות ושיווק ב,IL,נייר אפיה 50 יחידות,Unknown,0.00,Unknown,false,1,8.50,8.50,true,1,
7290002008651,false,קמח תפוח אדמה 500 ג' הנמל,ר.ס. חברה ליבוא וייצ,IL,קמח תפוחי אדמה הנמל,גרמים,500.00,100 גרם,false,1,6.90,1.38,true,1,
7290002008750,false,אבקת אפיה הנמל מארז 10X10 ג',"מיוצר ע""י:ר.ס. חברה",IL,אבקת אפיה 10 יח,גרמים,100.00,100 גרם,false,1,2.50,2.50,true,1,
7290002008934,false,סוכריות צבעוניות לקישוט לעוגה 200 גר,ממתקי עלה יצור שיווק,IL,סוכריות לקישוט צבעונ,גרמים,200.00,100 גרם,false,1,8.90,4.45,true,1,
7290002008989,false,קישקשים קשים לשתיה 225יח הנמל,הנמל אריזות ושיווק ב,CN,קשים 225 יח,Unknown,0.00,Unknown,false,1,11.40,11.40,true,1,
7290002014201,false,חומוס 200 גרם מעדני מיקי,מעדני מיקי,IL,חומוס 200 גרם,גרמים,200.00,100 גרם,false,1,7.50,3.75,true,1,
7290002014218,false,טחינה 200 גרם מעדני מיקי,מעדני מיקי,IL,טחינה 200 גרם,גרמים,200.00,100 גרם,false,1,7.50,3.75,true,1,
7290002014225,false,חציל במיונז 200 גרם מעדני מיקי,מעדני מיקי,IL,חציל במיונז 200 גרם,גרמים,200.00,100 גרם,false,1,7.50,3.75,true,1,
7290002014232,false,סלט טורקי 200 גרם מעדני מיקי,מעדני מיקי,IL,סלט טורקי 200 גרם,גרמים,200.00,100 גרם,false,1,7.50,3.75,true,1,
7290002014799,false,מטבוחה 200 גרם מעדני מיקי,מעדני מיקי,IL,מטבוחה 200 גרם,גרמים,200.00,100 גרם,false,1,7.50,3.75,true,1,
7290002019114,false,רוטב עגבניות % 28 פריניר 560 גר,יושלם,,רוטב עגבניות % 28 פר,גרמים,560.00,100 גרם,false,1,6.90,1.23,true,1,
7290002019763,false,עגבניות מרוסקות 800 גרם פריניר,פריניר ( הדס 1987) ב,IL,עגבניות מרוסקות 800,גרמים,800.00,100 גרם,false,1,6.70,0.84,true,1,
7290002019787,false,רוטב עגבניות מרוכז מאוד 260 גרם פריניר,פריניר ( הדס 1987) ב,IL,רוטב עגבניות מרוכז מ,גרמים,260.00,100 גרם,false,1,3.90,1.50,true,1,
7290002019794,false,רוטב עגבניות מרוכז מאוד 100 גרם פריניר,פריניר ( הדס 1987) ב,IL,רוטב עגבניות מרוכז מ,גרמים,100.00,100 גרם,false,1,1.90,1.90,true,1,
7290002026341,false,בטטה צ'יפס רגיל אריסטו קראנץ 500 ג',האי נאם סי או אל.טי.,CA,ציפס בטטה פלאנק 500,גרמים,500.00,100 גרם,false,1,20.90,4.18,true,1,
7290002026358,false,צ'יפס אריסטו זיג זג שקיות רשת,האי נאם סי או אל.טי.,CA,ציפס בטטה קרינקל 500,גרמים,500.00,100 גרם,false,1,20.90,4.18,true,1,
7290002026365,false,טבעות בצל אריסטו קראנץ 500 ג',היידי שוקולד בירונטי,IL,טבעות בצל 500 גר,גרמים,500.00,100 גרם,false,1,14.60,2.92,true,1,
7290002026402,false,בראנץ אנד קראנץ בלינצס גבינה 350 גרם,מוצרי איכות אמריקאיי,IL,בלינצס גבינה בראנץ &,גרמים,350.00,100 גרם,false,1,17.20,4.91,true,1,
7290002026587,false,וופל בלגי פרווה בראנץ אנד קראנץ 8 יח',בראנץ' אנד קראנץ Brunch& Crunch,BE,וופל בלגי קפוא 280 ג,גרמים,280.00,100 גרם,false,1,17.20,6.14,true,1,
7290002026884,false,"מאגדת ציאנקי מיקס בן וג'ירי 4 *100 מ""ל",,,מאגדת צאנקי מיקס בן&,Unknown,0.00,Unknown,false,1,29.50,29.50,true,1,
7290002026891,false,"מאגדת קוקי מיקס בן וג'ירי 4*100 מ""ל",,,מאגדת קוקי מיקס בן&ג,Unknown,0.00,Unknown,false,1,29.50,29.50,true,1,
7290002026914,false,"מאגדת קלאסיק מיקס בן וג'ירי 4*100 מ""ל",מוצרי איכות אמריקאיי,IL,מאגדת קלאסיק מיקס בן,Unknown,0.00,Unknown,false,1,29.50,29.50,true,1,
7290002027843,false,מיני בר תמרים ואגוזים 120 גרם,הום מייד,IL,חטיף תמרים עם אגוזי,גרמים,120.00,100 גרם,false,1,14.90,12.42,true,1,
7290002032205,false,חינה קולור בלונד מוז,,,חינה קולור בלונד מוז,Unknown,0.00,Unknown,false,1,19.90,19.90,true,1,
7290002037057,false,לחם לבן פרוס 500 גרם,,,לחם לבן פרוס ודש,גרמים,500.00,100 גרם,false,1,6.10,1.22,true,1,
7290002040019,false,קוסקוס רגיל הנמל 350 גר',"קוסקוס מזון בע""מ",IL,קוסקוס רגיל 350 גרם,גרמים,350.00,100 גרם,false,1,5.90,1.69,true,1,
7290002040064,false,קוסקוס דק הנמל 350 גר',טרופיקל דגיל תעשיות,IL,קוסקוס דק 350 גרם,גרמים,350.00,100 גרם,false,1,5.90,1.69,true,1,
7290002040071,false,קוסקוס עבה הנמל 350 גר',"קוסקוס מזון בע""מ",IL,קוסקוס עבה 350 גרם,גרמים,350.00,100 גרם,false,1,5.90,1.69,true,1,
7290002040088,false,קוסקוס חיטה מלאה 350 ג',"קוסקוס מזון בע""מ",IL,קוסקוס מלא 350 גרם,גרמים,350.00,100 גרם,false,1,6.80,1.94,true,1,
7290002043065,false,פריכיות אורז חום מלא בציפוי שוקולד מריר בלגי 70 ג',נוהלס,BG,פריכוני אורז חום מלא,גרמים,70.00,100 גרם,false,0,8.90,12.71,true,1,
7290002043348,false,ציפס אורז חום מלא ציה וקינואה 60 גרם,JS. A.F.P Co,BG,ציפס אורז חום מלא צי,גרמים,60.00,100 גרם,false,0,7.90,13.17,true,1,
7290002043867,false,חטיף אורז אקסטרה בציפוי שוקולד לבן 90 גרם,,,באר אקסטרה בציפוי שו,Unknown,0.00,Unknown,false,0,12.90,12.90,true,1,
7290002043874,false,חטיף אורז אקסטרה שוקולד לבן קרמל 90 גרם,,,באר אקסטרה קרמל מ.שו,גרמים,90.00,100 גרם,false,1,12.90,14.33,true,1,
7290002053095,false,אטריות ביצים מס 10 200 ג',פ.פ.ח טאביט,PL,אטריות ביצים 10 200,גרמים,200.00,100 גרם,false,1,8.60,4.30,true,1,
7290002057031,false,זיתים מבוקע פיקנטי A2 יבנה 560 ג',קבוצת יבנה,IL,זית מבוקע פיקנטי 540,גרמים,540.00,100 גרם,false,1,9.90,1.83,true,1,
7290002057048,false,זיתים סורי מבוקע A2 יבנה 560ג',קבוצת יבנה,IL,זית סורי מבוקע יבנה,גרמים,540.00,100 גרם,false,1,11.80,2.19,true,1,
7290002057093,false,זיתים מנזנילו ירוק A2 יבנה 540ג',קבוצת יבנה,IL,זית מנזנילו גדול 540,גרמים,540.00,100 גרם,false,1,9.50,1.76,true,1,
7290002057123,false,זיתים ירוקים חרוזית מנזנילו A-2,קבוצת יבנה,IL,חרוזית ירוק יבנה 540,גרמים,540.00,100 גרם,false,1,8.90,1.65,true,1,
7290002057185,false,טבעות זיתים ירוקים 560 ג' יבנה,קבוצת יבנה,IL,טבעות זיתים ירוקים,גרמים,540.00,100 גרם,false,1,9.90,1.83,true,1,
7290002057352,false,מלפפון במלח 7-9 560 ג' יבנה,אף.סי תבליני בגליל ב,IL,מלפפון מלח יבנה 7-9,גרמים,540.00,100 גרם,false,1,6.90,1.28,true,1,
7290002057369,false,מלפפון במלח ‏12‏-‏10‏ 560 ג' יבנה,קבוצת יבנה,IL,מלפפון במלח יבנה 10-,גרמים,540.00,100 גרם,false,1,7.90,1.46,true,1,
7290002057376,false,מלפפון במלח ‏17‏-‏13‏ 560 ג' יבנה,קבוצת יבנה,IL,מלפפון במלח יבנה 13-,גרמים,540.00,100 גרם,false,1,9.90,1.83,true,1,
7290002057383,false,מלפפון במלח ‏25‏-‏18‏ 560 ג' יבנה,קבוצת יבנה,IL,מלפפון במלח 18-25 יב,גרמים,540.00,100 גרם,false,1,12.90,2.39,true,1,
7290002057451,false,מלפפון בחומץ ‏9‏-‏7‏ %‏20‏ 560 ג' יבנה,אף.סי תבליני בגליל ב,IL,מלפפון בחומץ יבנה 7-,גרמים,540.00,100 גרם,false,1,6.90,1.28,true,1,
7290002057468,false,מלפפון חומץ ‏12‏-‏10‏ 560 ג' יבנה,קבוצת יבנה,IL,מלפפון בחומץ יבנה 10,גרמים,540.00,100 גרם,false,1,7.90,1.46,true,1,
7290002057475,false,מלפפונים בחומץ 13-17 קטן A2 יבנה 540ג',קבוצת יבנה,IL,מלפפון בחומץ יבנה 13,גרמים,540.00,100 גרם,false,1,9.90,1.83,true,1,
7290002057482,false,מלפפון חומץ ‏25‏-‏18‏ 560 ג' יבנה,קבוצת יבנה,IL,מלפפון בחומץ 18-25 י,גרמים,540.00,100 גרם,false,1,12.90,2.39,true,1,
7290002057604,false,שיפקה פלפל חריף A2 יבנה 600ג',קבוצת יבנה,IL,שימורי שיפקה יבנה 54,גרמים,540.00,100 גרם,false,1,6.60,1.22,true,1,
7290002057628,false,טבעות זיתים מושחר יבנה 540 גרם,קבוצת יבנה,IL,טבעות זיתים מושחר יב,גרמים,540.00,100 גרם,false,1,9.90,1.83,true,1,
7290002057734,false,זיתים חרוזית שחור A2 יבנה 540ג',קבוצת יבנה,IL,זית חרוזית שחור יבנה,גרמים,540.00,100 גרם,false,1,9.90,1.83,true,1,
7290002073628,false,גאודה אגוזים הולנדי במשקל,,,גאודה אגוזים הולנדי,Unknown,0.00,"ק""ג",true,0,145.00,145.00,true,1,
7290002073635,false,גאודה פסטו הולנדי במשקל,,,גאודה פסטו הולנדי במ,Unknown,0.00,"ק""ג",true,0,132.00,132.00,true,1,
7290002073871,false,גבינה איטליקו תבלינים במשקל,,,ברי כמהין במשקל,Unknown,0.00,"ק""ג",true,0,157.00,157.00,true,1,
7290002075233,false,איס קונפקט קטן צנצנת,יושלם,,אייסקונפקט 250 גרם,גרמים,250.00,100 גרם,false,1,17.70,7.08,true,1,
7290002079033,false,לחם דגנים לייט פרוס 500 גר,מאפיית דוידוביץ ובני,IL,לחם דגנים לייט פרוס,גרמים,500.00,100 גרם,false,1,13.90,2.78,true,1,
7290002079217,false,מחמצת עם אגוזים שיפון 650 ג',מאפיית אחדות חיפה בע,IL,מחמצת עם אגוזים,גרמים,650.00,100 גרם,false,1,12.90,1.98,true,1,
7290002079361,false,לחמניות המבורגר חתוך 6+2*60 ג',מאפיית אחדות חיפה,IL,המבורגר חתוך 60 גרם,גרמים,480.00,100 גרם,false,1,13.90,2.90,true,1,
7290002079477,false,**לחם אחיד פרוס 750גר,מאפיית דוידוביץ ובני,IL,לחם אחיד פרוס 750 גר,גרמים,750.00,100 גרם,false,1,7.11,0.95,true,1,
7290002079927,false,לחם דגנים מלא דוידוב,מאפיית אחדות חיפה(93,IL,לחם דגנים קמח מלא,גרמים,750.00,100 גרם,false,1,14.90,1.99,true,1,
7290002107385,false,גבינת מה עיזים בגליל צוריאל 180 ג',מחלבת משק צוריאל,IL,עז מה גבינת עיזים,גרמים,180.00,100 גרם,false,1,24.90,13.83,true,1,
7290002107491,false,גבינת עזים למריחה טבעי 5% צוריאל 250 ג',מחלבת משק צוריאל,IL,גבינת עיזים למריחה 5,גרמים,250.00,100 גרם,false,1,16.90,6.76,true,1,
7290002107798,false,גבינה בולגרית מעודנת 5% צוריאל 250ג',מחלבת משק צוריאל,IL,בולגרית בקר 5% בגביע,גרמים,250.00,100 גרם,false,1,24.90,9.96,true,1,
7290002107965,false,טבורוג גבינה לאפייה 5% צוריאל 500 ג',מחלבת משק צוריאל,IL,צוריאל גבינה טבורוג,גרמים,500.00,100 גרם,false,1,24.90,4.98,true,1,
7290002130567,false,דבש טהור מפרחי בר בזכוכית 350 גרם,מכוורת יד מרדכי שטרא,IL,דבש טהור יד מרדכי 35,גרמים,350.00,100 גרם,false,1,18.90,5.40,true,1,
7290002130574,false,דבש טהור מפרחי בר בזכוכית 500 ג' יד מרדכי,מכוורת יד מרדכי שטרא,IL,דבש טהור יד מרדכי500,גרמים,500.00,100 גרם,false,1,24.70,4.94,true,1,
7290002130581,false,"דבש טהור יד מרדכי 1 ק""ג",שטראוס גרופ,IL,דבש טהור יד מרדכי 1,גרמים,1000.00,100 גרם,false,1,42.90,4.29,true,1,
7290002132011,false,עבאדי עוגיות מזרחיות 400 גרם,מאפיית יוסף ושמחה עב,IL,עבאדי עוגיות מזרחיות,גרמים,400.00,100 גרם,false,1,16.70,4.18,true,1,
7290002133032,false,גבינה קשקבל מגורדת ש,"מחלבת השומרון בע""מ",IL,פתיתי קשקבל 300 גרם,גרמים,300.00,100 גרם,false,1,30.50,10.17,true,1,
7290002133131,false,מחלבת שומרון ריקוטה,מחלבת השומרון,IL,ריקוטה 5% 250 גרם,גרמים,250.00,100 גרם,false,1,14.60,5.84,true,1,
7290002133537,false,יוגורט של פעם עיזים 180גר,מחלבת שומרון,IL,יוגורט של פעם עיזים,גרמים,180.00,100 גרם,false,1,6.20,3.44,true,1,
7290002133889,false,בולגרית מעודנת 5% בגביע 250 גר,מחלבת השומרון,IL,בולגרית מעודנת 5%,גרמים,250.00,100 גרם,false,1,20.90,8.36,true,1,
7290002190141,false,ממרח ריבת חלב קונדיטור,קרלו,IL,ריבת חלב בצנצנת 450,גרמים,450.00,100 גרם,false,1,13.90,3.09,true,1,
7290002190516,false,קומידה ממרח ריבת חלב,קרלו,IL,ממרח ריבת חלב 500 גר,גרמים,500.00,100 גרם,false,1,12.90,2.58,true,1,
7290002196884,false,"רוטב בוטנים וקארי 350 מ""ל",,,רוטב בוטנים וקארי 35,גרמים,350.00,100 גרם,false,1,19.90,5.69,true,1,
7290002204220,false,אוכמניות,,,אוכמניות,Unknown,0.00,Unknown,false,1,19.90,19.90,true,1,
7290002208129,false,השומרון גבינת חלומי כבשים 250ג,,,חלומי כבשים דותן 250,גרמים,250.00,100 גרם,false,1,37.90,15.16,true,1,
7290002208464,false,קשקבל כבשים משק דותן 200 גרם,,,קשקבל כבשים משק דותן,גרמים,200.00,100 גרם,false,1,40.90,20.45,true,1,
7290002208471,false,פיקורינו כבשים משק דותן 200 גרם,,,פיקורינו כבשים משק ד,גרמים,200.00,100 גרם,false,1,34.90,17.45,true,1,
7290002208488,false,מנצגו כבשים משק דותן 200 גרם,,,מנצגו כבשים משק דותן,גרמים,200.00,100 גרם,false,1,40.90,20.45,true,1,
7290002208495,false,דותן תום כבשים מיושן 200 ג',,,תום כבשים משק דותן 2,גרמים,200.00,100 גרם,false,1,34.90,17.45,true,1,
7290002208532,false,צדר כבשים משק דותן 200 גרם,,,צדר כבשים משק דותן 2,גרמים,200.00,100 גרם,false,1,40.90,20.45,true,1,
7290002253006,false,שום כתוש בצנצנת 200 גר דורות,עיצובים 2020 (3.8),IL,שום כתוש בצנצנת 200,גרמים,200.00,100 גרם,false,1,15.90,7.95,true,1,
7290002253105,false,מגשית קוביות שום טרי דורות 80 ג',עיצובים 2020 (3.8),IL,מגשית שום טרי דורות,גרמים,80.00,100 גרם,false,1,11.90,14.88,true,1,
7290002253150,false,בזיליקום טרי קצוץ דורות 70 ג',עיצובים 2020 (3.8),IL,מגשית בזיליקום דורות,גרמים,70.00,100 גרם,false,1,12.50,17.86,true,1,
7290002253167,false,מגשית פטרוזיליה דורות 70 גר,עיצובים 2020 (3.8),IL,מגשית פטרוזיליה דורו,גרמים,70.00,100 גרם,false,1,12.50,17.86,true,1,
7290002253181,false,כוסברה טריה קצוצה 70 ג' דורות,עיצובים 2020 (3.8),IL,מגשית כוסברה דורות 7,גרמים,70.00,100 גרם,false,1,12.50,17.86,true,1,
7290002253198,false,ג'ינג'ר טרי כתוש במגשית 70 ג' דורות,עיצובים 2020 (3.8),IL,מגשית גינגר כתוש קפו,גרמים,70.00,100 גרם,false,1,13.50,19.29,true,1,
7290002253235,false,דורות רוטב פסטו 160 גרם,עיצובים 2020 (3.8),IL,דורות רוטב פסטו 160,גרמים,160.00,100 גרם,false,1,15.60,9.75,true,1,
7290002253259,false,דורות רוטב עגבניות בזיליקום 160 גרם,עיצובים 2020 (3.8),IL,דורות רוטב עגבניות ב,גרמים,160.00,100 גרם,false,1,15.60,9.75,true,1,
7290002253310,false,שום צילי חריף קוביות תערובת 80 ג' דורות,עיצובים 2020 (3.8),IL,קוביות שום צילי חריף,גרמים,80.00,100 גרם,false,1,13.50,16.88,true,1,
7290002259640,false,"רדיד אלומניום דיימונד 084- 7.50 מ""ר *0.3",ריינולדס מוצרי צריכה,CN,דיימונד רדיד אלומיני,מטרים,7.50,מטר,false,1,12.50,1.67,true,1,
7290002259657,false,דיאמונד רדיד אלומיניום85 22.5*0.3,ריינולדס,US,דיאמונד רדיד אלומיני,מטרים,22.50,מטר,false,1,27.90,1.24,true,1,
7290002263562,false,"מיץ לימון משומר 200 מ""ל",,,מיץ לימון משומר 200,מיליליטרים,200.00,"100 מ""ל",false,0,6.90,3.45,true,1,
7290002263661,false,"מיץ לימון 100% טבעי 250 מ""ל",,IT,מיץ לימון 100% טבעי,מיליליטרים,250.00,"100 מ""ל",false,0,7.50,3.00,true,1,
7290002291046,false,המבורגר מסעדות קצבייה 4 יח'-480 ג',יוליניבר,IL,המבורגר מסעדות 480 ג,גרמים,480.00,100 גרם,false,1,26.90,5.60,true,1,
7290002304227,false,קונפיטורה ביתית דובדבן חמוציות לייט 600,,,קונפיטורה ביתית דובד,גרמים,600.00,100 גרם,false,1,29.50,4.92,true,1,
7290002304234,false,קונפיטורה ביתית אוכמניות לייט 600 גר,,,קונפיטורה ביתית אוכמ,גרמים,600.00,100 גרם,false,1,29.50,4.92,true,1,
7290002304425,false,מעדן ענבי ציון דובדבן 1.2 קג,,,מעדן ענבי ציון דובדב,קילוגרמים,0.00,"ק""ג",false,1,31.50,31.50,true,1,
7290002304432,false,"מעדן ענבי ציון תות 1.20 ק""ג",,,מעדן ענבי ציון תות 1,קילוגרמים,0.00,"ק""ג",false,1,31.50,31.50,true,1,
7290002304463,false,מעדן ענבי ציון פרי היער1.2 קג,,,מעדן ענבי ציון פרי ה,קילוגרמים,0.00,"ק""ג",false,1,31.50,31.50,true,1,
7290002304487,false,"מעדן ענבי ציון אוכמניות 1.2 ק""ג",,,מעדן ענבי ציון אוכמנ,קילוגרמים,0.00,"ק""ג",false,1,31.50,31.50,true,1,
7290002304609,false,קונפיטורה ביתי ענבי ציון תות 600 גרם,,IL,קונפיטורה ביתי ענבי,גרמים,600.00,100 גרם,false,1,19.90,3.32,true,1,
7290002304623,false,קונפיטורה ביתי ענבי ציון פירות יער 600 גר,,IL,קונפיטורה ביתי ענבי,גרמים,600.00,100 גרם,false,1,19.90,3.32,true,1,
7290002304630,false,קונפיטורה ביתי ענבי ציון דובדבן 600 גרם,,IL,קונפיטורה ביתי ענבי,גרמים,600.00,100 גרם,false,1,19.90,3.32,true,1,
7290002304654,false,קונפיטורה ביתי ענבי ציון שזיף 600 גרם,,IL,קונפיטורה ביתי ענבי,גרמים,600.00,100 גרם,false,1,19.90,3.32,true,1,
7290002304661,false,קונפיטורה ביתי ענבי ציון אוכמניות 600 גרם,,IL,קונפיטורה ביתי ענבי,גרמים,600.00,100 גרם,false,1,19.90,3.32,true,1,
7290002304692,false,קונפיטורה ענבי ציון חמוציות ודובדבן 600,,IL,קונפיטורה ענבי ציון,גרמים,600.00,100 גרם,false,1,19.90,3.32,true,1,
7290002331025,false,"מים מינרלים נביעות ספורט 500 מ""ל פקדון",נביעות טבע הגליל בעמ,IL,"נביעות 500 מ""ל",מיליליטרים,500.00,"100 מ""ל",false,1,5.90,1.18,true,1,
7290002331124,false,מים נביעות בטעם תפוח 0.5 ליטר,נביעות טבע הגליל בעמ,IL,מים נביעות בטעם תפוח,מיליליטרים,500.00,"100 מ""ל",false,1,7.90,1.58,true,1,
7290002331155,false,מים נביעות בטעם אפרסק 0.5 ליטר,נביעות טבע הגליל בעמ,IL,מים נביעות בטעם אפרס,מיליליטרים,500.00,"100 מ""ל",false,1,7.90,1.58,true,1,
7290002331360,false,"נביעות מים מינרליים טו גו מארז 500X6מ""ל",נביעות,IL,שישיית מים נביעות,מיליליטרים,3000.00,"100 מ""ל",false,1,14.90,0.50,true,1,
7290002331476,false,"נביעות בייבי מים מינרלים 250מ""ל",נביעות,,מים נביעות בייב 330,מיליליטרים,250.00,"100 מ""ל",false,1,2.90,1.16,true,1,
7290002331483,false,שישיית מים נביעות בייב 330 מל,נביעות טבע הגליל בעמ,IL,שישיית מים נביעות בי,מיליליטרים,1980.00,"100 מ""ל",false,1,14.50,0.73,true,1,
7290002331490,false,מים מינרלים נביעות 1 ליטר,נביעות טבע הגליל בעמ,IL,מים נביעות 1 ליטר,מיליליטרים,1000.00,"100 מ""ל",false,1,2.90,0.29,true,1,
7290002331711,false,מים נביעות בטעם ענבים 0.5 ליטר,נביעות טבע הגליל בעמ,IL,מים נביעות בטעם ענבי,מיליליטרים,500.00,"100 מ""ל",false,1,7.90,1.58,true,1,
7290002333098,false,הרדוף חומוס גרגירים,אול אורגני,IL,חומוס אורגני 500 גר,גרמים,500.00,100 גרם,false,1,10.90,2.18,true,1,
7290002333128,false,קמח חיטה מלא אורגני,,,קמח מלא אורגני 1 ק*ג,גרמים,1000.00,100 גרם,false,1,14.90,1.49,true,1,
7290002333319,false,קמח שיפון מלא 1 קג הרדוף,טחנת קמח יפו,IL,קמח שיפון מלא 1 קג ה,גרמים,1000.00,100 גרם,false,1,16.50,1.65,true,1,
7290002333456,false,גריסי פנינה אורגני 500 גר,אול אורגני,IL,גריסי פנינה אורגני,גרמים,500.00,100 גרם,false,1,9.90,1.98,true,1,
7290002333500,false,הרדוף עדשים אדומות א,אול אורגני,IL,עדשים אדומים 500 גר,גרמים,500.00,100 גרם,false,1,11.90,2.38,true,1,
7290002333678,false,שומשום מלא אורגני 300 גר,אול אורגני,IL,שומשום מלא אורגני 30,גרמים,300.00,100 גרם,false,1,12.90,4.30,true,1,
7290002333838,false,כוסמת אורגנית הרדוף,אול אורגני,IL,כוסמת אורגנית 500 גר,גרמים,500.00,100 גרם,false,1,11.40,2.28,true,1,
7290002333999,false,גרעיני חמניות אורגנים 300 גר הרדוף,אול אורגני,IL,גרעיני חמניות אורגני,גרמים,300.00,100 גרם,false,1,12.90,4.30,true,1,
7290002353836,false,סרדינים רוברט בשמן זית 115 גרם,קונסרבס פורטוגל נורט,PT,סרדינים רוברט בשמן,גרמים,120.00,100 גרם,false,1,8.90,7.42,true,1,
7290002360155,false,חליטת תה פרחי שומר פומפדור 20 שקיקים,TEEKANNE- POMPADOU,DE,תה חליטת פומפדור שומ,Unknown,0.00,Unknown,false,1,16.70,16.70,true,1,
7290002360285,false,תה פומפדור חליטת צמחים קמומיל 20 שק,TEEKANNE- POMPADOU,DE,תה חליטת קמומיל 20 י,Unknown,0.00,Unknown,false,1,16.70,16.70,true,1,
7290002371526,false,סלסולי פסטרמה שום וצילי 120 גר טירת צבי,הנסיך- מפעל לייצור ט,IL,סלסולי פסטרמה שום,גרמים,120.00,100 גרם,false,1,13.90,11.58,true,1,
7290002371533,false,דקניקים סלסולי פסטרמה בדבש 120 ג' טירת צבי,הנסיך- מפעל לייצור ט,IL,סלסולי פסטרמה ודבש 1,גרמים,120.00,100 גרם,false,1,13.90,11.58,true,1,
7290002371540,false,דקניקים קורנדביף 120 ג' טירת צבי,הנסיך- מפעל לייצור ט,IL,קורנביף 120 גר,גרמים,120.00,100 גרם,false,1,13.90,11.58,true,1,
7290002371854,false,"נקניקיות עוף מתובלות 1 ק""ג טירת צבי",הנסיך- מפעל לייצור ט,IL,נקניקיות חריפות 1 קג,קילוגרמים,0.00,"ק""ג",false,1,24.90,24.90,true,1,
7290002371939,false,סרוולד בסגנון צרפתי דליקטיב 120 גרם,הנסיך- מפעל לייצור ט,IL,סרוולט צרפתי 120 גר,גרמים,120.00,100 גרם,false,1,34.50,28.75,true,1,
7290002374268,false,שמן חמניות מילומור 1 ליטר,שמן תעשיות,IL,שמן חמניות 1 ליטר,מיליליטרים,1000.00,"100 מ""ל",false,1,12.50,1.25,true,1,
7290002374312,false,"שמן קנולה מילומור 1 ל' עד""ח","נארז ע""י : א.ג. גילר",IL,שמן קנולה 1 ליטר,מיליליטרים,1000.00,"100 מ""ל",false,1,10.90,1.09,true,1,
7290002374640,false,שמן קנולה פלוס אומגה 3 1 ליטר עץ הזית,שמן תעשיות,IL,שמן קנולה פלוס אומגה,מיליליטרים,1000.00,"100 מ""ל",false,1,16.90,1.69,true,1,
7290002385196,false,גבינת דיניש בלו במשקל,מחלבות גד,IL,גבינת דיניש בלו במשק,Unknown,0.00,"ק""ג",true,0,158.00,158.00,true,1,
7290002408161,false,גבינה הולנדיה קרם 235ג',,NL,הולנדית קרם 235 גר,גרמים,235.00,100 גרם,false,1,16.70,7.11,true,1,
7290002408178,false,ינטר קרם 235 גרם,,NL,ינטר קרם 235 גרם,גרמים,235.00,100 גרם,false,1,16.70,7.11,true,1,
7290002408352,false,מולוצניק לטבייסקי 275 גר,,,גבינת מולוצניק,גרמים,275.00,100 גרם,false,0,12.90,4.69,true,1,
7290002408468,false,"איירן 300 מ""ל",,IL,"איירן 300 מ""ל",מיליליטרים,300.00,"100 מ""ל",false,0,6.20,2.07,true,1,
7290002408505,false,גבינת לטבייסקי ממרח בסיס על שמנת 350 גרם,,LV,גבינת לטבייסקי ממרח,גרמים,350.00,100 גרם,false,0,10.40,2.97,true,1,
7290002421160,false,גבינת פטה 160 גרם גד,מחלבת גדות,,גבינת פטה 19% 160 גר,גרמים,160.00,100 גרם,false,1,23.90,14.94,true,1,
7290002421184,false,גבינת תום ביין היידי 165 גרם,מחלבת גדות,,גבינת תום ביין היידי,גרמים,165.00,100 גרם,false,1,36.60,22.18,true,1,
7290002421399,false,גבינת גאודה צילי 200 גרם,מחלבת גדות,,גבינת גאודה צילי 200,גרמים,200.00,100 גרם,false,1,24.90,12.45,true,1,
7290002421498,false,גבינת גבינה חלומי 18,מחלבת גדות,,גבינת חלומי 180 גרם,גרמים,180.00,100 גרם,false,1,18.90,10.50,true,1,
7290002448860,false,חטיף רצועות סושי לכלב 100ג,,,חטיף רצועות סושי לכל,גרמים,100.00,100 גרם,false,1,16.90,16.90,true,1,
7290002448976,false,חטיף משקולות עוף 100גרם,,,חטיף משקולות עוף 100,גרמים,100.00,100 גרם,false,1,16.90,16.90,true,1,
7290002477556,false,כבד עוף טרי,,,כבד עוף טרי,Unknown,0.00,"ק""ג",true,0,19.90,19.90,true,1,
7290002485025,false,חומוס מסעדות 500 גרם,"סלטי שמיר 2006 בע""מ",IL,חומוס מסעדות 500גר,גרמים,500.00,100 גרם,false,1,16.20,3.24,true,1,
7290002485049,false,חומוס מסבחה 500 גרם,"סלטי שמיר 2006 בע""מ",IL,חומוס מסבחה 500גר,גרמים,500.00,100 גרם,false,1,16.20,3.24,true,1,
7290002485063,false,חומוס אבו גוש 500 גר,"סלטי שמיר 2006 בע""מ",IL,חומוס אבו גוש 500גר,גרמים,500.00,100 גרם,false,1,16.20,3.24,true,1,
7290002511762,false,ברי פקאן במשקל,,IL,ברי פקאן במשקל,Unknown,0.00,"ק""ג",true,0,129.00,129.00,true,1,
7290002511779,false,בולגרית כבשים 24% במשקל,,,בולגרית כבשים 24% במ,Unknown,0.00,"ק""ג",true,0,106.00,106.00,true,1,
7290002512011,false,צנעני גחנון 900 גרם,צנעני מוצרי בצק,IL,גחנון צנעני 900 גרם,גרמים,900.00,100 גרם,false,1,17.90,1.99,true,1,
7290002542506,false,"בירה קורונה בקבוק 355מ""ל",קריניציה ויטמינה אס,MX,"בירה קורונה 355 מ""ל",מיליליטרים,335.00,"100 מ""ל",false,1,8.20,2.45,true,1,
7290002542780,false,"שישייה בירה סטלה ארטואה בקבוק 330X6 מ""ל",סטלה ארטואה Stella Artois,BE,בירה סטלה ארטואה שיש,מיליליטרים,1980.00,"100 מ""ל",false,1,29.90,1.51,true,1,
7290002543046,false,קלוגס פרוסטיס דגנים וסוכר 750ג',קלוג מנייופרטורינג א,ES,קלוגס פרוסטיס 750 גר,גרמים,750.00,100 גרם,false,1,17.50,2.33,true,1,
7290002543237,false,קלוגס קורן פלקס 750 גרם,קלוגס קומפני אוף גרי,DE,קלוגס קורן פלקס 750,גרמים,750.00,100 גרם,false,1,14.50,1.93,true,1,
7290002544203,false,ממרח פסטו 180גרם מוט,,IL,ממרח פסטו 190 גרם,גרמים,190.00,100 גרם,false,1,20.90,11.00,true,1,
7290002544227,false,ממרח זיתים שחורים 190 גרם,,,ממרח זיתים שחורים,גרמים,190.00,100 גרם,false,1,20.90,11.00,true,1,
7290002544234,false,ממרח עגבניות מיובשות 190 גרם,,,ממרח עגבניות מיובשות,גרמים,190.00,100 גרם,false,1,20.90,11.00,true,1,
7290002551003,false,טונה בשמן בודד 160 ג' סטארקיסט,סטארקיסט,,טונה סטארקיסט בשמן,גרמים,160.00,100 גרם,false,1,7.40,4.63,true,1,
7290002603474,false,פיצה רוטב פטריות בטעם כמהין שגב 200 גר,סוילה אס.אר.אל,IT,פיצה רוטב פטריות בטע,גרמים,200.00,100 גרם,false,1,16.90,8.45,true,1,
7290002603481,false,פיצת השף מאיטליה CHEF שגב פסטו ועגבניות 200 גרם,האי נאם סי או אל.טי.,IT,פיצה פסטו ועגבניות ש,גרמים,200.00,100 גרם,false,1,16.90,8.45,true,1,
7290002603498,false,שגב פיצת השף מאיטליה אנטיפסטי,האי נאם סי או אל.טי.,IT,פיצה אנטיפסטי שגב 20,גרמים,200.00,100 גרם,false,1,16.90,8.45,true,1,
7290002616221,false,גבינה גרמנית פלאדין במשקל,,,גבינה גרמנית פלאדין,Unknown,0.00,"ק""ג",true,0,157.00,157.00,true,1,
7290002617013,false,מונטניולו גרמני במשקל,,,מונטניולו גרמני במשק,Unknown,0.00,"ק""ג",true,0,136.00,136.00,true,1,
7290002617297,false,פילה דג בסה מעובד קלאסי קפוא,,,פילה דג בסה קפוא,Unknown,0.00,Unknown,false,1,28.90,28.90,true,1,
7290002617709,false,"שרימפס מקולף גמבו 1 ק""ג קפוא 16/20",,,שרימפס מקולף גמבו 1,קילוגרמים,0.00,"ק""ג",false,1,135.90,135.90,true,1,
7290002617723,false,"שרימפס מקולף 1 ק""ג גדול קפוא 26/30",,,שרימפס מקולף גדול,קילוגרמים,0.00,"ק""ג",false,1,109.90,109.90,true,1,
7290002627210,false,"גפילטעפיש קציצות מדגי קרפיון וכסיף 560 גר' בעל""ז",האי נאם סי או אל.טי.,IL,גפילטע פיש 570 גר,גרמים,570.00,100 גרם,false,1,15.60,2.74,true,1,
7290002661115,false,לחם שיפון הולנדי 1.2 מהדרין,מאפית י את א ברמן בע,IL,לחם הולנדי 1 קג,גרמים,1200.00,100 גרם,false,1,17.90,1.49,true,1,
7290002661153,false,"לחם דני קל ברמן 1 ק""",מאפית י את א ברמן בע,IL,"לחם דני קל 1 ק""ג",גרמים,1000.00,100 גרם,false,1,15.90,1.59,true,1,
7290002661443,false,פירורי לחם מוזהבים עדינים 200 גר.,,IL,פירור זהוב עדין 200,גרמים,250.00,100 גרם,false,1,2.90,1.16,true,1,
7290002661856,false,מיני קרוטונים מתובלים למרק ולסלט 350 גרם,מאפית י את א ברמן בע,GB,מיני קרוטונים מתובלי,גרמים,350.00,100 גרם,false,1,17.90,5.11,true,1,
7290002661863,false,קרוטונים מתובלים למרק 350 גרם,מאפית י את א ברמן בע,IL,קרוטונים מתובלים למר,גרמים,350.00,100 גרם,false,1,16.50,4.71,true,1,
7290002692393,false,שמן קנולה מועשר1 ליטר-עץ הזית,שמן תעשיות,IL,שמן קנולה עץ הזית 1,מיליליטרים,1000.00,"100 מ""ל",false,1,15.90,1.59,true,1,
7290002692478,false,"שמן זית כתית מעולה קלאסי מעודן 750 מ""ל עץ הזית","מרקאולאו, ספרד.אבסה,",IT,שמן זית כתית מעולה ב,מיליליטרים,750.00,"100 מ""ל",false,1,29.90,3.99,true,1,
7290002692768,false,"תרסיס קנולה מופחת קלוריות 200 מ""ל עץ הזית",טרנסומס פוד איי בי,IL,תרסיס שמן קנולה מזוכ,מיליליטרים,200.00,"100 מ""ל",false,1,15.90,7.95,true,1,
7290002692775,false,"שמן תרסיס טעם חמאה 200 מ""ל לל""תוספת גז ""עץ הזית""",,IL,תרסיס קנולה בטעם חמא,מיליליטרים,200.00,"100 מ""ל",false,1,15.90,7.95,true,1,
7290002692782,false,"תרסיס שמן זית כתית מעולה עץ הזית 150 מ""ל",י.ב טכנולוגיות אריזה,IL,תרסיס שמן זית כתית מ,מיליליטרים,150.00,"100 מ""ל",false,1,15.90,10.60,true,1,
7290002715504,false,מרק עוף מגיק בכוס 70 גרם,טאט הוי פוד בעמ,SG,מרק עוף מגיק בכוס 70,גרמים,70.00,100 גרם,false,1,4.90,7.00,true,1,
7290002715511,false,מרק בשר מגיק בכוס 70 גרם,טאט הוי פוד בעמ,SG,מרק בשר מגיק בכוס 70,גרמים,70.00,100 גרם,false,1,4.90,7.00,true,1,
7290002715528,false,מרק ירקות מגיק בכוס 70 גרם,טאט הוי פוד בעמ,SG,מרק ירקות מגיק בכוס,גרמים,70.00,100 גרם,false,1,4.90,7.00,true,1,
7290002715580,false,מרק סיני מגיק בכוס 70 גרם,טאט הוי פוד בעמ,SG,מרק סיני מגיק בכוס 7,גרמים,70.00,100 גרם,false,1,4.90,7.00,true,1,
7290002730262,false,פלמוליב כלים שקוף קלאסי 750 בקבוק חדש,יבואן ומשווק: ש. שסט,GR,פלמוליב לכלים אקטיב,מיליליטרים,750.00,"100 מ""ל",false,1,11.50,1.53,true,1,
7290002730354,false,תחבושת הגיינית וניה מקסי לילה 12 יח',CILAG GMBH INTERNATI,BE,וניה תחבושות מקסי לי,Unknown,0.00,Unknown,false,1,27.20,27.20,true,1,
7290002730538,false,בלונס פדים להסרת איפור 80 יח',הנסיך- מפעל לייצור ט,GR,בלונס מסיר איפור,Unknown,0.00,Unknown,false,1,10.40,10.40,true,1,
7290002730903,false,פלמוליב סבון מוצק ורדים רביעייה * 125 ג',הנסיך- מפעל לייצור ט,TR,סבון מוצק פלמוליב לב,גרמים,500.00,100 גרם,false,1,16.70,3.34,true,1,
7290002730941,false,בלונס צמר גפן פרוס 100גר',הנסיך- מפעל לייצור ט,GR,צמר גפן פרוס,Unknown,0.00,Unknown,false,1,6.20,6.20,true,1,
7290002749059,false,מיני פולטבסקיה 290 גר,,,מיני פולטבסקיה 290 ג,גרמים,290.00,100 גרם,false,1,45.00,15.52,true,1,
7290002752332,false,"סוכריות מנטוס פירות בגליל, 37.5 גרם",הדקלאים אגודת שיתופי,NL,מנטוס פירות,גרמים,37.00,100 גרם,false,1,3.60,9.73,true,1,
7290002752349,false,סוכריות מנטוס מנטה 40יח' בגליל 38ג',פרפטי ואן מלה,NL,מנטוס מנטה גליל 37 ג,גרמים,37.00,100 גרם,false,1,3.60,9.73,true,1,
7290002752493,false,רביעיה סוכריות מנטה 4* 16 ג' טיק טק,פררו,EC,טיק טק מנטה רביעייה,גרמים,64.00,100 גרם,false,1,11.50,17.97,true,1,
7290002753223,false,רביעייה סוכריות תפוז 4*16 ג' טיק טק,פררו,EC,טיק טק תפוז רביעייה,גרמים,64.00,100 גרם,false,1,11.50,17.97,true,1,
7290002753995,false,ערכת קישוטי עוגה 150 גר',היינץ צפון אמריקה מק,DE,קישוטי עוגה 150 גרם,גרמים,150.00,100 גרם,false,1,21.90,14.60,true,1,
7290002766056,false,עגבניות שרי קופסא ליח',אראל תוצרת חקלאית בע,IL,עגבניות שרי,Unknown,0.00,Unknown,false,1,12.90,12.90,true,1,
7290002771111,false,קפה עם הל 250 ג' אלנח'לה,מולינו ניקולי s.p.a,IL,קפה עם הל 250 גרם,גרמים,250.00,100 גרם,false,1,15.90,6.36,true,1,
7290002771128,false,קפה אלנח'לה בלי הל 250 ג',מולינו ניקולי s.p.a,IL,קפה בלי הל 250 גרם,גרמים,250.00,100 גרם,false,1,15.90,6.36,true,1,
7290002793304,false,מיכל בלון גז +מילוי באריזה 60 סודהסטרים,סודה סטרים,IL,מיכל גז באריזה,Unknown,0.00,Unknown,false,1,109.90,109.90,true,1,
7290002800682,false,טיימר דיגיטלי לבן,,,טיימר דיגיטלי לבן,Unknown,0.00,Unknown,false,1,49.90,49.90,true,1,
7290002805151,false,סיף פנטסטיק לרצפות בניחוח סחלבים 4ל',יוניליוור ישראל טיפו,IL,שמפו פנטסטיק רצפות 4,ליטרים,0.00,ליטר,false,1,21.90,21.90,true,1,
7290002808398,false,חומץתפוחי עץ טבעי 47,,,"חומץ תפוחים 473 מ""ל",מיליליטרים,473.00,"100 מ""ל",false,1,9.90,2.09,true,1,
7290002814016,false,"מסיר שומנים קר מתז סנט מוריץ 750מ""ל","קומפלקס כימיקלים בע""",IL,מסיר שומנים,מיליליטרים,750.00,"100 מ""ל",false,1,14.60,1.95,true,1,
7290002814351,false,"מילוי מכשיר אוויר 250 מ""ל fashion sweetie סנט מוריץ",סורה קוסמטיקס,TR,fashion sweetie מילו,Unknown,0.00,Unknown,false,1,13.90,13.90,true,1,
7290002814870,false,"סנט מוריץ - מרסס מסיר שומנים קר מבושם לוונדר\פרחים 750 מ""ל",,IL,מסיר שומנים סנט מורי,מיליליטרים,750.00,"100 מ""ל",false,1,12.90,1.72,true,1,
7290002824183,false,גבינה לבנה 5% שומן 500 ג' שטראוס,מיוצר עי קונדיטוריית,IL,סקי משפחתי 5% 500 גר,גרמים,500.00,100 גרם,false,1,9.96,1.99,true,1,
7290002824466,false,יוגורט דנונה ביו 0% 200 גרם,"שטראוס בריאות בע""מ",IL,יוגורט דנונה ביו 0%,מיליליטרים,200.00,"100 מ""ל",false,1,3.50,1.75,true,1,
7290002824640,false,גבינה שטראוס 5% 250 ג',מיוצר עי קונדיטוריית,IL,גבינת סקי 5% 250 גרם,גרמים,250.00,100 גרם,false,1,4.98,1.99,true,1,
7290002825722,false,סלט כרוב אדום אחלה 5,מיוצר עי קונדיטוריית,IL,כרוב אדום 500 גר,גרמים,500.00,100 גרם,false,1,13.90,2.78,true,1,
7290002837039,false,פרמזן דזוגס במשקל,,,פרמזן דזוגס במשקל,Unknown,0.00,"ק""ג",true,0,72.00,72.00,true,1,
7290002842002,false,מורנפלייק שיבולת שועל הכנה מהירה 500 גר,מורנינג פוד,GB,מורנפלייק שיבולת שוע,גרמים,500.00,100 גרם,false,1,11.90,2.38,true,1,
7290002842309,false,סרדין מינרבה בשמן 120 גרם,,,סרדין מינרבה בשמן 12,גרמים,120.00,100 גרם,false,1,8.90,7.42,true,1,
7290002842415,false,פילה אנשובי אמיתי 50 גרם,,,פילה אנשובי אמיתי 50,גרמים,50.00,100 גרם,false,1,7.50,15.00,true,1,
7290002851684,false,פטריות שיטאקי 300 גר,,,פטריות שיטאקי 300 גר,גרמים,300.00,100 גרם,false,1,20.90,6.97,true,1,
7290002851721,false,מלפפון בייבי 600 גרם,,,מלפפון ביבי 600 גרם,גרמים,100.00,100 גרם,false,1,21.90,21.90,true,1,
7290002862239,false,ממרח פלפלים קלויים 190 גרם,,,ממרח פלפלים קלויים 1,גרמים,190.00,100 גרם,false,1,20.90,11.00,true,1,
7290002868996,false,קוטג' 5% מועשר טרה 250ג' מהדרין,טרה,IL,קוטג 5% מועשר 250 גר,גרמים,250.00,100 גרם,false,1,5.90,2.36,true,1,
7290002879282,false,ציפס חטיף תירס טבעי סומבררו 200 גרם,פוקולוקו,,סומבררו-תירס טבעי 20,גרמים,200.00,100 גרם,false,1,18.50,9.25,true,1,
7290002881018,false,מעדן תות שדה 100% 284 גרם,,,מעדן תות שדה 100% 28,גרמים,284.00,100 גרם,false,1,14.90,5.25,true,1,
7290002881216,false,רסק תפוחי עץ דיאט 708 גרם צנצנת,,,רסק תפוחי עץ דיאט 7,גרמים,708.00,100 גרם,false,1,12.10,1.71,true,1,
7290002881230,false,אננס חתוך תומר 825 גרם,"אניס פארם בע""מ",VN,אננס חתוך תומר 850 ג,גרמים,825.00,100 גרם,false,1,11.90,1.44,true,1,
7290002881254,false,קוקטייל פירות טרופי תומר 820 ג',סאן רייז,TH,קוקטייל טרופי תומר,גרמים,850.00,100 גרם,false,1,11.90,1.40,true,1,
7290002881261,false,"ליצ'י שלם 565 גרם ""תומר""",זהנגזהו אנגבה,CN,ליציס שלם 565 גרם,גרמים,565.00,100 גרם,false,1,11.90,2.11,true,1,
7290002881278,false,אפרסק חצאים תומר 820,,,אפרסק חצאים 820 גרם,גרמים,820.00,100 גרם,false,1,11.90,1.45,true,1,
7290002881414,false,תומר נודלס עבה 200 גרם,אופאל,CN,נודלס עבה 400 גרם,גרמים,400.00,100 גרם,false,1,7.50,1.88,true,1,
7290002881513,false,חמאת בוטנים עם שברי בוטנים 510 ג' תומר,,,חמאת בוטנים עם שברי,גרמים,500.00,100 גרם,false,1,16.90,3.38,true,1,
7290002881551,false,עלי גפן בשמן זית ממולא 400ג תומר,אסמא קונסרב,TR,עלי גפן ממולאים 400,גרמים,400.00,100 גרם,false,1,10.40,2.60,true,1,
7290002881612,false,לפתן דובדבנים חמוצים 680 גרם,Fructo sliven jsc,BG,לפתן דובדבנים חמוצים,גרמים,680.00,100 גרם,false,1,11.90,1.75,true,1,
7290002881865,false,פטריות שמפיניון חתוכות 400 ג' תומר,Prochamp B.V,,פטריות חתוכות 400 גר,גרמים,400.00,100 גרם,false,1,5.20,1.30,true,1,
7290002881988,false,סרדין מרוקאי בשמן ולימון 125 ג' תומר,,IL,סרדין מרוקאי בשמן ול,גרמים,125.00,100 גרם,false,1,6.50,5.20,true,1,
7290002900214,false,קבב מזרחי 450 גרם,טיב טירת צבי 2000,IL,קבב מזרחי 450 גרם,גרמים,450.00,100 גרם,false,1,27.90,6.20,true,1,
7290002900566,false,פסטרמה ברביקיו דל שומן טירת צבי 360 ג',הנסיך- מפעל לייצור ט,IL,"פסטרמה ברביקיו ד""ש 3",גרמים,360.00,100 גרם,false,1,24.90,6.92,true,1,
7290002909569,false,דג ברבוניה פילה קפוא 400 ג',דולפין ספא,,פילה ברבוניה 400 גרם,גרמים,400.00,100 גרם,false,1,22.90,5.73,true,1,
7290002909804,false,פילה בקלה (מרלוזה ) ללא עור ארגנטיני,אל מאריסקו,AR,פילה מרלוזה קפוא,Unknown,0.00,"ק""ג",true,0,35.90,35.90,true,1,
7290002909880,false,"פולי סויה - אדממה - 400 גרם (בד""ץ עדה חרדית)",ZHEJIANG,CN,פולי סויה אדממה 400,גרמים,400.00,100 גרם,false,1,9.90,2.48,true,1,
7290002921240,false,"שמפוזר מסיר כתים משטיחים קרבונה, 650 מ""ל",קרבונה Carbona,MX,שמפוזר קרבונה אדום,מיליליטרים,650.00,"100 מ""ל",false,1,34.50,5.31,true,1,
7290002946700,false,"מדליק פחמים נוזלי הנמל 200מ""ל","ויק ליין תעשיות בע""מ",IL,מצית פחם נוזלי 4.950,קילוגרמים,0.00,"ק""ג",false,1,11.90,11.90,true,1,
7290002954460,false,"Sunwhite אורז אוסטרלי עגול לסושי-1 ק""ג","אינסטנטה בע""מ",AU,אורז אוסטרלי עגול 1,גרמים,1000.00,100 גרם,false,1,12.90,1.29,true,1,
7290002966005,false,קוויאר אדום מאצות ים 100גר,,,קוויאר אדום מאצות ים,גרמים,100.00,100 גרם,false,1,13.90,13.90,true,1,
7290002966012,false,קוויאר שחור מאצות ים 100גר,,,קוויאר שחור מאצות ים,גרמים,100.00,100 גרם,false,1,13.90,13.90,true,1,
7290002966029,false,קוויאר אדום מאצות ים 120גר,,,קוויאר אדום מאצות ים,גרמים,120.00,100 גרם,false,1,13.90,11.58,true,1,
7290002966036,false,קוויאר שחור מאצות ים 120גר,,,קוויאר שחור מאצות ים,גרמים,120.00,100 גרם,false,1,13.90,11.58,true,1,
7290002966067,false,סולו בטעם גבינת קממבר וקוויאר שחור 200גר,,,סולו בטעם גבינת קממב,גרמים,200.00,100 גרם,false,1,16.40,8.20,true,1,
7290002966098,false,סולו בטעם פירות ים וקוויאר אדום 200גר,,,סולו בטעם פירות ים ו,גרמים,200.00,100 גרם,false,1,16.40,8.20,true,1,
7290002966784,false,סלט איקרא ורודה 200 גרם,,IL,סלט איקרא ורודה 200,גרמים,200.00,100 גרם,false,1,13.90,6.95,true,1,
7290002966791,false,סלט איקרא לבנה 200 גרם,,IL,סלט איקרא לבנה 200 ג,גרמים,200.00,100 גרם,false,1,13.90,6.95,true,1,
7290002971009,false,"קמח חיטה לבן בהיר שטיבל 1 ק""ג",שטיבל טחנות קמח,IL,"קמח לבן שטיבל 1 ק""ג",גרמים,1000.00,100 גרם,false,1,4.10,0.41,true,1,
7290002971016,false,"שטיבל סולת חיטה 1 ק""ג",,,"סולת שטיבל 1 ק""ג",גרמים,1000.00,100 גרם,false,1,4.80,0.48,true,1,
7290002971153,false,"קמח לחלה מס 18 1 ק""ג",שטיבל טחנות קמח,IL,"קמח לחלה מס 18 1 ק""ג",קילוגרמים,0.00,"ק""ג",false,1,8.80,8.80,true,1,
7290002971207,false,קמח רב תכליתי מס 1 שטיבל 1 קג,שטיבל טחנות קמח,IL,קמח רב תכליתי מס 1 ש,גרמים,1000.00,100 גרם,false,1,9.60,0.96,true,1,
7290002971214,false,"קמח לחם מעושר מס 2 1 ק""ג",מיוצר עי קונדיטוריית,IL,קמח לחם מעושר מס 2 1,גרמים,1000.00,100 גרם,false,1,10.10,1.01,true,1,
7290002971955,false,קמח שטיבל חיטה לבן מנופה 1קג,טחנת קמח דגן-שטיבל,IL,קמח שטיבל 650 ללא ני,גרמים,1000.00,100 גרם,false,1,9.40,0.94,true,1,
7290002971962,false,"קמח שטיבל חיטה מלא ללא ניפוי 1 ק""ג",טחנת קמח דגן-שטיבל,IL,קמח שטיבל חיטה מלא ל,גרמים,1000.00,100 גרם,false,1,9.40,0.94,true,1,
7290002972006,false,"קמח שטיבל 405 ללא ניפוי 1 ק""ג",טחנת קמח דגן-שטיבל,IL,קמח שטיבל 405 ללא ני,גרמים,1000.00,100 גרם,false,1,9.40,0.94,true,1,
7290002972426,false,"קמח חיטה 80% ללא ניפוי שטיבל 1ק""ג",טחנת קמח דגן-שטיבל,IL,קמח שטיבל 80% ללא ני,גרמים,1000.00,100 גרם,false,1,9.40,0.94,true,1,
7290002973669,false,"קמח שטיבל ללחם 2 ללא ניפוי 1 ק""ג",טחנת קמח דגן-שטיבל,IL,קמח שטיבל ללחם 2 ללא,גרמים,1000.00,100 גרם,false,1,9.40,0.94,true,1,
7290002973676,false,"קמח שטיבל לחלה 18 ללא ניפוי 1 ק""ג",טחנת קמח דגן-שטיבל,IL,קמח שטיבל לחלה 18 לל,גרמים,1000.00,100 גרם,false,1,9.40,0.94,true,1,
7290003009183,false,"סירופ דיאט תפוחים פריגת 750 מ""ל",סירופ - גבעת חיים,IL,סירופ דיאט תפוחים בק,מיליליטרים,750.00,"100 מ""ל",false,1,22.90,3.05,true,1,
7290003009312,false,בוטן קלוי קלית גת 200 ג',הדקלאים אגודת שיתופי,IL,בוטן קלוי שקית 200 ג,גרמים,200.00,100 גרם,false,1,7.30,3.65,true,1,
7290003009329,false,בוטן אמריקאי קלית גת 200 ג',הדקלאים אגודת שיתופי,IL,בוטן אמריקאי שקית 20,גרמים,200.00,100 גרם,false,1,6.20,3.10,true,1,
7290003009336,false,קבוקים מצופים קליית,הדקלאים אגודת שיתופי,IL,קבוקים שקית 200 ג,גרמים,200.00,100 גרם,false,1,6.20,3.10,true,1,
7290003009596,false,"סירופ דיאט אשכוליות פריגת 750 מ""ל",סירופ - גבעת חיים,IL,סירופ דיאט אשכוליות,מיליליטרים,750.00,"100 מ""ל",false,1,22.90,3.05,true,1,
7290003009640,false,מיץ סחוט תפוזים 1 ל' פריגת,פריגת מצוננים,IL,סחוט טרי תפוז 1 ליטר,מיליליטרים,1000.00,"100 מ""ל",false,1,11.90,1.19,true,1,
7290003011087,false,אורז בסמטי אלפאנט 1 קג,,IN,אורז בסמטי אלפאנט 1,גרמים,1000.00,100 גרם,false,1,12.50,1.25,true,1,
7290003015627,false,ריצפז פרש 2 ליטר אפרסק מרכז,"סנו מפעלי ברונוס בע""",IL,סנו ריצפז פרש 2 ליטר,ליטרים,0.00,ליטר,false,1,20.90,20.90,true,1,
7290003024001,false,גבינה ברי צרפתי במשקל,,,גבינה ברי צרפתי,Unknown,0.00,"ק""ג",true,0,157.00,157.00,true,1,
7290003024605,false,פורם דאמברט במשקל,,,פורם דאמברט במשקל,Unknown,0.00,"ק""ג",true,0,176.00,176.00,true,1,
7290003029181,false,משקה יטבתה שוקו' בקבוק 1ל מהדרין,שטראוס גרופ,IL,שוקו בקבוק יטבתה,מיליליטרים,1000.00,"100 מ""ל",false,1,11.60,1.16,true,1,
7290003029372,false,משקה חלב בננה בקבוק 1ל' יוטבתה,שטראוס גרופ,IL,משקה חלב בננה 1 ליטר,מיליליטרים,1000.00,"100 מ""ל",false,1,11.60,1.16,true,1,
7290003029389,false,"משקה חלב בננה פקק ספורט 250 מ""ל יוטבתה",שטראוס גרופ,IL,"בננה פקק 250 מ""ל",מיליליטרים,250.00,"100 מ""ל",false,1,5.30,2.12,true,1,
7290003029433,false,"משקה יטבתה שוקו פקק 250 מ""ל מהדרין",שטראוס גרופ,IL,שוקו פקק יטבתה 250 מ,מיליליטרים,250.00,"100 מ""ל",false,1,5.30,2.12,true,1,
7290003029532,false,מוקה בקבוק 1 ל' יוטבתה,שטראוס גרופ,IL,מוקה בקבוק 1 ליטר,מיליליטרים,1000.00,"100 מ""ל",false,1,11.60,1.16,true,1,
7290003029792,false,"משקה יטבתה שוקו שקיות מהדרין מארז 225X8מ""ל",שטראוס גרופ,IL,מארז שוקו יטבתה 8,ליטרים,0.00,ליטר,false,1,18.50,18.50,true,1,
7290003029815,false,חלב יוטבתה מועשר 3% בכד 2ל',שטראוס גרופ,IL,חלב יטבתה 3% מועשר 2,ליטרים,0.00,ליטר,false,1,14.90,14.90,true,1,
7290003029907,false,משקה יטבתה אייס קפה 1ליטר,שטראוס גרופ,IL,קפה יטבתה 1ליטר,מיליליטרים,1000.00,"100 מ""ל",false,1,11.60,1.16,true,1,
7290003054190,false,מסטמכר לחם שיפון עם שלושה דגנים 500ג,מרום את קונפינו,DE,לחם שיפון 3 דגנים 50,גרמים,500.00,100 גרם,false,1,14.90,2.98,true,1,
7290003054206,false,מסטמכר לחם שיפון עם זרעי חמניות 500ג,מרום את קונפינו,DE,לחם שיפון חמניות 500,גרמים,500.00,100 גרם,false,1,14.90,2.98,true,1,
7290003054213,false,מסטמכר לחם שיפון כפרי 500ג,מרום את קונפינו,DE,לחם שיפון כפרי 500 ג,גרמים,500.00,100 גרם,false,1,14.90,2.98,true,1,
7290003054220,false,מסטמכר לחם שיפון פומפרניקל 500ג,מסטמאכר ג'.אמ.בי.הי,DE,לחם שיפון פומפרניקל,גרמים,500.00,100 גרם,false,1,14.90,2.98,true,1,
7290003054657,false,חרדל דיזון אקסטרה פורטה 370 גרם,מרום את קונפינו,FR,חרדל דיזיון 370 גר,גרמים,370.00,100 גרם,false,1,11.50,3.11,true,1,
7290003054725,false,חרדל אנגלי קולמנט 100 גרם,,,חרדל אנגלי קולמנט,גרמים,100.00,100 גרם,false,1,11.90,11.90,true,1,
7290003072606,false,מיני נקניקיות עוף טירת צבי 350 גר,הנסיך- מפעל לייצור ט,IL,מיני נקניקיות עוף טי,גרמים,350.00,100 גרם,false,1,12.90,3.69,true,1,
7290003072804,false,פסטרמה של פעם טירת צבי 200 ג',טירת- צבי,IL,פסטרמה של פעם 200 גר,גרמים,200.00,100 גרם,false,1,18.90,9.45,true,1,
7290003072811,false,נקניקיות בראטוורסט מבשר בקר והודו,טירת- צבי,IL,נקניקיות בראטוורסט 3,גרמים,320.00,100 גרם,false,1,18.90,5.91,true,1,
7290003072828,false,נקניקיות פרנקפורטר מבשר בקר,טירת- צבי,IL,נקניקיות פרנקפורטר 3,גרמים,320.00,100 גרם,false,1,18.90,5.91,true,1,
7290003072835,false,נקניקיות קנאקוורסט דליקטיב,טירת- צבי,IL,נקניקיות קנאקוורסט 3,גרמים,320.00,100 גרם,false,1,18.90,5.91,true,1,
7290003072965,false,קבנוס חריף מעושן טירת צבי 120 גרם,טירת- צבי,IL,קבנוס חריף מעושן טיר,גרמים,120.00,100 גרם,false,1,11.90,9.92,true,1,
7290003072972,false,קבנוס בתיבול מעושן טירת צבי 120 גרם,טירת- צבי,IL,קבנוס בתיבול מעושן ט,גרמים,120.00,100 גרם,false,1,11.90,9.92,true,1,
7290003094400,false,קוויאר פחיות 140 גר,,,קוויאר פחיות 140 גר,Unknown,0.00,Unknown,false,1,44.90,44.90,true,1,
7290003126712,false,"משק צוריאל יוגורט עיזים 3% ביו 140מ""ל",מחלבת משק צוריאל,IL,משק צוריאל יוגורט עי,גרמים,140.00,100 גרם,false,1,6.50,4.64,true,1,
7290003133123,false,לחם זהב עגול אוקראיני 750 ג',מאפיית דוידוביץ ובני,IL,לחם זהב עגול,גרמים,750.00,100 גרם,false,1,12.90,1.72,true,1,
7290003133505,false,לחם שיפונטו דוידוביץ,,,לחם שיפונטו 750גרם,גרמים,750.00,100 גרם,false,1,9.90,1.32,true,1,
7290003141159,false,יוגטה מרשמלו תות וניל 180 גרם,סאדאט,IL,מרשמלו יוגטה 180 גרם,גרמים,180.00,100 גרם,false,1,8.30,4.61,true,1,
7290003142422,false,גרעיני חמניה בשקית ללא מלח קליית גת 180 גרם,"ג'י אנד ג'י בע""מ",IL,גרעיני חמניה בשקית ל,גרמים,180.00,100 גרם,false,1,7.30,4.06,true,1,
7290003142477,false,ערמונים קלופים וקלויים 100 גרם,הדקלאים אגודת שיתופי,IL,ערמונים קלופים וקלוי,גרמים,100.00,100 גרם,false,1,8.30,8.30,true,1,
7290003143146,false,ממרח תמרים קליית גת 450 גרם,הדקלאים אגודת שיתופי,IL,ממרח תמרים קליית גת,גרמים,450.00,100 גרם,false,1,6.90,1.53,true,1,
7290003143276,false,יוגטה מרשמלו מגולגל( 18בקר'),תות ממתקי איכות,IL,מרשמלו יוגטה מגולגל,גרמים,180.00,100 גרם,false,1,7.30,4.06,true,1,
7290003145959,false,פקאן טבעי 150 גרם קליית גת,ליימן מותגים,IL,פקאן טבעי 150 גרם קל,גרמים,150.00,100 גרם,false,1,20.80,13.87,true,1,
7290003189076,false,פיצרלה מגורדת אישית 500 גרם,צי תעשיות מזון יבנה,IL,פיצרלה מגורדת 500 גר,גרמים,500.00,100 גרם,false,1,21.90,4.38,true,1,
7290003189144,false,"גבינה הולנדית 22% שומן 1 ק""ג כפיר",צי תעשיות מזון יבנה,IL,"צהובה הולנדית 1 ק""ג",קילוגרמים,0.00,"ק""ג",false,1,40.90,40.90,true,1,
7290003189151,false,צ'דר בסיגנון גבינה 1,,,צהובה צדר 1 קג,גרמים,1000.00,100 גרם,false,1,38.50,3.85,true,1,
7290003189168,false,בסיגנון גבינה מעושנת,צי תעשיות מזון יבנה,IL,"צהובה מעושנת 1 ק""ג",קילוגרמים,0.00,"ק""ג",false,1,40.90,40.90,true,1,
7290003208579,false,וודקה גריי גוס 1 ליטר,,,וודקה גריי גוס 1 ליט,מיליליטרים,1000.00,"100 מ""ל",false,1,144.90,14.49,true,1,
7290003208586,false,"וורמוט מרטיני לבן 750 מ""ל",מרטיני ורוסי,IT,וורמוט מרטיני לבן 75,Unknown,0.00,Unknown,false,1,47.90,47.90,true,1,
7290003208593,false,"וורמוט מרטיני לבן יבש 750 מ""ל",,,וורמוט מרטיני לבן יב,Unknown,0.00,Unknown,false,1,47.90,47.90,true,1,
7290003208609,false,"וורמוט מרטיני אדום מתוק 750 מ""ל",מרטיני ורוסי,IT,וורמוט מרטיני אדום מ,Unknown,0.00,Unknown,false,1,47.90,47.90,true,1,
7290003208647,false,"יין מבעבע מרטיני ברוט 750 מ""ל",,,יין מבעבע מרטיני ברו,Unknown,0.00,Unknown,false,1,64.90,64.90,true,1,
7290003208715,false,"וורמוט מרטיני רוסטו 750 מ""ל",,,וורמוט מרטיני רוסטו,Unknown,0.00,Unknown,false,1,47.90,47.90,true,1,
7290003211494,false,פפריקה מתוקה מעושנת,,,פפריקה מתוקה מעושנת,Unknown,0.00,"ק""ג",true,0,80.00,80.00,true,1,
7290003213115,false,הל טחון במשקל,,,הל טחון במשקל,גרמים,0.00,"ק""ג",true,0,299.00,299.00,true,1,
7290003220588,false,"רוטה צ'ילי מתוק ללא סוכר 700 מ""ל WOK",תאי פרידה אינדסטרי ב,TH,רוטב צ`ילי מתוק ללא,מיליליטרים,700.00,"100 מ""ל",false,1,17.70,2.53,true,1,
7290003220595,false,"ווק אורז לסושי 1 ק""ג WOK","מיה תעשיות מזון בע""מ",IL,אורז לסושי 1 ק`ג,גרמים,1000.00,100 גרם,false,1,13.50,1.35,true,1,
7290003220977,false,עוגיות חצי ירח מצופה 175 נאפה מעדני מלך,מגדנית הדר,IL,מעדני המלך חצי ירח מ,גרמים,175.00,100 גרם,false,1,7.90,4.51,true,1,
7290003224029,false,כיסונים דובדבנים 400גרם,,,כיסונים דובדבנים 400,גרמים,400.00,100 גרם,false,1,24.90,6.23,true,1,
7290003224036,false,אוכמניות כחולות גולוביקה,מאמא מרי,US,אוכמניות כחולות 300,גרמים,300.00,100 גרם,false,1,19.90,6.63,true,1,
7290003224104,false,כיסונים במילוי כרוב VEGAN 800 גרם,,,כיסונים במילוי כרוב,גרמים,800.00,100 גרם,false,1,21.90,2.74,true,1,
7290003224128,false,"כיסונים תפו""א 800 ג' מאמא מרי",מאמא מרי,,"כיסונים תפו""א 800 גר",גרמים,800.00,100 גרם,false,1,21.90,2.74,true,1,
7290003224142,false,"בלינצ'ס תפ""א ופטריות 7 יחידות",מאמא מרי,IL,"בלינצס תפו""א ופטריות",Unknown,0.00,Unknown,false,1,21.90,21.90,true,1,
7290003224159,false,בלינצ'יס בשר 7 יחידות,מאמא מרי,IL,בלינצס בשר 7 יח,Unknown,0.00,Unknown,false,1,23.90,23.90,true,1,
7290003224173,false,בלינצ'יס פטריות 7 יחידות,מאמא מרי,IL,בלינצס פטריות 7 יח,גרמים,700.00,100 גרם,false,1,21.90,3.13,true,1,
7290003224258,false,"כיסונים במילוי בשר בקר 1.5 ק""ג",,,כיסונים במילוי בשר,גרמים,1500.00,100 גרם,false,1,56.50,3.77,true,1,
7290003224272,false,"כיסונים בשר מוסקובסקי מאמא מרי 1 ק""ג",,,כיסונים מוסקובסקי 1,גרמים,1000.00,100 גרם,false,1,32.90,3.29,true,1,
7290003224333,false,דובדבן חמוץ מאמאמרי,מאמא מרי,,דובדבן חמוץ 300 גרם,גרמים,300.00,100 גרם,false,1,13.90,4.63,true,1,
7290003224340,false,"קלוקווא רוסי(סיבירי)300 ג""ר חמוציות",,,קלוקבה 300 גר,גרמים,300.00,100 גרם,false,1,19.90,6.63,true,1,
7290003224357,false,קוואס ביתי 2 ליטר,,,קוואס ביתי 2 ליטר,ליטרים,0.00,ליטר,false,1,15.90,15.90,true,1,
7290003224456,false,"כיסונים בשר סיבירסקי מאמא מרי 1 ק""ג",מאמא מרי,,כיסונים בשר סיבירסקי,גרמים,1000.00,100 גרם,false,1,29.90,2.99,true,1,
7290003224463,false,"כיסונים בשר - אוקראינסקי 1 ק""ג",מאמא מרי,,כיסונים בשר - אוקראי,גרמים,1000.00,100 גרם,false,1,29.90,2.99,true,1,
7290003224470,false,כיסונים בשר - קייבסקי 1 קג,מאמא מרי,IL,כיסונים בשר - קייבסק,גרמים,1000.00,100 גרם,false,1,29.90,2.99,true,1,
7290003224487,false,"כיסונים בשר 1 ק""ג מאמא מרי",,,כיסונים בשר מאמא מרי,גרמים,1000.00,100 גרם,false,1,29.90,2.99,true,1,
7290003224555,false,פטל אדום 300 גרם,,,פטל אדום 300 גרם,גרמים,300.00,100 גרם,false,1,22.90,7.63,true,1,
7290003224654,false,מיקס פירות יער 380 גרם,מאמא מרי,,מיקס פירות יער 380 ג,גרמים,380.00,100 גרם,false,1,13.90,3.66,true,1,
7290003224708,false,בלינצס בטעם גבינה מתוקה וצימוקים 400 גרם,מאמא מרי,IL,בלינצס בטעם גבינה מת,גרמים,400.00,100 גרם,false,1,24.90,6.23,true,1,
7290003224746,false,פירות יער דמדמניות שחורות קפוא 300 גר,מאמא מרי,,דמדמניות שחורות קפוא,גרמים,300.00,100 גרם,false,1,13.90,4.63,true,1,
7290003224753,false,פירות יער דמדמניות אדומות 380 גר,,,דמדמניות אדומות 300,גרמים,300.00,100 גרם,false,1,19.90,6.63,true,1,
7290003224784,false,בלינצ'ס עם דובדבנים 7 יחידות,מאמא מרי,IL,בלינצס דובדבן,Unknown,0.00,Unknown,false,1,23.90,23.90,true,1,
7290003224807,false,פירות יער אוכמניות 300 גר,,,אוכמניות אדומות 300,גרמים,300.00,100 גרם,false,1,19.90,6.63,true,1,
7290003224845,false,"כיסונים תפו""א ופטריות VEGAN 800 גרם",מאמא מרי,IL,"כיסונים תפו""א ופטריו",גרמים,800.00,100 גרם,false,1,21.90,2.74,true,1,
7290003224944,false,אוכמניות צהובות 300 גר,,,אוכמניות צהובות 300,גרמים,300.00,100 גרם,false,1,19.90,6.63,true,1,
7290003229109,false,פסטרמה בפפריקה 400 גרםטירת צבי,הנסיך- מפעל לייצור ט,IL,פסטרמה בפפריקה 400 ג,גרמים,400.00,100 גרם,false,1,25.90,6.48,true,1,
7290003229116,false,פסטרמה בדבש 400 גרםטירת צבי,הנסיך- מפעל לייצור ט,IL,פסטרמה בדבש 400 גרם,גרמים,400.00,100 גרם,false,1,24.90,6.23,true,1,
7290003229123,false,פסטרמה על גחלים 400 גרםטירת צבי,הנסיך- מפעל לייצור ט,IL,פסטרמה על גחלים,גרמים,400.00,100 גרם,false,1,24.90,6.23,true,1,
7290003229147,false,נקניק סלמי איטלקי טירת צבי 300 ג',הנסיך- מפעל לייצור ט,IL,סלמי איטלקי 300 גרם,גרמים,300.00,100 גרם,false,1,25.90,8.63,true,1,
7290003229154,false,סלמי קוניאק מובחר טירת צבי 300 ג',הנסיך- מפעל לייצור ט,IL,סלמי קוניאק 300 גרם,גרמים,300.00,100 גרם,false,1,25.90,8.63,true,1,
7290003229192,false,כתף בקר מעושן טירת צבי 400 ג' צבי,טיב טירת צבי 2000,IL,כתף בקר מעושן 400 גר,גרמים,400.00,100 גרם,false,1,31.90,7.98,true,1,
7290003229208,false,פסטרמה ספרדית 2% טירת צבי 360 ג',טירת- צבי,IL,פסטרמה ספרדית 360 גר,גרמים,360.00,100 גרם,false,1,29.90,8.31,true,1,
7290003229215,false,פסטרמה איטלקית טירת צבי 360 ג',טירת- צבי,IL,פסטרמה איטלקית 360 ג,גרמים,360.00,100 גרם,false,1,29.90,8.31,true,1,
7290003229222,false,סלמי תה משובח 300 גרטירת צבי,הנסיך- מפעל לייצור ט,IL,סלמי תה משובח 300 גר,גרמים,300.00,100 גרם,false,1,19.90,6.63,true,1,
7290003287291,false,קבב טלה וצנובר קצביה ארוז 600 ג' - 8 יח',יוליניבר,IL,קבב טלה וצנובר 500 ג,גרמים,500.00,100 גרם,false,1,29.50,5.90,true,1,
7290003287314,false,קבב על מקל קינמון קצביה ארוז 520 ג' - 8 יח',,,קבב על מקל קינמון 52,גרמים,520.00,100 גרם,false,1,29.50,5.67,true,1,
7290003310555,false,"מאגדת טילון קרם עוגיות 4*100 מ""ל בן וג'ירי",מוצרי איכות אמריקאיי,IL,רביעית טילונים קרם ע,Unknown,0.00,Unknown,false,1,29.50,29.50,true,1,
7290003321155,false,יוגורט בר עם פקאן מצופה שוקולד 183 ג' דנונה,"שטראוס בריאות בע""מ",IL,דנונה בר פקאן 183 גר,גרמים,183.00,100 גרם,false,1,4.50,2.46,true,1,
7290003387410,false,בלונס פדים להסרת איפור שלישייה,SEPTONA S.A.,GR,בלונס פדים להסרת איפ,Unknown,0.00,Unknown,false,1,21.90,21.90,true,1,
7290003400500,false,חטיף הרשי ריזס נאטרייגיס 47 גרם,ליימן מותגים,US,חטיף הרשי ריזס,גרמים,47.00,100 גרם,false,1,5.20,11.06,true,1,
7290003401376,false,"קרם לחות ועיצוב לשיער אלוורה נטורל 400 מ""ל",מיוצר עי אמיליה קוסמ,IL,קרם לחות ועיצוב לשיע,מיליליטרים,400.00,"100 מ""ל",false,1,24.90,6.23,true,1,
7290003402809,false,חטיף הרשי ריזס שוקולד לבן 39 גר,ליימן מותגים,US,חטיף הרשי ריזס שוקול,גרמים,39.00,100 גרם,false,1,3.70,9.49,true,1,
7290003411405,false,נר נשמה להבית 24 שעות,מיוצר בסין.יבוא ושיו,CN,נר נשמה בפח הנמל 24,Unknown,0.00,Unknown,false,1,2.70,2.70,true,1,
7290003414406,false,הרשי ריזס נטיפי אפייה בוטנים 283 גר',ליימן מותגים,,ריזס נטיפי לאפייה 28,גרמים,283.00,100 גרם,false,1,11.90,4.20,true,1,
7290003423909,false,חטיף הרשי קוקיס קרם לבן 43 גרם,ליימן מותגים,US,חטיף הרשי קוקיס קרם,Unknown,0.00,Unknown,false,1,5.20,5.20,true,1,
7290003427154,false,"שמן זית כתית מעולה מעודן זיתא 750 מ""ל",זיתא – י.ט.ב תעשיות,IL,שמן זית כתית מעולה מ,מיליליטרים,750.00,"100 מ""ל",false,1,31.90,4.25,true,1,
7290003438006,false,ממרח אולביה פסטו וצנובר איטלקי 190ג',מיוצר עי קונדיטוריית,IL,ממרח פסטו איטלקי,גרמים,180.00,100 גרם,false,1,13.90,7.72,true,1,
7290003438013,false,ממרח זיתים ירוקים אוליביה 190 גרם,אוליביה,IL,ממרח זיתים ירוקים,גרמים,190.00,100 גרם,false,1,13.90,7.32,true,1,
7290003438020,false,ממרח עגבניות מיובשות אוליביה 190 גר,מיוצר עי קונדיטוריית,IL,ממרח עגבניות מיובשות,גרמים,190.00,100 גרם,false,1,13.90,7.32,true,1,
7290003438082,false,חזרת מצונן אוליביה,אוליביה גורמה (1996),IL,חזרת אוליביה 180 גר,גרמים,180.00,100 גרם,false,1,12.90,7.17,true,1,
7290003438853,false,אוליביה ממרח אריסה חריפה 185 גר ',אוליביה,IL,אריסה חריפה אוליביה,גרמים,180.00,100 גרם,false,1,13.90,7.72,true,1,
7290003441259,false,פרוטק גולד (60),,,פרוטק גולד (60),Unknown,0.00,Unknown,false,1,84.90,84.90,true,1,
7290003441617,false,פרוטק - אכינצאה ופרופוליס בשילוב תמציות צמחים,אלטמן,,פרוטק תמצית (50) כשר,Unknown,0.00,Unknown,false,1,57.90,57.90,true,1,
7290003444009,false,חטיף הרשי ריזס שוקולד חלב 42 גר,ליימן מותגים,US,חטיף הרשי ריזס שוקול,גרמים,42.00,100 גרם,false,1,3.70,8.81,true,1,
7290003449699,false,סיטרוס פינלה,,,סיטרוס פינלה,Unknown,0.00,Unknown,false,1,139.90,139.90,true,1,
7290003449736,false,ISATIS59ml,,,ISATIS59ml,Unknown,0.00,Unknown,false,1,149.90,149.90,true,1,
7290003450602,false,חרדל אמיתי צהוב בקבוק לחיץ 255 גר,היינץ צפון אמריקה מק,US,ממרח חרדל צהוב היינץ,גרמים,255.00,100 גרם,false,1,8.90,3.49,true,1,
7290003451012,false,בקלה צעיר קפוא,,AR,בקלה צעיר קפוא,Unknown,0.00,"ק""ג",true,0,22.00,22.00,true,1,
7290003456277,false,לה-קט 9 קג כבד,,,לה קט גריל 7.2 קג,קילוגרמים,0.01,"ק""ג",false,1,119.90,11990.00,true,1,
7290003457991,false,טילון קורנטו וניל עם וופל ואגוזי לוז מסוכרים,"גלידת שטראוס בע""מ, ר",IL,קורנטו קלאסיק וניל 6,גרמים,360.00,100 גרם,false,1,34.90,9.69,true,1,
7290003464500,false,נתח קצבים דק סקין פריים,,,נתח קצבים דק,Unknown,0.00,"ק""ג",true,0,94.90,94.90,true,1,
7290003464531,false,אסאדו עגל טרי,,,אסאדו עגל טרי,Unknown,0.00,"ק""ג",true,0,49.90,49.90,true,1,
7290003464791,false,שוק טלה טרי עם עצם,,,שוק טלה טרי עם עצם,Unknown,0.00,"ק""ג",true,0,104.90,104.90,true,1,
7290003464883,false,אגוז טרי,,,אגוז עגל טרי,Unknown,0.00,"ק""ג",true,0,54.90,54.90,true,1,
7290003478002,false,סחוג אדום של רומיה 150 גר,הסחוג הביתי של רומיה,IL,סחוג אדום של רומיה 1,גרמים,150.00,100 גרם,false,1,10.50,7.00,true,1,
7290003478132,false,פלפל צומה של רומיה 250 גר,,,פלפל צומה של רומיה 2,גרמים,250.00,100 גרם,false,1,10.50,4.20,true,1,
7290003478149,false,אריסה של רומיה 250 גר,הסחוג הביתי של רומיה,IL,אריסה של רומיה 250 ג,גרמים,250.00,100 גרם,false,1,10.50,4.20,true,1,
7290003478156,false,שום כתוש של רומיה 250 גר,הסחוג הביתי של רומיה,IL,שום כתוש של רומיה 25,גרמים,250.00,100 גרם,false,1,11.90,4.76,true,1,
7290003514007,false,מנה שקדי מרק מנה 400 גרם,מנה Mana,IL,שקדי מרק מנה 400 גר,גרמים,400.00,100 גרם,false,1,9.40,2.35,true,1,
7290003521074,false,"ד""ר פישר - סרקל מרכך שיער לילדים 1 ליטר",הדקלאים אגודת שיתופי,IL,מרכך סרקל דר פישר 1,מיליליטרים,1000.00,"100 מ""ל",false,1,31.50,3.15,true,1,
7290003521081,false,"ד""ר פישר - סרקל שמפו לילדים 1 ליטר","ד""ר פישר Dr fischer",IL,שמפו סרקל דר פישר 1,מיליליטרים,1000.00,"100 מ""ל",false,1,31.50,3.15,true,1,
7290003570089,false,מנות פילה סלמון נורבגי קפוא בלדי,,,מנות פילה סלמון,Unknown,0.00,"ק""ג",true,0,92.90,92.90,true,1,
7290003570164,false,מינוט שווארמה פרגית 300 גרם,"בלדי בע""מ",IL,מינוט שווארמה פרגית,גרמים,300.00,100 גרם,false,1,29.90,9.97,true,1,
7290003570928,false,קבב בלדי קצביה ארוז קפוא 500ג',בלאדי,IL,קבב 500 גרם,גרמים,500.00,100 גרם,false,1,29.50,5.90,true,1,
7290003578290,false,מקלוני אורז וילי פוד 300ג',פוגיאן לונגהאי אנליד,CN,מקלוני אורז 300 גרם,גרמים,1000.00,100 גרם,false,1,5.90,0.59,true,1,
7290003578313,false,דובדבנים חמוצים ללא חרצנים 680גר,דל מונטה היילס אס.אי,HR,דובדבנים ללא חרצנים,גרמים,680.00,100 גרם,false,1,10.40,1.53,true,1,
7290003598311,false,מינוט סטייק חלק ריאה 300 ג',בלדי,IL,מינוט סטייק 300 גרם,גרמים,300.00,100 גרם,false,1,34.90,11.63,true,1,
7290003610112,false,צוואר בלי עצם טרי,,,צוואר בלי עצם טרי,Unknown,0.00,"ק""ג",true,0,59.90,59.90,true,1,
7290003643004,false,"אורז בסמטי קלאסי 1 ק""ג סוגת",האי נאם סי או אל.טי.,IL,"אורז בסמטי 1 ק""ג",גרמים,1000.00,100 גרם,false,1,12.90,1.29,true,1,
7290003643134,false,סוגת סוכר וניל 10 יח,גוד פוד פרודקטס S.p,IL,סוכר וניל 10*10 גרם,גרמים,100.00,100 גרם,false,1,2.50,2.50,true,1,
7290003643158,false,קורנפלור 200 ג' סוגת,המאפיה של הרמן,IL,קורנפלור 200 גרם,גרמים,200.00,100 גרם,false,1,3.50,1.75,true,1,
7290003643165,false,קורנפלור 500 ג' סוגת,,,קורנפלור 500 גרם,גרמים,500.00,100 גרם,false,1,6.10,1.22,true,1,
7290003643325,false,קוסקוס בינוני 350 גרם סוגת,"אסיף תעשיות מזון בע""",IL,קוסקוס בינוני 350 גר,גרמים,350.00,100 גרם,false,1,5.00,1.43,true,1,
7290003643387,false,"סוכר לבן בצנצנת 1 ק""ג סוגת",האי נאם סי או אל.טי.,IL,"סוכר לבן בצנצנת 1 ק""",גרמים,1000.00,100 גרם,false,1,7.90,0.79,true,1,
7290003643646,false,"סוכר דמררה קלאסי בצנצנת סוגת 1 ק""ג",האי נאם סי או אל.טי.,IL,סוכר חום דמררה צנצנת,גרמים,1000.00,100 גרם,false,1,12.50,1.25,true,1,
7290003643684,false,אפונה יבשה סוגת 500 גר',האי נאם סי או אל.טי.,IL,אפונה 500 גרם,גרמים,500.00,100 גרם,false,1,5.90,1.18,true,1,
7290003643714,false,סוגת חומוס 500 גרם,האי נאם סי או אל.טי.,IL,חומוס 500 גרם,גרמים,500.00,100 גרם,false,1,7.90,1.58,true,1,
7290003643745,false,סוגת כוסמת 500 גרם,האי נאם סי או אל.טי.,IL,כוסמת 500 גרם,גרמים,500.00,100 גרם,false,1,6.50,1.30,true,1,
7290003643776,false,"פופקורן גרעינים סוגת 500 ג' כשל""פ",האי נאם סי או אל.טי.,IL,פופקורן 500 גרם,גרמים,500.00,100 גרם,false,1,5.50,1.10,true,1,
7290003643783,false,קוקוס סוגת 100 גרם,האי נאם סי או אל.טי.,IL,קוקוס 100 גרם,גרמים,100.00,100 גרם,false,1,3.90,3.90,true,1,
7290003643806,false,שעועית לבנה יבשה סוגת 500 ג',האי נאם סי או אל.טי.,IL,שעועית לבנה 500 גרם,גרמים,500.00,100 גרם,false,1,10.70,2.14,true,1,
7290003643820,false,חומוס ענק יבש סוגת 500 גרם,,IL,חומוס ענק 500 גר,גרמים,500.00,100 גרם,false,1,10.40,2.08,true,1,
7290003687459,false,שמפו סרפד בוטניקל 500 מ`ל,,,שמפו סרפד בוטניקל 50,Unknown,0.00,Unknown,false,1,39.90,39.90,true,1,
7290003713950,false,טרס פסוס סלסה מקסיקנ,,IL,סלסה מקסיקנה 210 גרם,גרמים,200.00,100 גרם,false,1,19.50,9.75,true,1,
7290003719259,false,"ליבו לחם טבעי אקסקלוסיבי 1 ק""ג",מאפית י את א ברמן בע,IL,ליבו לחם טבעי,גרמים,1000.00,100 גרם,false,1,16.50,1.65,true,1,
7290003725939,false,שמן אובלפיכה 100 מל,,,שמן אובלפיכה 100 מל,Unknown,0.00,Unknown,false,1,74.00,74.00,true,1,
7290003726110,false,טופו אורגני בוואקום,,,טופו אורגני (רגיל) ב,גרמים,300.00,100 גרם,false,1,13.90,4.63,true,1,
7290003726141,false,גבינת טופו משק גאיה,ג'נרל מילס סאן אדריא,IL,טופו טבעי 300 גר,גרמים,320.00,100 גרם,false,1,13.00,4.06,true,1,
7290003726479,false,טופו אורגני 1 קג כפ,,,טופו אורגני 1 קג כפ,גרמים,1000.00,100 גרם,false,1,42.90,4.29,true,1,
7290003726592,false,טופו מתובל בפסטו במרקם קלאסי,משק וואיילר,IL,טופו וילר בטעם פסטו,גרמים,300.00,100 גרם,false,1,12.90,4.30,true,1,
7290003726615,false,טופו הבית משק ויילר,הדקלאים אגודת שיתופי,IL,טופו וילר 300 גר,גרמים,300.00,100 גרם,false,1,11.90,3.97,true,1,
7290003744848,false,אובלטים עם גריל 300 גר,,,אובלטים 300 גר גריל,גרמים,300.00,100 גרם,false,1,10.90,3.63,true,1,
7290003744862,false,אובלטים עם זעתר 300 גר,,,אובלטים 300 גר זעתר,גרמים,300.00,100 גרם,false,1,10.90,3.63,true,1,
7290003752232,false,"יין יקב סלוקיה סוביניון בלאן 750 מ""ל",,,יין יקב סלוקיה סובינ,Unknown,0.00,Unknown,false,1,94.90,94.90,true,1,
7290003775934,false,פלסטר לגב,,,פלסטר לגב,Unknown,0.00,Unknown,false,1,42.00,42.00,true,1,
7290003779093,false,סלרי עלים,,,סלרי עלים,Unknown,0.00,Unknown,false,1,5.90,5.90,true,1,
7290003779116,false,שורש פטרוזיליה,,,שורש פטרוזיליה,Unknown,0.00,Unknown,false,1,4.90,4.90,true,1,
7290003779628,false,פלפל צילי חריף,,,פלפל צילי חריף,Unknown,0.00,Unknown,false,1,6.60,6.60,true,1,
7290003781652,false,צלפים במי מלח ויליפוד 350 ג',סוסיטס,TR,צלפים 350 גרם,גרמים,350.00,100 גרם,false,1,11.00,3.14,true,1,
7290003804320,false,תיבולית שום ופטרוזיליה 72 ג' קנור,יוניליוור ישראל מזון,IL,תיבולית שום קנור 72,גרמים,95.00,100 גרם,false,1,11.40,12.00,true,1,
7290003804368,false,"תיבולית בזיליקום בד""ץ 72 ג' קנור",יוניליוור ישראל מזון,IL,תיבולית בזיליקום קנו,גרמים,72.00,100 גרם,false,1,11.40,15.83,true,1,
7290003805501,false,"פתית שוודי חסכוני בד""צ 300 גרם",יוניליוור ישראל מזון,IL,פתית שוודי חסכוני בד,גרמים,300.00,100 גרם,false,1,16.90,5.63,true,1,
7290003805587,false,"פתית חיטה מלאה בד""צ 250 גרם-קופסא",יוניליוור ישראל מזון,IL,"פתית חיטה מלאה בד""צ",גרמים,250.00,100 גרם,false,1,16.90,6.76,true,1,
7290003807178,false,"רוטב קנור סויה בסגנון סיני 300 מ""ל",אתר חיפה 778 - Food,IL,רוטב קנור סויה בסגנו,מיליליטרים,300.00,"100 מ""ל",false,1,10.90,3.63,true,1,
7290003807482,false,"רוטב קנור טריאקי 300 מ""ל",יוניליוור ישראל מזון,IL,רוטב קנור טריאקי 30,מיליליטרים,300.00,"100 מ""ל",false,1,10.90,3.63,true,1,
7290003864478,false,סרדינים בשמן צמחי ויליפוד 110ג' פתח קל,גולדן פרייז קאנינג א,TH,סרדינים בשמן צמחי 11,גרמים,110.00,100 גרם,false,1,5.20,4.73,true,1,
7290003864485,false,סרדינים ברוטב עגבנ יות ויליפוד 110ג' פתח קל,גולדן פרייז קאנינג א,TH,סרדינים ברוטב עגבניו,גרמים,110.00,100 גרם,false,1,5.20,4.73,true,1,
7290003864492,false,סרדינים בשמן צמחי חריף פתח קל ויליפוד 110ג',גולדן פרייז קאנינג א,TH,סרדינים בשמן צמחי חר,גרמים,110.00,100 גרם,false,1,5.20,4.73,true,1,
7290003882922,false,עלי גפן ממולאים באורז ויליפוד 400ג',הזה פלאקספו פוד קו ב,CN,עלי גפן ממולאות באור,גרמים,400.00,100 גרם,false,1,8.90,2.23,true,1,
7290003903771,false,קפוצ'ינו פחית עלית 200ג',שטראס קפה בי.וי,IL,קפוצינו רגיל 200 גרם,גרמים,200.00,100 גרם,false,1,29.90,14.95,true,1,
7290003976355,false,מרכך מרוכז לבנדר גרין קר 1 ליטר,,,מרכך מרוכז לבנדר גרי,מיליליטרים,1000.00,"100 מ""ל",false,1,11.90,1.19,true,1,
7290003976560,false,"מטהר אוויר אוטומטי מיסטרי טאצ 250 מ""ל",,,מטהר אוויר מיסטרי טא,Unknown,0.00,Unknown,false,1,11.90,11.90,true,1,
7290003976577,false,"מטהר אוויר אוטומטי פרדיסו טאצ 250 מ""ל",,,מטהר אוויר פרדיסו טא,Unknown,0.00,Unknown,false,1,11.90,11.90,true,1,
7290003976584,false,"מטהר אויר אוטו' 250 מ""ל אקווה טאצ'",,,מטהר אוויר אקווה טאצ,Unknown,0.00,Unknown,false,1,11.90,11.90,true,1,
7290003976591,false,"מטהר אוויר אוטומטי לוטוס טאצ 250 מ""ל",,,מטהר אוויר לוטוס טאצ,Unknown,0.00,Unknown,false,1,11.90,11.90,true,1,
7290003976768,false,"מרסס מסיר כתמים אוקסי פאואר 750 מ""ל טאצ'",,,מרסס מסיר כתמים אוקס,Unknown,0.00,Unknown,false,1,14.90,14.90,true,1,
7290003976928,false,"נוזל לכלים לפירות טאצ' 750 מ""ל",,,נ.כלים לפירות ללא צב,Unknown,0.00,Unknown,false,12,9.90,9.90,true,1,
7290003976966,false,טאצ' מרסס ניקוי כללי בתוספת חומץ 1 ליטר,,,מרסס ניקוי כללי בתוס,Unknown,0.00,Unknown,false,1,10.90,10.90,true,1,
7290003989096,false,חציל פיקנטי אחלה 500 גרם,מיוצר עי קונדיטוריית,IL,חציל פיקנטי אחלה 500,גרמים,500.00,100 גרם,false,1,15.50,3.10,true,1,
7290003989539,false,לורנצו רביולי במילוי גבינה,מיוצר עי קונדיטוריית,IL,רביולי גבינה 400 גר,גרמים,400.00,100 גרם,false,1,19.90,4.98,true,1,
7290003989553,false,"פסטה טורטליני פטריות, 400 גרם",מיוצר עי קונדיטוריית,IL,טורטילני פטריות 400,גרמים,400.00,100 גרם,false,1,19.90,4.98,true,1,
7290004011338,false,"קצפת מתוקה מכונה 250 מ""ל ריץ'",האי נאם סי או אל.טי.,IT,ריץ קצפת במיכל 250 ג,גרמים,250.00,100 גרם,false,1,9.90,3.96,true,1,
7290004011345,false,"קצפת ריצ` פרווה במיכל 250 מ""ל",האי נאם סי או אל.טי.,IT,ריץ קצפת במיכל 250 ג,גרמים,250.00,100 גרם,false,1,12.50,5.00,true,1,
7290004011796,false,קבבונים בקר קפוא אל גאוצ''ו 400ג',"טיבון ויל אחזקות בע""",IL,קבבונים אל גאוצו 400,גרמים,400.00,100 גרם,false,1,23.90,5.98,true,1,
7290004011802,false,צוריסוס אל גאוצו 400 גר,טיבון ויל אחזקות בעמ,IL,צוריסוס אל גאוצו 400,גרמים,400.00,100 גרם,false,1,23.90,5.98,true,1,
7290004011826,false,מיני המבורגר ריב אנטריקוט,טיבון ויל אחזקות בעמ,IL,מיני המבורגר ריב אנט,גרמים,360.00,100 גרם,false,1,23.90,6.64,true,1,
7290004023041,false,לחם שיפון מחמצת 750 גרם,המאפה של דר מרק בריא,IL,לחם שיפון מחמצת 750,גרמים,750.00,100 גרם,false,1,14.90,1.99,true,1,
7290004030100,false,מיץ תפוזים ולנסיה סחוט 1 ליטר100%,פריניב,IL,מיץ תפוזים סחוט ולנס,מיליליטרים,1000.00,"100 מ""ל",false,1,18.90,1.89,true,1,
7290004030216,false,פריניב נקטר חמוציות 1ליטר,פריניב בעמ,IL,מיץ חמוציות 1ליטר,מיליליטרים,1000.00,"100 מ""ל",false,1,14.90,1.49,true,1,
7290004030223,false,פריניב נקטר תפוחים סחוט 1 ליטר,פריניב בעמ,IL,מיץ תפוח סחוט 100% 1,מיליליטרים,1000.00,"100 מ""ל",false,1,21.90,2.19,true,1,
7290004030445,false,פריניב סחוט טבעי תפוזים 1ליטר,פריניב בעמ,IL,מיץ תפוזים 1 ליטר,מיליליטרים,1000.00,"100 מ""ל",false,1,14.80,1.48,true,1,
7290004030612,false,פרי ניב מיץ קיוי אגס ללא תוספת סוכר 1ל,פריניב בעמ,IL,מיץ קיווי אגס 90% 1,מיליליטרים,1000.00,"100 מ""ל",false,1,18.90,1.89,true,1,
7290004030810,false,שייק 100% בננה פסיפלורה תפוז מופחת סוכר1,,,שייק 100% בננה פסיפל,מיליליטרים,1000.00,"100 מ""ל",false,1,22.90,2.29,true,1,
7290004030834,false,פריניב מיץ רימונים סחוט 1 ליטר,פריניב בעמ,IL,סחוט טרי רימונים 1ל,מיליליטרים,1000.00,"100 מ""ל",false,1,28.90,2.89,true,1,
7290004033705,false,הבורגריה – 6 לחמניות המבורגר בשקית,מאפית י את א ברמן בע,IL,"לחמניות ""הבורגריה"" 6",גרמים,600.00,100 גרם,false,1,13.90,2.32,true,1,
7290004033712,false,לחם עננים מקמח מלא עם פרוסות עבות,מאפית י את א ברמן בע,IL,לחם עננים מקמח מלא 7,גרמים,750.00,100 גרם,false,1,16.50,2.20,true,1,
7290004033729,false,לחם עננים מקמח כוסמין עם פרוסות עבות,מאפית י את א ברמן בע,IL,לחם עננים מקמח כוסמי,גרמים,750.00,100 גרם,false,1,16.50,2.20,true,1,
7290004033736,false,"עננים לחם לבן בסגנון בריוש עם פרוסות עבות, 500 גרם",מאפית י את א ברמן בע,IL,לחם עננים בסגנון ברי,גרמים,750.00,100 גרם,false,1,16.50,2.20,true,1,
7290004033811,false,לחם מיוחד לבן ללא גלוטן 320 גרם,מאפית י את א ברמן בע,IL,לחם מיוחד לבן ללא גל,קילוגרמים,0.32,"ק""ג",false,1,18.90,59.06,true,1,
7290004050788,false,בייקון 170 גר,,,בייקון 170 גר,גרמים,170.00,100 גרם,false,1,49.90,29.35,true,1,
7290004050856,false,סלמי מילאנו פרוס 170 גר,,,סלמי מילאנו פרוס 170,גרמים,170.00,100 גרם,false,1,33.90,19.94,true,1,
7290004050863,false,סלמי הרץ 170 גר,,,סלמי הרץ 170 גר,גרמים,170.00,100 גרם,false,1,32.90,19.35,true,1,
7290004050870,false,שינקן פולני פרוס 200 גר,,,שינקן פולני פרוס 200,גרמים,200.00,100 גרם,false,1,32.90,16.45,true,1,
7290004050948,false,סלמי כפרית פרוס 170 גר,,,סלמי כפרית פרוס 170,גרמים,170.00,100 גרם,false,1,34.90,20.53,true,1,
7290004050955,false,פטה כבד עוף 170 גר,,,פטה כבד עוף 170 גר,גרמים,170.00,100 גרם,false,1,16.90,9.94,true,1,
7290004050986,false,רו בייקון 170 גר,,,רו בייקון 170 גר,גרמים,170.00,100 גרם,false,1,57.90,34.06,true,1,
7290004051044,false,סלמי הונגרי פרוס 170גר,,,סלמי הונגרי פרוס 170,גרמים,170.00,100 גרם,false,1,34.90,20.53,true,1,
7290004051068,false,שינקן מעושן פרוס 200 גר,,,שינקן מעושן פרוס 200,גרמים,200.00,100 גרם,false,1,31.90,15.95,true,1,
7290004051150,false,סלמי רו סרוולט 170 גר,,,סלמי רו סרוולט 170 ג,גרמים,170.00,100 גרם,false,1,34.90,20.53,true,1,
7290004051167,false,ברזאולה 120 גר,,,ברזאולה 120 גר,גרמים,120.00,100 גרם,false,1,48.90,40.75,true,1,
7290004051334,false,פפרוני עגל 170 גר,,,פפרוני עגל 170 גר,גרמים,170.00,100 גרם,false,1,30.90,18.18,true,1,
7290004051365,false,קרפצו 120 גר,,,קרפצו 120 גר,גרמים,120.00,100 גרם,false,1,35.90,29.92,true,1,
7290004051419,false,ממרח כבד מיני 220 גר,,,ממרח כבד מיני 220 גר,גרמים,220.00,100 גרם,false,1,18.90,8.59,true,1,
7290004051792,false,נקניקיות קוקטייל 900 גר,,,נקניקיות קוקטייל 900,גרמים,900.00,100 גרם,false,1,53.90,5.99,true,1,
7290004052041,false,קבנוס קלאסי 210 גר,,,קבנוס קלאסי 210 גר,גרמים,210.00,100 גרם,false,1,29.90,14.24,true,1,
7290004052317,false,סלמי פפרוני 170 גר,,,סלמי פפרוני 170 גר,גרמים,170.00,100 גרם,false,1,34.90,20.53,true,1,
7290004052690,false,נקניקיות פרגית 600 גר,,,נקניקיות פרגית 600 ג,גרמים,600.00,100 גרם,false,1,19.90,3.32,true,1,
7290004053192,false,נקניקיות עגל 600 גר,,,נקניקיות עגל 600 גר,גרמים,600.00,100 גרם,false,1,29.90,4.98,true,1,
7290004053291,false,קרפלך עגל בטעם ביתי 600 גר,,,קרפלך עגל בטעם ביתי,גרמים,600.00,100 גרם,false,1,21.90,3.65,true,1,
7290004054083,false,עצם פורקי מעושנת,,,עצם פורקי מעושנת,Unknown,0.00,Unknown,false,1,9.90,9.90,true,1,
7290004054236,false,גיוזה עוף 320 גר,,,גיוזה עוף 320 גר,גרמים,320.00,100 גרם,false,1,35.90,11.22,true,1,
7290004054243,false,גיוזה ירקות 320 גר,,,גיוזה ירקות 320 גר,גרמים,320.00,100 גרם,false,1,35.90,11.22,true,1,
7290004054267,false,נקניקיות פרנקפורטר 900 גר,,,נקניקיות פרנקפורטר,גרמים,900.00,100 גרם,false,1,54.90,6.10,true,1,
7290004054649,false,מיני מוסקובסקיה 300 גרם,,,מיני מוסקובסקיה 300,גרמים,300.00,100 גרם,false,1,37.90,12.63,true,1,
7290004054885,false,נקניקיות איטלקיות עם גבינה 400 גר,,,נקניקיות איטלקיות עם,גרמים,400.00,100 גרם,false,1,28.90,7.23,true,1,
7290004055271,false,פניני קבנוס 150 גר,,,פניני קבנוס 150 גר,גרמים,150.00,100 גרם,false,1,32.90,21.93,true,1,
7290004055745,false,נקניקיות סליווצניה 600 גר,,,נקניקיות סליווצניה,גרמים,600.00,100 גרם,false,1,32.90,5.48,true,1,
7290004063016,false,מלח שולחן מעולה דק 1,האי נאם סי או אל.טי.,IL,"מלח דק 1 ק""ג",גרמים,1000.00,100 גרם,false,1,2.07,0.21,true,1,
7290004063115,false,"מלח מטבח עבה להמלחת בשר ובישול 1 ק""ג 1ק""ג",האי נאם סי או אל.טי.,IL,"מלח מטבח גס 1 ק""ג",גרמים,1000.00,100 גרם,false,1,2.07,0.21,true,1,
7290004064082,false,מטחנה מלח ים טבעי 250 גרם מלח הארץ,חברת מלח הארץ אילת ב,IL,מטחנה מלח ים טבעי 25,גרמים,250.00,100 גרם,false,1,14.60,5.84,true,1,
7290004064174,false,"תבלין מלח ההימלאיה דק בצנצנת 1 ק""ג",מלח הארץ אילת,IL,מלח הימלאיה דק בצנצנ,גרמים,1000.00,100 גרם,false,1,19.80,1.98,true,1,
7290004064181,false,"תבלין מלח ההימלאיה גס בצנצנת 1 ק""ג",חברת מלח הארץ אילת ב,IL,מלח הימלאיה גס בצנצנ,גרמים,1000.00,100 גרם,false,1,19.80,1.98,true,1,
7290004064297,false,"מלח מועשר ביוד בצנצנת מלח הארץ 1 ק""ג",מלח הארץ אילת,IL,מלח מועשר ביוד בצנצנ,גרמים,1000.00,100 גרם,false,1,10.90,1.09,true,1,
7290004064358,false,"מלח דק זורם בקלות מלח הארץ קרטון 1 ק""ג",,IL,מלח דק זורם בקלות מל,גרמים,1000.00,100 גרם,false,1,4.90,0.49,true,1,
7290004064372,false,מטחנת מלח אקסטרא תבלינים איטלקי 105 גר,מלח הארץ אילת,IL,מטחנת מלח אקסטרא תבל,גרמים,105.00,100 גרם,false,1,17.90,17.05,true,1,
7290004064389,false,מלח הימלאיה דק מלחייה 250 גרם,מלח הארץ אילת,IL,מלח הימלאיה דק 250,גרמים,250.00,100 גרם,false,1,11.90,4.76,true,1,
7290004067045,false,קונפיטורת חמוציות בוודקה 360 גר בית יצחק,,,קונפיטורת חמוציות בו,גרמים,360.00,100 גרם,false,1,27.40,7.61,true,1,
7290004067250,false,קונפיטורת תאנים בערק 360 גרם בית יצחק,,,קונפיטורת תאנים בערק,גרמים,360.00,100 גרם,false,1,27.40,7.61,true,1,
7290004067281,false,קונפיטורת אגסים ביין 360 גרם בית יצחק,,,קונפיטורת אגסים ביין,גרמים,360.00,100 גרם,false,1,27.40,7.61,true,1,
7290004068011,false,יוגורט כבשים 5% בדלי,"מיוצר ע""י קוד יצרן M",IL,יוגורט כבשים 600 גר,גרמים,600.00,100 גרם,false,1,18.40,3.07,true,1,
7290004068028,false,"ציזיקי יוגורט לשתיה גד 500 מ""ל",מיוצר על ידי קוד יצר,IL,ציזקי 3.5% 500 מל,גרמים,500.00,100 גרם,false,1,9.80,1.96,true,1,
7290004068035,false,"איירן יוגורט לשתייה 3% גד 500 מ""ל","מיוצר ע""י קוד יצרן M",IL,"יוגורט איירן 500 מ""ל",מיליליטרים,500.00,"100 מ""ל",false,1,8.60,1.72,true,1,
7290004068172,false,"יוגורט עיזים בדלי 5% 600 מ""ל רובין",קוד יצרן MKN,IL,יוגורט עיזים דלי 600,גרמים,600.00,100 גרם,false,1,18.50,3.08,true,1,
7290004078270,false,נוזל כלים פלמוליב צילינדר לימון 1 ליטר,יבואן ומשווק: ש. שסט,GR,פלמוליב צילינדר 1 לי,מיליליטרים,1000.00,"100 מ""ל",false,1,15.60,1.56,true,1,
7290004078690,false,"אגקס נוזל לניקוי אסלות מרענן 750 מ""ל",הנסיך- מפעל לייצור ט,FR,אגקס שירותים רענן זו,מיליליטרים,750.00,"100 מ""ל",false,1,16.70,2.23,true,1,
7290004119010,false,גבינת שדה טבעי 25% 500 גרם - הרב וייטמן,,,גבינה מותכת שדה 500,גרמים,500.00,100 גרם,false,1,15.90,3.18,true,1,
7290004119133,false,כד יוגורט תנובה 6.5% שומן 1.5 ליטר,מיוצר עי קונדיטוריית,IL,יוגורט 7% 1.5 ליטר,ליטרים,0.00,ליטר,false,1,18.90,18.90,true,1,
7290004119225,false,יוגורט אננס 3% שומן 150 ג' יופלה,תנובה מרכז שיתופי לש,IL,יופלה אננס 3% 150 גר,גרמים,150.00,100 גרם,false,1,5.20,3.47,true,1,
7290004119928,false,קרלו מעדן וניל רביעיות גביע 125 1.5%,מחלבת אלון תבור,IL,קרלו וניל 125 גרם,גרמים,125.00,100 גרם,false,1,3.10,2.48,true,1,
7290004120061,false,קרלו שוקולד וניל 125,תנובה מרכז שיתופי לש,IL,קרלו שוניל 3% 125 גר,גרמים,125.00,100 גרם,false,1,3.50,2.80,true,1,
7290004120108,false,יופלה דיאט יוגורט דובדבן %0 גביע 150ג',תנובה מרכז שיתופי לש,IL,דיאט יופלה דובדבן 15,גרמים,150.00,100 גרם,false,1,5.20,3.47,true,1,
7290004120566,false,גבינה בולגרית פיראוס 24% 250 גרם,תנובה,IL,גבינה בולגרית פיראוס,גרמים,250.00,100 גרם,false,1,22.90,9.16,true,1,
7290004120573,false,גבינה בולגרית פיראוס 16% 250 גרם,תנובה מרכז שיתופי לש,IL,גבינה בולגרית פיראוס,גרמים,250.00,100 גרם,false,1,23.70,9.48,true,1,
7290004120634,false,גבינה פיראוס בולגרית 5% 250 גרם,תנובה מרכז שיתופי לש,IL,גבינה פיראוס בולגרית,גרמים,250.00,100 גרם,false,1,21.90,8.76,true,1,
7290004121488,false,יופלה דיאט אפרסק 0% גביע 150 ג',תנובה מרכז שיתופי לש,IL,דיאט יופלה אפרסק 150,מיליליטרים,150.00,"100 מ""ל",false,1,5.20,3.47,true,1,
7290004121525,false,יופלה מאגדת פרי 4 תות 4 אפרסק 3% 8 יח'*150 ג',תנובה מרכז שיתופי לש,IL,מאגדת 8 יופלה אפרסק,ליטרים,0.00,ליטר,false,1,31.30,31.30,true,1,
7290004121754,false,יוגורט עוגת גבינה ותות 3% שומן 150 ג' יופלה,תנובה בעמ,IL,יופלה עוגת גבינה,גרמים,150.00,100 גרם,false,1,5.20,3.47,true,1,
7290004121839,false,גבינת פטה כבשים 20% 250 ג' פיראוס,תנובה מרכז שיתופי לש,IL,גבינה פטה פיראוס 250,גרמים,250.00,100 גרם,false,1,26.90,10.76,true,1,
7290004121853,false,גבינה בולגרית פיראוס 5% קוביות 200 גרם,תנובה מרכז שיתופי לש,IL,גבינה בולגרית פיראוס,גרמים,200.00,100 גרם,false,1,21.60,10.80,true,1,
7290004122119,false,פתיתי פרמזן לפסטה %23 100 ג' השף הלבן,פ.פ.ח. שאביט,IL,פתיתי פרמזן לפסטה הש,גרמים,220.00,100 גרם,false,1,12.20,5.55,true,1,
7290004122195,false,"גבינת גוש חלב פרוס 28%, כשרות מהדרין, 200 ג'",תנובה,IL,גבינה צהובה גוש חלב,גרמים,200.00,100 גרם,false,1,14.60,7.30,true,1,
7290004122270,false,גבינה צהובה פרוס בקופסא %28 200 ג' עמק,תנובה מרכז שיתופי לש,IL,גבינה עמק פרוס בקופס,גרמים,200.00,100 גרם,false,1,16.90,8.45,true,1,
7290004122348,false,גבינת עמק לייט פרוס בקופסא 200 גרם,תנובה מרכז שיתופי לש,IL,גבינת עמק לייט פרוס,גרמים,200.00,100 גרם,false,1,17.90,8.95,true,1,
7290004122676,false,גבינת חמד לייט 5% פיראוס 250 ג',"תנובה,מחלבת טנא נוגה",IL,חמד לייט 5% גביע 250,גרמים,250.00,100 גרם,false,1,18.90,7.56,true,1,
7290004122683,false,חטיף גבינת אצבעות 28% 172 ג' עמק,תנובה מרכז שיתופי לש,IL,אצבעות עמק 172 גר,גרמים,172.00,100 גרם,false,1,16.40,9.53,true,1,
7290004124205,false,יוגורט דיאט תות %0 שומן 150 ג' יופלה,תנובה מרכז שיתופי לש,IL,דיאט יופלה תות 150 ג,גרמים,150.00,100 גרם,false,1,5.20,3.47,true,1,
7290004125370,false,"שמנת חמוצה מופחתת שומן 9% 200 מ""ל",תנובה מרכז שיתופי לש,IL,שמנת חמוצה מופחתת,מיליליטרים,200.00,"100 מ""ל",false,1,3.90,1.95,true,1,
7290004125400,false,"שלי אשל 4.5% תנובה 200מ""ל מהדרין",פארייפאבה אגרואינדוס,IL,"שלי אשל 200 מ""ל",מיליליטרים,200.00,"100 מ""ל",false,1,1.69,0.85,true,1,
7290004125417,false,"שלי גיל 3% תנובה 200מ""ל מהדרין",תנובה מרכז שיתופי לש,IL,"שלי גיל 200 מ""ל",מיליליטרים,200.00,"100 מ""ל",false,1,1.50,0.75,true,1,
7290004125455,false,**תנובה שמנת אורגינל מהדרין 15% 200מל,תנובה מרכז שיתופי לש,IL,שמנת חמוצה 15% 200 מ,גרמים,200.00,100 גרם,false,1,2.40,1.20,true,1,
7290004125462,false,"שמנת אורגינל 15% מהדרין 500 מ""ל",תנובה מרכז שיתופי לש,IL,שמנת חמוצה 15% 500 מ,מיליליטרים,500.00,"100 מ""ל",false,1,6.00,1.20,true,1,
7290004125509,false,"שמנת 15% חצי מנה 100 מ""ל תנובה",תנובה מרכז שיתופי לש,IL,"שמנת חמוצה 100 מ""ל",מיליליטרים,100.00,"100 מ""ל",false,1,1.80,1.80,true,1,
7290004125578,false,משקה סויה מעושר בסידן תנובה 1ל',תנובה מרכז שיתופי לש,IL,משקה סויה מועשר 1 לי,מיליליטרים,1000.00,"100 מ""ל",false,1,10.50,1.05,true,1,
7290004125585,false,משקה סויה וניל תנובה E אלטרנטיב,תנובה מרכז שיתופי לש,IL,משקה סויה על הבוקר 1,מיליליטרים,1000.00,"100 מ""ל",false,1,11.40,1.14,true,1,
7290004125721,false,"שמנת לבישול 15% שומן 250 מ""ל תנובה",תנובה מרכז שיתופי לש,IL,שמנת לבישול 15% השף,גרמים,250.00,100 גרם,false,1,8.70,3.48,true,1,
7290004125738,false,שמנת מתוקה להקצפה32% 250מל עמיד השף הלבן,תנובה מרכז שיתופי לש,IL,שמנת מתוקה להקצפה 32,גרמים,250.00,100 גרם,false,1,6.80,2.72,true,1,
7290004125776,false,גבינה צהובה עמק 28% 400 גרם בקופסא,תנובה,IL,עמק פרוס בקופסה 400ג,גרמים,400.00,100 גרם,false,1,29.30,7.33,true,1,
7290004126674,false,פרוסות גבינה חצי קשה 9% שומן 200 ג' עמק,תנובה מרכז שיתופי לש,IL,טל העמק לייט 200 גרם,גרמים,200.00,100 גרם,false,1,19.40,9.70,true,1,
7290004126759,false,יופלה דיאט פירות יער %0 גביע 150 ג',תנובה בעמ,IL,דיאט יופלה פירות יער,גרמים,150.00,100 גרם,false,1,5.20,3.47,true,1,
7290004126872,false,משקאות חלב תנובה שוקו בקבוק 250מל,תנובה,IL,שוקו שוק בקבוק 250 מ,גרמים,250.00,100 גרם,false,1,6.50,2.60,true,1,
7290004127077,false,קוטג' 3% שומן 250 ג' תנובה,מיוצר עי קונדיטוריית,IL,קוטג 3% 250 גרם,גרמים,250.00,100 גרם,false,1,5.40,2.16,true,1,
7290004127329,false,קוטג' 5% תנובה 250ג' מהדרין,מיוצר עי קונדיטוריית,IL,גבינת קוטג 5% 250 גר,גרמים,250.00,100 גרם,false,1,5.50,2.20,true,1,
7290004127336,false,קוטג' 9% תנובה 250 ג' הדרין,מיוצר עי קונדיטוריית,IL,גבינת קוטג 9% 250 גר,גרמים,250.00,100 גרם,false,1,5.50,2.20,true,1,
7290004127800,false,גבינה לבנה 5% שומן 500 ג' תנובה,מיוצר עי קונדיטוריית,IL,גבינה לבנה למריחה 5%,גרמים,500.00,100 גרם,false,1,9.96,1.99,true,1,
7290004127817,false,גבינה לבנה 9% שומן 500 ג' תנובה,מיוצר עי קונדיטוריית,IL,גבינה למריחה 9% 500,גרמים,500.00,100 גרם,false,1,9.96,1.99,true,1,
7290004127862,false,**תנובה גבינה למריחה מהדרין 5% 750ג,תנובה מרכז שיתופי לש,IL,גבינה למריחה 5% 750,גרמים,750.00,100 גרם,false,1,14.94,1.99,true,1,
7290004128333,false,לאבנה על בסיס יוגורט %9 שומן 500 ג' פיראוס,תנובה,IL,גבינה לאבנה 9% 500 ג,גרמים,500.00,100 גרם,false,1,20.90,4.18,true,1,
7290004128340,false,קרם גבינת שמנת %5 בטעם טבעי 200 ג' תנובה,תנובה,IL,גבינת שמנת בטעם טבעי,גרמים,200.00,100 גרם,false,1,12.90,6.45,true,1,
7290004128364,false,קרם גבינת שמנת 5% עם זיתים ירוקים 200 ג' תנובה,"תנובה, מחלבת תל יוסף",IL,גבינת שמנת עם זיתים,גרמים,200.00,100 גרם,false,1,12.90,6.45,true,1,
7290004128432,false,פתיתים מיוחדים לפיצה על בסיס גבינה 500 ג',תנובה,IL,פתיתים מיוחדים לפיצה,גרמים,500.00,100 גרם,false,1,22.90,4.58,true,1,
7290004129101,false,גבינת שמנת 25% בטעם טבעי 225 ג' נפוליאון,תנובה מרכז שיתופי לש,IL,נפוליאון טבעי 225 גר,גרמים,225.00,100 גרם,false,1,14.90,6.62,true,1,
7290004129118,false,גבינת שמנת 24% עם זיתים ירוקים 225 ג' נפוליאון,תנובה מרכז שיתופי לש,IL,נפוליאון זיתים 225 ג,גרמים,225.00,100 גרם,false,1,14.90,6.62,true,1,
7290004129156,false,גבינת שמנת25% עם שום שמיר 225 ג' נפוליאון,תנובה מרכז שיתופי לש,IL,נפוליאון שום שמיר 22,גרמים,225.00,100 גרם,false,1,14.90,6.62,true,1,
7290004129545,false,גבינה לבנה 3% שומן 250 ג' תנובה,מחלבת אלון תבור,IL,גבינת תנובה 3% 250 ג,גרמים,250.00,100 גרם,false,1,4.98,1.99,true,1,
7290004129736,false,יוגורט במתיקות מעודנת 1.5% שומן 200 ג' יופלה,תנובה מרכז שיתופי לש,IL,יופלה לבן 1.5% 200 ג,מיליליטרים,200.00,"100 מ""ל",false,1,4.90,2.45,true,1,
7290004129767,false,יופלה לבן טבעי מאגדת 3% 8*150מל,מחלבת אלון תבור,IL,שמיניית יופלה לבן,ליטרים,0.00,ליטר,false,1,18.50,18.50,true,1,
7290004130794,false,משקה סויה טבעי במתיקות מופחתת 1 ליטר,תנובה מרכז שיתופי לש,IL,משקה סויה טבעי מתיקו,מיליליטרים,1000.00,"100 מ""ל",false,1,10.90,1.09,true,1,
7290004130916,false,יוגורט 3% פירות יער בשמנת 150 ג' יופלה,תנובה מרכז שיתופי לש,IL,יופלה פירות יער בשמנ,גרמים,150.00,100 גרם,false,1,5.20,3.47,true,1,
7290004131074,false,**חלב תנובה טרי מהדרין קרטון 3% 1ל,תנובה מרכז שיתופי לש,IL,חלב קרטון+פקק 3% תנו,מיליליטרים,1000.00,"100 מ""ל",false,1,6.23,0.62,true,1,
7290004131432,false,יוגורט ביו 3% שומן 200 ג' יופלה,מיוצר עי קונדיטוריית,IL,יופלה לבן 3% 200 גר,גרמים,200.00,100 גרם,false,1,4.20,2.10,true,1,
7290004131456,false,יוגורט ביו 1.5% שומן 200 ג' יופלה,מיוצר עי קונדיטוריית,IL,יופלה לבן 1.5% 200 ג,מיליליטרים,200.00,"100 מ""ל",false,1,4.20,2.10,true,1,
7290004131814,false,גבינה צפתית 5% מעודנת 200 ג' פיראוס,פארייפאבה אגרואינדוס,IL,פיראוס צפתית מעודנת,גרמים,200.00,100 גרם,false,1,15.90,7.95,true,1,
7290004132552,false,משקה סויה לייט בטעם טבעי טרי 1 ליטר,תנובה מרכז שיתופי לש,IL,דיאט סויה טבעי 1 ליט,מיליליטרים,1000.00,"100 מ""ל",false,1,11.40,1.14,true,1,
7290004132712,false,חטיף אצבעות גבינת מוצרלה 20% 172 ג' עמק,תנובה מרכז שיתופי לש,IL,אצבעות מוצרלה 172 גר,גרמים,172.00,100 גרם,false,1,17.30,10.06,true,1,
7290004133511,false,יופלה מאגדת לבן 1.5% מעודן 8 יח' * 150 ג',מיוצר עי קונדיטוריית,IL,יופלה לבן שמינייה,ליטרים,0.00,ליטר,false,1,21.40,21.40,true,1,
7290004134945,false,יוגורט מוקה 3% שומן 150 ג' יופלה,תנובה מרכז שיתופי לש,IL,יופלה מוקה 3% 150גר,גרמים,150.00,100 גרם,false,1,5.20,3.47,true,1,
7290004135614,false,גבינה בולגרית מעודנת 5% 250 ג' פיראוס,תנובה,IL,פיראוס בולגרית מעודנ,גרמים,250.00,100 גרם,false,1,21.90,8.76,true,1,
7290004136598,false,מארז הפסקת אוכל עם קורנפלקס ומשקה חלב עמיד בטעם וניל,פארייפאבה אגרואינדוס,IL,מארז הפסקת אוכל-חלב,גרמים,250.00,100 גרם,false,1,10.90,4.36,true,1,
7290004136857,false,גלי פטל תנובה 125 גר,תנובה מרכז שיתופי לש,IL,גלי פטל 125גר,גרמים,125.00,100 גרם,false,1,2.80,2.24,true,1,
7290004136864,false,ג'לי תנובה אננס עם חתיכות אננס 125מל,סוי מג'יק,IL,גלי אננס עם חתיכות א,גרמים,125.00,100 גרם,false,1,2.90,2.32,true,1,
7290004136871,false,ג'לי תנובה אפרסק עם חתיכות אפרסק 125מל,תנובה מרכז שיתופי לש,IL,גלי אפרסק עם חתיכות,גרמים,150.00,100 גרם,false,1,2.90,1.93,true,1,
7290004137021,false,"שמנת לבישול 10% עמיד השף הלבן 250 מ""ל",תנובה מרכז שיתופי לש,IL,שמנת לבישול 10%-השף,גרמים,250.00,100 גרם,false,1,8.70,3.48,true,1,
7290004137311,false,עמק לייט משפחתית 9% 400ג-ועדת מהדרין,תנובה,IL,עמק לייט פרוס 9% 400,גרמים,400.00,100 גרם,false,1,32.90,8.23,true,1,
7290004137809,false,פיראוס לאבנה 5% גביע 250 גרם,"תנובה, מחלבת אלון תב",IL,פיראוס לאבנה 5% 250,גרמים,250.00,100 גרם,false,1,13.90,5.56,true,1,
7290004150112,false,חומוס מזרחי פיקנטי פרימיום 300 גרם,"סלטי שמיר 2006 בע""מ",IL,חומוס מזרחי פיקנטי פ,גרמים,300.00,100 גרם,false,1,15.90,5.30,true,1,
7290004150129,false,טחינה פיקנטי פרימיום 300 גרם,"סלטי שמיר 2006 בע""מ",IL,טחינה פיקנטי פרימיום,גרמים,300.00,100 גרם,false,1,15.90,5.30,true,1,
7290004150136,false,חציל על האש פיקנטי פרימיום 300 גרם,"סלטי שמיר 2006 בע""מ",IL,חציל על האש פיקנטי פ,גרמים,300.00,100 גרם,false,1,15.90,5.30,true,1,
7290004150143,false,חציל במיונז פיקנטי פרימיום 300 גרם,"סלטי שמיר 2006 בע""מ",IL,חציל במיונז פיקנטי פ,גרמים,300.00,100 גרם,false,1,15.90,5.30,true,1,
7290004150150,false,חציל בטחינה פיקנטי פרימיום 300 גרם,"סלטי שמיר 2006 בע""מ",IL,חציל בטחינה פיקנטי פ,גרמים,300.00,100 גרם,false,1,15.90,5.30,true,1,
7290004150174,false,קולוסלאו פיקנטי פרימיום 300 גרם,"סלטי שמיר 2006 בע""מ",IL,קולוסלאו פיקנטי פרימ,גרמים,300.00,100 גרם,false,1,15.90,5.30,true,1,
7290004150198,false,סלק מגורד פיקנטי פרימיום 300 גרם,"סלטי שמיר 2006 בע""מ",IL,סלק מגורד פיקנטי פרי,גרמים,300.00,100 גרם,false,1,15.90,5.30,true,1,
7290004150204,false,מטבוחה 300 גרם פיקנטי פרימיום,"סלטי שמיר 2006 בע""מ",IL,מטבוחה 300 גרם פיקנ,גרמים,300.00,100 גרם,false,1,15.90,5.30,true,1,
7290004150211,false,תורכי איסטנבול 300 גרם פיקנטי פרימיום,"סלטי שמיר 2006 בע""מ",IL,תורכי איסטנבול 300 ג,גרמים,300.00,100 גרם,false,1,15.90,5.30,true,1,
7290004150228,false,כרוב אדום 300 גרם פיקנטי פרימיום,"סלטי שמיר 2006 בע""מ",IL,כרוב אדום 300 גרם פי,גרמים,300.00,100 גרם,false,1,15.90,5.30,true,1,
7290004150235,false,חומוס עם חריף 300 גרם פיקנטי פרימיום,"סלטי שמיר 2006 בע""מ",IL,חומוס עם חריף 300 גר,גרמים,300.00,100 גרם,false,1,15.90,5.30,true,1,
7290004199241,false,נרות חימום חסידים 50יח',,,נרות חימום חסידים 50,Unknown,0.00,Unknown,false,1,7.90,7.90,true,1,
7290004221409,false,וובר רוטב חזרת 453 גרם בקבוק לחיץ,וובר,,וובר רוטב חזרת 453 ג,גרמים,453.00,100 גרם,false,1,30.50,6.73,true,1,
7290004230340,false,מקלות בורקס פילו תרד ובצל שגב 600 ג,האי נאם סי או אל.טי.,IL,מקלות בורקס פילו תרד,גרמים,600.00,100 גרם,false,1,22.90,3.82,true,1,
7290004230357,false,שגב מקלות בורקס פילו גבינה ובטטה 600 גר,שגמור,IL,שגב מקלות בורקס פילו,גרמים,600.00,100 גרם,false,1,22.90,3.82,true,1,
7290004339432,false,סייטן קפוא טבעי 500 גרם טבע דלי,טבע דלי בעמ,IL,סייטן קפוא טבעי 500,גרמים,500.00,100 גרם,false,1,19.90,3.98,true,1,
7290004339630,false,סייטן טבעי טבע דלי 350 גר,טבע דלי,IL,סייטן טבעי טבע דלי 3,גרמים,350.00,100 גרם,false,1,19.90,5.69,true,1,
7290004339838,false,קבב מהצומח 350 גרם טבע דלי,טבע דלי,IL,קבב מהצומח 350 גרם ט,גרמים,350.00,100 גרם,false,1,24.90,7.11,true,1,
7290004367077,false,בקלוואה ארוז 800 גרם,,,בקלאווה 800 גרם,גרמים,800.00,100 גרם,false,1,34.90,4.36,true,1,
7290004386825,false,שעועית בגודל ענק אפויה ברוטב עגבניות -מוכן לאכילה,וילי פוד,GR,שעועית ענק ברוטב עגב,גרמים,420.00,100 גרם,false,1,10.40,2.48,true,1,
7290004419011,false,אפריקה 800 גרם,,,עוגה אפריקה 800 גרם,גרמים,800.00,100 גרם,false,1,93.90,11.74,true,1,
7290004419042,false,וואלס עגולה 700 גר,,,וואלס עגולה 700 גר,גרמים,700.00,100 גרם,false,1,86.90,12.41,true,1,
7290004419134,false,אוכמניות מלבנית 500 גר יח,,,אוכמניות מלבנית 500,גרמים,500.00,100 גרם,false,1,41.90,8.38,true,1,
7290004419141,false,עוגת דובדבן בשוקולד מלבנית 500 גר,,,עוגת דובדבן בשוקולד,גרמים,500.00,100 גרם,false,1,41.90,8.38,true,1,
7290004419356,false,עוגת אייריש קרים 1100גר,,,עוגת אייריש קרים,גרמים,1100.00,100 גרם,false,1,89.90,8.17,true,1,
7290004419370,false,עוגה עדינה וניל 400 גר,,,עוגה עדינה וניל 400,גרמים,400.00,100 גרם,false,1,36.90,9.23,true,1,
7290004419394,false,עוגה עדינה שוקולד 400 גר,,,עוגה עדינה שוקולד 40,גרמים,400.00,100 גרם,false,1,41.90,10.48,true,1,
7290004479305,false,מסר מילניון עוגיות מזל 160 גרם,,,מסר מילניון עוגיות מ,גרמים,160.00,100 גרם,false,1,22.90,14.31,true,1,
7290004480349,false,גאודה עזים משולשים במשקל,מחלבת אמלטי הולנד,IL,גאודה עזים משולשים ב,Unknown,0.00,"ק""ג",true,0,131.00,131.00,true,1,
7290004492762,false,נשנושים תירס ב.בייגל 325 ג',אתר בייגל - Food,IL,נשנושים תירס 325 גרם,גרמים,325.00,100 גרם,false,1,12.70,3.91,true,1,
7290004494063,false,יין דלתון פטיט סירה 750 מל,,,יין דלתון פטיט סירה,Unknown,0.00,Unknown,false,1,54.90,54.90,true,1,
7290004494131,false,יין דלתון קברנה סוביניון גליל,"איי, בי, אינבוו",IL,יין דלתון קברנה סובנ,Unknown,0.00,Unknown,false,1,54.90,54.90,true,1,
7290004494315,false,יין כנען מוסקטו דלתון 750 מל,,,יין כנען מוסקטו דלתו,Unknown,0.00,Unknown,false,1,44.90,44.90,true,1,
7290004494599,false,"יין עלמה קרימזון 750 מ""ל דלתון",,IL,יין עלמה קרימזון 75,Unknown,0.00,Unknown,false,1,83.90,83.90,true,1,
7290004494919,false,יין כנען קברנה שיראז 750 מל דלתון,כצט,IL,יין כנען קברנה שיראז,מיליליטרים,750.00,"100 מ""ל",false,1,44.90,5.99,true,1,
7290004502690,false,וודקה פינלנדיה 1 ליטר,,,וודקה פינלנדיה 1 ל,מיליליטרים,1000.00,"100 מ""ל",false,1,93.90,9.39,true,1,
7290004528805,false,אדיר WINEMAKER EDITION פטיט סירה 750 מ,,,אדיר WINEMAKER EDITI,Unknown,0.00,Unknown,false,1,119.90,119.90,true,1,
7290004584306,false,רבעיית גמדים בטעם תות בננה * 100 ג' שטראוס,מיוצר עי קונדיטוריית,IL,גמדים סופר תות -בננה,גרמים,200.00,100 גרם,false,1,11.70,5.85,true,1,
7290004584351,false,גבינה לבנה סימפוניה עם תוספות 200 ג' חמישית 200,"שטראוס בריאות בע""מ",IL,סימפוניה 5% 200 גרם,גרמים,200.00,100 גרם,false,1,11.00,5.50,true,1,
7290004584528,false,יוגורט דנונה ביו טבעי 1.7% 200 גרם,מיוצר עי קונדיטוריית,IL,יוגורט דנונה ביו טבע,גרמים,200.00,100 גרם,false,1,3.50,1.75,true,1,
7290004585907,false,דני ועדן וניל 1.5% 125ג' שטראוס,מיוצר עי קונדיטוריית,IL,"מעדן דני וניל 125 מ""",מיליליטרים,125.00,"100 מ""ל",false,1,2.80,2.24,true,1,
7290004603175,false,מלח הארץ מלחייה גס 500 גרם,תעשיות מלח לישראל,IL,מלח ים האדום גס 500,גרמים,500.00,100 גרם,false,1,8.90,1.78,true,1,
7290004658960,false,יין ארמלד ריזלינג P.C לבן חצי יבש 750 מ,אגודת הכורמים הקואופ,IL,יין אמרלד ריזלינג P.,Unknown,0.00,Unknown,false,1,37.90,37.90,true,1,
7290004685010,false,לחם 100% שיפון פלוס לחם הארץ 500 גר',מאפית י את א ברמן בע,IL,לחם 100% שיפון מקמח,גרמים,500.00,100 גרם,false,1,16.50,3.30,true,1,
7290004685089,false,לחם הארץ לחם חמניות 500 גר',מאפית י את א ברמן בע,IL,לחם חמניות 500 גרם,גרמים,500.00,100 גרם,false,1,16.50,3.30,true,1,
7290004685157,false,לחם שיפון 100% 750 גרם לחם הארץ,מאפית י את א ברמן בע,IL,לחם שיפון 100%,גרמים,750.00,100 גרם,false,1,16.50,2.20,true,1,
7290004685195,false,לחם 10 דגנים לחם הארץ 750 גרם,מאפית י את א ברמן בע,IL,לחם 10 דגנים,גרמים,750.00,100 גרם,false,1,16.50,2.20,true,1,
7290004685430,false,לחם כוסמין לחם הארץ,מאפית י את א ברמן בע,IL,לחם כוסמין 100% 500,גרמים,500.00,100 גרם,false,1,16.50,3.30,true,1,
7290004685447,false,לחמניות כוסמין 6 יחי' 450 גר',מאפית י את א ברמן בע,IL,שישיית לחמניות כוסמי,Unknown,0.00,Unknown,false,1,15.50,15.50,true,1,
7290004685478,false,פיתות כוסמין 100% כוסמין 550 גרם,מאפית י את א ברמן בע,IL,פיתות כוסמין 100% כו,גרמים,550.00,100 גרם,false,1,17.90,3.25,true,1,
7290004737719,false,אספרגוס שלם בצנצנת 330 ג' ולי פוד,heze sanqing food,CN,אספרגוס שלם מקולף 33,גרמים,330.00,100 גרם,false,1,12.10,3.67,true,1,
7290004737900,false,חלב מרוכז ממותק 397 גרם ויליפוד,יו.איי.בי מאריג'אמפו,LT,חלב מרוכז ממותק וילי,גרמים,397.00,100 גרם,false,1,10.90,2.75,true,1,
7290004768911,false,אונט ריב מובחר טרי,,,אונט ריב מובחר טרי,Unknown,0.00,"ק""ג",true,0,79.90,79.90,true,1,
7290004982355,false,גבינה צדר אנגלי 3 צב,שבינגטון,GB,טריפל צדר במשקל,Unknown,0.00,"ק""ג",true,0,109.00,109.00,true,1,
7290005008184,false,"פלמוליב - תחליב רחצה נטורלס שקדים 500 מ""ל",הנסיך- מפעל לייצור ט,TR,פלמוליב נטורלס סבון,מיליליטרים,500.00,"100 מ""ל",false,1,17.70,3.54,true,1,
7290005020162,false,"וויסקי בלנטייניס 700 מ""ל",פרנו,IL,וויסקי בלנטיינס 700,מיליליטרים,700.00,"100 מ""ל",false,1,79.90,11.41,true,1,
7290005020469,false,"וויסקי דיוארס 375 מ""ל",,,"וויסקי דיוארס 375 מ""",מיליליטרים,375.00,"100 מ""ל",false,1,58.90,15.71,true,1,
7290005053023,false,רזיניקה 3% 1 ליטר,,,רזיניקה 3% 1 ליטר,ליטרים,0.00,ליטר,false,1,13.60,13.60,true,1,
7290005053047,false,פרוסטקוושה 1 ליטר,,,פרוסטקוושה 1 ליטר,מיליליטרים,1000.00,"100 מ""ל",false,1,13.60,1.36,true,1,
7290005053054,false,שמנת 42% מיוחד 300גר,,,שמנת 42% מיוחד 300,גרמים,300.00,100 גרם,false,1,11.50,3.83,true,1,
7290005053078,false,קאפיר 3% 1 ליטר,,,קאפיר 3% 1 ליטר,ליטרים,0.00,ליטר,false,1,13.60,13.60,true,1,
7290005053085,false,שמנת חמוצה 15% 500 גרם,,,שמנת חמוצה 15% 500 ג,גרמים,500.00,100 גרם,false,1,11.20,2.24,true,1,
7290005053115,false,גבינת טבורג 500 5% גרם,,,גבינת טבורג 500 5% ג,גרמים,500.00,100 גרם,false,1,15.00,3.00,true,1,
7290005053139,false,משקה יוגורט רזינקה דל לקטוז 1 ליטר,,,משקה יוגורט רזינקה,ליטרים,0.00,ליטר,false,1,13.50,13.50,true,1,
7290005053191,false,קאפיר 3% 2 ליטר,,,קאפיר 3% 2 ליטר,ליטרים,0.00,ליטר,false,1,21.20,21.20,true,1,
7290005053214,false,טבורוג דובדבן 500 גר,,,טבורוג דובדבן 500 גר,גרמים,500.00,100 גרם,false,1,16.00,3.20,true,1,
7290005053221,false,טבורוג עם משמש 500,,,טבורוג עם משמש 500,גרמים,500.00,100 גרם,false,1,16.00,3.20,true,1,
7290005053238,false,טבורוג צימוקים 5% 500 גר,,,טבורוג צימוקים 5%,גרמים,500.00,100 גרם,false,1,16.00,3.20,true,1,
7290005053252,false,פרוסטקוושה 500,,,פרוסטקוושה 500,ליטרים,0.00,ליטר,false,1,7.50,7.50,true,1,
7290005053269,false,"קאפיר 500 מ""ל",,,"קאפיר 500 מ""ל",מיליליטרים,500.00,"100 מ""ל",false,1,7.90,1.58,true,1,
7290005053276,false,ריזינקה 0.5ל,,,"ריזינקה 500 מ""ל",מיליליטרים,500.00,"100 מ""ל",false,1,7.50,1.50,true,1,
7290005068058,false,תירס קל מופחת קלוריות 550 ג' פרי הגליל,"פרי הגליל בע""""מ",IL,תירס קל A2,גרמים,550.00,100 גרם,false,1,6.20,1.13,true,1,
7290005079290,false,צהובה נעם 15% מהדרין,טרה,IL,גבינה צהובה נעם 15%,Unknown,0.00,"ק""ג",true,0,65.00,65.00,true,1,
7290005084355,false,"סנסודיין - משחת שיניים דואל קר זהב 75 מ""ל",גלקסו סמית קליין,GB,משחת שיניים סנסודיי,גרמים,75.00,100 גרם,false,1,21.90,29.20,true,1,
7290005095061,false,נר נשמה בפחית 24 שעות,,CN,נר נשמה בפחית 24 שעו,Unknown,0.00,Unknown,false,1,3.10,3.10,true,1,
7290005095269,false,נרות חימום 50 יח' שק,,,נרות חימום 50 יח,Unknown,0.00,Unknown,false,1,11.90,11.90,true,1,
7290005095467,false,נרות שבת 4 יח,,CN,נרות שבת 4 יח,Unknown,0.00,Unknown,false,1,6.10,6.10,true,1,
7290005111761,false,בונזו ארוחת בריאות 3 קג,"ביופט בע""מ",IL,בונזו ארוחת בריאות 3,קילוגרמים,0.00,"ק""ג",false,1,49.90,49.90,true,1,
7290005169953,false,תה טיבטי פירות 180 גרם,,,תה טיבטי פירות 180 ג,גרמים,180.00,100 גרם,false,1,52.90,29.39,true,1,
7290005174513,false,חציל במיונז 500 ג' אחלה,מיוצר עי קונדיטוריית,IL,חצילים במיונז 500 גר,גרמים,500.00,100 גרם,false,1,15.90,3.18,true,1,
7290005174551,false,סלט חומוס עם צנוברים 125 ג' אחלה,מיוצר עי קונדיטוריית,IL,חומוס יום יום 125 גר,גרמים,125.00,100 גרם,false,1,4.90,3.92,true,1,
7290005174568,false,אחלה סלט חצילים יום 125 ג',"שטראוס גרופ בע""מ",IL,חצילים במיונז 125 גר,גרמים,125.00,100 גרם,false,1,4.90,3.92,true,1,
7290005174575,false,טחינה אחלה יום יום משובחת 125ג',מיוצר עי קונדיטוריית,IL,טחינה יום יום 125 גר,גרמים,125.00,100 גרם,false,1,4.90,3.92,true,1,
7290005175589,false,וילי פוד קמח תירס ללא גלוטן 1קג,ריבארה,AR,"קמח תירס תירס 1 ק""ג",גרמים,1000.00,100 גרם,false,1,9.90,0.99,true,1,
7290005197758,false,עוגיות חיוכים שוקו שוקו 150ג',אפיפית נצרת תעשיות ב,IL,חיוכים שוקו 150 גרם,גרמים,150.00,100 גרם,false,1,6.50,4.33,true,1,
7290005199288,false,גומי מאסט בטעם פטל לימון 28 ג' עלית,"שטראוס גרופ בע""מ",IL,מסטיק מאסט פטל לימון,Unknown,0.00,Unknown,false,1,4.50,4.50,true,1,
7290005200786,false,תפוצ'יפס שמנת ובצל 50 גרם,"שטראוס פריטו ליי בע""",IL,תפוציפס שמנת ובצל 50,גרמים,50.00,100 גרם,false,1,3.90,7.80,true,1,
7290005201882,false,קפה טורקי עלית 200 גרם,הנסיך- מפעל לייצור ט,IL,קפה טורקי עלית 200 ג,גרמים,200.00,100 גרם,false,1,15.90,7.95,true,1,
7290005278013,false,תפוזים סחוט טרי 500 מל,,,תפוזים סחוט טרי 500,מיליליטרים,500.00,"100 מ""ל",false,1,9.90,1.98,true,1,
7290005278020,false,לימונדה סחוט טרי 500,,,לימונדה סחוט טרי 500,מיליליטרים,500.00,"100 מ""ל",false,1,9.90,1.98,true,1,
7290005278075,false,פירות יער סחוט טרי 5,,,פירות יער סחוט טרי 5,מיליליטרים,500.00,"100 מ""ל",false,1,9.90,1.98,true,1,
7290005278082,false,אננס סחוט טרי 500 מל,,,אננס סחוט טרי 500 מל,מיליליטרים,500.00,"100 מ""ל",false,1,9.90,1.98,true,1,
7290005278112,false,קיווי אגס תפוח סחוט,,,קיווי אגס תפוח סחוט,מיליליטרים,500.00,"100 מ""ל",false,1,9.90,1.98,true,1,
7290005278143,false,תמר בננה סחוט טרי 50,,,תמר בננה סחוט טרי 50,מיליליטרים,500.00,"100 מ""ל",false,1,9.90,1.98,true,1,
7290005278150,false,סחוט טרי גוייאבה 500 מל,,,סחוט טרי גוייאבה 500,מיליליטרים,500.00,"100 מ""ל",false,1,9.90,1.98,true,1,
7290005278174,false,לימונענע סחוט טרי 50,,,לימונענע סחוט טרי 50,מיליליטרים,500.00,"100 מ""ל",false,1,9.90,1.98,true,1,
7290005278242,false,סחוט טרי תות בננה 1 ליטר,,,לימונדה אננס גינגר,גרמים,500.00,100 גרם,false,1,9.90,1.98,true,1,
7290005278464,false,פסיפלורה בננה תפוז ס,,,פסיפלורה בננה תפוז ס,מיליליטרים,500.00,"100 מ""ל",false,1,9.90,1.98,true,1,
7290005287206,false,טונה סטארקיסט בשמן רביעיות 4*160 גר,"סטארקיסט פודור בע""מ",IL,טונה סטארקיסט בשמן ר,גרמים,640.00,100 גרם,false,1,23.90,3.73,true,1,
7290005287251,false,טונה סטארקיסט במים רביעיות 4*160 גר,"סטארקיסט פודור בע""מ",IL,טונה סטארקיסט במים ר,גרמים,640.00,100 גרם,false,1,23.90,3.73,true,1,
7290005287510,false,טונה בשמן עם בפלפל חריף 160 ג' סטארקיסט,תאי יוניון גרופ,TH,טונה בשמן עם פלפל חר,גרמים,160.00,100 גרם,false,1,8.90,5.56,true,1,
7290005287527,false,טונה סטארקיסט בשמן עם לימון 160 גר,תאי יוניון גרופ,TH,טונה בשמן עם לימון 1,גרמים,160.00,100 גרם,false,1,8.90,5.56,true,1,
7290005287534,false,טונה בשמן עישון טבעי 160 ג' סטארקיסט,תאי יוניון גרופ,TH,טונה בשמן עישון טבעי,גרמים,160.00,100 גרם,false,1,8.90,5.56,true,1,
7290005326387,false,עגבניות מיובשות בשמן זית אוליבייה 270ג',אוליביה,IL,עגבניות מיובשות,גרמים,270.00,100 גרם,false,1,19.80,7.33,true,1,
7290005326585,false,ממרח אוליביה פסטו בזיליקום 180 ג',"אוליביה גורמה בע""מ",IL,פסטו בזיליקום אוליבי,גרמים,180.00,100 גרם,false,1,15.60,8.67,true,1,
7290005358241,false,לשון בקר קפוא,,,לשון בקר קפואה,Unknown,0.00,"ק""ג",true,0,35.90,35.90,true,1,
7290005384851,false,וילי פוד מיץ לימון בדץ 200מל,יורופוד,IT,מיץ לימון 200 מ`ל,מיליליטרים,200.00,"100 מ""ל",false,1,4.90,2.45,true,1,
7290005424991,false,"פרש אוטומטיק בניחוח בייבי פאודר 250 מ""ל סנו",סנו פרש Fresh,IL,מילוי סנו פרש אוטומט,מיליליטרים,200.00,"100 מ""ל",false,1,14.90,7.45,true,1,
7290005425912,false,אוקסיג'ן ג'ל מסיר כתמים 4 ל' סנו,סנו,IL,סנו אוקסיגן מסיר כתמ,ליטרים,0.00,ליטר,false,1,35.90,35.90,true,1,
7290005426940,false,"סנו K-300 פלוס 8 400 מ""ל",טרופיקל דגיל תעשיות,IL,K-300 פלוס 8,מיליליטרים,400.00,"100 מ""ל",false,1,23.90,5.98,true,1,
7290005426964,false,סנובון כחול בריח אפרסק 3 יח' * 55 ג',סנו,IL,סנובון כחול שלישייה,Unknown,0.00,Unknown,false,1,16.90,16.90,true,1,
7290005426971,false,סנובון כחול בריח תפוח 3 יח' * 55 ג',סנו,IL,סנובון כחול שלישייה,Unknown,0.00,Unknown,false,1,16.90,16.90,true,1,
7290005430602,false,סנו אוקסיגן מסיר כתמים קשים מרסס 750 מל,"סנו מפעלי ברונוס בע""",IL,סנו אוקסיגן מסיר כתמ,מיליליטרים,750.00,"100 מ""ל",false,1,14.90,1.99,true,1,
7290005431159,false,תותים בקצפת לייט 80 ג' עדן,עדן קינוחים,IL,תותים בקצפת לייט 80,גרמים,80.00,100 גרם,false,1,6.90,8.63,true,1,
7290005431906,false,עדן קדאיף 82 גרם,עדן קינוחים Eden,IL,קדאיף 82 גר,גרמים,82.00,100 גרם,false,1,7.40,9.02,true,1,
7290005431913,false,עוגת גבינה פירורים 92 גרם.,עדן קינוחים Eden,IL,עוגת גבינה פירורים,גרמים,92.00,100 גרם,false,1,6.90,7.50,true,1,
7290005431920,false,עוגת גבינה פירורים ללא תוספת סוכר,עדן קינוחים Eden,IL,עוגת גבינה פירורים,גרמים,78.00,100 גרם,false,1,6.90,8.85,true,1,
7290005431937,false,עוגת טירימיסו 82 גרם,עדן קינוחים Eden,IL,טירמיסו 82 גר,גרמים,82.00,100 גרם,false,1,7.40,9.02,true,1,
7290005431968,false,מלבי שמנת עדן קינוחי,עדן קינוחים Eden,IL,מלבי שמנת 150 גרם,גרמים,150.00,100 גרם,false,1,6.90,4.60,true,1,
7290005555100,false,פיקדון רביעייה,,,פיקדון רביעייה,Unknown,0.00,Unknown,false,1,1.20,1.20,true,1,
7290005555101,false,פיקדון שישייה,,,פיקדון שישייה,Unknown,0.00,Unknown,false,1,1.80,1.80,true,1,
7290005555127,false,פיקדון 30 אג,,,פיקדון 30 אג,Unknown,0.00,Unknown,false,1,0.30,0.30,true,1,
7290005555333,false,פיקדון חמישייה,,,פיקדון חמישייה,Unknown,0.00,Unknown,false,1,1.50,1.50,true,1,
7290005555777,false,"פיקדון חוזר 1.2 ש""ח בק 500 מ""ל",,,"פיקדון חוזר 1.2 ש""ח",Unknown,0.00,Unknown,false,1,1.20,1.20,true,1,
7290005559587,false,מאפה נקניקיה בבצק מעדנות 800ג',מיוצר עי קונדיטוריית,IL,מאפה נקניקיה 800גר מ,גרמים,800.00,100 גרם,false,1,32.90,4.11,true,1,
7290005559709,false,בורקס פיצה מעדנות 700 ג',"מעדנות בע""מ",IL,בורקס פיצה 700 גר,גרמים,700.00,100 גרם,false,1,28.90,4.13,true,1,
7290005559907,false,פיצה משפחתית גבינה מעדנות 500 גר,מיוצר עי קונדיטוריית,IL,פיצה משפחתית גבינה,גרמים,500.00,100 גרם,false,1,23.90,4.78,true,1,
7290005559914,false,פיצה משפחתית זיתים מעדנות 550 גר,מיוצר עי קונדיטוריית,IL,פיצה משפחתית זיתים מ,גרמים,550.00,100 גרם,false,1,21.90,3.98,true,1,
7290005559990,false,בצק פילאס תורכי מעדנות 600 גרם,מיוצר עי קונדיטוריית,IL,בצק פילאס תורכי מעדנ,גרמים,600.00,100 גרם,false,1,22.90,3.82,true,1,
7290005571022,false,צלי כתף טרי,,,צלי כתף טרי,Unknown,0.00,"ק""ג",true,0,89.90,89.90,true,1,
7290005571046,false,כתף בקר מרכזי טרי,,,כתף בקר מרכזי טרי,Unknown,0.00,"ק""ג",true,0,69.90,69.90,true,1,
7290005571060,false,אוסובוקו בקר טרי,,,אוסובוקו בקר טרי,Unknown,0.00,"ק""ג",true,0,39.90,39.90,true,1,
7290005571176,false,ויסבארטן טרי,,,ויסבארטן טרי,Unknown,0.00,"ק""ג",true,0,54.90,54.90,true,1,
7290005571183,false,שייטל בקר שלם,,,שייטל שלם,Unknown,0.00,"ק""ג",true,0,79.90,79.90,true,1,
7290005571213,false,שפיץ צך בקר,,,פיקנייה עגל טרי,Unknown,0.00,"ק""ג",true,0,94.90,94.90,true,1,
7290005571343,false,כבד עגל טרי,,,כבד עגל טרי,Unknown,0.00,"ק""ג",true,0,17.90,17.90,true,1,
7290005571596,false,סינטה פילה עגלה קוד קניה,,,סינטה עגל טרי,Unknown,0.00,"ק""ג",true,0,99.90,99.90,true,1,
7290005591761,false,דבש טהור מפרחי בר בלחיץ 400 ג' יד מרדכי,מכוורת יד מרדכי שטרא,IL,דבש טהור לחיץ פרחי ב,גרמים,400.00,100 גרם,false,1,19.90,4.98,true,1,
7290005610127,false,תפוח אדמה לבן דוד משה,אראל תוצרת חקלאית בע,IL,תפוח אדמה לבן דוד מש,Unknown,0.00,"ק""ג",true,0,7.90,7.90,true,1,
7290005610509,false,צנוניות ארוזות דוד מ,חקלאי,IL,צנונית,Unknown,0.00,Unknown,false,1,4.90,4.90,true,1,
7290005651366,false,בונזו בקר וכבד 3 קג,united pet food,FR,בונזו כבד 3 קג,קילוגרמים,0.00,"ק""ג",false,1,49.90,49.90,true,1,
7290005651427,false,שלישיות מעדני בונזו לכלבים 400X3 גרם,FIDELE SAS,FR,בונזו מולטיפק 3*400,גרמים,400.00,100 גרם,false,1,17.90,4.48,true,1,
7290005672071,false,כפפת סיליקון עד 270 מעלות,,,כפפת סיליקון עד 270,קילוגרמים,0.00,"ק""ג",false,1,50.00,50.00,true,1,
7290005672170,false,משטח חיתוך במבוק קטן,,,משטח חיתוך במבוק קטן,קילוגרמים,0.00,"ק""ג",false,1,49.90,49.90,true,1,
7290005678585,false,סקרלוטה ללא חרצנים,,,סקרלוטה ללא חרצנים,Unknown,0.00,"ק""ג",true,0,22.90,22.90,true,1,
7290005697333,false,קממבר עיזים מנות שקיל גלילי,גלילי,,קממבר עיזים מנות שקי,Unknown,0.00,"ק""ג",true,0,193.00,193.00,true,1,
7290005697630,false,"יוגורט עיזים ביו תאנים 500 מ""ל",גלילי,,יוגורט עיזים ביו תאנ,מיליליטרים,500.00,"100 מ""ל",false,1,18.80,3.76,true,1,
7290005697708,false,יוגורט עיזים טבעי מחלבת גלילי 1 ליטר,,,יוגורט עיזים טבעי מח,מיליליטרים,1000.00,"100 מ""ל",false,1,17.90,1.79,true,1,
7290005786006,false,קרפלך חוטר 1 קילו,,,קרפלך חוטר 1 קילו,גרמים,1000.00,100 גרם,false,1,43.90,4.39,true,1,
7290005786068,false,בלינצס גבינה 600 גרם,,IL,בלינצס גבינה מתוקה,גרמים,600.00,100 גרם,false,1,29.90,4.98,true,1,
7290005786075,false,"קרפלך סאן סאניץ 1 ק""ג",,IL,קרפלך סאן סניץ 1.200,גרמים,1000.00,100 גרם,false,1,40.90,4.09,true,1,
7290005786082,false,"קרפלך אליטה הודו 1 ק""ג",,,קרפלך אליטה הודו 1 ק,גרמים,1000.00,100 גרם,false,1,49.90,4.99,true,1,
7290005786099,false,"קרפלך עגל 1 ק""ג",,,"קרפלך עגל 1 ק""ג",גרמים,1000.00,100 גרם,false,1,40.90,4.09,true,1,
7290005786129,false,בלינצס בשר 600 גרם,,IL,בלינצס בשר 600 גרם,גרמים,600.00,100 גרם,false,1,31.50,5.25,true,1,
7290005786730,false,קרפלך 3 חזרזירים 1 קילו,,,קרפלך 3 חזרזירים 1 ק,גרמים,1000.00,100 גרם,false,1,43.90,4.39,true,1,
7290005811128,false,בייגלה מקמח כוסמין עם שומשום 300 גרם,"אם החיטה בע""מ",IL,בייגלה מקמח כוסמין ע,גרמים,300.00,100 גרם,false,1,15.90,5.30,true,1,
7290005838002,false,מעדן גבינה ויוגורט בטעם וניל 88 ג' דניאלה,"שטראוס בריאות בע""מ",IL,דניאלה וניל 100 גרם,גרמים,88.00,100 גרם,false,1,3.90,4.43,true,1,
7290005838613,false,שטראוס גבינת וניל 3% 125ג,"שטראוס בריאות בע""מ",IL,סקי וניל 125 גרם,גרמים,125.00,100 גרם,false,1,3.70,2.96,true,1,
7290005838972,false,גבינת יום יום 5% שטראוס 125ג',מיוצר עי קונדיטוריית,IL,גבינת סקי יום יום 5%,גרמים,125.00,100 גרם,false,1,2.49,1.99,true,1,
7290005839078,false,"דנונה יוגורט ביו 3% לבן מארז 150X8מ""ל",מיוצר עי קונדיטוריית,IL,מולטיפק יוגורט דנונה,ליטרים,0.00,ליטר,false,1,16.50,16.50,true,1,
7290005839108,false,גבינה לבנה סימפוניה עם תוספות 200 ג'+זיתים 5%,"שטראוס בריאות בע""מ",IL,סימפוניה 5% עם זיתים,גרמים,200.00,100 גרם,false,1,11.00,5.50,true,1,
7290005839313,false,"מילקי טופ שוקולד מגולגל 170 מ""ל",מיוצר עי קונדיטוריית,IL,מילקי טופ מגולגלת 13,גרמים,130.00,100 גרם,false,1,4.70,3.62,true,1,
7290005870484,false,"שמפו רימונים לשיער צבוע 750 מ""ל",שוורץ,IL,שמפו רימונים לשיער צ,מיליליטרים,750.00,"100 מ""ל",false,1,10.90,1.45,true,1,
7290005870514,false,"תחליב רחצה רימונים 750 מ""ל",ש.שוורץ,,תחליב רחצה רימונים 7,מיליליטרים,750.00,"100 מ""ל",false,1,10.90,1.45,true,1,
7290005896415,false,"בירה איגל לאגר פרימיום 5% 500 מ""ל פחית","טמפו משקאות בע""מ",IL,בירה איגל לאגר פרימי,מיליליטרים,500.00,"100 מ""ל",false,1,6.90,1.38,true,1,
7290005896460,false,"בירה איגל לאגר חזקה 7.8% 500 מ""ל פחית",טמפו,IL,בירה איגל חזקה 7.8%,מיליליטרים,500.00,"100 מ""ל",false,1,6.90,1.38,true,1,
7290005896620,false,מים מוגז ' סאן בנדטו ' יחידה,אקווה מינרלה סאן בנד,IT,מים סאן בנדטו 1.5 ל,ליטרים,0.00,ליטר,false,1,3.50,3.50,true,1,
7290005896637,false,מים סן בנדטו בודד 1.5 ליטר-,אקווה מינרלה סאן בנד,IT,מים סאן בנדיטו 1.5 ל,ליטרים,0.00,ליטר,false,1,4.20,4.20,true,1,
7290005966347,false,יין גמלא סובניון בלנק 750 מל,יושלם,,יין גמלא סובניון בלנ,Unknown,0.00,Unknown,false,1,62.90,62.90,true,1,
7290005966422,false,יין ירדן שרדונה 2020 750 מל,יושלם,,יין ירדן שרדונה 2020,Unknown,0.00,Unknown,false,1,74.90,74.90,true,1,
7290005992018,false,יוגורט עיזים 3% שומן 500 ג' גד,"מיוצר ע""י קוד יצרן M",IL,יוגורט עיזים 500 מל,גרמים,500.00,100 גרם,false,1,13.10,2.62,true,1,
7290005992735,false,לאבנה טבעית 5% 250 גר' - רבנות,הנסיך- מפעל לייצור ט,IL,גבינה לבנה טבעית 250,גרמים,250.00,100 גרם,false,1,13.50,5.40,true,1,
7290006189028,false,מיני פריזר עגל 480 גרם,,IL,מיני פריזר עגל 480 ג,גרמים,480.00,100 גרם,false,1,21.90,4.56,true,1,
7290006189358,false,סטייק אנטריקוט מוצר בשר מעובד מופשר,,,אנטריקוט מעובד מופשר,Unknown,0.00,"ק""ג",true,0,99.90,99.90,true,1,
7290006190765,false,גבינת גרוייר רזרב שוויצרי במשקל,,,גבינת גרוייר רזרב,Unknown,0.00,"ק""ג",true,0,209.00,209.00,true,1,
7290006193964,false,עוגת קצפת 550 גר,,,עוגת קצפת,גרמים,550.00,100 גרם,false,1,37.50,6.82,true,1,
7290006193995,false,קייבסקי טורט ברלה,,,קייבסקי טורט ברלה,גרמים,600.00,100 גרם,false,1,53.50,8.92,true,1,
7290006194015,false,גבינת גורגונזולה פיקנטית במשקל,,,גבינת גורגונזולה פיק,Unknown,0.00,"ק""ג",true,0,191.00,191.00,true,1,
7290006194022,false,גורגונזולה דולצה איטלקי במשקל,,,גורגונזולה דולצה,Unknown,0.00,"ק""ג",true,0,191.00,191.00,true,1,
7290006199942,false,מאגדת גלידל פרי דובדבן 8 יח,הגלידות של פלדמן,IL,מאגדת גלידל פרי,גרמים,640.00,100 גרם,false,1,26.50,4.14,true,1,
7290006229427,false,שישיית מים מינרלים סאן בנדטו 500 מל,טמפו 7.5%,,שישיית מים מינרלים ס,ליטרים,0.02,ליטר,false,1,12.90,645.00,true,1,
7290006229588,false,בירה איגל לאגר פרימיום חזקה 6.3% 500 מל,"טמפו משקאות בע""מ",IL,בירה איגל לאגר פרימי,מיליליטרים,500.00,"100 מ""ל",false,1,6.90,1.38,true,1,
7290006251275,false,תה ירוק סיני 25 שקיקים של 1.5 ג,HIQ FOOD PRODUCTS,IL,תה ירוק סיני 25 שקיק,Unknown,0.00,Unknown,false,1,24.90,24.90,true,1,
7290006251282,false,ניפלאות הקרנברי 25 שקיקים גן קסום,HIQ FOOD PRODUCTS,IL,ניפלאות הקרנברי 25 ש,Unknown,0.00,Unknown,false,1,18.90,18.90,true,1,
7290006251374,false,תה ירוק לימונית וגינגר 25 שקיקים ויסוצקי,ויסוצקי,IL,תה ירוק לימונית וגינ,Unknown,0.00,Unknown,false,1,24.90,24.90,true,1,
7290006251589,false,תה ירוק עם עלי נענע 50 שקיקים ויסוצקי,בית ויסוצקי,IL,תה ירוק נענע באריזה,Unknown,0.00,Unknown,false,1,42.90,42.90,true,1,
7290006265500,false,פטריות שמפיניון ארוז מרינה,"מרינה פטריות הגליל בע""מ",IL,פטריות שמפיניון ארוז,Unknown,0.00,Unknown,false,1,10.90,10.90,true,1,
7290006265760,false,רוזמרין/תימין/אורגנו/טרגון/בזיליקום/רוגו,,,רוזמרין/תימין/אורגנו,Unknown,0.00,Unknown,false,1,5.99,5.99,true,1,
7290006271174,false,מעדנות גחנון לאפייה בתנור 700גר,מיוצר עי קונדיטוריית,IL,גחנון בצק מעדנות,גרמים,700.00,100 גרם,false,1,18.80,2.69,true,1,
7290006271181,false,מעדנות גחנון אפוי 750 גרם,מיוצר עי קונדיטוריית,IL,גחנון אפוי 750 גר,גרמים,750.00,100 גרם,false,1,23.90,3.19,true,1,
7290006271648,false,"מיני בורקס תפו""א מוזל מעדנות","מעדנות בע""מ",IL,"מיני בורקס תפו""א 800",גרמים,650.00,100 גרם,false,1,23.90,3.68,true,1,
7290006271655,false,מיני בורקס גבינה מוזל מעדנות,מיוצר עי קונדיטוריית,IL,מיני בורקס גבינה,גרמים,800.00,100 גרם,false,1,24.90,3.11,true,1,
7290006272072,false,חטיפי פיצה בשקית מעדנות 650ג',"מעדנות בע""מ",IL,חטיפי פיצה גבינה,גרמים,650.00,100 גרם,false,1,29.90,4.60,true,1,
7290006296221,false,שמן דם המכבים 20 מל -עשבי קדם,,,שמן דם המכבים 20 מל,Unknown,0.00,Unknown,false,1,149.90,149.90,true,1,
7290006296658,false,ברכן 50 מ`ל- עשבי קדם,,,ברכן 50 מ`ל- עשבי קד,Unknown,0.00,Unknown,false,1,124.90,124.90,true,1,
7290006306159,false,פסטנונה-לזניה 4 גבינות 500גר,פסטה נונה Pasta Nonn,IL,פסטנונה לזניה 4 גבינ,גרמים,500.00,100 גרם,false,1,39.90,7.98,true,1,
7290006306180,false,פסטה נונה קנלוני גבינת עיזים 500 גר,פסטה נונה Pasta Nonn,IL,קנלוני גבינת עיזים 5,גרמים,500.00,100 גרם,false,1,39.90,7.98,true,1,
7290006306296,false,רביולי נונה במילוי גבינה לילדים 400 גרם,פסטנונה רמת דלטון מר,IL,רביולי גבינה לילדים,גרמים,400.00,100 גרם,false,1,22.90,5.73,true,1,
7290006306302,false,רביולי במילוי גבינות פרמזן ריקוטה 400 ג' פסטה נונה,דורום תעשיות מזון ופ,IL,רביולי גבינה ופרמזן,גרמים,400.00,100 גרם,false,1,22.90,5.73,true,1,
7290006306319,false,רביולי במילוי בטטה 400 ג' פסטה נונה,דורום תעשיות מזון ופ,IL,רביולי בטטה 400 גר,גרמים,400.00,100 גרם,false,1,22.90,5.73,true,1,
7290006306326,false,רביולי במילוי פטריות וגבינת פרמזן פסטה נונה 400 ג',דורום תעשיות מזון ופ,IL,רביולי פטריות 400 גר,גרמים,400.00,100 גרם,false,1,23.90,5.98,true,1,
7290006306357,false,רביולי במילוי גבינת עיזים 400 ג' פסטה נונה,דורום תעשיות מזון ופ,IL,רביולי גבינת עיזים 4,גרמים,400.00,100 גרם,false,1,25.10,6.28,true,1,
7290006322104,false,לחם ריחיים קל פרוס 500 ג',מאפיית דוידוביץ ובני,IL,לחם ריחיים קל פרוס,גרמים,500.00,100 גרם,false,1,13.90,2.78,true,1,
7290006322838,false,לחם 100% קמח מלא 750 גרם,מאפיית דוידוביץ ובני,IL,לחם 100% קמח מלא 750,גרמים,750.00,100 גרם,false,1,14.90,1.99,true,1,
7290006327529,false,פטריות אסרטי 300 גר,,,פטריות אסרטי 300 גר,גרמים,300.00,100 גרם,false,1,20.80,6.93,true,1,
7290006337016,false,בלינצס בשר 800 גרם,,,בלינצס בשר 800 גרם,גרמים,800.00,100 גרם,false,1,36.90,4.61,true,1,
7290006337023,false,בלינצס גבינה 800 גרם,,,בלינצס גבינה 800 גרם,גרמים,800.00,100 גרם,false,1,36.90,4.61,true,1,
7290006337092,false,פלמני מגשים יאמי יאמי 800 גרם,,,פלמני מגשים יאמי יאמ,גרמים,800.00,100 גרם,false,1,32.90,4.11,true,1,
7290006337115,false,פירושקי בשר/ כרוב מטוגן/ תפוא 600 גרם,,,פירושקי בשר 600 גרם,גרמים,600.00,100 גרם,false,1,36.90,6.15,true,1,
7290006337214,false,צבוצקי 600 גר,,,צבוצקי 600 גר,גרמים,600.00,100 גרם,false,1,32.90,5.48,true,1,
7290006337313,false,"פירמניה 1 ק""ג",,IL,פירמניה קרפלך בשר,גרמים,1000.00,100 גרם,false,1,29.50,2.95,true,1,
7290006337443,false,"פלמני כבש 1.3 ק""ג",,,"פלמני כבש 1.3 ק""ג",קילוגרמים,0.00,"ק""ג",false,1,38.90,38.90,true,1,
7290006337450,false,"פלמני לבן 1.3 ק""ג",,,"פלמני לבן 1.3 ק""ג",קילוגרמים,0.00,"ק""ג",false,1,38.90,38.90,true,1,
7290006337467,false,"פלמני דומשניה 1.3 ק""ג",,,"פלמני דומשניה 1.3 ק""",קילוגרמים,0.00,"ק""ג",false,1,38.90,38.90,true,1,
7290006337474,false,"פלמני עגל 1.3 ק""ג",,,"פלמני עגל 1.3 ק""ג",קילוגרמים,0.00,"ק""ג",false,1,38.00,38.00,true,1,
7290006337504,false,פלמני משפחתי 1300 גרם,"מפעלי אירנה לבצק ממולא בע""מ",IL,"פלמני משפחתי 1.3 ק""ג",קילוגרמים,0.00,"ק""ג",false,1,38.90,38.90,true,1,
7290006337535,false,חינקלאני 600 גרם,,,חינקלאני 600 גרם,גרמים,600.00,100 גרם,false,1,32.90,5.48,true,1,
7290006337993,false,פלמני אליטניי 1.3 קג,,,פלמני אליטניי 1.3 קג,קילוגרמים,0.00,"ק""ג",false,1,45.90,45.90,true,1,
7290006342072,false,גרעין לבן 200 גרם ששון הקולה,"דין שיווק וקלייה בע""",IL,גרעין לבן 200 גרם,גרמים,200.00,100 גרם,false,1,9.40,4.70,true,1,
7290006342515,false,מנצס 200 גרם ששון הקולה,יושלם,,מנצס 200 גרם ששון הק,גרמים,200.00,100 גרם,false,1,6.50,3.25,true,1,
7290006355065,false,קשקבליו איטלקי במשקל,,,קשקבליו איטלקי במשקל,Unknown,0.00,"ק""ג",true,0,199.00,199.00,true,1,
7290006374615,false,מזון מלכות מרוכז במיוחד 5.8% 340גר,שטראוס,IL,דבש מזון מלכות 340 ג,גרמים,340.00,100 גרם,false,1,51.90,15.26,true,1,
7290006374653,false,דבש לייט מופחת קלוריות יד מרדכי 350 ג',שטראוס גרופ,IL,דבש לייט 350 גר,גרמים,350.00,100 גרם,false,1,31.80,9.09,true,1,
7290006374738,false,קונפיטורת יד מרדכי תות 340 גרם,אף.סי תבליני בגליל ב,IL,קונפיטורת יד מרדכי ת,גרמים,340.00,100 גרם,false,1,13.50,3.97,true,1,
7290006401366,false,לגיניה פרוטקטיב סבון אינטימי,WHITEHALL ITALIA,IT,לגיניה פרוטקטיב סבון,מיליליטרים,200.00,"100 מ""ל",false,1,46.50,23.25,true,1,
7290006401373,false,לגיניה אקטיב סבון אינטימי,WHITEHALL ITALIA,IT,לגיניה אקטיב סבון אי,מיליליטרים,250.00,"100 מ""ל",false,1,46.50,18.60,true,1,
7290006437563,false,אלטמן - אבץ פיקולינט טבליות 100 יח',אלטמן,,אבץ פיקולינט (100) כ,Unknown,0.00,Unknown,false,1,58.90,58.90,true,1,
7290006449047,false,רוזמרין,,,רוזמרין,Unknown,0.00,Unknown,false,1,3.90,3.90,true,1,
7290006459497,false,פחם דרום אפריקאי 2 ק,יושלם,ZA,פחם גריל 2 גק,Unknown,0.00,Unknown,false,1,29.90,29.90,true,1,
7290006459510,false,נרות חנוכה רגיל 44 יח,,CN,נרות חנוכה רגיל 44 י,Unknown,0.00,Unknown,false,1,3.50,3.50,true,1,
7290006459527,false,נרות חנוכה לוקס לא נוטפים 45 יח,,CN,נרות חנוכה לוקס לא נ,Unknown,0.00,Unknown,false,1,6.90,6.90,true,1,
7290006464630,false,כף טרי,,,כף טרי,Unknown,0.00,"ק""ג",true,0,54.90,54.90,true,1,
7290006492432,false,גבינת מוצרלה בייבי 18% 300 ג' גד,מחלבות גד בעמ,IL,מוצרלה בייבי 150 גרם,גרמים,170.00,100 גרם,false,1,14.90,8.76,true,1,
7290006492616,false,גבינה בולגרית פרוסות 5% 250 ג' גד,DSH עבור מחלבות גד ב,IL,בולגרית בפרוסות 5% 2,גרמים,250.00,100 גרם,false,1,25.90,10.36,true,1,
7290006492630,false,גליל גד עז 22% 180 גרם - רבנות,מחלבות גד בעמ,IL,גליל גבינת עיזים 180,גרמים,180.00,100 גרם,false,1,24.50,13.61,true,1,
7290006492647,false,גד מטבעות גבינת עיזים 22% 150 ג',"מיוצר ע""י קוד יצרן t",IL,מטבעות גבינת עיזים 1,גרמים,150.00,100 גרם,false,1,27.50,18.33,true,1,
7290006492685,false,לאבנה עיזים 5% 250 גרם - רובין,מחלבות גד בעמ,IL,לבנה עיזים 3% 250 גר,גרמים,250.00,100 גרם,false,1,18.80,7.52,true,1,
7290006492852,false,גבינת עיזים למריחה 5% שומן 250 ג' גד,מחלבות גד,IL,גבינה לבנה עיזים 250,גרמים,250.00,100 גרם,false,1,17.80,7.12,true,1,
7290006492913,false,ציזיקי לבנה למריחה בתוספת שום שמיר,מחלבות גד בעמ,IL,לבנה ציזיקי 250 גרם,גרמים,250.00,100 גרם,false,1,14.30,5.72,true,1,
7290006496294,false,רכז רימונים 350 גרם,,IL,רכז רימונים 350 גרם,גרמים,350.00,100 גרם,false,1,13.90,3.97,true,1,
7290006515926,false,"מארז אפרול 700 + פרו שפריץ 750 מ""ל",IBBLS,IT,מארז אפרול 700 + פרו,מיליליטרים,1450.00,"100 מ""ל",false,1,90.20,6.22,true,1,
7290006520500,false,שוקיים עוף טרי,,,שוקיים עוף טרי,Unknown,0.00,"ק""ג",true,0,27.90,27.90,true,1,
7290006541925,false,ממרח עגבניות מיובשות ולימון כבוש 180 גר,,,ממרח עגבניות מיובשות,גרמים,180.00,100 גרם,false,1,20.90,11.61,true,1,
7290006546012,false,שעועית בנוסח מקסיקני בטעם חריף 580 ג' פרי הגליל,"פרי הגליל בע""""מ",IL,צילי בנוסח מקסיקני 2,גרמים,400.00,100 גרם,false,1,7.30,1.83,true,1,
7290006559029,false,כדורי מוצרלה בופלו במשקל,,,כדורי מוצרלה בופלו,Unknown,0.00,"ק""ג",true,0,146.00,146.00,true,1,
7290006567048,false,קוסקוס ישראלי מפתול אסם 350ג',"מיוצר ע""י קוד יצרן K",IL,פתיתי קוסקוס ישראלי,גרמים,350.00,100 גרם,false,1,8.30,2.37,true,1,
7290006582355,false,סילאן שקדיה 900 גרם,טעמי הגליל,IL,סילאן 900 גרם שקדיה,גרמים,900.00,100 גרם,false,1,15.90,1.77,true,1,
7290006582539,false,חמוציות 250 גרם ששון הקולה,דין שיווק,IL,חמוציות 250 גרם ששון,גרמים,250.00,100 גרם,false,1,11.90,4.76,true,1,
7290006618085,false,"אסטוניש - מרסס לחדר האמבט עם אקונומיקה 750 מ""ל",אסטוניש Astonish,GB,אסטוניש מרסס לאמבט 7,מיליליטרים,750.00,"100 מ""ל",false,1,18.90,2.52,true,1,
7290006636751,false,"יין אמפורה בלאן דה נואר 750 מ""ל",,IL,יין אמפורה בלאן דה נ,Unknown,0.00,Unknown,false,1,87.90,87.90,true,1,
7290006652027,false,מארז במבה יום הולדת 15X20 גרם,מיוצר עי קונדיטוריית,IL,במבה מולטי פק 15 יחי,גרמים,300.00,100 גרם,false,1,23.90,7.97,true,1,
7290006653765,false,פסטה פרפקטו פטוציני 500ג' אסם,פסטה זארה,IL,פטוציני פרפקטו 500 ג,גרמים,500.00,100 גרם,false,1,7.90,1.58,true,1,
7290006653819,false,פתיתי קוסקוס דק 350 גרם,"מיוצר ע""י קוד יצרן K",IL,פתיתי קוסקוס דק 350,גרמים,350.00,100 גרם,false,1,8.30,2.37,true,1,
7290006664037,false,גמדים דגנים ארוחת בוקר מארז 100X4ג',"שטראוס בריאות בע""מ",IL,גמדים ארוחת בוקר,גרמים,200.00,100 גרם,false,1,11.70,5.85,true,1,
7290006664051,false,"אקטימל לבן מארז 100X14 מ""ל",מיוצר עי קונדיטוריית,IL,מארז 14 יח אקטימל טב,ליטרים,0.00,ליטר,false,1,28.90,28.90,true,1,
7290006664310,false,גבינה לבנה 3% שומן 250 ג' שטראוס,מיוצר עי קונדיטוריית,IL,סקי 3% 250 גרם,גרמים,250.00,100 גרם,false,1,4.98,1.99,true,1,
7290006664402,false,גבינה 5% שומן 750 ג' שטראוס,מיוצר עי קונדיטוריית,IL,סקי 5% 750 גרם,גרמים,750.00,100 גרם,false,1,14.94,1.99,true,1,
7290006664532,false,יוגורט עם תות 3% שומן 150 ג' דנונה,מיוצר עי קונדיטוריית,IL,דנונה תות 3% 150 גר,גרמים,180.00,100 גרם,false,1,4.30,2.39,true,1,
7290006664655,false,"אקטימל לבן טבעי מארז 100X8 מ""ל",מיוצר עי קונדיטוריית,IL,אקטימל טבעי שמינייה,מיליליטרים,800.00,"100 מ""ל",false,1,20.50,2.56,true,1,
7290006664693,false,יוגורט עם אפרסק 3% שומן 150 ג' דנונה,מיוצר עי קונדיטוריית,IL,דנונה אפרסק 3% 150 ג,גרמים,180.00,100 גרם,false,1,4.30,2.39,true,1,
7290006664990,false,דנונה ביו מארז חיסכון 1.5% 8 יח' *150 ג',מיוצר עי קונדיטוריית,IL,מארז ביו 1.7% 2+6 15,ליטרים,0.00,ליטר,false,1,15.90,15.90,true,1,
7290006677327,false,תה טיבטי פורטה 225 גרם,,,תה טיבטי פורטה 225 ג,גרמים,225.00,100 גרם,false,1,52.90,23.51,true,1,
7290006678812,false,סרדין מרוקאי 125 ג בשמן צמחי,,,סרדין מרוקאי 125 ג ב,גרמים,100.00,100 גרם,false,1,5.90,5.90,true,1,
7290006681003,false,גלידה תות לימון סורבה 1.33 ל' קרמיסימו,"גלידת שטראוס בע""מ, ר",IL,גלידה קרמיסימו סרבט,ליטרים,0.00,ליטר,false,1,21.90,21.90,true,1,
7290006681553,false,מארז קרמבו וניל שטראוס 8 יח',"גלידת שטראוס בע""מ",IL,שטראוס קרמבו וניל 8,Unknown,0.00,Unknown,false,1,16.90,16.90,true,1,
7290006681560,false,מארז קרמבו מוקה שטראוס 8 יח',"גלידת שטראוס בע""מ",IL,שטראוס קרמבו מוקה 8,Unknown,0.00,Unknown,false,1,16.90,16.90,true,1,
7290006683144,false,אלספה (390) כמוסות,,,אלספה (390) כמוסות,Unknown,0.00,Unknown,false,1,136.90,136.90,true,1,
7290006704122,false,גרגירי נחלים,,,גרגירי נחלים,Unknown,0.00,Unknown,false,1,8.80,8.80,true,1,
7290006704665,false,פלפל צילי 200 גרם,,,פלפל צילי 200 גרם,גרמים,200.00,100 גרם,false,1,6.99,3.50,true,1,
7290006705334,false,מקלות סורימי 200 גרם,,,מקלות סורימי 200 גרם,גרמים,200.00,100 גרם,false,1,4.80,2.40,true,1,
7290006705594,false,נתחי סורימי 200 גרם,,,נתחי סורימי 200 גרם,גרמים,200.00,100 גרם,false,1,5.20,2.60,true,1,
7290006744142,false,"מוני מרסלן רזרב 750 מ""ל",,,יין מוני מרסלן רזרב,מיליליטרים,750.00,"100 מ""ל",false,1,89.90,11.99,true,1,
7290006744234,false,"יין מוני נחל קריניאן 750 מ""ל",,,יין מוני נחל קריניאן,מיליליטרים,750.00,"100 מ""ל",false,1,54.90,7.32,true,1,
7290006744302,false,יין מוני סדרת M מוסקט לבן 750 מל,,IL,יין מוני סדרת M מוסק,Unknown,0.00,Unknown,false,1,41.90,41.90,true,1,
7290006744333,false,יין מוני סדרת M מוסק,,,יין מוני סדרת M מוסק,Unknown,0.00,Unknown,false,1,41.60,41.60,true,1,
7290006744425,false,יין מוני סדרת M קברנה סוביניון 750 מל,,,יין מוני סדרת M קברנ,Unknown,0.00,Unknown,false,1,41.90,41.90,true,1,
7290006744456,false,יין מוני סדרת M מרלו 750 מל,,,יין מוני סדרת M מרלו,Unknown,0.00,Unknown,false,1,41.90,41.90,true,1,
7290006744937,false,"יין מוני פטיט סירה רזרב 750 מ""ל",,,יין מוני פטיט סירה ר,מיליליטרים,750.00,"100 מ""ל",false,1,89.90,11.99,true,1,
7290006764072,false,"גולדסטאר בירה בק חוזר 500 מ""ל","טמפו משקאות בע""מ",IL,"בירה גולדסטאר 500 מ""",מיליליטרים,500.00,"100 מ""ל",false,1,7.20,1.44,true,1,
7290006765000,false,טורטיות חיטה מלאה 8יח 540 ג',אלקטי קוראבייכיסיגיד,TR,טורטיה מקמח מלא 540,גרמים,540.00,100 גרם,false,1,10.40,1.93,true,1,
7290006765765,false,פפאיה מיובשת מסוכרת,"דין שיווק וקליה בע""מ",,פפאיה 200 גרם,גרמים,160.00,100 גרם,false,1,11.50,7.19,true,1,
7290006784360,false,חלונית סנט מוריץ לניקוי חלונות 1 ליטר,"קומפלקס כימיקלים בע""",IL,חלונית סנט מוריץ לני,ליטרים,0.00,ליטר,false,1,6.90,6.90,true,1,
7290006784582,false,"מילוי מכשיר אוויר 250 מ""ל fashion no.6 סנט מוריץ",סורה קוסמטיקס,TR,fashion no.6 מילוי מ,Unknown,0.00,Unknown,false,1,13.90,13.90,true,1,
7290006784605,false,"מילוי מכשיר אוויר 250 מ""ל fashion midnight secret סנט מוריץ",סורה קוסמטיקס,TR,fashion midnight sec,Unknown,0.00,Unknown,false,1,13.90,13.90,true,1,
7290006805355,false,תערובת להכנת כדורי שוקולד פילסברי 500ג',הדקלאים אגודת שיתופי,IL,תערובת להכנת כדורי ש,גרמים,500.00,100 גרם,false,1,17.90,3.58,true,1,
7290006805850,false,תערובת להכנת פנקייק פילסבורי 500 גר,הדקלאים אגודת שיתופי,IL,תערובת להכנת פנקייק,גרמים,500.00,100 גרם,false,1,17.90,3.58,true,1,
7290006822192,false,מיץ חמוציות דיאט אושן ספריי 1 ליטר,מבשלות בירה בינלאומי,IL,נקטר פריגת דיאט חמוצ,מיליליטרים,1000.00,"100 מ""ל",false,1,11.90,1.19,true,1,
7290006833822,false,נקניקיות עוף 600 גר מזרע,,,נקניקיות עוף 600 גר,גרמים,600.00,100 גרם,false,1,22.90,3.82,true,1,
7290006834539,false,גבינת קומבוזולה גרמנית במשקל,,,גבינת קומבוזולה,Unknown,0.00,"ק""ג",true,0,194.00,194.00,true,1,
7290006834553,false,גבינת רוגט גרמני במשקל,,,גבינת רוגט גרמני,Unknown,0.00,"ק""ג",true,0,219.00,219.00,true,1,
7290006835321,false,קבנוס עגל 250 גר,,,קבנוס עגל 250 גר,גרמים,250.00,100 גרם,false,1,22.90,9.16,true,1,
7290006855183,false,ברבריא חטיף תמרים שומשום אגוז מלך 30*4,טבעית מוצרים מן הטבע,IL,ברבריא חטיף תמרים שו,גרמים,120.00,100 גרם,false,1,17.90,14.92,true,1,
7290006855244,false,ברבריא חטיף אגוזים שקדים וצימוקים 30*4,טבעית מוצרים מן הטבע,IL,ברבריא חטיף אגוזים ש,גרמים,120.00,100 גרם,false,1,17.90,14.92,true,1,
7290006855251,false,חטיף קשיו חמוציות וסילאן ברבריא 4*30 ג',טבעית מוצרים מן הטבע,IL,ברבריא חטיף קשיו אגו,גרמים,120.00,100 גרם,false,1,17.90,14.92,true,1,
7290006866363,false,אשכוליות אדומות טבעי סחוט 1 ל פרימור,"גניר (1992) בע""מ",IL,אשכוליות אדומות טבעי,מיליליטרים,1000.00,"100 מ""ל",false,1,15.80,1.58,true,1,
7290006899255,false,תה סרמוני א.גריי 20 שקיות,סרמוני תה בעמ,,תה סרמוני א.גריי 20,Unknown,0.00,Unknown,false,1,18.90,18.90,true,1,
7290006899316,false,תה סרמוני סנצה יפני 20 שקיות,,,תה סרמוני סנצה יפני,Unknown,0.00,Unknown,false,1,18.90,18.90,true,1,
7290006920829,false,"תחליפי גבינ""צ צ'דר פרוס 350 גר'",צי תעשיות מזון יבנה,IL,צדר פרוס 350 גרם,גרמים,350.00,100 גרם,false,1,13.90,3.97,true,1,
7290006920911,false,הולנדית פרוס 350ג' כפיר,צי תעשיות מזון יבנה,IL,הולנדית פרוס 350 גרם,גרמים,350.00,100 גרם,false,1,13.90,3.97,true,1,
7290006920935,false,פיקנטית פרוס 350ג' כפיר,,,צדר חריפה פרוס 350 ג,גרמים,350.00,100 גרם,false,1,13.90,3.97,true,1,
7290006960023,false,כרוב כבוש 750 גר,,,כרוב כבוש 750 גר,גרמים,750.00,100 גרם,false,1,20.90,2.79,true,1,
7290006960146,false,חזרת 160 גר,,,חזרת 160 גר,גרמים,160.00,100 גרם,false,1,8.50,5.31,true,1,
7290006960337,false,מיקס פטריות יח 400 גרם,,IL,מיקס פטריות יח 400 ג,גרמים,600.00,100 גרם,false,12,31.50,5.25,true,1,
7290006960368,false,פטריות אופיאטה יחידה,,,פטריות אופיאטה יח,גרמים,600.00,100 גרם,false,12,31.50,5.25,true,1,
7290006960429,false,"מאמא מרי כרוב בולגרי 1 ק""ג",,,כרוב בולגרי 1 קג,קילוגרמים,0.00,"ק""ג",false,1,20.90,20.90,true,1,
7290006983152,false,קרוטונים מתובלים למרק 400 ג' אסם,עינת תעשיות מזון אגו,IL,קרוטונים מתובלים למר,גרמים,400.00,100 גרם,false,1,19.60,4.90,true,1,
7290006983176,false,אוסם - לחמית שיפון 250 גרם,"אסם השקעות בע""מ",IL,לחמית שיפון 230 גרם,גרמים,230.00,100 גרם,false,1,9.40,4.09,true,1,
7290006983527,false,עוגת הבית תפוחי עץ עם פירורים 400 ג' אסם,מיוצר עי קונדיטוריית,IL,עוגת הבית תפוחי עץ ע,גרמים,400.00,100 גרם,false,1,15.60,3.90,true,1,
7290006983763,false,עוגת הבית שוקולד 400 גרם אסם.,מיוצר עי קונדיטוריית,IL,עוגת שוקולד 400 גרם,גרמים,400.00,100 גרם,false,1,12.50,3.13,true,1,
7290006983770,false,עוגת הבית שיש 400 ג' אסם,מיוצר עי קונדיטוריית,IL,עוגת שיש 400 גרם,גרמים,400.00,100 גרם,false,1,12.50,3.13,true,1,
7290006983787,false,עוגת הבית שוקוציפס 400 גרם אסם,מיוצר עי קונדיטוריית,IL,עוגת שוקוציפס 400 גר,גרמים,400.00,100 גרם,false,1,12.50,3.13,true,1,
7290006983794,false,עוגת הבית תפוז 400 ג' אסם,מיוצר עי קונדיטוריית,IL,עוגת תפוז 400 גרם,גרמים,400.00,100 גרם,false,1,12.50,3.13,true,1,
7290006992192,false,מטרנה דייסלה סולת 200 גרם,מטרנה,IL,מטרנה דייסלה סולת 20,גרמים,200.00,100 גרם,false,1,18.60,9.30,true,1,
7290008000796,false,"כצט - סופרמן משחת שיניים לילדים 50 מ""ל",כצט נוביס,IL,משחת שיניים לילדים כ,Unknown,0.00,Unknown,false,1,11.80,11.80,true,1,
7290008017589,false,כפתן 250 מ`ל עם משאבה,,,כפתן 250 מ`ל עם משאב,Unknown,0.00,Unknown,false,1,79.90,79.90,true,1,
7290008023542,false,סיף פנטסטיק שמפו רצפות כתום 4ל',סיף פנטסטיק Cif Fantastic,IL,סיף פנטסטיק לרצפות 4,ליטרים,0.00,ליטר,false,1,21.90,21.90,true,1,
7290008092197,false,"פרסקינדול אקטיב גל 100 מ""ל",,,פרסקינדול אקטיב גל 1,מיליליטרים,100.00,"100 מ""ל",false,1,64.90,64.90,true,1,
7290008101318,false,קריספ פירורי לחם זהוב 300 גרם,א.ל ייצור ושיווק תבל,IL,פירורי לחם קריספ זהו,Unknown,0.00,Unknown,false,0,6.90,6.90,true,1,
7290008102469,false,קריספ פירורי לחם זהוב 800 גרם,,IL,פירורי לחם קריספ זהו,גרמים,800.00,100 גרם,false,0,12.90,1.61,true,1,
7290008116565,false,ליסטרין מי פה פרשברו,ג'ונסון אנד ג'ונסון,IT,מי פה ליסטרין מנטה מ,מיליליטרים,500.00,"100 מ""ל",false,1,19.80,3.96,true,1,
7290008154222,false,שניצלונים עוף טוב 700 גרם,מולינו ניקולי s.p.a,IL,שניצלונים עוף טוב 70,גרמים,700.00,100 גרם,false,1,22.90,3.27,true,1,
7290008175210,false,גבינת פרמזן מגורדת 90ג' ויליפוד,זנטי אס.איי.,IT,פרמזן מגורדת 90 גר,Unknown,0.00,Unknown,false,1,15.90,15.90,true,1,
7290008175814,false,וילי פוד פטריות שמפיניון חתוך בדץ 400ג,"אוקצ'מפ אס, איי אויי",PL,וילי פוד פטריות שמפנ,גרמים,400.00,100 גרם,false,1,4.90,1.23,true,1,
7290008198912,false,כורכומול 250 מ`ל,,,כורכומול 250 מ`ל,Unknown,0.00,Unknown,false,1,199.90,199.90,true,1,
7290008230513,false,מסכת רוזמרין בוטניקל 350 מ`ל,,,מסכת רוזמרין בוטניקל,Unknown,0.00,Unknown,false,1,39.90,39.90,true,1,
7290008263023,false,פוסילי אורגני מלא אורגני 500 גר,פסטיפיסוי פליצ'טי,IT,פוסילי אורגני מלא או,גרמים,500.00,100 גרם,false,1,10.90,2.18,true,1,
7290008263047,false,ספגטי אורגני לבן 500 גר,פסטיפיסוי פליצ'טי,IT,ספגטי אורגני לבן 500,גרמים,500.00,100 גרם,false,1,10.90,2.18,true,1,
7290008263528,false,ממרח קקאו בתוספת אגוזים אגוזים הרדוף 350,ברינקרס פוד,NL,ממרח קקאו בתוספת אגו,גרמים,350.00,100 גרם,false,1,26.90,7.69,true,1,
7290008263597,false,קוואקר אורגני הרדוף 500 גר,אול אורגני,IL,קוואקר אורגני הרדוף,גרמים,500.00,100 גרם,false,1,10.90,2.18,true,1,
7290008286466,false,דג פילה לברק יפני ארוז קפוא,,CN,פילה לברק יפני 5-7,Unknown,0.00,"ק""ג",true,0,49.90,49.90,true,1,
7290008310017,false,אמפנדס בשר חייקה700,חייקה,IL,אמפנדאס בשר 700 גרם,גרמים,700.00,100 גרם,false,1,40.90,5.84,true,1,
7290008310086,false,בצק אמפנדאס 700 גרם,חייקה,IL,בצק אמפנדאס 700 גרם,גרמים,700.00,100 גרם,false,1,29.90,4.27,true,1,
7290008324021,false,יומי מולטי ויטמין פלוס,,,יומי מולטי ויטמין פל,Unknown,0.00,Unknown,false,1,83.90,83.90,true,1,
7290008324052,false,"יומי חורף - אכינצאה, סמבוק שחור, פרופוליס וויטמין C",אלטמן,,יומי חורף,Unknown,0.00,Unknown,false,1,62.90,62.90,true,1,
7290008324069,false,יומי ברזל,,,יומי ברזל,Unknown,0.00,Unknown,false,1,74.90,74.90,true,1,
7290008328913,false,סילאן טבעי 100% 900 גרם יורו פוד,,,סילאן טבעי 100% 900,גרמים,900.00,100 גרם,false,1,19.90,2.21,true,1,
7290008330107,false,מרכך כביסה סגול 4 ל' בדין,יוניליור ישראל טיפוח,IL,בדין 4 ליטר סגול,ליטרים,0.00,ליטר,false,1,19.90,19.90,true,1,
7290008333115,false,אבקת ג'לטין טהור נטו 28 גרם,ג'ליק פיניור,IL,גלטין 28 גר,גרמים,28.00,100 גרם,false,1,11.40,40.71,true,1,
7290008343466,false,בצק פילו 500 גרם שלושת האופים,כלורוקס אוקלנד,IL,בצק פילו 500 גר,גרמים,500.00,100 גרם,false,1,19.90,3.98,true,1,
7290008379557,false,ביבי מוצרלה 150 גר,,,פניני מוצרלה 150 גר,גרמים,150.00,100 גרם,false,1,15.60,10.40,true,1,
7290008403900,false,גבינת גאודה עגבניות וזיתים במשקל,מיוצר עי קונדיטוריית,NL,גבינת גאודה עגבניות,Unknown,0.00,"ק""ג",true,0,135.00,135.00,true,1,
7290008403917,false,גבינת גאודה פסטו במשקל,הנרי ויליך,NL,גבינת גאודה פסטו,Unknown,0.00,"ק""ג",true,0,150.00,150.00,true,1,
7290008403924,false,גבינת גאודה פסטו אדום במשקל,מיוצר עי קונדיטוריית,NL,גבינת גאודה פסטו,Unknown,0.00,"ק""ג",true,0,150.00,150.00,true,1,
7290008409049,false,מאמא עוףמיני שניצלים בציפוי שומשום 500 ג,תנובה גליל שותפות מו,IL,מאמא עוף מיני שניצלי,גרמים,500.00,100 גרם,false,1,25.90,5.18,true,1,
7290008409100,false,אצבעות שניצל בציפוי שומשום מאמא עוף 700 גרם,תנובה גליל שותפות מו,IL,אצבעות שניצל בציפוי,גרמים,700.00,100 גרם,false,1,35.90,5.13,true,1,
7290008409124,false,מאמא עוף קפוא שניצל ג'ונגל פריך 700 גרם,תנובה גליל שותפות מו,IL,שניצל גונגל מאמא עוף,גרמים,700.00,100 גרם,false,1,35.90,5.13,true,1,
7290008409216,false,מאמא עוף קפוא שניצל דק פריך 700 גרם,תנובה גליל,IL,שניצל דק דק פריך 700,גרמים,700.00,100 גרם,false,1,39.90,5.70,true,1,
7290008409315,false,מיני מיני דק שניצלונים בציפוי פריך מאמא עוף 500 ג',תנובה גליל,IL,מאמא עוף מיני שניצלי,גרמים,500.00,100 גרם,false,1,25.90,5.18,true,1,
7290008409407,false,שניצל דק ציפס מאמא עוף 700 ג',תנובה גליל שותפות מו,IL,שניצל דק בציפוי ציפס,גרמים,700.00,100 גרם,false,1,39.90,5.70,true,1,
7290008409551,false,שניצל עוף אמיתי בציפוי מעודן 700 ג' מאמא עוף,תנובה גליל שותפות מו,IL,שניצל עוף אמיתי בציפ,גרמים,700.00,100 גרם,false,1,39.90,5.70,true,1,
7290008409582,false,שניצל אמיתי בציפוי ביתי מאמא עוף 700 ג',תנובה גליל שותפות מו,IL,שניצל עוף אמיתי ביתי,גרמים,700.00,100 גרם,false,1,39.90,5.70,true,1,
7290008409773,false,קציצות עוף ביתיות מאמא עוף 700 ג',תנובה גליל שותפות מו,IL,מאמא עוף קציצות עוף,גרמים,700.00,100 גרם,false,1,29.90,4.27,true,1,
7290008415514,false,חומוס צבר עם חריף עגול 150ג',סלטי צבר,IL,חומוס עם חריף 150 גר,גרמים,150.00,100 גרם,false,1,5.80,3.87,true,1,
7290008425124,false,יוגורט לאסי 500 מל,,,יוגורט לאסי 500 מל,מיליליטרים,500.00,"100 מ""ל",false,1,19.40,3.88,true,1,
7290008425155,false,"שמן זית 750 מ""ל",,,"שמן זית 750 מ""ל",מיליליטרים,750.00,"100 מ""ל",false,1,62.90,8.39,true,1,
7290008425186,false,זיתים סורי 400 גרם,,,זיתים סורי 400 גרם,גרמים,400.00,100 גרם,false,1,22.90,5.73,true,1,
7290008425193,false,זיתים נבאלי 400 גרם,,,זיתים נבאלי 400 גרם,גרמים,400.00,100 גרם,false,1,22.90,5.73,true,1,
7290008425209,false,זיתים פיקואל 400 גרם,,,זיתים פיקואל 400 גרם,גרמים,400.00,100 גרם,false,1,22.90,5.73,true,1,
7290008425278,false,"מיץ תפוחים 330 מ""ל",,,"מיץ תפוחים 330 מ""ל",מיליליטרים,330.00,"100 מ""ל",false,1,13.90,4.21,true,1,
7290008425483,false,נקטר אפרסק 1 ליטר אורגני,,,נקטר אפרסק 1 ליטר או,מיליליטרים,1000.00,"100 מ""ל",false,1,25.90,2.59,true,1,
7290008425681,false,זיתים ברנע 400 גרם,,,זיתים ברנע 400 גרם,גרמים,400.00,100 גרם,false,1,22.90,5.73,true,1,
7290008425711,false,"נקטר קוקטייל 330 מ""ל",,,"נקטר קוקטייל 330 מ""ל",מיליליטרים,330.00,"100 מ""ל",false,1,13.20,4.00,true,1,
7290008425728,false,נקטר קוקטייל 1 ליטר אורגני,,,נקטר קוקטייל 1 ליטר,מיליליטרים,1000.00,"100 מ""ל",false,1,25.90,2.59,true,1,
7290008437011,false,שריר טרי,,,שריר בקר טרי,Unknown,0.00,"ק""ג",true,0,49.90,49.90,true,1,
7290008437127,false,רגל עגל חלב קפוא מזרע,,,רגל עגל קפוא מזרע,Unknown,0.00,"ק""ג",true,0,34.00,34.00,true,1,
7290008437646,false,שקית גופיה טיב טעם,,,שקית גופיה,Unknown,0.00,Unknown,false,1,0.10,0.10,true,1,
7290008438285,false,גבינה אמנטל שוויצרי במשקל,,,גבינה אמנטל שוויצרי,Unknown,0.00,"ק""ג",true,0,209.00,209.00,true,1,
7290008438704,false,צוואר בקר עם עצם טרי מס 10,,,צוואר בקר עם עצם טרי,Unknown,0.00,"ק""ג",true,0,39.90,39.90,true,1,
7290008439411,false,בלוק פטה אווז במשקל,,,בלוק פטה אווז במשקל,Unknown,0.00,"ק""ג",true,0,70.00,70.00,true,1,
7290008461221,false,סרדינים רוברט בשמן חמניות 115 גרם,"רמירז, מטוסינוס",PT,סרדין רוברט בשמן חמנ,גרמים,120.00,100 גרם,false,1,7.90,6.58,true,1,
7290008461238,false,סרדין רוברט בשמן חמניות ופלפל חריף 115 ג',"רמירז, מטוסינוס",PT,סרדין רוברט בשמן חמנ,גרמים,120.00,100 גרם,false,1,7.90,6.58,true,1,
7290008464024,false,"בירה גולדסטאר לא מסוננת 500 מ""ל פחית","טמפו משקאות בע""מ",IL,בירה גולדסטאר לא מסו,מיליליטרים,500.00,"100 מ""ל",false,1,8.90,1.78,true,1,
7290008464109,false,בירה גולדסטאר לא מסונן מארז 6X330מ:ל,"טמפו משקאות בע""מ",IL,"בירה גולדסטאר 330 מ""",מיליליטרים,330.00,"100 מ""ל",false,1,7.90,2.39,true,1,
7290008464130,false,"שישיית בירה גולדסטאר 330 מ""ל UNFILTERED",טמפו,IL,שישיית בירה גולדסטאר,מיליליטרים,1980.00,"100 מ""ל",false,1,29.90,1.51,true,1,
7290008464222,false,"בירה מכבי 7.9% פחית 500 מ""ל","טמפו משקאות בע""מ",IL,בירה מכבי 7.9% פחית,מיליליטרים,500.00,"100 מ""ל",false,1,7.50,1.50,true,1,
7290008464345,false,"בירה גולדסטאר בקבוק 330 מ""ל",טמפו משקאות בע''מ,IL,בירה גולדסטאר בקבוק,מיליליטרים,330.00,"100 מ""ל",false,1,7.50,2.27,true,1,
7290008464468,false,"בירה גולדסטאר פחית 500 מ""ל","טמפו משקות בע""מ",IL,"גולדסטאר פחית 500 מ""",מיליליטרים,500.00,"100 מ""ל",false,1,8.50,1.70,true,1,
7290008464505,false,סאן בנדטו בקבוק פלסטיק 500מל,אקווה מינרלה סאן בנד,IT,"מים סאן בנדטו 500 מ""",מיליליטרים,500.00,"100 מ""ל",false,1,2.90,0.58,true,1,
7290008464604,false,"בירה היינקן פחית 500מ""ל",טמפו משקאות בע''מ,NL,"היינקן פחית 500 מ""ל",מיליליטרים,500.00,"100 מ""ל",false,1,9.90,1.98,true,1,
7290008464673,false,"בירה גולדסטאר SLOWBREW פחית 10%, 500 מ""ל","טמפו משקאות בע""מ",IL,בירה גולדסטאר SLOW B,מיליליטרים,500.00,"100 מ""ל",false,1,9.70,1.94,true,1,
7290008464703,false,"שישיית בקבוקי מכבי 330 מ""ל",טמפו,IL,שישיית בקבוקי מכבי 3,מיליליטרים,1980.00,"100 מ""ל",false,1,31.90,1.61,true,1,
7290008464734,false,"בירה גולדסטאר SLOW BREW מארז 330X6מ""ל",טמפו משקאות בע''מ,IL,שישיית גולדסטאר 330,מיליליטרים,1980.00,"100 מ""ל",false,1,36.90,1.86,true,1,
7290008464741,false,"שישייית בירה גולדסטאר כהה 330X6 מ""ל",טמפו,IL,שישיית בקבוקי גולדסט,מיליליטרים,1980.00,"100 מ""ל",false,1,24.90,1.26,true,1,
7290008464796,false,"בירה היינקין ח""פ בקבוק 330X6מ""ל",טמפו,IL,שישיית הייניקן בקבוק,מיליליטרים,1980.00,"100 מ""ל",false,1,34.90,1.76,true,1,
7290008482561,false,פודינג אינסטנט שוקולד 80 גרם,,,פודינג אינסטנט שוקול,גרמים,80.00,100 גרם,false,1,5.90,7.38,true,1,
7290008493413,false,פירורי גריסיני קלאסי מאיר בייגל 200 גרם,מאיר בייגל,IL,פירורי גריסיני מאיר,גרמים,200.00,100 גרם,false,1,5.90,2.95,true,1,
7290008493710,false,פירורי גריסיני זהב מאיר בייגל 200 גרם,מאיר בייגל,IL,פירורי גריסיני בייגל,גרמים,200.00,100 גרם,false,1,5.90,2.95,true,1,
7290008498296,false,גאודה עיזים תאנים אגוזים שקיל,,,גאודה עיזים תאנים אג,Unknown,0.00,"ק""ג",true,0,199.00,199.00,true,1,
7290008498364,false,גבינת כבשים עם חלפיניו בסגנון מנצגו שקיל,,,גבינת כבשים עם חלפינ,Unknown,0.00,"ק""ג",true,0,220.00,220.00,true,1,
7290008644112,false,סלט מטבוחה יום יום אחלה 125 ג',"שטראוס גרופ בע""מ",IL,מטבוחה יום יום 125 ג,גרמים,125.00,100 גרם,false,1,4.90,3.92,true,1,
7290008644235,false,עלי בייבי 120 גר' שטראוס,שטראוס בריאות ירקות,IL,עלי בייבי אחלה טבע,גרמים,120.00,100 גרם,false,1,11.90,9.92,true,1,
7290008644839,false,חסה ערבית אייסברג 30,,,חסה אחלה טבע,גרמים,300.00,100 גרם,false,1,11.90,3.97,true,1,
7290008644945,false,סלט המושבה שטופים שט,שטראוס בריאות ירקות,IL,סלט המושבה אחלה טבע,גרמים,450.00,100 גרם,false,1,11.90,2.64,true,1,
7290008645935,false,חומוס לניגוב אחלה 750 ג',"שטראוס גרופ בע""מ",IL,חומוס אחלה 750 גרם,גרמים,750.00,100 גרם,false,1,9.90,1.32,true,1,
7290008670005,false,רקנאטי גליל עליון שרדונה 750 מל,,,רקנאטי גליל עליון ש,Unknown,0.00,Unknown,false,1,62.90,62.90,true,1,
7290008670135,false,רקנאטי גליל עליון סוביניון בלאן 750 מל,רקנאטי,,רקנאטי גליל עליון סו,Unknown,0.00,Unknown,false,1,62.90,62.90,true,1,
7290008670142,false,"יין רקנאטי יסמין אדום 2019 750 מ""ל",יקב רקאנטי,IL,רקנאטי יסמין אדום 75,Unknown,0.00,Unknown,false,1,31.90,31.90,true,1,
7290008670159,false,"יין רקנאטי יסמין לבן 750 מ""ל","יקבי רקנאטי בע""מ",IL,רקנאטי יסמין לבן 201,Unknown,0.00,Unknown,false,1,31.90,31.90,true,1,
7290008670302,false,"יין רקנאטי רזרב קברנה סוביניון 750 מ""ל",רקנאטי,IL,יין רקנאטי רזרב קברנ,Unknown,0.00,Unknown,false,1,96.90,96.90,true,1,
7290008670692,false,"יין רקנאטי מרסלאן רזרב 2018 750 מ""ל",,IL,יין רקנאטי מרסלאן ר,Unknown,0.00,Unknown,false,1,114.90,114.90,true,1,
7290008690713,false,פריגת אושן ספריי חמוציות 1ל',מבשלות בירה בינלאומי,IL,נקטר אושן ספריי 1 ל,מיליליטרים,1000.00,"100 מ""ל",false,1,11.90,1.19,true,1,
7290008693134,false,מעדן גבינה ויוגורט בטעם תות 5% שומן 88 ג' דניאלה,"שטראוס בריאות בע""מ",IL,דניאלה תות 88 גרם,גרמים,88.00,100 גרם,false,1,3.90,4.43,true,1,
7290008711678,false,"ACTISOAP סבון נוזלי 250 מ""ל",,,"סבון 250 מ""ל",מיליליטרים,250.00,"100 מ""ל",false,1,33.90,13.56,true,1,
7290008745239,false,תפוציפס אקסטרא טבעי 50 גרם,"שטראוס פריטו ליי בע""",IL,תפוציפס אקסטרא טבעי,גרמים,50.00,100 גרם,false,1,3.90,7.80,true,1,
7290008747547,false,תפוציפס קראנץ טבעי 200 גרם,"שטראוס פריטו ליי בע""",IL,תפוציפס קראנץ טבעי 2,גרמים,200.00,100 גרם,false,1,9.90,4.95,true,1,
7290008750264,false,מסטיק מאסט LL פליפ.דובדבן מגדים 28 גר,"שטראוס גרופ בע""מ",IL,מסטיק מאסט LL פליפ.ד,Unknown,0.00,Unknown,false,1,4.50,4.50,true,1,
7290008752244,false,תפוצ'יפס אקסטרא גריל 50 גרם,"שטראוס פריטו ליי בע""",IL,תפוציפס קראנצי גריל,גרמים,50.00,100 גרם,false,1,3.90,7.80,true,1,
7290008753111,false,תפוציפס קראנצי מקסיקני 50 גרם,"שטראוס פריטו ליי בע""",IL,תפוציפס קראנצי מקסיק,גרמים,50.00,100 גרם,false,1,3.90,7.80,true,1,
7290008754422,false,גומי מאסט בטעם פפרמינט קלאסי פליפטופ 28 ג' עלית,"שטראוס גרופ בע""מ",IL,מסטיק מאסט מגדים פפר,Unknown,0.00,Unknown,false,1,4.50,4.50,true,1,
7290008757010,false,"שוופס ביטר למון 250 מ""ל זכוכית",יפאורה תבורי בעמ,IL,שוופס ביטר לימון 250,מיליליטרים,250.00,"100 מ""ל",false,1,6.90,2.76,true,1,
7290008757980,false,נקטר ספרינג רימונים קרטונית 1 ל',"יפאורה תבורי בע""מ",IL,קרטונית ספרינג רימונ,מיליליטרים,1000.00,"100 מ""ל",false,1,6.90,0.69,true,1,
7290008775816,false,ערגליות שוקו חדש12*300גרם 2020,מיוצר עי קונדיטוריית,IL,ערגליות שוקו 300 גרם,גרמים,300.00,100 גרם,false,1,11.40,3.80,true,1,
7290008775823,false,ערגליות תות חדש12*300גרם 2020,מיוצר עי קונדיטוריית,IL,ערגליות תות 300 גרם,גרמים,300.00,100 גרם,false,1,11.40,3.80,true,1,
7290008801157,false,מרלו סלקטד כרמל מזרחי 750 מל,יקבי כרמל,IL,"מרלו אדום יבש 750 מ""",Unknown,0.00,Unknown,false,1,30.90,30.90,true,1,
7290008801546,false,"יין קינג דויד מוסקט מתוק לבן 750 מ""ל",אגודת הכורמים הקואופ,IL,יין קינג דויד מוסקט,Unknown,0.00,Unknown,false,1,22.90,22.90,true,1,
7290008801843,false,קברנה סוביניון אדום יבש 750 מל סלקטד,"כד בני דרום בע""מ",IL,קברנה סוביניון אדום,Unknown,0.00,Unknown,false,1,30.90,30.90,true,1,
7290008801850,false,סלקטד אמרלד ריזלינג לבן חצי יבש 750 מל,אגודת הכורמים הקואופ,IL,סלקטד אמרלד ריזלינג,Unknown,0.00,Unknown,false,1,29.90,29.90,true,1,
7290008802291,false,"יין מרלו פרייוט קולקשן 750 מ""ל",אגודת הכורמים הקואופ,IL,יין מרלו אדום יבש 75,Unknown,0.00,Unknown,false,1,37.90,37.90,true,1,
7290008802895,false,יין קברנה סוביניון פרייוט קולקשן,אגודת הכורמים הקאופו,IL,קברנה סובניון אדום י,Unknown,0.00,Unknown,false,1,37.90,37.90,true,1,
7290008804332,false,שיראז אדום יבש פריווט קולקשיין 750מל,אגודת הכורמים הקואופ,IL,יין שיראז אדום יבש 7,Unknown,0.00,Unknown,false,1,37.90,37.90,true,1,
7290008804462,false,מוסקט קינוח לבן 500 מל,אגודת הכורמים הקואופ,IL,מוסקט קינוח לבן 500,Unknown,0.00,Unknown,false,1,37.90,37.90,true,1,
7290008805049,false,סלקטד זינפנדל כרמל מזרחי 750 מל,"כד בני דרום בע""מ",IL,יין רוזה חצי יבש סל,Unknown,0.00,Unknown,false,1,29.90,29.90,true,1,
7290008805520,false,קברנה מרלו אדום יבש 750 מל סלקטד,"כד בני דרום בע""מ",IL,קברנה מרלו אדום יבש,Unknown,0.00,Unknown,false,1,30.90,30.90,true,1,
7290008805964,false,יין קברנה שיראז גליל עליון אדום יבש 750,אגודת הכורמים הקואופ,IL,יין קברנה שיראז גליל,Unknown,0.00,Unknown,false,1,67.90,67.90,true,1,
7290008806961,false,גלידה שוקולד שבבי שוקולד פרה 1.33 ל' קרמיסימו,"גלידת שטראוס בע""מ, ר",IL,גלידה קרמיסימו שוקול,ליטרים,0.00,ליטר,false,1,21.90,21.90,true,1,
7290008835992,false,פילה נסיכת הנילוס קפוא בלדי,,,פילה נסיכת הנילוס,Unknown,0.00,"ק""ג",true,0,74.00,74.00,true,1,
7290008846219,false,שמן זית כתית מעולה 750 מל,האי נאם סי או אל.טי.,IL,שמן זית כתית מעולה 7,מיליליטרים,750.00,"100 מ""ל",false,1,39.90,5.32,true,1,
7290008849586,false,רוטב ריבת בצל לעוף אוליביה 310 גר,אוליביה,IL,רוטב ריבת בצל לעוף,גרמים,310.00,100 גרם,false,1,13.90,4.48,true,1,
7290008849661,false,אוליביה ממרח עגבניות מיובשות פיקנטי 180 גרם,טרופיקל דגיל תעשיות,IL,ממרח עגבניות מיובשות,גרמים,180.00,100 גרם,false,1,15.60,8.67,true,1,
7290008849838,false,טפנד זיתים אוליביה 190 גר',"אוליביה גורמה בע""מ",IL,טפנד זיתים אוליביה 1,גרמים,180.00,100 גרם,false,1,15.60,8.67,true,1,
7290008849845,false,ממרח אוליביה אריסה פיקנטי 180 ג',"אוליביה גרומה בע""מ",IL,אריסה פיקנטית אוליבי,גרמים,185.00,100 גרם,false,1,15.60,8.43,true,1,
7290008863001,false,עוגת גינגי בציפוי פירורים 450 גרם,,,עוגת גינגי בציפוי,גרמים,450.00,100 גרם,false,1,43.90,9.76,true,1,
7290008863049,false,עוגת אריסטוקרט 800 גרם,,IL,עוגת אריסטוקרט 800 ג,גרמים,800.00,100 גרם,false,1,83.50,10.44,true,1,
7290008863063,false,עוגיות עם ריבת חלב,,,עוגיות ריבת חלב,גרמים,350.00,100 גרם,false,1,53.50,15.29,true,1,
7290008863070,false,אקלרים 350 גרם,,IL,אקלרים 350 גרם,גרמים,350.00,100 גרם,false,1,30.90,8.83,true,1,
7290008863087,false,נשיקות,,,נשיקות,גרמים,900.00,100 גרם,false,1,24.90,2.77,true,1,
7290008863100,false,עוגות פראג 600 גרם,,IL,עוגות פראג 600 גרם,גרמים,600.00,100 גרם,false,1,61.90,10.32,true,1,
7290008863179,false,עוגת קרמן וולפסון,,,עוגת אריסטוקרט 600 ג,גרמים,600.00,100 גרם,false,1,65.50,10.92,true,1,
7290008866125,false,מארז מנצגו כמהין במשקל,,IL,מארז מנצגו כמהין במש,Unknown,0.00,"ק""ג",true,0,195.00,195.00,true,1,
7290008866149,false,מארז ברי כמהין בייבי במשקל,גבינות יעקבס,IL,מארז ברי כמהין בייבי,Unknown,0.00,"ק""ג",true,0,195.00,195.00,true,1,
7290008900157,false,חמציץ,,,חמציץ,Unknown,0.00,Unknown,false,1,9.90,9.90,true,1,
7290008909761,false,"קרלסברג בקבוק יחיד 330מ""ל",מבשלות בירה בינלאומי,IL,קרלסברג בקבוק 330 מל,מיליליטרים,330.00,"100 מ""ל",false,1,8.90,2.70,true,1,
7290008909853,false,קוקה קולה זירו בקבוק 500מל,החברה המרכזית לייצור,IL,"קוקה קולה 500 מ""ל Z",מיליליטרים,500.00,"100 מ""ל",false,1,7.50,1.50,true,1,
7290008909884,false,"קוקה קולה זירו 350 מ""ל בקבוק זכוכית",החברה המרכזית לייצור,IL,קוקה קולה ZERO קלאסי,מיליליטרים,350.00,"100 מ""ל",false,1,5.90,1.69,true,1,
7290008961110,false,טושיונקה בקר מיוחד 400 גר,,,טושיונקה בקר מיוחד 4,גרמים,400.00,100 גרם,false,1,22.90,5.73,true,1,
7290008961127,false,טושיונקה בקר רוסית 400 גרם,,,טושיונקה בקר רוסית 4,גרמים,400.00,100 גרם,false,1,22.90,5.73,true,1,
7290008961158,false,"מעדן -קונפיטורה דובדבן 1.25 ק""ג",,UA,מעדן -קונפיטורה דובד,קילוגרמים,0.00,"ק""ג",false,1,37.90,37.90,true,1,
7290008961189,false,טושיונקה בקר פיקנטית 400 גרם,,,טושיונקה בקר פיקנטית,גרמים,400.00,100 גרם,false,1,22.90,5.73,true,1,
7290008961271,false,טושונקה בקר עם כוסמת 400 גרם,,,טושונקה בקר עם כוסמת,גרמים,400.00,100 גרם,false,1,20.90,5.23,true,1,
7290008961370,false,מורס חמוציות 1 ליטר,,UA,עגבניות מוחמצות 650,גרמים,650.00,100 גרם,false,1,8.90,1.37,true,1,
7290008961387,false,עגבניות שלמות במיץ עגבניות 650 גר,,,עגבניות שלמות במיץ ע,גרמים,650.00,100 גרם,false,0,8.90,1.37,true,1,
7290008961400,false,"צנוברים קלויים 100גר "" Goodfood """,,RU,צנוברים קלויים 100,גרמים,100.00,100 גרם,false,1,25.90,25.90,true,1,
7290008961486,false,"ריבה קרנית דובדבן פוסולסקי דבור 1.25 ק""ג",,UA,ריבה קרנית דובדבן,קילוגרמים,0.00,"ק""ג",false,1,37.90,37.90,true,1,
7290008961585,false,כוסמת פוסולסקי דבור 800 גר,,IL,כוסמת פוסולסקי דבור,גרמים,800.00,100 גרם,false,1,13.90,1.74,true,1,
7290008975780,false,"בונזו גזע קטן 3 ק""ג","ביופט בע""מ",IL,בונזו גזע קטן 3 קג,קילוגרמים,0.00,"ק""ג",false,1,49.90,49.90,true,1,
7290010002023,false,כורכום הודי טחון 100 גרם,א.ל ייצור ושיווק תבל,IL,כורכום הודי טחון 100,גרמים,100.00,100 גרם,false,1,11.60,11.60,true,1,
7290010002030,false,כמון טחון 100גרם יורדן,א.ל ייצור ושיווק תבל,IL,כמון 100 גרם,גרמים,100.00,100 גרם,false,1,11.60,11.60,true,1,
7290010002061,false,פלפל לבן טחון 100 גרם,,,פלפל לבן טחון 120 גר,גרמים,100.00,100 גרם,false,1,16.70,16.70,true,1,
7290010002078,false,פלפל שחור טחון 100 גרם,א.ל ייצור ושיווק תבל,IL,פלפל שחור טחון 120 ג,גרמים,100.00,100 גרם,false,1,14.90,14.90,true,1,
7290010002122,false,פפריקה הונגרית מתוקה 100 גרם,א.ל ייצור ושיווק תבל,IL,פפריקה הונגרית מתוקה,גרמים,100.00,100 גרם,false,1,11.60,11.60,true,1,
7290010002139,false,פפריקה הונגרית חריפה 100 גרם,,,פפריקה הונגרית חריפה,גרמים,100.00,100 גרם,false,1,11.60,11.60,true,1,
7290010002146,false,פפריקה מרוקאית מתוקה 100 גרם,א.ל ייצור ושיווק תבל,IL,פפריקה מרוקאית מתוקה,גרמים,100.00,100 גרם,false,1,11.60,11.60,true,1,
7290010002153,false,פפריקה מרוקאית חריפה 100 גרם,א.ל ייצור ושיווק תבל,IL,פפריקה מרוקאית חריפה,גרמים,100.00,100 גרם,false,1,11.60,11.60,true,1,
7290010002191,false,תבליני מימון מקלות קינמון,TLV צ'יף,IL,מקלות קינמון 50 גרם,גרמים,50.00,100 גרם,false,1,11.90,23.80,true,1,
7290010002207,false,מימון קינמון טחון במ,א.ל ייצור ושיווק תבל,IL,קינמון טחון 100 גרם,גרמים,100.00,100 גרם,false,1,9.40,9.40,true,1,
7290010002214,false,צילי מקסיקני גרוס 70 גרם,TLV צ'יף,IL,צילי מקסיקני גרוס 70,Unknown,0.00,Unknown,false,1,11.40,11.40,true,1,
7290010002313,false,תבלין קציצות מרוקני,א.ל ייצור ושיווק תבל,IL,ראס אל חנות 100 גרם,גרמים,100.00,100 גרם,false,1,11.40,11.40,true,1,
7290010002320,false,תבלין גריל עוף 100 גרם,א.ל ייצור ושיווק תבל,IL,תבלין גריל עוף 130 ג,גרמים,100.00,100 גרם,false,1,11.40,11.40,true,1,
7290010002375,false,מימון קארי 100 גרם,א.ל ייצור ושיווק תבל,IL,מדרס קארי 100 גרם,גרמים,100.00,100 גרם,false,1,11.40,11.40,true,1,
7290010002382,false,תבליני מימון אורגנו,,,אורגנו 40 גרם,Unknown,0.00,Unknown,false,1,9.40,9.40,true,1,
7290010002399,false,בזיליקום -ריחן 40 גרם,,,בזיליקום -ריחן 40 גר,Unknown,0.00,Unknown,false,1,9.40,9.40,true,1,
7290010002405,false,מימון טימין הררי במי,,IL,טימין הררי 40 גרם,Unknown,0.00,Unknown,false,1,9.40,9.40,true,1,
7290010002429,false,תבליני מימון עלי דפנה,א.ל ייצור ושיווק תבל,IL,עלי דפנה 20 גרם,Unknown,0.00,Unknown,false,1,9.40,9.40,true,1,
7290010002481,false,מימון שום טחון במיכל,,,שום טחון 100 גרם,גרמים,100.00,100 גרם,false,1,15.50,15.50,true,1,
7290010002498,false,מימון שום גבישי 120,א.ל ייצור ושיווק תבל,IL,שום גבישי 120 גרם,גרמים,120.00,100 גרם,false,1,15.50,12.92,true,1,
7290010002597,false,מימון כוסברה ירוקה ב,,,כוסברה ירוקה 30 גרם,גרמים,30.00,100 גרם,false,1,9.40,31.33,true,1,
7290010003051,false,פפריקה הונגרית מתוקה 400 גרם,,,פפריקה הונגרית מתוקה,גרמים,400.00,100 גרם,false,1,26.90,6.73,true,1,
7290010003440,false,שבבי בצל מטוגן 200 גרם,,,שבבי בצל מטוגן 200 ג,גרמים,200.00,100 גרם,false,1,11.90,5.95,true,1,
7290010003693,false,פפריקה מתוקה 80 גרם שקית,TLV צ'יף,IL,פפריקה מתוקה 80 גרם,Unknown,0.00,Unknown,false,1,6.50,6.50,true,1,
7290010003754,false,מימון כמון טחון שקית,TLV צ'יף,IL,כמון טחון 50 גרם,Unknown,0.00,Unknown,false,1,6.50,6.50,true,1,
7290010003761,false,מימון כורכום טחון שק,א.ל ייצור ושיווק תבל,IL,כורכום טחון 80 שקית,Unknown,0.00,Unknown,false,1,6.50,6.50,true,1,
7290010003778,false,תיבול לגריל עוף שקית 80 גרם,TLV צ'יף,IL,תיבול לגריל עוף שקי,Unknown,0.00,Unknown,false,1,6.50,6.50,true,1,
7290010003792,false,מלח לימון שקית 100 גרם,א.ל ייצור ושיווק תבל,IL,מלח לימון שקית 100 ג,גרמים,100.00,100 גרם,false,1,6.50,6.50,true,1,
7290010003822,false,פפריקה חריפה 80 גרם שקית,א.ל ייצור ושיווק תבל,IL,פפריקה חריפה 80 גרם,Unknown,0.00,Unknown,false,1,6.50,6.50,true,1,
7290010003839,false,קינמון טחון 80 גרם שקית,TLV צ'יף,IL,שקיות תבלינים שונים,Unknown,0.00,Unknown,false,1,6.50,6.50,true,1,
7290010003846,false,מימון אורגנו שקית 20,,,אורגנו 20 גרם שקית,Unknown,0.00,Unknown,false,1,6.50,6.50,true,1,
7290010003990,false,מימון פטרוזיליה שקית,,,פטרוזיליה 20 גרם שקי,Unknown,0.00,Unknown,false,1,6.50,6.50,true,1,
7290010023141,false,תה לימונענע הגן הקסום 25 שיקיקים,HIQ FOOD PRODUCTS,IL,לימונענע 25 שקיקים,Unknown,0.00,Unknown,false,1,18.90,18.90,true,1,
7290010023943,false,חליטה מצמח הרויבוש Red tea בטעם קינמון ווניל,מולינו ניקולי s.p.a,IL,תה רויבוש קינמון וונ,Unknown,0.00,Unknown,false,1,33.90,33.90,true,1,
7290010032303,false,דבש פרחי הדר 500 גרם מכוורת צוקרמן,,,דבש פרחי הדר 500 גרם,גרמים,500.00,100 גרם,false,1,31.50,6.30,true,1,
7290010032310,false,דבש פרחי בר 500 גרם מכוורת צוקרמן,,,דבש פרחי בר 500 גרם,גרמים,500.00,100 גרם,false,1,31.50,6.30,true,1,
7290010032334,false,דבש זעתר 500 גרם מכוורת צוקרמן,,,דבש זעתר 500 גרם מכו,גרמים,500.00,100 גרם,false,1,31.50,6.30,true,1,
7290010032341,false,דבש אשל 500 גרם מכוורת צוקרמן,,,דבש אשל 500 גרם מכוו,גרמים,500.00,100 גרם,false,1,31.50,6.30,true,1,
7290010032358,false,דבש דרדר 500 גרם מכוורת צוקרמן,,,דבש דרדר 500 גרם מכו,גרמים,500.00,100 גרם,false,1,31.50,6.30,true,1,
7290010032365,false,דבש שיזף 500 גרם מכוורת צוקרמן,,,דבש שיזף 500 גרם מכו,גרמים,500.00,100 גרם,false,1,31.50,6.30,true,1,
7290010032709,false,קרם דבש פרחי הדר 400 גרם,,,קרם דבש פרחי הדר 400,גרמים,400.00,100 גרם,false,1,39.90,9.98,true,1,
7290010032730,false,קרם דבש זעתר 400 גרם,,,קרם דבש זעתר 400 גרם,גרמים,400.00,100 גרם,false,1,39.90,9.98,true,1,
7290010045051,false,עוגיות מלבן שקדים 200 גרם לחמי,קונדטוריות לחמי,IL,עוגיות מלבן שקדים 20,גרמים,200.00,100 גרם,false,1,18.90,9.45,true,1,
7290010045068,false,עוגיות הנסיכה 250 גרם לחמי,קונדטוריות לחמי,IL,עוגיות הנסיכה 250 גר,גרמים,250.00,100 גרם,false,1,18.90,7.56,true,1,
7290010065271,false,פרינוק - מחית תפוחי עץ 130 גרם,פרינוק,CZ,פרינוק מחית תפוח 130,גרמים,130.00,100 גרם,false,1,6.50,5.00,true,1,
7290010065301,false,פרינוק - מחית סלט פירות 130 גרם,פרינוק,CZ,פרינוק מחית סלט פירו,גרמים,130.00,100 גרם,false,1,6.50,5.00,true,1,
7290010065318,false,פרינוק - ג'וניור תפוחי עץ 190 גרם,פרוטה פודווין איי.אס,CZ,פרינוק גוניור תפוחי,גרמים,190.00,100 גרם,false,1,7.90,4.16,true,1,
7290010065332,false,פרינוק - ג'וניור פתוחי עץ ובננה 190 גרם,פרוטה פודווין איי.אס,CZ,"פרינוק גוניור תפ""ע+ב",גרמים,190.00,100 גרם,false,1,7.90,4.16,true,1,
7290010065349,false,פרינוק גרבר גוניור סלט פירות 190 גר',פרוטה פודווין איי.אס,CZ,פרינוק גוניור סלט פי,גרמים,190.00,100 גרם,false,1,7.90,4.16,true,1,
7290010065745,false,ג`וניור פרינוק מחית לפתן פירות 190ג',פרוטה פודווין איי.אס,CZ,פרינוק גוניור לפתן פ,גרמים,190.00,100 גרם,false,1,7.90,4.16,true,1,
7290010066513,false,נתחי טונה בשמן צמחי רביעיה *158ג' פילטונה,תעשיות פילטונה,IL,נתחי טונה בשמן צמחי,גרמים,640.00,100 גרם,false,1,21.90,3.42,true,1,
7290010066575,false,נתחי טונה במים רביעיה *158ג' פילטונה,תעשיות פילטונה,IL,רביעיית טונה במים,גרמים,640.00,100 גרם,false,1,21.90,3.42,true,1,
7290010066582,false,נתחי טונה בשמן קנולה רביעיה * 158 ג' פילטונה,תעשיות פילטונה,IL,נתחי טונה בהירה בשמן,גרמים,640.00,100 גרם,false,1,21.90,3.42,true,1,
7290010066599,false,מארז רביעיית טונה בשמן זית 4*160 גרם,תעשיות פילטונה,IL,רביעיית טונה בשמן,גרמים,640.00,100 גרם,false,1,26.90,4.20,true,1,
7290010116980,false,אבקת שוקולית שקית עלית 850 ג',הנסיך- מפעל לייצור ט,IL,שוקולית 850 גרם,גרמים,850.00,100 גרם,false,1,17.90,2.11,true,1,
7290010117857,false,דוריטוס חריף אש 55 ג' עלית,,IL,דוריטוס חריף אש 55 ג,גרמים,55.00,100 גרם,false,1,4.10,7.45,true,1,
7290010117864,false,דוריטוס בטעם חריף אש 70 גרם,שטראוס פריטו ליי (מל,IL,דוריטוס חריף אש 70,גרמים,70.00,100 גרם,false,1,3.60,5.14,true,1,
7290010124107,false,סטייקבורגר זהב 400 גר',בלדי,IL,סטייק בורגר 400 גרם,גרמים,400.00,100 גרם,false,1,20.90,5.23,true,1,
7290010124213,false,סינטה בקר דק דק אל מטאדור 250 ג',בלאדי,IL,סינטה בקר דק דק 250,גרמים,250.00,100 גרם,false,1,20.90,8.36,true,1,
7290010124503,false,שומן כבש מעובד ארוז בלדי 200גר,בלדי,IL,שומן כבש 200 גרם קפו,גרמים,200.00,100 גרם,false,1,13.50,6.75,true,1,
7290010129003,false,עוגיות אוזניים 600 גרם,קריניציה ויטמינה אס,IL,עוגיות אוזניים 600 ג,גרמים,600.00,100 גרם,false,1,19.40,3.23,true,1,
7290010129010,false,עוגיות ריבה 600 גרם,קריניציה ויטמינה אס,IL,עוגיות ריבה 600 גרם,גרמים,600.00,100 גרם,false,1,19.40,3.23,true,1,
7290010129027,false,עוגיות מרוקאיות 600 גרם,שיבולים א.ד.ל,IL,עוגיות מרוקאיות 600,גרמים,600.00,100 גרם,false,1,19.40,3.23,true,1,
7290010129041,false,עוגיות מלוחות 600 גרם,שיבולים א.ד.ל,IL,עוגיות מלוחות 600 גר,גרמים,600.00,100 גרם,false,1,19.40,3.23,true,1,
7290010129287,false,עוגיות שיבולת שועל -,שיבולים א.ד.ל,IL,עוגיות גרנולה 600 גר,גרמים,600.00,100 גרם,false,1,19.40,3.23,true,1,
7290010129324,false,עוגיות מעמול 600 גרם,שיבולים א.ד.ל,IL,עוגיות מעמול 600 גר,גרמים,600.00,100 גרם,false,1,19.40,3.23,true,1,
7290010129553,false,עוגיות רולדה תמרים 600 גרם,שיבולים א.ד.ל,IL,עוגיות רולדה תמרים 6,גרמים,600.00,100 גרם,false,1,19.40,3.23,true,1,
7290010129652,false,עוגיות לקפה דולצ'ה ו,שיבולים א.ד.ל,IL,עוגיות לקפה 350 גרם,גרמים,350.00,100 גרם,false,1,18.50,5.29,true,1,
7290010129942,false,עוגיות שמרים 500 גרם דולצה ויטה,שיבולים א.ד.ל,IL,עוגיות שמרים 500 גרם,גרמים,500.00,100 גרם,false,1,18.50,3.70,true,1,
7290010129959,false,עוגיות שמרים 400 גרם דולצה ויטה,שיבולים א.ד.ל,IL,עוגיות שמרים 400 גרם,גרמים,400.00,100 גרם,false,1,18.50,4.63,true,1,
7290010154005,false,סחוג תימני ירוק 250 ביטון,תבליני יוחאי ביטון,IL,סחוג תימני 250 גרם,גרמים,250.00,100 גרם,false,1,15.60,6.24,true,1,
7290010154012,false,לימון בלאדי - סלט לימון כבוש,תבליני יוחאי ביטון,IL,לימון כבוש 250 גרם,גרמים,250.00,100 גרם,false,1,15.60,6.24,true,1,
7290010154036,false,עמבה 250 ג' ביטון,תבליני יוחאי ביטון,IL,עמבה 250 גר,גרמים,250.00,100 גרם,false,1,15.60,6.24,true,1,
7290010154241,false,סלט חזרת ריף ביטון 250 ג',תבליני יוחאי ביטון,IL,סלט חזרת 250 גר,גרמים,250.00,100 גרם,false,1,15.60,6.24,true,1,
7290010154265,false,פלפל צ'ומה חריף פיקנטי,תבליני יוחאי ביטון,IL,פלפל צומה 250 גר,גרמים,250.00,100 גרם,false,1,15.60,6.24,true,1,
7290010154418,false,סחוג אדום ביטון 130 גר',תבליני יוחאי ביטון,IL,סחוג אדום 120 גר,גרמים,120.00,100 גרם,false,1,10.90,9.08,true,1,
7290010154425,false,סחוג ירוק ביטון 130 גר',תבליני יוחאי ביטון,IL,סחוג ירוק 120 גר,גרמים,120.00,100 גרם,false,1,10.90,9.08,true,1,
7290010154548,false,ממרח שום טבעי 225 גר' מעדני ביטון,תבליני יוחאי ביטון,IL,ממרח שום טבעי 250 גר,גרמים,250.00,100 גרם,false,1,15.60,6.24,true,1,
7290010154555,false,ממרח לימון כבוש 250 גר' מעדני ביטון,תבליני יוחאי ביטון,IL,ממרח לימון כבוש 250,גרמים,250.00,100 גרם,false,1,15.60,6.24,true,1,
7290010154678,false,אריסה מרוקאית ביטון 250 ג' ביטון,תבליני יוחאי ביטון,IL,אריסה מרוקאית 250 גר,גרמים,250.00,100 גרם,false,1,15.60,6.24,true,1,
7290010154685,false,סלט שום כתוש 250 ג' ביטון יוחאי,תבליני יוחאי ביטון,IL,סלט שום כתוש 250 גר,גרמים,250.00,100 גרם,false,1,15.60,6.24,true,1,
7290010154692,false,סחוג אדום ביטון 250ג',תבליני יוחאי ביטון,IL,סחוג אדום 250 גר,גרמים,250.00,100 גרם,false,1,15.60,6.24,true,1,
7290010161669,false,"אדם דאו ספריי לגבר פריימר 200 מ""ל",זוהר קוסמטיקס,IL,אדם דאו ספריי לגבר פ,יחידה,1.00,יחידה,false,1,15.90,15.90,true,1,
7290010163069,false,צנובר 100 גרם ששון הקולה,"דין שיווק וקלייה בע""",IL,צנובר 100 גרם ששון ו,גרמים,100.00,100 גרם,false,1,28.90,28.90,true,1,
7290010173174,false,"יין אלון 2019 750 מ""ל הרי גליל",יקב רמת הגולן,IL,"יין אלון 2019 750 מ""",Unknown,0.00,Unknown,false,1,49.90,49.90,true,1,
7290010173181,false,יין אלה הרי גליל 750 מל,יקב רמת הגולן,IL,יין אלה הרי גליל 75,Unknown,0.00,Unknown,false,1,62.90,62.90,true,1,
7290010188925,false,סט 4 חל סוטז 28סמ +,,,סט 4 חל סוטז 28סמ +,Unknown,0.00,Unknown,false,1,449.00,449.00,true,1,
7290010207411,false,Dry eye - טיפות עיניים להקלה במצבי יובש,נווה NAVEH,,טיפות לעיניים יבשות,Unknown,0.00,Unknown,false,1,49.90,49.90,true,1,
7290010207428,false,"NAVEH VISION IRRIT EYE טיפות עיניים 15 מ""ל",,,טיפות עיניים מגורות,Unknown,0.00,Unknown,false,1,49.90,49.90,true,1,
7290010207640,false,כמוסות מגנזיום וויטמינים.NT L.C,נווה NAVEH,,אנטילג קרמפס,Unknown,0.00,Unknown,false,1,59.90,59.90,true,1,
7290010207886,false,"מגנוקס תוסף מגנזיום במינון 520 מ""ג",Magnox,,מגנוקס,Unknown,0.00,Unknown,false,1,69.90,69.90,true,1,
7290010237685,false,"הייניקן בירה צואר ארוך 330מ""ל",טמפו משקאות בע''מ,IL,"בירה הייניקן 330 מ""ל",מיליליטרים,330.00,"100 מ""ל",false,1,9.90,3.00,true,1,
7290010237890,false,"בירה הייניקן בקבוק 500 מ""ל חוזר",טמפו משקאות בע''מ,IL,"בירה היינקן 500 מ""ל",מיליליטרים,500.00,"100 מ""ל",false,1,8.70,1.74,true,1,
7290010259359,false,וילי פוד נודלס אטר.ביצים להקפצה בדץ 200ג,פוג'יאן לונגהאי אנלי,CN,אטריות להקפצה רחבות,גרמים,200.00,100 גרם,false,0,4.50,2.25,true,1,
7290010259366,false,וילי פוד נודלס אטר.ביצים מסולסל בדץ 200ג,פוג'יאן לונגהאי אנלי,CN,אטריות להקפצה מסולסל,גרמים,200.00,100 גרם,false,1,4.50,2.25,true,1,
7290010259823,false,מנת השף מרק עם נודלס טעם עוף בדץ 70ג,נמצ'או(תאילנד) בעמ,TH,מרק עם נודלס טעם עוף,גרמים,70.00,100 גרם,false,1,5.70,8.14,true,1,
7290010259830,false,מרק עם נודלס סיני פיקנטי מנת השף 70 גר,נמצ'או(תאילנד) בעמ,TH,מרק עם נודלס סיני פי,גרמים,70.00,100 גרם,false,1,5.70,8.14,true,1,
7290010259977,false,שמן קנולה וילי פוד 1 ליטר,בונגי פולין אס.פי.זד,PL,שמן קנולה וילי פוד 1,מיליליטרים,1000.00,"100 מ""ל",false,1,10.90,1.09,true,1,
7290010287482,false,"יין אדום שקמה שני חצי יבש 750 מ""ל יקב שו",,IL,יין אדום שקמה שני חצ,Unknown,0.00,Unknown,false,1,54.90,54.90,true,1,
7290010294411,false,"פלסטר לכאבי גב, כאבי שרירים ודלקות פרקים",,,דראגון פורטה,Unknown,0.00,Unknown,false,1,17.00,17.00,true,1,
7290010294503,false,אקטיפלוס סבון מוצק,,,אקטיפלוס סבון מוצק,Unknown,0.00,Unknown,false,1,19.90,19.90,true,1,
7290010294589,false,פלסטר פלוס עוצר דימום,,,פלסטר פלוס,Unknown,0.00,Unknown,false,1,19.90,19.90,true,1,
7290010294978,false,"מזור ספריי לאף 100 מ""ל",,,מזור תרסיס לאף,Unknown,0.00,Unknown,false,1,52.00,52.00,true,1,
7290010296705,false,ממרח חרדל 150 גרם,,,ממרח חרדל 150 גרם,גרמים,150.00,100 גרם,false,1,8.90,5.93,true,1,
7290010296712,false,ממרח חזרת 150 גרם,,IL,ממרח חזרת 150 גרם,גרמים,150.00,100 גרם,false,1,8.90,5.93,true,1,
7290010304738,false,טחינה מעודנת ללא מלח טבעוני 500 גרם,,IL,טחינה מעודנת ללא מלח,גרמים,500.00,100 גרם,false,1,14.90,2.98,true,1,
7290010318162,false,זים קל מולטי אינזים (60) אלטמן,,,זים קל מולטי אינזים,Unknown,0.00,Unknown,false,1,72.90,72.90,true,1,
7290010318827,false,אלטמן - מגנזיום ציטראט קפליות 60 יח',,,מגנזיום ציטראט (60),Unknown,0.00,Unknown,false,1,59.90,59.90,true,1,
7290010318940,false,פרוטק תמצית- אכיניצאה ופרופוליס,אלטמן,,פרוטק תמצית (100) חס,Unknown,0.00,Unknown,false,1,104.90,104.90,true,1,
7290010328253,false,טחינה משומשום טבעי 500 גר מהדרין,"אחדות ביח""ר לטחינה ח",IL,אחווה טחינה משומשום,גרמים,500.00,100 גרם,false,1,14.90,2.98,true,1,
7290010328468,false,אחווה חטיפי מיני חלווה ב- 3 טעמים 18 יח,שוורצקוף& הנקל דיסלד,IL,אחווה חטיפי מיני חלו,גרמים,250.00,100 גרם,false,1,12.50,5.00,true,1,
7290010328727,false,ממרח טחינה עם שוקולד אחווה 400 ג',אחדות ביחר לטחינה חל,IL,ממרח טחינה עם שוקולד,גרמים,400.00,100 גרם,false,1,13.90,3.48,true,1,
7290010328734,false,ממרח טחינה עם סילאן משומשום מלא,אחדות ביחר לטחינה חל,IL,ממרח טחינה עם סילאן,גרמים,400.00,100 גרם,false,1,13.90,3.48,true,1,
7290010328819,false,"ממרח טחינה עם שוקולד לל""ס 400 ג' אחדות!.",אחדות ביחר לטחינה חל,IL,ממרח טחינה עם שוקולד,גרמים,400.00,100 גרם,false,1,13.90,3.48,true,1,
7290010362691,false,בלזם ירושלמי 100 מ`ל,,,בלזם ירושלמי 100 מ`ל,Unknown,0.00,Unknown,false,1,139.90,139.90,true,1,
7290010367009,false,שמנת גביע 500 גר,,,שמנת גביע 500 גר,גרמים,500.00,100 גרם,false,1,13.90,2.78,true,1,
7290010417162,false,יין גמלא ריזלינג לבן 750 מל,יקב רמת הגולן,,יין גמלא ריזלינג לבן,Unknown,0.00,Unknown,false,1,59.90,59.90,true,1,
7290010429554,false,"שמן זית כתית מעולה יד מרדכי 2 קלאסי, 750 מ""ל",מכוורת יד מרדכי שטרא,IL,שמן זית כתית מעולה 2,מיליליטרים,750.00,"100 מ""ל",false,1,33.90,4.52,true,1,
7290010471669,false,יוגורט תות עם קורנפלקס מצופה שוקולד ללא גלוטן 3.9%,"שטראוס בריאות בע""מ",IL,דנונה בר תות קורנפלק,גרמים,175.00,100 גרם,false,1,4.50,2.57,true,1,
7290010472307,false,מארז 8 יחידות משקה גמדים בטעם תות בננה,מיוצר עי קונדיטוריית,IL,מארז 8 גמדים שתיה,גרמים,800.00,100 גרם,false,1,20.80,2.60,true,1,
7290010472390,false,מארז 8 יחידות מעדן דני בטעם שוקולד 1.5%,מיוצר עי קונדיטוריית,IL,מארז 8 דני שוקולד,גרמים,1000.00,100 גרם,false,1,18.10,1.81,true,1,
7290010513703,false,צ'ופסטיקס צפצפה - 20 יחידות,גולין פנגזו,CN,צופסטיקס 20 יח חד פע,Unknown,0.00,Unknown,false,1,7.30,7.30,true,1,
7290010513727,false,פירורי לחם קינגדאו פנקו 200 גר,קינגדאו גוניון פודס,CN,פירורי לחם קינגדאו פ,גרמים,200.00,100 גרם,false,1,7.50,3.75,true,1,
7290010561643,false,"ברילי פירורי לחם לל""ג 250 גרם",אשבל מזון פונקציונלי,IL,"ברילי פירורי לחם לל""",גרמים,250.00,100 גרם,false,1,17.90,7.16,true,1,
7290010561728,false,ברילי שוקו קיטו 40 גרם,,,ברילי שוקו קיטו 40 ג,גרמים,40.00,100 גרם,false,1,11.90,29.75,true,1,
7290010613021,false,"ג'ל אסלות בתוספת חומץ טאצ' 750 מ""ל",,,גל אסלות בתוספת חומץ,Unknown,0.00,Unknown,false,1,10.90,10.90,true,1,
7290010613519,false,דלי מטליות לניקוי וחיטוי בניחוח מלון בוטיק טאצ' 400 מט',,,דלי מטליות לניקוי בנ,Unknown,0.00,Unknown,false,1,25.90,25.90,true,1,
7290010627004,false,טחינה גולמית מסורתית ירושלים 500 ג',"בראשית ירושלים בע""מ",IL,טחינה ירושלים 500 גר,גרמים,500.00,100 גרם,false,1,14.90,2.98,true,1,
7290010657681,false,פילה מקרל בשמן צמחי 125 ג קזבלנקה,קזבלנקה,,פילה מקרל בשמן צמחי,גרמים,125.00,100 גרם,false,1,11.90,9.52,true,1,
7290010676446,false,"פילה דג בסה מעובד קפוא 1 ק""ג",,,פילה דג בסה קפוא,קילוגרמים,0.00,"ק""ג",false,1,29.90,29.90,true,1,
7290010700424,false,גלוקו קר,,,גלוקו קר,Unknown,0.00,Unknown,false,1,92.90,92.90,true,1,
7290010700561,false,דטוקסיקר,,,דטוקסיקר,Unknown,0.00,Unknown,false,1,92.90,92.90,true,1,
7290010700875,false,תמצית נוטרי מיל-קיט,,,תמצית נוטרי מיל-קיט,Unknown,0.00,Unknown,false,1,49.90,49.90,true,1,
7290010701131,false,גפילטע פיש 450 גר,,,גפילטע פיש 450 גר,גרמים,450.00,100 גרם,false,1,26.90,5.98,true,1,
7290010701353,false,רגל קרושה 400 גר,,,רגל קרושה 400 גר,גרמים,400.00,100 גרם,false,1,27.90,6.98,true,1,
7290010701360,false,עוף קרוש 400 גר,,,עוף קרוש 400 גר,גרמים,400.00,100 גרם,false,1,27.90,6.98,true,1,
7290010701377,false,לשון בקר 400 גר,,,לשון בקר 400 גר,גרמים,400.00,100 גרם,false,1,27.90,6.98,true,1,
7290010701384,false,רגל קרושה מעורבת 400 גר,,,רגל קרושה מעורבת 400,גרמים,400.00,100 גרם,false,1,27.90,6.98,true,1,
7290010701391,false,ממרח כבד בקר 225 גרם,,IL,ממרח כבד בקר 225 גרם,גרמים,225.00,100 גרם,false,1,17.90,7.96,true,1,
7290010701407,false,ממרח כבד עוף 225 גרם,,IL,ממרח כבד עוף 225 גרם,גרמים,225.00,100 גרם,false,1,17.90,7.96,true,1,
7290010701568,false,"ביפ פרי ע""ב חלבון אפונה טבעוני 130 גרם",סאני פוד,IL,"ביפ פרי ע""ב חלבון אפ",גרמים,130.00,100 גרם,false,1,29.90,23.00,true,1,
7290010701575,false,"ציקן פרי ע""ב חלבון אפונה טבעוני 130 גרם",סאני פוד,IL,"ציקן פרי ע""ב חלבון א",גרמים,130.00,100 גרם,false,1,29.90,23.00,true,1,
7290010701698,false,רולדה עוף במשקל,,,רולדה עוף במשקל,Unknown,0.00,"ק""ג",true,0,63.00,63.00,true,1,
7290010701711,false,ממרח כבד ביתי נקניק 200 גרם,,,ממרח כבד ביתי נקניק,גרמים,200.00,100 גרם,false,1,12.90,6.45,true,1,
7290010701728,false,"פיש פרי ע""ב חלבון אפונה 140 גרם",,IL,"פיש פרי ע""ב חלבון אפ",גרמים,140.00,100 גרם,false,1,34.90,24.93,true,1,
7290010701919,false,פטה כבד צרפתי ביין לבן 180 גר,,,פטה כבד צרפתי ביין ל,גרמים,180.00,100 גרם,false,1,22.90,12.72,true,1,
7290010702671,false,תרסיס לגרון 30 מל,,,תרסיס לגרון 30 מל,Unknown,0.00,Unknown,false,1,39.90,39.90,true,1,
7290010766734,false,רוטב פיצה אוליביה אסם 430 ג',אוליביה,IL,רוטב פיצה אוליביה,גרמים,415.00,100 גרם,false,1,14.60,3.52,true,1,
7290010766949,false,ממרח תחתיות ארטישוק 180ג' אוליביה,אוליביה,IL,ממרח ארטישוק אוליביה,גרמים,190.00,100 גרם,false,1,13.90,7.32,true,1,
7290010815111,false,קרם לחות חוחובה לפנים,,,קרם לחות חוחובה לפני,Unknown,0.00,Unknown,false,1,44.90,44.90,true,1,
7290010838219,false,ממתיק על בסיס צמח הסטיביה - שקיות,תות ממתקי איכות,IL,סטיביה 100 שקיות 100,גרמים,100.00,100 גרם,false,1,29.90,29.90,true,1,
7290010838424,false,ג'ל לניקוי מתקדם בניחוח רענן - מארז זוג,"איטיליאן פוד, אס.פי.",NL,טואלט דאק נוזל אסלה,ליטרים,0.00,ליטר,false,1,24.90,24.90,true,1,
7290010931330,false,מטבוחה אחלה 500 גרם,מיוצר עי קונדיטוריית,IL,מטבוחה 500 גר,גרמים,500.00,100 גרם,false,1,14.60,2.92,true,1,
7290010945146,false,קוטג' 3% מועשר בסידן טרה 250 ג' מהדרין,טרה,IL,קוטג 3% מועשר 250 גר,גרמים,250.00,100 גרם,false,1,5.90,2.36,true,1,
7290010945450,false,גבינה לבנה 3% 250 גר מועשר בסידן וויטמין,טרה,IL,גבינה לבנה 3% 250 גר,גרמים,250.00,100 גרם,false,1,4.98,1.99,true,1,
7290010945481,false,גבינה לבנה 5% שומן 500 ג' טרה,טרה,IL,גבינה לבנה 5% 500 גר,גרמים,500.00,100 גרם,false,1,9.96,1.99,true,1,
7290010955039,false,יין בסגנון פורט רימונים 750 מל,,,יין בסגנון פורט רימו,Unknown,0.00,Unknown,false,1,119.90,119.90,true,1,
7290010965199,false,סוקולנטים בעציץ 9,,,סוקולנטים בעציץ 9,Unknown,0.00,Unknown,false,1,9.90,9.90,true,1,
7290010970179,false,דבש פרחי בר טעמים 350 גרם,,,דבש פרחי בר טעמים,גרמים,350.00,100 גרם,false,1,16.40,4.69,true,1,
7290010970186,false,דבש פרחי בר טעמים 1 קג,,,דבש פרחי בר טעמים 1,קילוגרמים,0.00,"ק""ג",false,1,49.50,49.50,true,1,
7290010970261,false,חומץ תפוחי עץ 500 מל,יושלם,IL,חומץ תפוחי עץ 500 מל,מיליליטרים,500.00,"100 מ""ל",false,1,14.90,2.98,true,1,
7290010970438,false,שמן זית כתית מעולה זן סורי 750 מל,,,שמן זית כתית מעולה,מיליליטרים,750.00,"100 מ""ל",false,1,41.80,5.57,true,1,
7290010970599,false,חומץ אורז 350 מל,,,חומץ אורז 350 מל,מיליליטרים,350.00,"100 מ""ל",false,1,12.40,3.54,true,1,
7290010970704,false,ממרח זיתים ירוקים 180 גרם,טעמים,,ממרח זיתים ירוקים 18,גרמים,180.00,100 גרם,false,1,13.90,7.72,true,1,
7290010970711,false,פסטו בזיליקום א-לה ג'נובזה,טעמים,IL,ממרח פסטו בזיליקום 1,גרמים,180.00,100 גרם,false,1,13.90,7.72,true,1,
7290010970735,false,ממרח ארטישוק 180 כאם,טעמים,,ממרח ארטישוק 180 גרם,גרמים,180.00,100 גרם,false,1,13.90,7.72,true,1,
7290010970742,false,ממרח פסטו פלפלים אמיתי 180 גרם,,,ממרח פסטו פלפלים אמי,גרמים,180.00,100 גרם,false,1,13.90,7.72,true,1,
7290010970766,false,"מי ורדים 250 מ""ל",,IL,"מי ורדים 250 מ""ל",מיליליטרים,250.00,"100 מ""ל",false,1,10.90,4.36,true,1,
7290010970773,false,סילאן תמרים 100% טבעי בקבוק לחיץ 350 גרם,,,סילאן תמרים 100% טבע,גרמים,350.00,100 גרם,false,1,13.50,3.86,true,1,
7290010970780,false,סילאן תמרים 100% טבעי 350 גרם,,,סילאן תמרים 100% טבע,גרמים,350.00,100 גרם,false,1,12.40,3.54,true,1,
7290011015862,false,"פריגת סירופ דיאט לימונענע 750 מ""ל",סירופ - גבעת חיים,IL,סירופ דיאט לימונענע,מיליליטרים,750.00,"100 מ""ל",false,1,22.90,3.05,true,1,
7290011017866,false,קוקה קולה קלאסי בפחית,החברה המרכזית לייצור,IL,"פחית סליק ק""ק 330 מ""",מיליליטרים,330.00,"100 מ""ל",false,1,5.40,1.64,true,1,
7290011017873,false,"קוקה קולה זירו פחית 330 מ""ל",החברה המרכזית לייצור,IL,פחית סליק זירו 330 מ,מיליליטרים,330.00,"100 מ""ל",false,1,5.40,1.64,true,1,
7290011017880,false,דיאט קוקה קולה פחית סליק 330מל,החברה המרכזית לייצור,IL,"פחית סליק ד. ק""ק 330",מיליליטרים,330.00,"100 מ""ל",false,1,5.40,1.64,true,1,
7290011018368,false,"שישיית בירה ויינשטפן 330 מ""ל","ויינשטפן, ת.ד 1155 פ",DE,שישיית בירה ויינשטפן,מיליליטרים,1980.00,"100 מ""ל",false,1,67.90,3.43,true,1,
7290011018443,false,"פנטה אורנג פחית סליק 330 מ""ל",החברה המרכזית לייצור,IL,סליק פאנטה אורנג 330,מיליליטרים,330.00,"100 מ""ל",false,1,5.40,1.64,true,1,
7290011064099,false,טאפס פלפלוני שרי ממולאים במעדן גבינה,"ניצן מותגי מזון בע""מ",IL,טאפס שכונתי 125 גר,גרמים,125.00,100 גרם,false,1,19.90,15.92,true,1,
7290011065430,false,צ'ילי מטחנה 50 גרם,,,צילי מטחנה 50 גרם,גרמים,50.00,100 גרם,false,1,17.90,35.80,true,1,
7290011070182,false,קלין רוקס 100 מל,,,קלין רוקס 100 מל,Unknown,0.00,Unknown,false,1,129.90,129.90,true,1,
7290011070205,false,מארז לניקוי כבד ודם,,,מארז לניקוי כבד ודם,Unknown,0.00,Unknown,false,1,154.90,154.90,true,1,
7290011070304,false,שמפו נטע לטיפול קרקפת 250 מ`ל,,,שמפו נטע לטיפול קרקפ,Unknown,0.00,Unknown,false,1,62.00,62.00,true,1,
7290011070366,false,זוג תחליב רחצה,,,זוג תחליב רחצה,Unknown,0.00,Unknown,false,1,109.90,109.90,true,1,
7290011070496,false,דיאטה,,,דיאטה,Unknown,0.00,Unknown,false,1,134.00,134.00,true,1,
7290011070540,false,סטופמין אין אלרגיק 50 מל,,,סטופמין אין אלרגיק 5,Unknown,0.00,Unknown,false,1,129.90,129.90,true,1,
7290011070601,false,חוסן פלוס שלישייה,,,חוסן פלוס שלישייה,Unknown,0.00,Unknown,false,1,154.90,154.90,true,1,
7290011081492,false,גלידה בטעם שלושה שוקולדים 1.33ל' קרמיסימו,"גלידת שטראוס בע""מ, ר",IL,קרמיסימו שלושה שוקול,ליטרים,0.00,ליטר,false,1,21.90,21.90,true,1,
7290011126452,false,חליטת קמומיל ונענע 25 שקיקים גן קסום,HIQ FOOD PRODUCTS,IL,חליטת קמומיל ונענע 2,Unknown,0.00,Unknown,false,1,18.90,18.90,true,1,
7290011126469,false,חליטת קמומיל ודבש 25 שקיקים גן קסום,HIQ FOOD PRODUCTS,IL,חליטת קמומיל ודבש 25,Unknown,0.00,Unknown,false,1,18.90,18.90,true,1,
7290011126940,false,תה ירוק ויסוצקי בתוספת מרווה 25 שקיקים,ויסוצקי ירוק,IL,תה ירוק ויסוצקי בתוס,Unknown,0.00,Unknown,false,1,24.90,24.90,true,1,
7290011126957,false,תה ירוק ויסוצקי ארל גריי 25 שקיקים,ויסוצקי ירוק,IL,תה ירוק ויסוצקי ארל,Unknown,0.00,Unknown,false,1,24.90,24.90,true,1,
7290011131371,false,מוזלי קראנצ'י שקדים ואגוזים,ויטליאה ניקולה דו,MK,מיזלי קראנץ אלמונ 1,גרמים,1000.00,100 גרם,false,1,22.90,2.29,true,1,
7290011132019,false,"בירה גולדסטאר בלאק רוסט בקבוק 330 מ""ל",טמפו,IL,בירה גולדסטאר בלאק ר,מיליליטרים,330.00,"100 מ""ל",false,1,6.50,1.97,true,1,
7290011132507,false,"סודה סן בנדטו מוגז עדין 500מ""ל",אקווה מינרלה סאן בנד,IT,סאן בנדטו מוגז 50 מל,מיליליטרים,500.00,"100 מ""ל",false,1,3.90,0.78,true,1,
7290011132552,false,רביעיית בירה פאולנר 330 מל בקבוק,פאולנר Paulaner,,רביעיית בירה פאולנר,ליטרים,0.00,ליטר,false,1,37.90,37.90,true,1,
7290011133368,false,בירה שנדי בתוספת משקה תפוח - שישייה,"טמפו משקאות בע""מ",IL,מארז מכבי שנדי תפוח,מיליליטרים,1980.00,"100 מ""ל",false,1,29.90,1.51,true,1,
7290011133375,false,בירה שנדי בתוספת משקה אפרסק - שישייה,"טמפו משקאות בע""מ",IL,מארז מכבי שנדי אפרסק,מיליליטרים,1980.00,"100 מ""ל",false,1,29.90,1.51,true,1,
7290011133498,false,"מכבי שנדי תפוח בקבוק בודד 330 מ""ל","טמפו משקאות בע""מ",IL,בירה מכבי שנדי תפוח,מיליליטרים,330.00,"100 מ""ל",false,1,5.90,1.79,true,1,
7290011133634,false,"פפסי מקס פחית צרה מארז שישייה 330 מ""ל","טמפו משקאות בע""מ",IL,שישייה פחיות פפסי מק,ליטרים,0.00,ליטר,false,1,19.50,19.50,true,1,
7290011142001,false,לחם שיפון בורודינסקי,,,לחם דואט 550 גר,גרמים,550.00,100 גרם,false,1,12.90,2.35,true,1,
7290011142018,false,לחם שיפון נבסקי 630גר,,,לחם שיפון נבסקי 630ג,גרמים,630.00,100 גרם,false,1,12.90,2.05,true,1,
7290011142025,false,לחם שיפון אוקראינסקי 630 גר,,,לחם שיפון אוקראינסקי,גרמים,630.00,100 גרם,false,1,12.90,2.05,true,1,
7290011142032,false,לחם שיפון בורודינסקי,,,לחם בורודינסקי 630 ג,גרמים,630.00,100 גרם,false,1,12.90,2.05,true,1,
7290011142049,false,לחם קל לבריאות 630 ג,,,לחם בריאות 650 גר,גרמים,650.00,100 גרם,false,1,12.90,1.98,true,1,
7290011142070,false,לחם שיפון אשדודי,,,לחם בטעמים 630 גר,גרמים,630.00,100 גרם,false,1,12.90,2.05,true,1,
7290011142148,false,שישיית לחמניות אצבע מאפיית דואט,,,מארז שישית לחמניות,גרמים,450.00,100 גרם,false,1,12.90,2.87,true,1,
7290011142193,false,לחמניות קלועות מתוקות עם צימוקים 400 גרם,,,4 לחמניות מתוקות,Unknown,0.00,Unknown,false,1,12.90,12.90,true,1,
7290011142315,false,פרנה מאורך רביעיה 550 גר,,IL,פרנה מאורך רביעיה 55,Unknown,0.00,Unknown,false,1,14.90,14.90,true,1,
7290011142322,false,פיתה בחבילה 10 יח',,,פיתה בחבילה 10 יח,Unknown,0.00,Unknown,false,1,14.90,14.90,true,1,
7290011142445,false,לחם כוסמין 620 גרם מאפיית דואט,אלון חברה ליצור שיוו,IL,לחם כוסמין 600 גר,גרמים,600.00,100 גרם,false,1,16.90,2.82,true,1,
7290011142513,false,לחם שיפון מיוחד 85% 750 גרי,,,לחם שיפון מיוחד 85%,גרמים,750.00,100 גרם,false,1,16.90,2.25,true,1,
7290011142551,false,לחם בתוספת גרעיני כוסמין וחיטה 750 גרם,אלון חברה ליצור שיוו,IL,לחם בתוספת גרעיני,גרמים,750.00,100 גרם,false,1,16.90,2.25,true,1,
7290011142650,false,לחם שיפון 100% 900 גרם מאפיית דואט,,IL,לחם 100% שיפון 900 ג,גרמים,900.00,100 גרם,false,1,17.90,1.99,true,1,
7290011142827,false,פיתה כוסמין 100% 10 יח' 500 גרם,,,פיתות כוסמין 8 יח,Unknown,0.00,Unknown,false,1,15.90,15.90,true,1,
7290011142834,false,פיתה חיטה מלאה 10 יח' 500 גרם,,,מארז פיתה קלה 10 יח,גרמים,500.00,100 גרם,false,1,15.90,3.18,true,1,
7290011148898,false,גבעולי ברוקולי משקל 400 גר,חקלאי,IL,גבעולי ברוקולי 400 ג,קילוגרמים,0.00,"ק""ג",false,1,14.90,14.90,true,1,
7290011148911,false,פלפלים מתוקים טינקרב,קוליוס,IL,פלפל טינקרבל,Unknown,0.00,Unknown,false,1,9.90,9.90,true,1,
7290011148935,false,מלפפון מיני ארוז,חקלאי,IL,מלפפון בייבי,Unknown,0.00,Unknown,false,1,12.90,12.90,true,1,
7290011166366,false,רול און אבן קריסטל לגבר,,,רול און אבן קריסטל ל,Unknown,0.00,Unknown,false,1,29.90,29.90,true,1,
7290011166755,false,סאן דאורדורנט אבן קריסטל ללא ריח,,,סאן דאורדורנט אבן קר,Unknown,0.00,Unknown,false,1,29.90,29.90,true,1,
7290011194215,false,מעדן גבינה ויוגורט בטעם בננה 5% שומן 88 ג' דניאלה,"שטראוס בריאות בע""מ",IL,דניאלה אננס 88 גרם,גרמים,88.00,100 גרם,false,1,3.90,4.43,true,1,
7290011194246,false,קוטג שטראוס 5% עם סידן 250ג,מיוצר עי קונדיטוריית,IL,קוטג 5% 250 גר,גרמים,250.00,100 גרם,false,1,5.90,2.36,true,1,
7290011218331,false,לקסין לייט 90 כמוסות,,,לקסין לייט 90 כמוסות,Unknown,0.00,Unknown,false,1,114.90,114.90,true,1,
7290011223038,false,עלים לקרמשניט - בונומי 300גרם,בונומי ס.פ.א,IT,עלים לקרמשניט 300 גר,גרמים,143.00,100 גרם,false,1,14.60,10.21,true,1,
7290011223045,false,בונומי בישקוטים 200 גרם,בונומי ס.פ.א,IT,ביסקוטים 200 גר,גרמים,200.00,100 גרם,false,1,6.20,3.10,true,1,
7290011223243,false,"טואלט דאק ג'ל לאסלה בניחוח לבנדר 55 מ""ל","איטיליאן פוד, אס.פי.",IT,טואלט דאק גל אסלה ני,Unknown,0.00,Unknown,false,1,11.40,11.40,true,1,
7290011235024,false,רוזמרין ארוז,חקלאי,IL,רוזמרין,Unknown,0.00,Unknown,false,1,5.90,5.90,true,1,
7290011235031,false,בזיליקום,,,רוקולה,Unknown,0.00,Unknown,false,1,5.90,5.90,true,1,
7290011235055,false,בזיליקום,יבולי הבשור,IL,בזיליקום,Unknown,0.00,Unknown,false,1,5.90,5.90,true,1,
7290011235062,false,עירית,חקלאי,IL,עירית,Unknown,0.00,Unknown,false,1,5.90,5.90,true,1,
7290011235079,false,קורנית (טימין),חקלאי,IL,קורנית,Unknown,0.00,Unknown,false,1,5.90,5.90,true,1,
7290011235093,false,אורגנו ארוז,יבולי הבשור,,טרגון,Unknown,0.00,Unknown,false,1,3.99,3.99,true,1,
7290011235147,false,חמוציות ארוז,יבולי הבשור,IL,חמציץ ארוז,Unknown,0.00,Unknown,false,1,9.90,9.90,true,1,
7290011249212,false,וופל עלמה בלגי לימון 200 גר' ללא סוכר,"גילרו בע""מ",IL,עלמה וופל קראנץ לימו,גרמים,200.00,100 גרם,false,1,3.90,1.95,true,1,
7290011249250,false,גילרו גביעי גלידה אמריקאית 24יח,"גילרו בע""מ",IL,גביעי גלידה 24 יח אמ,גרמים,200.00,100 גרם,false,1,11.90,5.95,true,1,
7290011249748,false,רולים גלילי ופל במילוי קרם שוקולד 100 ג' עלמה,"גילרו בע""מ",IL,רולים שוקו 100 גר,גרמים,100.00,100 גרם,false,1,3.90,3.90,true,1,
7290011249755,false,רולים גלילי ופל במילוי קרם אגוזים 100 ג' עלמה,"גילרו בע""מ",IL,רולים אגוזים 100 גר,גרמים,100.00,100 גרם,false,1,3.90,3.90,true,1,
7290011291914,false,פרומאס גיינר 500 גרם,,,פרומאס גיינר 500 גרם,גרמים,500.00,100 גרם,false,1,89.90,17.98,true,1,
7290011291921,false,ווי אקסטרים 600 גר`,,,ווי אקסטרים 600 גר`,Unknown,0.00,Unknown,false,1,119.90,119.90,true,1,
7290011343064,false,"שמן זית סורי 750 מ""ל",,,"שמן זית סורי 750 מ""ל",מיליליטרים,750.00,"100 מ""ל",false,1,55.50,7.40,true,1,
7290011343170,false,שמן זית פיקואל גשור 750 מל,,,שמן זית פיקואל גשור,מיליליטרים,750.00,"100 מ""ל",false,1,55.50,7.40,true,1,
7290011343187,false,שמן זית קורטינה ארץ גשור 750 מל,,,שמן זית קורטינה ארץ,מיליליטרים,750.00,"100 מ""ל",false,1,55.50,7.40,true,1,
7290011378028,false,חלבה קלאסית בטעם וניל ללא תוספת סוכר,רושדי תעשיות מזון בע,IL,חלבה משומשום מלא,גרמים,350.00,100 גרם,false,1,17.30,4.94,true,1,
7290011415167,false,"שמן למון גראס מסיק/גרינלייף 10 מ""ל",,,שמן למון גראס מסיק/ג,מיליליטרים,10.00,"100 מ""ל",false,1,19.90,199.00,true,1,
7290011415181,false,"שמן לבנדר מסיק/גרינלייף 10 מ""ל",,,שמן לבנדר מסיק/גרינל,מיליליטרים,10.00,"100 מ""ל",false,1,24.90,249.00,true,1,
7290011415198,false,"שמן עץ התה מסיק/גרינלייף 10 מ""ל",,,שמן עץ התה מסיק/גרינ,מיליליטרים,10.00,"100 מ""ל",false,1,29.90,299.00,true,1,
7290011415563,false,"שמן שקדים מסיק 120 מ""ל",,,שמן שקדים מסיק 120 מ,מיליליטרים,120.00,"100 מ""ל",false,1,19.90,16.58,true,1,
7290011415716,false,"שמן שקדים מסיק/גרינלייף 500 מ""ל",,,שמן שקדים מסיק/גרינל,מיליליטרים,500.00,"100 מ""ל",false,1,44.90,8.98,true,1,
7290011418076,false,תילקס לימונענע 40 שק,,,לקסי תה לימון,Unknown,0.00,Unknown,false,1,35.90,35.90,true,1,
7290011418144,false,תה נטרואל דיאט קלאסי,,,תה נטרואל דיאט קלאסי,Unknown,0.00,Unknown,false,1,62.90,62.90,true,1,
7290011418151,false,תה נטרואל דיאט לימון,,,תה נטרואל דיאט לימון,Unknown,0.00,Unknown,false,1,62.90,62.90,true,1,
7290011438142,false,"משקה יטבתה אייס קפה בבקבוק אישי 350 מ""ל",שטראוס גרופ,IL,משקה חלב בטעם קפה,מיליליטרים,350.00,"100 מ""ל",false,1,6.90,1.97,true,1,
7290011447267,false,מטרנה פרימיום חלבי שלב 1 700 גרם חיסכון,מטרנה תעשיות ש.מ,IL,מטרנה פרימיום חלבי ש,גרמים,700.00,100 גרם,false,1,49.90,7.13,true,1,
7290011447281,false,מטרנה פרימיום חלבי שלב 2 700 גרם חיסכון,מטרנה תעשיות ש.מ,IL,מטרנה פרימיום חלבי ש,גרמים,700.00,100 גרם,false,1,49.90,7.13,true,1,
7290011447304,false,מטרנה פרימיום חלבי שלב 3 700 גרם חיסכון,מטרנה תעשיות ש.מ,IL,מטרנה פרימיום חלבי ש,גרמים,700.00,100 גרם,false,1,49.90,7.13,true,1,
7290011447748,false,"סופר-קט בטעם אוקיאנוס וטונה 3 ק""ג",מעברות,IL,סופר קט מזון לחתולים,קילוגרמים,0.00,"ק""ג",false,1,49.90,49.90,true,1,
7290011447908,false,"סופר-קט בטעם עוף כבד 3 ק""ג",מעברות,IL,סופר קט מזון לחתולים,קילוגרמים,0.00,"ק""ג",false,1,49.90,49.90,true,1,
7290011473006,false,קינואה אורגנית תבואו,תבואות,BO,קינואה אורגנית 500 ג,גרמים,500.00,100 גרם,false,1,16.70,3.34,true,1,
7290011473082,false,אורז בסמטי מלא אורגני 500 גר,תבואות,IN,אורז בסמטי מלא אורגנ,גרמים,500.00,100 גרם,false,1,12.90,2.58,true,1,
7290011473129,false,גרעיני חמניות קלוף אורגני 300 גרם,אורז ע'י,CN,גרעיני חמניות קלוף א,גרמים,300.00,100 גרם,false,1,11.90,3.97,true,1,
7290011473143,false,קוסקוס אורגני 500 גרם,תבואות,,קוסקוס אורגני 500 גר,גרמים,500.00,100 גרם,false,1,13.90,2.78,true,1,
7290011473204,false,עדשים ירוקים אורגני 500 גרם,ארוז ע' תבואות,TR,עדשים ירוקים אורגני,גרמים,500.00,100 גרם,false,1,12.90,2.58,true,1,
7290011473211,false,עדשים אדומים אורגני 500 גרם,אורז ע'י,CN,עדשים אדומים אורגני,גרמים,500.00,100 גרם,false,1,13.50,2.70,true,1,
7290011473242,false,פשתן זרעים אורגני 500 גרם,ארוז ע' תבואות,US,פשתן זרעים אורגני 50,גרמים,500.00,100 גרם,false,1,11.50,2.30,true,1,
7290011473372,false,אבקת חרובים אורגני 500 גרם,,,אבקת חרובים אורגני 5,גרמים,500.00,100 גרם,false,1,18.90,3.78,true,1,
7290011473396,false,חיטת כוסמין אורגנית 500 גרם תבואות,תבואות,,חיטת כוסמין אורגנית,גרמים,500.00,100 גרם,false,1,9.90,1.98,true,1,
7290011473433,false,תבואת בר כוסמת אורגנ,אורז ע'י,CN,כוסמת אורגנית 500 גר,גרמים,500.00,100 גרם,false,1,11.40,2.28,true,1,
7290011473464,false,סובין שיבולת שועל אורגנית,אורז ע'י,GB,סובין ש. שועל אורגני,גרמים,400.00,100 גרם,false,1,13.90,3.48,true,1,
7290011473495,false,שמרי בירה-פתיתים טבעי 200 גר,תבואות,,שמרי בירה-פתיתים טבע,גרמים,200.00,100 גרם,false,1,22.90,11.45,true,1,
7290011473563,false,פולי קקאו שלמים אורגני 200 גרם,,,פולי קקאו שלמים אורג,גרמים,200.00,100 גרם,false,1,20.90,10.45,true,1,
7290011473600,false,מלח הימליה דק 500 גר תבואות,תבואות,,מלח הימליה דק 500 גר,גרמים,500.00,100 גרם,false,1,15.90,3.18,true,1,
7290011473655,false,"סוכר קנים אורגני 1 ק""ג",ארוז ע' תבואות,BR,סוכר קנים אורגני 1 ק,גרמים,1000.00,100 גרם,false,1,10.90,1.09,true,1,
7290011473709,false,"קינואה אורגנית 1 ק""ג",,,"קינואה אורגנית 1 ק""ג",גרמים,1000.00,100 גרם,false,1,27.90,2.79,true,1,
7290011473778,false,משמש אורגני 250 גר,תבואות,TR,משמש אורגני 250 גר,גרמים,250.00,100 גרם,false,1,17.90,7.16,true,1,
7290011473860,false,שמרי בירה-אבקה טבעי 250 גר,תבואות,FR,שמרי בירה-אבקה טבעי,גרמים,250.00,100 גרם,false,1,23.50,9.40,true,1,
7290011473921,false,סובין שיבולת שועל טבעי 500 גרם,תבואות,,סובין שיבולת שועל טב,גרמים,500.00,100 גרם,false,1,12.90,2.58,true,1,
7290011473969,false,קינואה טריו אורגנית 500 גרם,תבואות,BO,קינואה טריו אורגנית,גרמים,500.00,100 גרם,false,1,23.50,4.70,true,1,
7290011474003,false,שמן קוקוס אורגני כתית 300 גר תבואות,אדמג'י לוקמנג'י,,שמן קוקוס אורגני כתי,גרמים,1000.00,100 גרם,false,1,19.90,1.99,true,1,
7290011474010,false,"קמח כוסמין לבן טבעי 1 ק""ג תבואות",תבואות,IT,קמח כוסמין לבן טבעי,קילוגרמים,0.00,"ק""ג",false,1,16.90,16.90,true,1,
7290011474065,false,"קמח כוסמין מלא אורגני 1 ק""ג תבואות",,,קמח כוסמין מלא אורגנ,קילוגרמים,0.00,"ק""ג",false,1,21.50,21.50,true,1,
7290011474072,false,פוזילי כוסמין אורגני 500 גר,תבואות,,פוזילי כוסמין אורגני,גרמים,500.00,100 גרם,false,1,20.90,4.18,true,1,
7290011474102,false,תערובת קטניות אורגנית למרק 500 גרם,גולי בגמברו,IL,תערובת קטניות אורגני,גרמים,500.00,100 גרם,false,1,16.90,3.38,true,1,
7290011474256,false,מלח הימליה גס שקית 1 קילו תבואות,תבואות,,מלח הימליה גס שקית 1,גרמים,1000.00,100 גרם,false,1,15.90,1.59,true,1,
7290011474324,false,חמוציות אורגניות 170 גר,,,חמוציות אורגניות 170,גרמים,170.00,100 גרם,false,1,24.90,14.65,true,1,
7290011474331,false,"קמח כוסמין מלא טבעי 1 ק""ג תבואות",תבואות,,קמח כוסמין מלא טבעי,גרמים,1000.00,100 גרם,false,1,14.90,1.49,true,1,
7290011474386,false,קוואקר אורגני דק 500 גרם,תבואות,,קוואקר אורגני דק 500,גרמים,500.00,100 גרם,false,1,10.40,2.08,true,1,
7290011474447,false,קוואקר עבה טבעי 500 גרם תבאות,תבואות,,קוואקר עבה טבעי 500,גרמים,500.00,100 גרם,false,1,7.50,1.50,true,1,
7290011474591,false,פנה כוסמין מלא אורגני 500 גרם,,,פנה כוסמין מלא אורגנ,גרמים,500.00,100 גרם,false,1,19.90,3.98,true,1,
7290011474683,false,מגידרה קינואה אורגנית 500 גרם תבואות,תבואות,IL,מגידרה קינואה אורגני,גרמים,500.00,100 גרם,false,1,21.90,4.38,true,1,
7290011482138,false,"מי זוהר 250 מ""ל",לבריאות,,מי זהר 250 מל,מיליליטרים,250.00,"100 מ""ל",false,1,14.90,5.96,true,1,
7290011498221,false,גרוסליין - סילאן טבעי 900 גרם,אלמנדוס,IL,סילאן תמרים טבעי 900,גרמים,900.00,100 גרם,false,1,19.90,2.21,true,1,
7290011498283,false,אגוזי אדמה חמאה בוטנים 700 גר,,,אגוזי אדמה חמאה בוטנ,גרמים,700.00,100 גרם,false,1,26.50,3.79,true,1,
7290011498368,false,חמאת פיסטוק 200 גרם,,,חמאת פיסטוק 200 גרם,גרמים,200.00,100 גרם,false,1,45.90,22.95,true,1,
7290011498405,false,שמן קוקוס 100% 350 מל,,,שמן קוקוס 100% 350 מ,מיליליטרים,350.00,"100 מ""ל",false,1,21.90,6.26,true,1,
7290011498580,false,מרציפן אורגני 200 גר שקד תבור,,,מרציפן אורגני 200 גר,גרמים,200.00,100 גרם,false,1,26.90,13.45,true,1,
7290011498870,false,חטיף תמרים במילוי חמאת שקדים 150 גרם,"אלמנדוס בע""מ",IL,חטיף תמרים במילוי חמ,גרמים,150.00,100 גרם,false,1,16.70,11.13,true,1,
7290011498887,false,חטיף תמרים במילוי חמאת קוקוס 150 גרם,"אלמנדוס בע""מ",IL,חטיף תמרים במילוי חמ,גרמים,150.00,100 גרם,false,1,16.70,11.13,true,1,
7290011498894,false,חטיף תמרים במילוי חמאת בוטנים 150 גרם,אלמנדוס,IL,חטיף תמרים במילוי חמ,גרמים,150.00,100 גרם,false,1,16.70,11.13,true,1,
7290011498900,false,חטיף תמר במילוי חמאת שקד מצופה 150 גרם,"אלמנדוס בע""מ",IL,חטיף תמר במילוי חמאת,גרמים,150.00,100 גרם,false,1,18.80,12.53,true,1,
7290011498948,false,חטיף תמרים בציפוי שוקולד 150 גרם,"אלמנדוס בע""מ",IL,חטיף תמרים בציפוי שו,גרמים,150.00,100 גרם,false,1,18.80,12.53,true,1,
7290011498955,false,חמאת בוטנים 300 גרם,אלמנדוס,IL,אגוזי אדמה 300 גרם,גרמים,300.00,100 גרם,false,1,13.50,4.50,true,1,
7290011498962,false,ממרח שקד לבן תבור 3,"אלמונדס בע""מ",IL,שקד לבן 300 גרם,גרמים,300.00,100 גרם,false,1,34.50,11.50,true,1,
7290011499051,false,פטה כבשים מסורתית 20% בגביע 250 גרם - רובין,MKN עבור מחלבות גד ב,IL,פטה כבשים מסורתית 2,גרמים,250.00,100 גרם,false,1,26.90,10.76,true,1,
7290011499105,false,בולגרית מסורתית 5% 250 גרם -רבנות,ג'נרל מילס סאן אדריא,IL,בולגרית 5% 250גר,גרמים,250.00,100 גרם,false,1,24.20,9.68,true,1,
7290011499112,false,בולגרית מסורתית 16% 250 גרם - רבנות,"מיוצר ע""י dsh",IL,בולגרית 16% 250גר,גרמים,250.00,100 גרם,false,1,25.30,10.12,true,1,
7290011499129,false,בולגרית מעודנת קוביות קטנות 5% 200 גרם - רבנות,קוד יצרן DSH,IL,קוביות בולגרית מעודנ,גרמים,200.00,100 גרם,false,1,22.40,11.20,true,1,
7290011499303,false,פטה עיזים מעודנת 5% בגביע 250 גרם - רבנות,ג'נרל מילס סאן אדריא,IL,גבינה בולגרית מעודנת,גרמים,250.00,100 גרם,false,1,31.80,12.72,true,1,
7290011499327,false,גבינה בולגרית מעודנת 5% 250 גרם - רבנות,מיוצר על ידי DSH עבו,IL,גבינה בולגרית מעודנת,גרמים,250.00,100 גרם,false,1,24.40,9.76,true,1,
7290011499341,false,קשקבל בוואקום 26% 200 גרם - רבנות,הנסיך- מפעל לייצור ט,IL,קשקאבל ארוז 200 גר,גרמים,200.00,100 גרם,false,1,26.70,13.35,true,1,
7290011499358,false,פטה עיזים מסורתית 20% בגביע 200 גרם - רובין,מיוצר על ידי קוד יצר,IL,גבינת פטה עיזים 200,גרמים,200.00,100 גרם,false,1,27.80,13.90,true,1,
7290011499365,false,גבינה חלומי נענע גד,"מחלבות גד בע""מ",IL,גבינת חלומי 200 גר,גרמים,200.00,100 גרם,false,1,22.40,11.20,true,1,
7290011499419,false,גבינה במרקם שמנת בטעם טבעי 5% ניו יורק,מחלבות גד,IL,גבינה במרקם שמנת 5%,גרמים,200.00,100 גרם,false,1,11.40,5.70,true,1,
7290011499525,false,גד לאבנה דרוזית 9% 500 ג',מחלבות גד בעמ,IL,לאבנה 500גר 9%,גרמים,500.00,100 גרם,false,1,21.90,4.38,true,1,
7290011499624,false,שמנת 30% ניו יורק טבעי 200 גרם רבנות,מחלבות גד,IL,גבינת שמנת 30% טבעי,גרמים,200.00,100 גרם,false,1,12.50,6.25,true,1,
7290011499846,false,גבינת ריקוטה פרסקה 9% 300 ג' גד,מחלבות גד בעמ,IL,ריקוטה פרסקה 9% 300,גרמים,150.00,100 גרם,false,1,19.30,12.87,true,1,
7290011499853,false,גבינת שמנת עם זיתים 30% ניו יורק,מחלבות גד (שיווק 199,IL,גבינת שמנת זיתים 30%,גרמים,200.00,100 גרם,false,1,12.50,6.25,true,1,
7290011501563,false,נקטר חמוציות דין שיו,,,מיץ חמוציות 1.89 ליט,ליטרים,0.00,ליטר,false,1,16.90,16.90,true,1,
7290011501617,false,חמוציות ברכז תפוחים ללא תוספת סוכר 250 גרם,אף.סי תבליני בגליל ב,IL,חמוציות תפוחים ללא ס,גרמים,250.00,100 גרם,false,1,19.70,7.88,true,1,
7290011502850,false,דלישס מיזלי עם פירות 500גר,"דין שיווק וקלייה בע""",IL,מיזלי פירות 500 גר,גרמים,500.00,100 גרם,false,1,14.90,2.98,true,1,
7290011502867,false,דלישס גרנולה במבחר אגוזים 500גר,"דין שיווק וקלייה בע""",IL,גרנולה אגוזים 500 גר,גרמים,500.00,100 גרם,false,1,14.90,2.98,true,1,
7290011515683,false,מעדן קפוא אקסטרים Extreme בטעם וניל - 6 יח',תות תעשיות מזון (201,IL,מאגדת אקסטרים וניל,גרמים,432.00,100 גרם,false,1,33.90,7.85,true,1,
7290011515911,false,שלגונים מופחתי קלוריות בטעם ריבת חלב - 6 יח',גלידות נסטלה (נגה גל,IL,מאגדת לייט ריבת חלב,Unknown,0.00,Unknown,false,1,29.90,29.90,true,1,
7290011518561,false,"אקטימל תות משפחתי מארז 14X100מ""ל",מיוצר עי קונדיטוריית,IL,אקטימל תות מארז משפח,ליטרים,0.00,ליטר,false,1,28.90,28.90,true,1,
7290011530358,false,שייק איט 450 גרם friday מיקס פירות קפוא,"הבו-קדו בע""מ",IL,שייק איט 450 גרם,גרמים,450.00,100 גרם,false,1,31.50,7.00,true,1,
7290011530488,false,שייק איט 450 גר saturday מיקס פירות קפוא,"הבו-קדו בע""מ",IL,שייק איט 450 גר satu,גרמים,450.00,100 גרם,false,1,31.50,7.00,true,1,
7290011530525,false,מיקס פירות קפואים שייק איט צהוב - 3*150 ג',"הבו-קדו בע""מ",IL,שייק איט 450 גרם,גרמים,450.00,100 גרם,false,1,31.50,7.00,true,1,
7290011530532,false,מיקס פירות קפואים שייק איט ירוק - 3*150 ג',"הבו-קדו בע""מ",IL,שייק איט 450 גרם,גרמים,450.00,100 גרם,false,1,31.50,7.00,true,1,
7290011530549,false,מיקס פירות קפואים שייק איט ורוד - 3*150 ג',"הבו-קדו בע""מ",IL,שייק איט 450 גרם,גרמים,450.00,100 גרם,false,1,31.50,7.00,true,1,
7290011530945,false,קרפציו עגל 210 גרם קפוא,בלדי,IL,קרפציו עגל 210 גרם,גרמים,210.00,100 גרם,false,1,39.90,19.00,true,1,
7290011552381,false,סבון רחצה נוזלי לבנדר אורגני 500,,IL,סבון רחצה נוזלי לבנד,מיליליטרים,500.00,"100 מ""ל",false,1,31.90,6.38,true,1,
7290011552404,false,סבון רחצה נוזלי וניל פטשולי אורגני 500,,IL,סבון רחצה נוזלי וניל,מיליליטרים,500.00,"100 מ""ל",false,1,31.90,6.38,true,1,
7290011552435,false,"שמן אורגנו 82% קרבקול 50 מ""ל",,IL,שמן אורגנו 82% קרבקו,מיליליטרים,50.00,"100 מ""ל",false,1,119.90,239.80,true,1,
7290011570088,false,ממרח ריבת חלב לייט ללא תוספת סוכר,קרלו,IL,"ריבת חלב ללת""ס 450 ג",גרמים,450.00,100 גרם,false,1,23.90,5.31,true,1,
7290011570781,false,תערובת להכנת עוגה בטעם וניל ללא גלוטן,אשבל -מזון פונקציונל,IL,קמח כרגיל בטעם וניל,גרמים,450.00,100 גרם,false,1,19.90,4.42,true,1,
7290011570798,false,תערובת להכנת עוגה בטעם שוקולד ללא גלוטן,אשבל -מזון פונקציונל,IL,קמח כרגיל בטעם שוקול,גרמים,450.00,100 גרם,false,1,19.90,4.42,true,1,
7290011585198,false,כיסונים במילוי בשר 1400 גרם,,IL,כיסונים השף במילוי,גרמים,1400.00,100 גרם,false,1,49.90,3.56,true,1,
7290011585228,false,כיסונים במילוי בשר 1500 גרם,,IL,כיסונים במילוי בשר 1,גרמים,1500.00,100 גרם,false,1,41.90,2.79,true,1,
7290011585235,false,מיני ציבורקי 600 גרם,,IL,מיני ציבורקי 600 גרם,גרמים,600.00,100 גרם,false,1,31.90,5.32,true,1,
7290011585242,false,ציבורקי במילוי בשר וירק 600 גרם,,IL,ציבורקי במילוי בשר,גרמים,600.00,100 גרם,false,1,31.90,5.32,true,1,
7290011585723,false,כיסונים ביתי במילוי בשר 900 גרם,,IL,כיסונים ביתי במילוי,גרמים,900.00,100 גרם,false,1,31.90,3.54,true,1,
7290011585754,false,כיסונים סיבירסקי במילוי בשר 900 גרם,,IL,כיסונים סיבירסקי במי,גרמים,900.00,100 גרם,false,1,31.90,3.54,true,1,
7290011585778,false,"קרפלך במילוי תפו""א 700 גרם",,IL,"קרפלך במילוי תפו""א 7",גרמים,700.00,100 גרם,false,1,21.90,3.13,true,1,
7290011585785,false,ציבורקי קלאסי 600 גרם,,IL,ציבורקי קלאסי 600 גר,גרמים,600.00,100 גרם,false,1,31.90,5.32,true,1,
7290011585815,false,מאפה (פירושקי) במילוי בשר 600 גרם,,IL,מאפה (פירושקי) במילו,גרמים,600.00,100 גרם,false,1,31.90,5.32,true,1,
7290011585853,false,בלינצס במילוי בשר 600 גרם,,IL,בלינצס במילוי בשר 60,גרמים,600.00,100 גרם,false,1,31.90,5.32,true,1,
7290011585914,false,"בצק עלים 1 ק""ג",,,"בצק עלים 1 ק""ג",גרמים,1000.00,100 גרם,false,1,21.90,2.19,true,1,
7290011587079,false,חרדל דיז'ון גרגירים 370 ג' PICCATA,,IL,חרדל דיזון גרגירים 3,גרמים,370.00,100 גרם,false,1,11.40,3.08,true,1,
7290011587093,false,תירס גמדי תומר 400 ג,איידונג יוזו,IL,תירס גמדי 400 גרם,גרמים,400.00,100 גרם,false,1,6.20,1.55,true,1,
7290011587123,false,קרם קוקוס תומר 400 מ,,IL,קרם קוקוס 400 גר,גרמים,400.00,100 גרם,false,1,8.90,2.23,true,1,
7290011587307,false,תחתיות ארטישוק 400 גר',Egyptian spanish co,EG,ארטישוק תחתיות,גרמים,400.00,100 גרם,false,1,12.40,3.10,true,1,
7290011587444,false,מוזלי קראנצ'י בתוספת 35% פירות,Vitalia nikola ltd,MK,מוזלי קראנצ פרות 600,מיליליטרים,600.00,"100 מ""ל",false,1,15.60,2.60,true,1,
7290011587451,false,גרנולה בתוספת פירות ואגוזים,ויטליה,IL,גרנולה פירות 600 גר,גרמים,600.00,100 גרם,false,1,15.60,2.60,true,1,
7290011587598,false,שימורי אנשובי בפח 45 ג' תומר,אינוורסיונס פריסקו,IL,פילה אנשובי 45 גרם,גרמים,45.00,100 גרם,false,1,6.90,15.33,true,1,
7290011587642,false,מקרל עם פלפל חריף בשמן חמניות,תומר,,מקרל מרוקאי חריף 125,גרמים,125.00,100 גרם,false,1,7.90,6.32,true,1,
7290011587758,false,אטריות נודלס דק 200 גר' -תומר,אופאל,CN,נודלס דק 200 גר,גרמים,200.00,100 גרם,false,1,4.50,2.25,true,1,
7290011587826,false,חרדל דיז'ון תומר 370ג',,,חרדל דיזון 370 גרם,גרמים,370.00,100 גרם,false,1,11.40,3.08,true,1,
7290011587857,false,עגבניות מיובשות בשמן חמניות ועשבי תיבול,יושלם,IL,עגבניות מיובשות מתוב,גרמים,250.00,100 גרם,false,1,11.70,4.68,true,1,
7290011587956,false,רוטב צ'ילי מתוק 700 ג' תומר,,,רוטב צילי מתוק 700 מ,מיליליטרים,700.00,"100 מ""ל",false,1,12.90,1.84,true,1,
7290011598259,false,"סנו - פרש מילוי למטהר אוויר מאסק 250 מ""ל",סנו מפעלי ברונוס בעמ,IL,סנו פרש אוטומטיק מיל,מיליליטרים,250.00,"100 מ""ל",false,1,14.90,5.96,true,1,
7290011598457,false,ניירטואלט לבן סנו סופט 48 יח',מפעלי ברונוס בעמ,IL,נייר טואלט סופט לבן,מטרים,882.00,מטר,false,1,47.90,0.05,true,1,
7290011615260,false,"טורטייה 20 ס""מ קוטר וילי פוד 540 גר",מוטלוקל גידה סאנאי ט,TR,"טורטייה 20 ס""מ קוטר",גרמים,540.00,100 גרם,false,1,9.90,1.83,true,1,
7290011615406,false,בולגרית בקוביות בשמן ותבלינים הבולגריה 325 ג' קוליוס,"קוליוס אס. איי, גריק",GR,הבולגריה בקוביות שמן,גרמים,325.00,100 גרם,false,1,17.90,5.51,true,1,
7290011618025,false,חטיף אורז אפוי לתינוקות בטעם טבעי +6,גואנז'ו יונג וואנט פ,CN,נגיסי אורז לתינוק 50,גרמים,50.00,100 גרם,false,1,14.40,28.80,true,1,
7290011618124,false,חטיף אורז אפוי לתינוקות בטעם ירקות +6,גואנז'ו יונג וואנט פ,CN,בייבי ביס בטעם ירקות,גרמים,50.00,100 גרם,false,1,14.40,28.80,true,1,
7290011622756,false,ביסקוויטמינים פלוס שוקו 150 גר,,,ביסקוויטמינים פלוס ש,גרמים,150.00,100 גרם,false,1,14.90,9.93,true,1,
7290011622763,false,ביסקוויטמינים פלוס וניל 150 גר,מולינו ניקולי s.p.a,IL,ביסקוויטמינים פלוס ו,גרמים,150.00,100 גרם,false,1,14.90,9.93,true,1,
7290011622817,false,חטיף דגנים במילוי קר,אשבול,IL,ביסונים בטעם שוקולד,Unknown,0.00,Unknown,false,1,17.90,17.90,true,1,
7290011644000,false,מקלות תירס ממותקים 80 גרם,סנקי,IL,מקלות תירס ממותקים 8,גרמים,90.00,100 גרם,false,1,4.10,4.56,true,1,
7290011644505,false,שימורי כבד דג שיבוט 120 גרם ISLAND,,,שימורי כבד דג שיבוט,גרמים,120.00,100 גרם,false,1,10.40,8.67,true,1,
7290011648442,false,קולפן ישר משונן אדום דו צדדי PEELERPRO,,,קולפן ישר - להב משונ,Unknown,0.00,Unknown,false,1,34.90,34.90,true,1,
7290011695163,false,"מלח הימלאיה קריסטל שקית 1 ק""ג",,,מלח הימלאיה קריסטל ש,גרמים,1000.00,100 גרם,false,1,16.90,1.69,true,1,
7290011695224,false,"רוטב צ'ילי מתוק 700 מ""ל",,,רוטב צילי מתוק 700,מיליליטרים,700.00,"100 מ""ל",false,1,11.90,1.70,true,1,
7290011695712,false,חמאת בוטנים עם שברי 510 ג' NEEMAN,,,חמאת בוטנים קרמי 510,גרמים,510.00,100 גרם,false,1,14.90,2.92,true,1,
7290011743833,false,"משחת שיניים סנסודיין פרונאמל 75 מ""ל",גלקסו סמית קליין,GB,משחת שיניים סנסודיין,Unknown,0.00,Unknown,false,1,28.50,28.50,true,1,
7290011800840,false,טחינה בלאדי רפי כהן 400 ג' צבר,סלטי צבר,IL,טחינה בלאדי רפי כהן,גרמים,400.00,100 גרם,false,1,15.60,3.90,true,1,
7290011830205,false,פסטה כוסמין פטוציני השדה 350 גר,השדה מוצרים אורגניים,HU,פסטה כוסמין פטוציני,גרמים,350.00,100 גרם,false,1,21.90,6.26,true,1,
7290011830267,false,אטריות אורגניות ללא גלוטן מאורז מלא 250,הול גריין פודסטאפס ב,CN,אטריות אורגניות ללא,גרמים,250.00,100 גרם,false,1,16.90,6.76,true,1,
7290011830335,false,מחית תפוח עץ ובננה אורגני 100 גרם,,ES,מחית תפוח עץ ובננה א,גרמים,100.00,100 גרם,false,1,4.90,4.90,true,1,
7290011830380,false,מקרוני מקמח דורום 5 צבעים אורגני 500 גרם,,,מקרוני מקמח דורום 5,גרמים,500.00,100 גרם,false,1,30.50,6.10,true,1,
7290011860271,false,ביסבול כדורי פירה בציפוי פריך,"תעשיות תפוגן בע""מ",IL,תפוגן ביסבול טבעי 70,גרמים,700.00,100 גרם,false,1,18.80,2.69,true,1,
7290011867010,false,"גרנובל סרום ויטמינים מרוכז 30 מ""ל",,,גרנובל סרום ויטמינים,Unknown,0.00,Unknown,false,1,219.90,219.90,true,1,
7290011867089,false,י.המלח פילינג מישמיש לפנים,,,י.המלח פילינג מישמיש,Unknown,0.00,Unknown,false,1,119.90,119.90,true,1,
7290011867409,false,גרנובל מסכת הזנה טיפולית טבעית לשיער 250,,,גרנובל מסכת הזנה טיפ,Unknown,0.00,Unknown,false,1,94.90,94.90,true,1,
7290011867911,false,גרנובל שמפו טבעי טהור 500 מ`ל,,,גרנובל שמפו טבעי טהו,מיליליטרים,500.00,"100 מ""ל",false,1,69.90,13.98,true,1,
7290011877859,false,סנו אינסטלטור חדש פותח סתימות 200ג',מיוצר עי קונדיטוריית,IL,סנו אינסטלטור פותח ס,מיליליטרים,200.00,"100 מ""ל",false,1,12.90,6.45,true,1,
7290011878368,false,תמרים זהידי 400 גרם,,,תמרים זהידי 400 גרם,גרמים,40000.00,100 גרם,false,1,16.90,0.04,true,1,
7290011878375,false,תמרים דקל נור 400 גרם,,,תמרים דקל נור 400 גר,גרמים,40000.00,100 גרם,false,1,17.90,0.04,true,1,
7290011878511,false,יוגורט ביו 250 מל,,,יוגורט ביו 250 מל,מיליליטרים,250.00,"100 מ""ל",false,1,11.90,4.76,true,1,
7290011878528,false,לאסי 250 מל,,,לאסי 250 מל,מיליליטרים,250.00,"100 מ""ל",false,1,11.90,4.76,true,1,
7290011878559,false,נאות סמדר רביעיית חטיף תמר קוקוס 30 גר,החברה המרכזית למשקאו,,נאות סמדר רביעיית חט,גרמים,30.00,100 גרם,false,1,26.90,89.67,true,1,
7290011878597,false,בולגרית 200 גר בקופסא,,,בולגרית 200 גר בקופס,גרמים,200.00,100 גרם,false,1,39.90,19.95,true,1,
7290011899141,false,אנרגי קומפלקס (60),,,אנרגי קומפלקס (60),Unknown,0.00,Unknown,false,1,107.90,107.90,true,1,
7290011899646,false,מגנזיום+B-6 ויטמין (100) אלטמן כשר,,,מגנזיום+B-6 ויטמין (,Unknown,0.00,Unknown,false,1,44.90,44.90,true,1,
7290011899967,false,מגנזיום ציטראט אריזת חסכון(120)כשר אלטמן,אלטמן,,מגנזיום ציטראט אריזת,Unknown,0.00,Unknown,false,1,86.90,86.90,true,1,
7290011923303,false,טופו טבעי 300גרם ליב,א.י.ן תעשיות מזון בע,IL,טופו טבעי ליב 300 גר,גרמים,300.00,100 גרם,false,1,10.90,3.63,true,1,
7290011947309,false,זיתים מצוננים סורי מבוקע ולימון כבוש זיתא 230 ג',זיתא – י.ט.ב תעשיות,IL,זית סורי מבוקע עם לי,גרמים,220.00,100 גרם,false,1,13.90,6.32,true,1,
7290011947316,false,זיתא זיתי קלמטה בשמן זית כתית מעולה 215ג,זיתא - י.ט.ב תעשיות,IL,זיתי קלמטה 215 גרם,גרמים,215.00,100 גרם,false,1,13.90,6.47,true,1,
7290011947781,false,מיקס זית ירוק וזית קלמטה ללא גלעין עם שמן זית 190 ג',זיתא - י.ט.ב תעשיות,IL,מיקס זית ירוק/קלמטה,גרמים,190.00,100 גרם,false,0,14.60,7.68,true,1,
7290011947866,false,מיקס זיתים בפח זיתא 250 ג',אידיאל ס.א,GR,מיקס זיתים בפח 440 ג,גרמים,440.00,100 גרם,false,1,20.90,4.75,true,1,
7290011947873,false,זית קלמטה בפח זיתא 440גר,אידיאל ס.א,GR,זית קלמטה בפח 440 גר,גרמים,440.00,100 גרם,false,1,20.90,4.75,true,1,
7290011985189,false,זקן תירס 50גר,,,זקן תירס 50גר,Unknown,0.00,Unknown,false,1,22.90,22.90,true,1,
7290011985264,false,פטל אדום עלים 50 גר,,,פטל אדום עלים 50 גר,Unknown,0.00,Unknown,false,1,15.90,15.90,true,1,
7290011985332,false,סרפד 50 גר,,,סרפד 50 גר,Unknown,0.00,Unknown,false,1,12.90,12.90,true,1,
7290011985356,false,שן ארי שורש 50 גר,,,שן ארי שורש 50 גר,Unknown,0.00,Unknown,false,1,29.90,29.90,true,1,
7290011985363,false,מרווה משולשת 50 גר,,,מרווה משולשת 50 גר,Unknown,0.00,Unknown,false,1,15.90,15.90,true,1,
7290011985387,false,עוזרר עלים 50 גר,,,עוזרר עלים 50 גר,גרמים,1.00,100 גרם,false,1,24.90,2490.00,true,1,
7290011985400,false,אלון לבן 50גר,,,אלון לבן 50גר,Unknown,0.00,Unknown,false,1,16.90,16.90,true,1,
7290011985417,false,קינמון שלם חזרה לטבע 50 גרם,,,קינמון שלם חזרה לטבע,גרמים,50.00,100 גרם,false,1,11.90,23.80,true,1,
7290011985516,false,גדילן עלים 50 גר,,,גדילן עלים 50 גר,Unknown,0.00,Unknown,false,1,22.90,22.90,true,1,
7290011985547,false,גדילן זרעים 100 גר,,,גדילן זרעים 100 גר,גרמים,100.00,100 גרם,false,1,34.90,34.90,true,1,
7290011985554,false,צירידה דושן 50 גר,,,צירידה דושן 50 גר,Unknown,0.00,Unknown,false,1,26.90,26.90,true,1,
7290011985622,false,פקעות וורדים קצוץ 50 גרם,,,פקעות וורדים קצוץ 50,גרמים,50.00,100 גרם,false,1,12.90,25.80,true,1,
7290011985677,false,זוטה לבנה חזרה לטבע 50 גרם,,,זוטה לבנה חזרה לטבע,גרמים,50.00,100 גרם,false,1,22.90,45.80,true,1,
7290011985684,false,קורנית טימין 50גר,,,קורנית טימין 50גר,Unknown,0.00,Unknown,false,1,11.90,11.90,true,1,
7290011985721,false,שומר זרעים 100 גר,,,שומר זרעים 100 גר,Unknown,0.00,Unknown,false,1,9.90,9.90,true,1,
7290011985776,false,בבונג 50 גר,,,בבונג 50 גר,Unknown,0.00,Unknown,false,1,12.90,12.90,true,1,
7290011985790,false,מנטה 50 גר,,,מנטה 50 גר,Unknown,0.00,Unknown,false,1,11.90,11.90,true,1,
7290011985929,false,קלנדולה 50 גר,,,קלנדולה 50 גר,Unknown,0.00,Unknown,false,1,26.90,26.90,true,1,
7290011987015,false,פילה הרינג בוואקם 200 גר,אס.פי.פיש האוס,IL,פילה הרינג בוואקם,גרמים,200.00,100 גרם,false,1,14.60,7.30,true,1,
7290011987466,false,סלמון פרוס בוואקום 200 גר,אס.פי.פיש האוס,IL,סלמון פרוס בוואקום,גרמים,200.00,100 גרם,false,1,45.90,22.95,true,1,
7290012001994,false,חרדל דיז'ון גרעינים 350 ג' ריין דיזון,ריין דיז'ון reine dijon,FR,חרדל דיזיון 350 גרם,גרמים,350.00,100 גרם,false,1,11.90,3.40,true,1,
7290012008634,false,"יומי ויטמין C - מכיל 60 מ""ג ויטמין C בטעם פטל",אלטמן,,יומי ויטמין C (100),Unknown,0.00,Unknown,false,1,59.90,59.90,true,1,
7290012012891,false,היביסקוס חזרה לטבע 50 גרם,,,היביסקוס חזרה לטבע 5,גרמים,50.00,100 גרם,false,1,10.90,21.80,true,1,
7290012013089,false,עוגיות אגוזים ר.חלב300 גרם,,,עוגיות אגוזים,גרמים,300.00,100 גרם,false,1,23.90,7.97,true,1,
7290012013225,false,עוגת גבינה אפויה 420 גרם,,,עוגת גבינה אפויה,גרמים,420.00,100 גרם,false,1,44.90,10.69,true,1,
7290012019012,false,תומר אספרגוס במלח 330 גר,,,אספרגוס לבן 350 גר,גרמים,350.00,100 גרם,false,1,9.80,2.80,true,1,
7290012019258,false,מחית תפוחי עץ רביעיה 4 * 113 ג' תומר,Cherry growers inc,US,"רסק תפו""ע 4 יח 113",גרמים,113.00,100 גרם,false,1,12.90,11.42,true,1,
7290012019272,false,"רסק תפוֿֿֿֿ""ע+קינמון פלסטיק 4יח'12X",,IL,"רסק תפו""ע קינמון 4 י",גרמים,113.00,100 גרם,false,1,12.90,11.42,true,1,
7290012019401,false,מיץ דובדבן 100% 1 ליטר תוצרת גרוזיה,,,מיץ דובדבן 100% 1 לי,מיליליטרים,1000.00,"100 מ""ל",false,1,21.90,2.19,true,1,
7290012022005,false,פריכיות חיטה 60 גרם,,,פריכיות חיטה 70 גרם,גרמים,70.00,100 גרם,false,1,11.90,17.00,true,1,
7290012022050,false,פריכיות חיטה מלאה 100 גרם,,,פריכיות חיטה מלאה,גרמים,100.00,100 גרם,false,1,13.90,13.90,true,1,
7290012022067,false,קריספיות קידס,,IL,קריספיות קידס 30 גרם,גרמים,30.00,100 גרם,false,1,10.90,36.33,true,1,
7290012040474,false,טבק מרלבורו רד PP חפיסה,,,טבק מרלבורו רד PP חפ,יחידה,1.00,יחידה,false,1,74.90,74.90,true,1,
7290012046179,false,אל סבון נוזלי 1 ליטר + משאבה,,IL,אל סבון נוזלי 1 ליטר,Unknown,0.00,Unknown,false,1,10.90,10.90,true,1,
7290012052170,false,גרנולה עם אגוזים ופירות יבשים במתיקות מעודנת,רפאלס,IL,רפאל-גרנולה ללא סוכר,גרמים,350.00,100 גרם,false,1,16.90,4.83,true,1,
7290012052323,false,מוזלי עם פירות יבשים ושקדים ללא תוספת סוכר,רפאלס,IL,גרנולה מוזלי מיקס לא,גרמים,1000.00,100 גרם,false,1,29.50,2.95,true,1,
7290012082306,false,שמפו אלוורה 1 ליטר לרגיל-יבש,,,שמפו אלוורה 1 ליטר ל,Unknown,0.00,Unknown,false,1,54.90,54.90,true,1,
7290012116261,false,"500 מ""ל גל לניקוי ידיים סנו מדיק 500 מ""ל",גוד פוד פרודקטס S.p,IL,גל ידיים סנו מדיק 50,מיליליטרים,500.00,"100 מ""ל",false,1,18.90,3.78,true,1,
7290012117350,false,סנו ריצפז פרש 2 ליטר לילך לבנדר,"סנו מפעלי ברונוס בע""",IL,סנו ריצפז פרש 2 ליטר,ליטרים,0.00,ליטר,false,1,20.90,20.90,true,1,
7290012117534,false,סנו - מקסימה מרכך כביסה מרוכז קול 1 ליטר,"סנו מפעלי ברונוס בע""",IL,מרכך כביסה מקסימה סו,מיליליטרים,1000.00,"100 מ""ל",false,1,17.90,1.79,true,1,
7290012117541,false,מרכך כביסה מקסימה קומפקט צהוב 1 ל' סנו,סנו מקסימה,IL,מרכך כביסה מקסימה סו,מיליליטרים,1000.00,"100 מ""ל",false,1,17.90,1.79,true,1,
7290012117916,false,סנו אינסטלאטור פותח סתימות נוזלי 1 ל',"סנו מפעלי ברונוס בע""",IL,סנו אינסטלטור נוזלי,מיליליטרים,1000.00,"100 מ""ל",false,1,25.90,2.59,true,1,
7290012129728,false,מגבונים לחים פרשיס ללא בישום חמישייה,,IL,מגבונים לחים פרשיס ל,Unknown,0.00,Unknown,false,1,22.90,22.90,true,1,
7290012129742,false,מגבונים פרשיס מבושם 72 יח' * חמישיה,,IL,מגבונים לחים פרשיס מ,Unknown,0.00,Unknown,false,1,22.90,22.90,true,1,
7290012132889,false,"דאודורנט אבן קריסטל ספריי לאישה 65 מ""ל",,,דאודורנט אבן קריסטל,מיליליטרים,65.00,"100 מ""ל",false,1,35.90,55.23,true,1,
7290012159275,false,מיונז אמיתי 430 גרם LINA,לינה,,מיונז אמיתי 430 גרם,גרמים,430.00,100 גרם,false,1,10.40,2.42,true,1,
7290012159329,false,מיונז אמיתי 860 גרם LINA,,,מיונז אמיתי 860 גרם,גרמים,860.00,100 גרם,false,1,20.80,2.42,true,1,
7290012159763,false,רגינקה דן 0.5ל,,,רגינקה דן 0.5ל,מיליליטרים,500.00,"100 מ""ל",false,1,9.80,1.96,true,1,
7290012159770,false,קפיר דן 0.5ל,,,קפיר דן 0.5ל,מיליליטרים,500.00,"100 מ""ל",false,1,9.80,1.96,true,1,
7290012159787,false,קפיר דן 1ל,,,קפיר דן 1ל,מיליליטרים,1000.00,"100 מ""ל",false,1,16.70,1.67,true,1,
7290012159794,false,רגינקה דן 1 ל,,,רגינקה דן 1 ל,מיליליטרים,1000.00,"100 מ""ל",false,1,17.50,1.75,true,1,
7290012159886,false,דרוזבה 100 גר,,,דרוזבה 100 גר,גרמים,100.00,100 גרם,false,1,5.00,5.00,true,1,
7290012159893,false,דרוזבה פטריות 100 גר,,,דרוזבה פטריות 100 ג,גרמים,100.00,100 גרם,false,1,5.00,5.00,true,1,
7290012159909,false,ינטר 100 גר,,,ינטר 100 גר,גרמים,100.00,100 גרם,false,1,5.00,5.00,true,1,
7290012159916,false,ינטר סלמון 100 גר,,,ינטר סלמון 100 גר,גרמים,100.00,100 גרם,false,1,5.00,5.00,true,1,
7290012191053,false,גפרורים ארוכים לגרילים,,,גפרור מטבח ארוך,Unknown,0.00,Unknown,false,1,7.30,7.30,true,1,
7290012193163,false,סבון נוזלי פמלי לקשרי פריחת הדובדבן 1 ל,אף.סי תבליני בגליל ב,TR,סבון נוזלי פמלי,מיליליטרים,1000.00,"100 מ""ל",false,1,13.90,1.39,true,1,
7290012208362,false,פריכיות כוסמת עם טף בהיר 135 גרם,,,פריכיות כוסמת עם טף,גרמים,135.00,100 גרם,false,1,11.90,8.81,true,1,
7290012208805,false,אבקת שמרי בירה מיובשים 250 גרם,,FR,אבקת שמרי בירה מיובש,גרמים,250.00,100 גרם,false,1,19.90,7.96,true,1,
7290012228261,false,נקנקיות קנקרס הודו ועוף ריינהולד'ס זוגלובק 300 ג',זוגלובק,IL,נקניקיות הודו קנקרס,גרמים,300.00,100 גרם,false,1,21.90,7.30,true,1,
7290012245183,false,ציפס קריספי קלאסי 700 גרם,אגריסטו,BE,ציפס קריספי קלאסי 70,גרמים,700.00,100 גרם,false,1,21.90,3.13,true,1,
7290012245275,false,"גולד ציפס בטטה קריספי 1 ק""ג",אגריסטו,BE,גולד ציפס בטטה קריספ,גרמים,1000.00,100 גרם,false,1,30.90,3.09,true,1,
7290012245329,false,"צ'יפס קלאסי 1.5 ק""ג גולד שארית",יוליניבר,BE,גולד ציפס קלאסי 1.5,גרמים,1500.00,100 גרם,false,1,21.90,1.46,true,1,
7290012245336,false,"גולד צ'יפס סטייק 1.5 ק""ג גולד שארית",אגריסטו,IL,גולד סטייק ציפס 1.5,גרמים,1500.00,100 גרם,false,1,21.90,1.46,true,1,
7290012247316,false,לב עוף טרי,,,לב עוף טרי,Unknown,0.00,"ק""ג",true,0,34.90,34.90,true,1,
7290012251047,false,קבנוס כפרי 250 גרם מזרע,,,קבנוס כפרי 250 גרם,גרמים,250.00,100 גרם,false,1,17.90,7.16,true,1,
7290012251108,false,סלמי טורו 170 גרם,,,סלמי טורו 170 גרם,גרמים,170.00,100 גרם,false,1,30.90,18.18,true,1,
7290012251146,false,מיני קופצקי סרוולט 280 גרם,,,מיני קופצקי סרוולט,גרמים,280.00,100 גרם,false,1,31.90,11.39,true,1,
7290012251160,false,מיני קרמליובסקי סרוולט 350 גר,,,מיני קרמליובסקי,גרמים,350.00,100 גרם,false,1,36.90,10.54,true,1,
7290012251177,false,מיני סרוולט איטלקי 400 גר,,,מיני סרוולט איטלקי,גרמים,400.00,100 גרם,false,1,47.90,11.98,true,1,
7290012251276,false,תיק בד טיב טעם,,,תיק רב פעמי ממוחזר,Unknown,0.00,Unknown,false,1,5.90,5.90,true,1,
7290012251313,false,גיוזה בטטה 320 גר קפוא מזרע,,,גיוזה בטטה 320 גר,גרמים,320.00,100 גרם,false,1,35.90,11.22,true,1,
7290012251337,false,דים סאם עוף ואורז 360 גר,,,דים סאם עוף ואורז,גרמים,360.00,100 גרם,false,1,42.90,11.92,true,1,
7290012251368,false,דים סאם אורז בקר 360 גר קפוא,,,דים סאם אורז בקר 360,גרמים,360.00,100 גרם,false,1,42.90,11.92,true,1,
7290012251382,false,פריזר ביצת הזהב 500 גר מזרע,,,פריזר ביצת הזהב 500,גרמים,500.00,100 גרם,false,1,44.90,8.98,true,1,
7290012251474,false,שרימפס 26/30 מקולף 500 ג' קפוא,,,שרימפס מקולף 500 גר,גרמים,500.00,100 גרם,false,1,45.90,9.18,true,1,
7290012251481,false,שרימפס מקולף 500 גר קפוא L,,,שרימפס מקולף 500 גר,גרמים,500.00,100 גרם,false,1,51.50,10.30,true,1,
7290012251498,false,שרימפס מקולף 500 גר קפוא M,,,שרימפס מקולף 500 גר,גרמים,500.00,100 גרם,false,1,51.50,10.30,true,1,
7290012251511,false,דג בסה קוביות 500 גר קפוא,,,דג בסה קוביות 500 גר,גרמים,500.00,100 גרם,false,1,17.90,3.58,true,1,
7290012251528,false,נקניקיות בוואריה עם גבינה 700 גר מזרע,,,נקניקיות בוואריה,גרמים,700.00,100 גרם,false,1,64.90,9.27,true,1,
7290012251535,false,שרימפס מבושל 750 גר קפוא,,,שרימפס מבושל קפוא,גרמים,750.00,100 גרם,false,1,58.50,7.80,true,1,
7290012251542,false,"שרימפס לא מקולף גדול 1 ק""ג קפוא 26/30",,,שרימפס לא מקולף גדול,קילוגרמים,0.00,"ק""ג",false,1,104.50,104.50,true,1,
7290012251672,false,חמאה צרפתית 200 גר,,,חמאה צרפתית 200 גר,גרמים,200.00,100 גרם,false,1,12.50,6.25,true,1,
7290012251924,false,"מול ניו זילנדי על חצי צדף קפוא 1 ק""ג",,,מול ניו זילנדי,גרמים,1000.00,100 גרם,false,1,64.90,6.49,true,1,
7290012251979,false,ממרח חמאה במליחות מעודנת Farmers cheese,,IL,ממרח חמאה במליחות מע,גרמים,150.00,100 גרם,false,1,11.90,7.93,true,1,
7290012306204,false,"אורז עגול בוכרי לאוש פלוב 1 ק""ג",,,אורז עגול בוכרי לאוש,גרמים,1000.00,100 גרם,false,1,19.90,1.99,true,1,
7290012306501,false,פריכיות כוסמת 150 גרם,,,פריכיות כוסמת 150 גר,גרמים,150.00,100 גרם,false,1,12.50,8.33,true,1,
7290012306723,false,"אורז עגול לאוש פלוב 1ק""ג",,,אורז עגול לאוש פלוב,גרמים,1000.00,100 גרם,false,1,16.90,1.69,true,1,
7290012309311,false,ערמונים קלופים שלמים 100 גר,"דין שיווק וקליה בע""מ",CN,ערמונים קלופים שלמים,גרמים,100.00,100 גרם,false,1,5.80,5.80,true,1,
7290012309939,false,חלבה מסולסלת דין שיווק 500 ג',אף.סי תבליני בגליל ב,IL,חלבה מסולסלת 500 גרם,גרמים,500.00,100 גרם,false,1,15.60,3.12,true,1,
7290012313141,false,מלפפון פרוס במלח A2 ק.יבנה 540ג',אף.סי תבליני בגליל ב,IL,מלפפון פרוס 600 גרם,גרמים,600.00,100 גרם,false,1,6.50,1.08,true,1,
7290012349614,false,מלח ים אטלנטי טבעי ד,,,מלח ים אטלנטי טבעי ד,גרמים,200.00,100 גרם,false,1,11.90,5.95,true,1,
7290012404177,false,"שוופס Fruits תפוח זכוכית 330 מ""ל",יפאורה תבורי בעמ,IL,שוופס FRUITS תפוחים,מיליליטרים,330.00,"100 מ""ל",false,1,5.70,1.73,true,1,
7290012404955,false,ספרינג קולקשן נקטר חמוציות 1.25 ל',"יפאורה תבורי בע""מ",IL,ספרינג Collection,ליטרים,0.00,ליטר,false,1,12.90,12.90,true,1,
7290012413643,false,תה ירוק קמומיל 25 שקיקים ויסוצקי,ויסוצקי ירוק,IL,תה ירוק קמומיל 25 ש,Unknown,0.00,Unknown,false,1,24.90,24.90,true,1,
7290012475085,false,משקה עולש נמס אורגני גרין פילד 100 גרם,,PL,משקה עולש נמס אורגני,גרמים,100.00,100 גרם,false,1,21.90,21.90,true,1,
7290012475863,false,"גליל גבינה קלאסי ע""ב אורז טבעוני 200 ג",פריסקולאט ס.ר.ל. קוסטנזה,IT,"גליל גבינה קלאסי ע""ב",גרמים,200.00,100 גרם,false,1,34.90,17.45,true,1,
7290012491368,false,מגבונים 72 יח,,,מגבונים 72 יח,Unknown,0.00,Unknown,false,1,11.90,11.90,true,1,
7290012522581,false,טבעול שניצל תירס ללא גלוטן טבעול 664 גרם,עיצובים 2020 (4.8),IL,שניצל תירס טבעול ללא,גרמים,664.00,100 גרם,false,1,24.90,3.75,true,1,
7290012547263,false,מעדן דבש לייט 350 גרם,,,מעדן דבש לייט 350 גר,גרמים,350.00,100 גרם,false,1,28.90,8.26,true,1,
7290012561337,false,כורכום טרי כתוש קפוא דורות 70 גר,גוד פוד פרודקטס S.p,IL,כורכום טרי כתוש קפוא,גרמים,70.00,100 גרם,false,1,12.90,18.43,true,1,
7290012561405,false,בצל חצי מטוגן דורות 180 גרם,עיצובים 2020 (3.8),IL,בצל חצי מטוגן דורות,גרמים,180.00,100 גרם,false,1,13.10,7.28,true,1,
7290012588907,false,"איילנד גויאבה 300 מ""ל",טמפו,IL,"איילנד גויאבה 300 מ""",מיליליטרים,300.00,"100 מ""ל",false,1,6.30,2.10,true,1,
7290012608001,false,אקטיב בריין,,,אקטיב בריין,Unknown,0.00,Unknown,false,1,159.90,159.90,true,1,
7290012624117,false,סבון טבעי פריחת הגליל - רימון היביסקוס 5,,,סבון טבעי פריחת הגלי,Unknown,0.00,Unknown,false,1,24.90,24.90,true,1,
7290012624353,false,סבון מוצק GALILEE למון גראס 170 גרם,,,סבון מוצק GALILEE למ,Unknown,0.00,Unknown,false,1,29.90,29.90,true,1,
7290012624407,false,סבון מוצק GALILEE פצולי לבנדר וניל 170 ג,,,סבון מוצק GALILEE פצ,Unknown,0.00,Unknown,false,1,29.90,29.90,true,1,
7290012624520,false,סבון מוצק GALILEE למון גראס 100 גרם,,,סבון מוצק GALILEE למ,Unknown,0.00,Unknown,false,1,14.90,14.90,true,1,
7290012624568,false,סבון מוצק GALILEE עץ התה 100 גרם,,,סבון מוצק GALILEE עץ,Unknown,0.00,Unknown,false,1,14.90,14.90,true,1,
7290012624599,false,סבון מוצק GALILEE פצולי לבנדר וניל 100,,,סבון מוצק GALILEE פצ,Unknown,0.00,Unknown,false,1,14.90,14.90,true,1,
7290012624650,false,שמן זרעי רימונים אורגני לבליעה,,,שמן זרעי רימונים אור,Unknown,0.00,Unknown,false,1,64.90,64.90,true,1,
7290012624766,false,סבון פנים טבעי GALILEE שמן זרעי רימונים,,,סבון פנים טבעי GALIL,Unknown,0.00,Unknown,false,1,44.90,44.90,true,1,
7290012624773,false,"אלכוגל מועשר באלוורה גליל 300 מ""ל",,IL,אלכוגל מועשר באלוורה,מיליליטרים,300.00,"100 מ""ל",false,1,22.90,7.63,true,1,
7290012637032,false,זעתר האזוב המקראי 10,,IL,פירמידת זעתר 60 גרם,גרמים,60.00,100 גרם,false,1,15.90,26.50,true,1,
7290012642586,false,ערמונים קלופים תומר 100 ג',Tangshan huiyuan foo,CN,ערמונים קלופים 100 ג,גרמים,100.00,100 גרם,false,1,7.30,7.30,true,1,
7290012642678,false,אננס בכוסות פלסטיק 4*113 ג' תומר,תומר,,אננס בכוסות פלס. רבי,גרמים,113.00,100 גרם,false,1,12.90,11.42,true,1,
7290012642807,false,פלפלים ירוקים חריפים כבושים שלמים,תומר,,פלפלונים ירוק בחומץ,גרמים,540.00,100 גרם,false,1,15.70,2.91,true,1,
7290012642814,false,פלפלים חריפים מעורבים כבושים שלמים,תומר,,פלפלונים מעורב בחומץ,גרמים,540.00,100 גרם,false,1,15.70,2.91,true,1,
7290012642838,false,רצועות פלפלים אדומים מוחמצים,תומר,,פלפל רצועות אדום בחו,גרמים,520.00,100 גרם,false,1,15.70,3.02,true,1,
7290012642845,false,פלפל אדום כבוש בחומץ תומר 520 ג',תומר,IL,פלפל אדום בחומץ 520,גרמים,520.00,100 גרם,false,1,15.70,3.02,true,1,
7290012642852,false,פלפל אדום על האש 520 גר,,IL,פלפל אדום על האש 520,גרמים,520.00,100 גרם,false,1,15.70,3.02,true,1,
7290012642906,false,פלפלים ירוקים מוחמצים שלמים בחריפות עדינה,תומר,,פלפל ירוק בחומץ 450,גרמים,450.00,100 גרם,false,1,15.70,3.49,true,1,
7290012645020,false,"יוגורט עיזים טבעי חלב הארץ 500 מ""ל",חלב הארץ,IL,יוגורט עיזים טבעי 50,מיליליטרים,500.00,"100 מ""ל",false,1,13.50,2.70,true,1,
7290012645051,false,יוגורט עיזים בגביע 350 גרם,חלב הארץ,IL,יוגורט עיזים בגביע,גרמים,350.00,100 גרם,false,1,13.50,3.86,true,1,
7290012645112,false,"יוגורט עיזים בדלי חלב הארץ 750מ""ל",מחלבות סוסיא,IL,יוגורט עיזים בדלי 75,מיליליטרים,750.00,"100 מ""ל",false,1,20.50,2.73,true,1,
7290012645129,false,"יוגורט כבשים בדלי חלב הארץ 750מ""ל",מחלבות סוסיא,IL,יוגורט כבשים בדלי 7,מיליליטרים,750.00,"100 מ""ל",false,1,20.50,2.73,true,1,
7290012645297,false,סוסיא יוגורט עיזים ביו 2.8% ט.טבעי 150מל,מחלבות סוסיא,IL,יוגורט עיזים בטעם טב,גרמים,150.00,100 גרם,false,1,6.50,4.33,true,1,
7290012645389,false,יוגורט עיזים טבעי חלב הארץ 1 ל',מחלבות סוסיא,IL,יוגורט עיזים טבעי 1,מיליליטרים,1000.00,"100 מ""ל",false,1,24.90,2.49,true,1,
7290012702266,false,סבון אינטימי 250 מ`ל מורז,,,סבון אינטימי 250 מ`ל,Unknown,0.00,Unknown,false,1,39.90,39.90,true,1,
7290012702822,false,ספרי הגנה שקוף SPF 50 מורז 200 מל,,,ספרי הגנה שקוף SPF 5,Unknown,0.00,Unknown,false,1,74.90,74.90,true,1,
7290012702839,false,ספרי הגנה שקוף לילדים 50 SPF מורז 200 מל,,,ספרי הגנה שקוף לילדי,Unknown,0.00,Unknown,false,1,74.90,74.90,true,1,
7290012760792,false,פריג’נטלי - מולטי ויטמין לנשים הרות ומניקות,סופהרב,,פריגנטלי לנשים הרות,Unknown,0.00,Unknown,false,1,82.90,82.90,true,1,
7290012803055,false,סוכרלוז מרמולייט- 100שקיות אישיות,תות ממתקי איכות,IL,סוכרלוז מרמולייט-,גרמים,100.00,100 גרם,false,1,37.90,37.90,true,1,
7290012803215,false,וופל בלגי בטעם שוקולד ללא תוספת סוכר,בטר אנד דיפרנט,IL,וופל בלגי בטעם שוקול,גרמים,200.00,100 גרם,false,1,11.90,5.95,true,1,
7290012803222,false,וופל בלגי בטעם לימון ללא תוספת סוכר,בטר אנד דיפרנט,IL,וופל בלגי בטעם לימון,גרמים,200.00,100 גרם,false,1,11.90,5.95,true,1,
7290012803321,false,מרמולייט סוכרלוז 200 שקיות אישיות,מרמולייט,IL,סוכרלוז 200 גר שקיות,גרמים,200.00,100 גרם,false,1,41.90,20.95,true,1,
7290012803765,false,טבלאת שוקולד מריר 100 גרם -טוסו,אלטינמארקה גידה סאן,TR,טוסו מר שוקולד מריר,גרמים,100.00,100 גרם,false,1,13.50,13.50,true,1,
7290012803772,false,שוקולד חלב ללא תוספת סוכר,אלטינמארקה גידה סאן,TR,טוסו מר שוקולד חלב 1,גרמים,100.00,100 גרם,false,1,13.50,13.50,true,1,
7290012803796,false,שוקולד חלב עם אגוזים ללא תוספת סוכר,אלטינמארקה גידה סאן,TR,טוסו מר שוקולד חלב ע,גרמים,100.00,100 גרם,false,1,13.50,13.50,true,1,
7290012822995,false,ג`ימנמה 100 כמוסות,,,ג`ימנמה 100 כמוסות,Unknown,0.00,Unknown,false,1,72.90,72.90,true,1,
7290012850035,false,מחית ביליבד תפוח ואפרסק 190ג',NOVOFRUCHT SK S.R.O,SK,מחית תפוח ואפרסק 190,גרמים,190.00,100 גרם,false,1,6.50,3.42,true,1,
7290012864001,false,נביטי חמניה 170ג',קרונוס,IL,נבטי חמניה,Unknown,0.00,Unknown,false,1,9.90,9.90,true,1,
7290012864025,false,מיקס אלפלפא חמניה,קרלסברג יבוא יצוא,IL,נבטי אלפלפא,Unknown,0.00,Unknown,false,1,9.90,9.90,true,1,
7290012864032,false,מיקס עדשים ונבטוטים,קרלסברג ישראל,IL,נבטוטים,Unknown,0.00,Unknown,false,1,9.90,9.90,true,1,
7290012878251,false,"שמפו זית לשיער רגיל 750 ס""ק",,,"שמפו לשיער 750 מ""ל",מיליליטרים,750.00,"100 מ""ל",false,1,10.00,1.33,true,1,
7290012884986,false,תפוגן ציפס לתנור עד 4% שומן 1.5 קג,"תעשיות תפוגן בע""מ",IL,ציפס לתנור עד 4% שומ,קילוגרמים,0.00,"ק""ג",false,1,23.90,23.90,true,1,
7290012901355,false,דודלס ארוחת אטריות עם גבינה 206 גרם,האי נאם סי או אל.טי.,US,פולד מקרוני & ציז 20,גרמים,206.00,100 גרם,false,1,11.90,5.78,true,1,
7290012901973,false,שעועית אדומה גאלה 400 גרם,,IT,שעועית אדומה גאלה 40,גרמים,400.00,100 גרם,false,1,11.40,2.85,true,1,
7290012921032,false,"בירה מלכה אדמונית 330 מ""ל",בירה מלכה בעמ,IL,בירה מלכה אדמונית 33,מיליליטרים,330.00,"100 מ""ל",false,1,14.90,4.52,true,1,
7290012921070,false,"בירה מלכה אדמונית 750 מ""ל",,IL,בירה מלכה אדמונית 75,מיליליטרים,750.00,"100 מ""ל",false,1,31.90,4.25,true,1,
7290012921087,false,"בירה מלכה בהירה 750 מ""ל",,IL,בירה מלכה בהירה 750,מיליליטרים,750.00,"100 מ""ל",false,1,31.90,4.25,true,1,
7290012936838,false,מימון הל טחון 35 גרם,,,הל טחון 35 גרם,Unknown,0.00,Unknown,false,1,18.90,18.90,true,1,
7290012936913,false,תבלינים סומק בצנצנת 40 גרם,,,תבלינים סומק בצנצנת,Unknown,0.00,Unknown,false,1,11.90,11.90,true,1,
7290012936937,false,תבלינים בהרט בצנצנת 40 גרם,א.ל ייצור ושיווק תבל,IL,תבלינים בהרט בצנצנת,Unknown,0.00,Unknown,false,1,11.80,11.80,true,1,
7290012936944,false,תבלינים אגוז מוסקט טחון 40 גרם,,,תבלינים אגוז מוסקט ט,Unknown,0.00,Unknown,false,1,15.50,15.50,true,1,
7290012938405,false,דיימונד רדיד אלומיניום עבה במיוחד 7 מטר,ריינולדס,US,דיימונד רדיד אלומינו,מטרים,7.50,מטר,false,1,16.90,2.25,true,1,
7290012938580,false,"סנסודיין משחת שיניים להלבנה עדינה 75 מ""ל",גלקסוסמית'קליין קונס,GB,סנסודיין משחת שיניים,Unknown,0.00,Unknown,false,1,21.90,21.90,true,1,
7290012938597,false,"סנסודיין משחת שיניים רפיד רליף 75 מ""ל","סמיתקליין ביצ'ם בע""מ",SK,משחת שיניים סנסודיין,Unknown,0.00,Unknown,false,1,28.50,28.50,true,1,
7290012958014,false,ביצי דגים 113 גר זכוכית,,,ביצי דגים 113 גר זכו,גרמים,113.00,100 גרם,false,1,57.50,50.88,true,1,
7290012958045,false,ביצי דגים 200 גר פחית,,,ביצי דגים 200 גר פחי,גרמים,200.00,100 גרם,false,1,104.50,52.25,true,1,
7290012958052,false,ביצי דגים 250 גר בזכוכית,,,ביצי דגים 250 גר בזכ,גרמים,250.00,100 גרם,false,1,146.50,58.60,true,1,
7290012962431,false,כפפות איזי טאצ ניטריל ל.אבקה כחול 100XL,,ID,כפפות איזי טאצ ניטרי,Unknown,0.00,Unknown,false,1,27.90,27.90,true,1,
7290012979293,false,DEO OR דאודורנט רול און ללא אלומיניום 70,"ד""ר עור DOCTOR OR",,DEO OR דאודורנט רול,מיליליטרים,70.00,"100 מ""ל",false,1,54.90,78.43,true,1,
7290012979309,false,DEO OR דאודורנט רול און בניחוח רענן 70,"ד""ר עור DOCTOR OR",,DEO OR דאודורנט רול,מיליליטרים,70.00,"100 מ""ל",false,1,54.90,78.43,true,1,
7290012996450,false,מרכך כביסה מרוכז פרחי אביב הפי 1 ליטר,קרלו,BE,מרכך כביסה מרוכז פרח,מיליליטרים,1000.00,"100 מ""ל",false,1,14.90,1.49,true,1,
7290012996702,false,הפי ג'ל דוחה עש ומבשם לארון הבגדים,יעקבי - הפי Hepi,IT,שקיות ריחניות לבגדים,Unknown,0.00,Unknown,false,1,14.50,14.50,true,1,
7290013038432,false,מים מזוככים אקווה נובה,אקווה נובה Aqua Nova,IL,אקווה נובה 2 ל,ליטרים,0.00,ליטר,false,1,2.90,2.90,true,1,
7290013083685,false,תרכובת מזון המשך לפעוטות שלב 3 Extra Care,מטרנה תעשיות ש.מ,IL,מטרנה אקסטרה קר שלב,גרמים,700.00,100 גרם,false,1,59.90,8.56,true,1,
7290013083999,false,חול יורוקיטי קריסטלי 3.8 ל',קינדאו,CN,קריסטל יורוקיטי 3.8,Unknown,0.00,Unknown,false,1,24.90,24.90,true,1,
7290013089809,false,פילה אמנון קפוא במשקל,,,פילה אמנון קפוא,Unknown,0.00,"ק""ג",true,0,37.00,37.00,true,1,
7290013117212,false,בורקס פילו במילוי גבינה מעדנות 600 גר,מיוצר עי קונדיטוריית,IL,בורקס פילו במילוי גב,גרמים,600.00,100 גרם,false,1,17.90,2.98,true,1,
7290013117229,false,"בורקס פילו במילוי תפו""א מעדנות 600 גר",מיוצר עי קונדיטוריית,IL,בורקס פילו במילוי תפ,גרמים,600.00,100 גרם,false,1,17.90,2.98,true,1,
7290013117243,false,בורקס פילו בולגרית מעדנות 600 ג',מיוצר עי קונדיטוריית,IL,בורקס פילו בולגרית 6,גרמים,600.00,100 גרם,false,1,17.90,2.98,true,1,
7290013117410,false,בצק פריך מרודד למאפים מתוקים 900 ג' מעדנות,מיוצר עי קונדיטוריית,IL,בצק פריך מתוק 900 גר,גרמים,900.00,100 גרם,false,1,22.90,2.54,true,1,
7290013117427,false,בצק פריך מרודד למאפים מלוחים 900 ג' מעדנות,מיוצר עי קונדיטוריית,IL,בצק פריך מלוח 900 גר,גרמים,900.00,100 גרם,false,1,22.90,2.54,true,1,
7290013117526,false,מעדנות בצק שמרים למאפים מתוקים 900 גרם,"מעדנות בע""מ",IL,בצק שמרים למאפים,גרמים,900.00,100 גרם,false,1,22.90,2.54,true,1,
7290013121028,false,לחם לבן ללא גלוטן 500 גר קפוא,אביב קונדיטוריה מעול,IL,לחם לבן ללא גלוטן,גרמים,500.00,100 גרם,false,1,17.90,3.58,true,1,
7290013121035,false,לחם פשתן ללא גלוטן 500 גר קפוא,אביב קונדיטוריה מעול,IL,לחם פשתן ללא גלוטן,גרמים,500.00,100 גרם,false,1,20.90,4.18,true,1,
7290013121042,false,לחם איטלקי ללא גלוטן 500 גר קפוא,אביב קונדיטוריה מעול,IL,לחם איטלקי ללא גלוטן,גרמים,500.00,100 גרם,false,1,20.90,4.18,true,1,
7290013121103,false,רביעיית שליש בגט ללא גלוטן 400 גר,אביב קונדיטוריה מעול,IL,רביעיית שליש בגט,גרמים,400.00,100 גרם,false,1,20.90,5.23,true,1,
7290013121127,false,לחמניות מיני ללא גלוטן 420 גר קפוא,אביב קונדיטוריה מעול,IL,לחמניות מיני,גרמים,420.00,100 גרם,false,1,17.90,4.26,true,1,
7290013121165,false,שישיית לחמניות ללא גלוטן 460 גר קפוא,אביב קונדיטוריה מעול,IL,שישיית לחמניות ללא ג,גרמים,460.00,100 גרם,false,1,20.90,4.54,true,1,
7290013121684,false,כדורי שוקולד ללא גלוטן 400 גר,אביב קונדיטוריה מעול,IL,כדורי שוקולד,גרמים,400.00,100 גרם,false,1,31.50,7.88,true,1,
7290013121752,false,לחם לבן ביתי ללא גלוטן 700 גר קפוא,אביב קונדיטוריה מעול,IL,לחם לבן ביתי,גרמים,700.00,100 גרם,false,1,26.50,3.79,true,1,
7290013142115,false,"חילבה+כרום - מיצוי של זרעי חילבה, כרום, תמצית ג'ימנמה וביוטין",אלטמן,,חילבה + כרום (90) אל,Unknown,0.00,Unknown,false,1,136.90,136.90,true,1,
7290013142450,false,"כורכום C3 - מיצוי שורש כורכום 1000 מ""ג",אלטמן,,כורכום C3 ׁ(60) כשר,Unknown,0.00,Unknown,false,1,124.90,124.90,true,1,
7290013142993,false,זרעי אשכוליות GSEׁ (100) מל בדצ,,,זרעי אשכוליות GSEׁ (,Unknown,0.00,Unknown,false,1,107.90,107.90,true,1,
7290013144171,false,תערובת עוגת שוקולד מימונס 560 ג',מיוצר עי קונדיטוריית,IL,תערובת עוגת שוקולד 5,גרמים,560.00,100 גרם,false,1,18.90,3.38,true,1,
7290013144188,false,תערובת בראוניז מימונס 600 ג',א.ל ייצור ושיווק תבל,IL,תערובת בראוניס 600 ג,גרמים,600.00,100 גרם,false,1,18.90,3.15,true,1,
7290013144195,false,תערובת כדורי שוקולד מימונס 500 ג',מיוצר עי קונדיטוריית,IL,תערובת כדורי שוקולד,גרמים,500.00,100 גרם,false,1,18.90,3.78,true,1,
7290013144218,false,תערובת עוגת וניל מימונס 560 ג',מיוצר עי קונדיטוריית,IL,תערובת עוגת וניל 560,גרמים,560.00,100 גרם,false,1,18.90,3.38,true,1,
7290013144232,false,פודינג בטעם וניל מימונס 80 ג',מיוצר עי קונדיטוריית,IL,פודינג וניל 85 גר,גרמים,85.00,100 גרם,false,1,6.20,7.29,true,1,
7290013144270,false,קרם פטיסייר מימונס 100 ג',מיוצר עי קונדיטוריית,IL,קרם פטיסייר 100 גר,גרמים,100.00,100 גרם,false,1,11.50,11.50,true,1,
7290013144287,false,ג'לי בטעם תות מימונס 85 ג',א.ל ייצור ושיווק תבל,IL,גלי תות 85 גר,גרמים,85.00,100 גרם,false,1,6.90,8.12,true,1,
7290013144393,false,"תמצית בטעם וניל מימונס 50 מ""ל",מיוצר עי קונדיטוריית,IL,"תמצית וניל 50 מ""ל",מיליליטרים,50.00,"100 מ""ל",false,1,4.40,8.80,true,1,
7290013144409,false,"תמצית בטעם רום מימונס 50 מ""ל",מיוצר עי קונדיטוריית,IL,"תמצית רום 50 מ""ל",מיליליטרים,50.00,"100 מ""ל",false,1,4.40,8.80,true,1,
7290013144416,false,"תמצית בטעם שקדים מימונס 50 מ""ל",מיוצר עי קונדיטוריית,IL,"תמצית שקדים 50 מ""ל",מיליליטרים,50.00,"100 מ""ל",false,1,4.40,8.80,true,1,
7290013144515,false,צבע מאכל צהוב מימונס 50 ג',מיוצר עי קונדיטוריית,IL,"צבע מאכל צהוב 50 מ""ל",מיליליטרים,50.00,"100 מ""ל",false,1,4.90,9.80,true,1,
7290013144522,false,צבע מאכל ירוק מימונס 50 ג',מיוצר עי קונדיטוריית,IL,"צבע מאכל ירוק 50 מ""ל",מיליליטרים,50.00,"100 מ""ל",false,1,4.90,9.80,true,1,
7290013144539,false,צבע מאכל אדום מימונס 50 ג',מיוצר עי קונדיטוריית,IL,"צבע מאכל אדום 50 מ""ל",מיליליטרים,50.00,"100 מ""ל",false,1,4.90,9.80,true,1,
7290013144560,false,צבע מאכל כחול מימונס 50 ג',מיוצר עי קונדיטוריית,IL,"צבע מאכל כחול 50 מ""ל",מיליליטרים,50.00,"100 מ""ל",false,1,4.90,9.80,true,1,
7290013144614,false,"סירופ מייפל אמיתי 100% מימונס 236 מ""ל",הנסיך- מפעל לייצור ט,CA,סירופ מייפל אמיתי,מיליליטרים,236.00,"100 מ""ל",false,1,36.50,15.47,true,1,
7290013144751,false,מימונס סירופ בטעם מייפל 500 מל,מימונס אפיה,IL,סירופ בטעם מייפל 500,גרמים,500.00,100 גרם,false,1,14.90,2.98,true,1,
7290013144768,false,סירופ בטעם שוקולד מימונס 500ג',מימונס אפיה,IL,סירופ בטעם שוקולד 50,גרמים,500.00,100 גרם,false,1,14.90,2.98,true,1,
7290013144911,false,מימונס מיקס שוקולד צ'יפס מריר וחלב 250 גרם,,IL,מיקס שוקולד ציפס מרי,גרמים,250.00,100 גרם,false,1,14.90,5.96,true,1,
7290013144980,false,תרסיס שמן קנולה מימונס 170 גרם,מולינו ניקולי s.p.a,FI,תרסיס שמן קנולה מימו,גרמים,170.00,100 גרם,false,1,15.90,9.35,true,1,
7290013145062,false,"סירופ מייפל אמיתי 100% מימונס 187 מ""ל",,,סירופ מייפל אמיתי 10,מיליליטרים,187.00,"100 מ""ל",false,1,31.50,16.84,true,1,
7290013145123,false,שקד מולבן פרוס מימונס 100 גר',מימונס אפיה,IL,שקד מולבן פרוס 100 ג,גרמים,100.00,100 גרם,false,1,14.90,14.90,true,1,
7290013145178,false,קוקוס טחון לבן מימונס 100 ג',מימונס אפיה,IL,קוקוס טחון לבן 100 ג,גרמים,100.00,100 גרם,false,1,5.50,5.50,true,1,
7290013145192,false,שומשום מימונס 100 ג',מימונס אפיה,IL,שומשום 100 גר,גרמים,100.00,100 גרם,false,1,5.90,5.90,true,1,
7290013145215,false,שומשום מימונס 400 גרם,מיוצר עי קונדיטוריית,IL,שומשום 400 גר,גרמים,400.00,100 גרם,false,1,16.90,4.23,true,1,
7290013145390,false,מימונס שוקולד צ'יפס מהדרין 250 גר,אינטרגטה תעשיות מזון,IL,שוקולד ציפס 250 גר,גרמים,250.00,100 גרם,false,1,9.90,3.96,true,1,
7290013145406,false,שוקולד צ'יפס לבן מימונס 250 גר',אינטרגטה תעשיות מזון,IL,שוקולד ציפס לבן 250,גרמים,250.00,100 גרם,false,1,9.90,3.96,true,1,
7290013145437,false,שוקולד מריר מעולה ציפס מימונס 250 ג',הנסיך- מפעל לייצור ט,IL,שוקולד ציפס 48% 250,גרמים,250.00,100 גרם,false,1,15.50,6.20,true,1,
7290013145444,false,שוקולד מריר מעולה ציפס 66% מימונס 250 ג',המאפיה של הרמן,IL,שוקולד ציפס 66% 250,גרמים,250.00,100 גרם,false,1,16.90,6.76,true,1,
7290013145529,false,סוכריות צבעוניות לקישוט מימונס 90 ג',א.ל ייצור ושיווק תבל,IL,סוכריות צבעוניות לקי,גרמים,90.00,100 גרם,false,1,6.40,7.11,true,1,
7290013145536,false,סוכריות בטעם שוקולד לקישוט מימונס 85 ג',,,סוכריות בטעם שוקולד,גרמים,85.00,100 גרם,false,1,6.40,7.53,true,1,
7290013145567,false,מיני מיני עדשים מימונס 90 ג',מיוצר עי קונדיטוריית,IL,מיני מיני עדשים 90 ג,גרמים,90.00,100 גרם,false,1,12.60,14.00,true,1,
7290013145574,false,ערכה לקישוט מימונס 100 ג',א.ל ייצור ושיווק תבל,IL,ערכה לקישוט 100 גר,גרמים,100.00,100 גרם,false,1,13.90,13.90,true,1,
7290013145628,false,סוכריות צבעוניות לקישוט מימונס 200 ג',א.ל ייצור ושיווק תבל,IL,סוכריות צבעוניות 200,גרמים,200.00,100 גרם,false,1,9.90,4.95,true,1,
7290013145710,false,דובדבנים מסוכרים מימונס 100 ג',מיוצר עי קונדיטוריית,IL,דובדבנים מסוכרים 100,גרמים,100.00,100 גרם,false,1,9.90,9.90,true,1,
7290013145796,false,"רביעיית צבעי מאכל גל 4*25 מ""ל",,IL,רביעיית צבעי מאכל גל,מיליליטרים,100.00,"100 מ""ל",false,1,49.90,49.90,true,1,
7290013145826,false,פודניג בטעם וניל לבן במיוחד מימונס 80 ג',א.ל ייצור ושיווק תבל,IL,פודינג בטעם וניל לבן,גרמים,80.00,100 גרם,false,1,6.20,7.75,true,1,
7290013145840,false,סוכר וניל מימונס 10* 10 ג',מיוצר עי קונדיטוריית,IL,סוכר וניל 10 יח בצלו,Unknown,0.00,Unknown,false,1,2.70,2.70,true,1,
7290013145857,false,אבקת אפייה 10 יח' בצלופן,מימונס אפיה,IL,אבקת אפיה 10 יח בצלו,Unknown,0.00,Unknown,false,1,2.70,2.70,true,1,
7290013145864,false,ג'לטין טהור מימונס 28 ג',א.ל ייצור ושיווק תבל,IL,גלטין טהור אבקה 28 ג,גרמים,28.00,100 גרם,false,1,11.90,42.50,true,1,
7290013145871,false,שמרים יבשים סטיק מימונס 5*11 ג',מימונס אפיה,IL,שמרים יבשים 11 גר*5,גרמים,55.00,100 גרם,false,1,10.30,18.73,true,1,
7290013145901,false,סודה לשתיה מימונס 100 ג',מימונס אפיה,IL,סודה לשתיה 100 גר,גרמים,100.00,100 גרם,false,1,2.00,2.00,true,1,
7290013145918,false,אבקת סוכר מימונס 100 גר',א.ל. ייצור ושיווק תב,IL,אבקת סוכר 100 גר,גרמים,100.00,100 גרם,false,1,2.20,2.20,true,1,
7290013145949,false,אבקת סוכר באריזת פטנט 250גר,מיוצר עי קונדיטוריית,IL,אבקת סוכר אריזת פטנט,גרמים,250.00,100 גרם,false,1,17.50,7.00,true,1,
7290013145956,false,שמרים יבשים בוואקום מימונס 500 ג',הנסיך- מפעל לייצור ט,CN,שמרים יבשים בואקום 5,גרמים,500.00,100 גרם,false,1,14.90,2.98,true,1,
7290013145963,false,שמרים יבשים בוואקום מימונוס 125 ג',מימונס אפיה,CN,שמרים יבשים בואקום 1,גרמים,125.00,100 גרם,false,1,6.20,4.96,true,1,
7290013145970,false,קורנפלור מימונס בשקית 200 ג',א.ל ייצור ושיווק תבל,IL,קורנפלור 200 גרם,גרמים,200.00,100 גרם,false,1,3.90,1.95,true,1,
7290013146083,false,מלית חלבה מימונס 400 ג',אינטרגטה תעשיות מזון,IL,מלית חלבה 400 גר,גרמים,400.00,100 גרם,false,1,16.90,4.23,true,1,
7290013146199,false,מלית קרם נוגט 350 גרם מימונס,הנסיך- מפעל לייצור ט,IL,מלית קרם נוגט 350 גר,גרמים,350.00,100 גרם,false,1,16.90,4.83,true,1,
7290013146274,false,מארז תחתיות מרנג 8 יחידות 100 גרם,סטולורגן - פארק תעשי,IL,מארז תחתיות מרנג 8 י,גרמים,100.00,100 גרם,false,1,19.90,19.90,true,1,
7290013146298,false,טארטלטים תחתיות בצק פריך אפויות למילוי מימונס 120 ג',א.ל ייצור ושיווק תבל,IL,טארטלטים- תחתיות אפו,גרמים,120.00,100 גרם,false,1,22.90,19.08,true,1,
7290013146304,false,קורנפלור 500 גרם מימונס.,,,קורנפלור 500 גרם,גרמים,500.00,100 גרם,false,1,5.90,1.18,true,1,
7290013146663,false,סוכריות קונפטי לקישוט מימונס 55 ג',"מימונס אפיה בע""מ",IL,אטריות צבעוניות לקיש,גרמים,55.00,100 גרם,false,1,11.90,21.64,true,1,
7290013146670,false,סוכריות לב סגול ורוד לבן לקישוט 60 גרם,"מימונס אפיה בע""מ",IL,סוכריות לב סגול ורוד,גרמים,60.00,100 גרם,false,1,11.90,19.83,true,1,
7290013146724,false,אבקת אייס קפה 350 גרם מימונס,,,אייס קפה מימונס 350,גרמים,350.00,100 גרם,false,1,17.90,5.11,true,1,
7290013153395,false,פריגת סחוט טרי רימונים 1ליטר,פריגת מצוננים,IL,פריגת סחוט רימונים 1,מיליליטרים,1000.00,"100 מ""ל",false,1,26.90,2.69,true,1,
7290013153432,false,"פריגת סחוט לימונענע 400 מ""ל",היינץ צפון אמריקה מק,IL,פריגת סחוט לימונע 40,מיליליטרים,400.00,"100 מ""ל",false,1,9.90,2.48,true,1,
7290013153593,false,מיץ תפוזים מתקתק 1 ליטר,"גת גבעת חיים,",IL,מיץ תפוזים מתקתק 1 ל,מיליליטרים,1000.00,"100 מ""ל",false,1,16.90,1.69,true,1,
7290013176257,false,יוגורט עיזים פרוביוט,,,יוגורט עיזים פרוביוט,גרמים,150.00,100 גרם,false,1,5.50,3.67,true,1,
7290013182043,false,אבטיח 600 גר,,,אבטיח 600 גר,גרמים,600.00,100 גרם,false,1,21.90,3.65,true,1,
7290013182050,false,פטריות שמפניון,,,פטריות שמפניון,Unknown,0.00,Unknown,false,1,21.90,21.90,true,1,
7290013182074,false,סלט אצות ים 250 גרם,,IL,סלט אצות ים 250 גרם,גרמים,250.00,100 גרם,false,1,13.90,5.56,true,1,
7290013187215,false,מנות פילה סלמון נורבגי 800 גר,,NO,פילה סלמון נורבגי,גרמים,800.00,100 גרם,false,1,86.90,10.86,true,1,
7290013187482,false,"אוזו פלומארי 700 מ""ל במארז כוס גבוה",,,"אוזו פלומארי 700 מ""ל",מיליליטרים,700.00,"100 מ""ל",false,1,83.90,11.99,true,1,
7290013187765,false,ברוקולי טבעפרוסט 800 גר,,,ברוקולי טבעפרוסט 800,גרמים,800.00,100 גרם,false,1,18.90,2.36,true,1,
7290013187772,false,אפונה ירוקה עדינה טבעפרוסט 800 גר,,,אפונה ירוקה עדינה טב,גרמים,800.00,100 גרם,false,1,18.90,2.36,true,1,
7290013187789,false,אפונה ירוקה טבעפרוסט 800 גר,,,אפונה ירוקה טבעפרוסט,גרמים,800.00,100 גרם,false,1,15.60,1.95,true,1,
7290013187796,false,שעועית ירוקה שלמה טבעפרוסט 800 גר,,,שעועית ירוקה שלמה טב,גרמים,800.00,100 גרם,false,1,15.90,1.99,true,1,
7290013187819,false,שעועית ירוקה חתוכה טבעפרוסט 800 גר,,,שעועית ירוקה חתוכה ט,גרמים,800.00,100 גרם,false,1,15.90,1.99,true,1,
7290013187833,false,כרובית טבעפרוסט 800 גר,,,כרובית טבעפרוסט 800,גרמים,800.00,100 גרם,false,1,15.90,1.99,true,1,
7290013187840,false,גזר גמדי טבעפרוסט 800 גר,,,גזר גמדי טבעפרוסט 80,גרמים,800.00,100 גרם,false,1,15.90,1.99,true,1,
7290013187857,false,טבעפרוסט תרד 800 גרם,,,תרד טבעפרוסט 800 גר,גרמים,800.00,100 גרם,false,1,15.90,1.99,true,1,
7290013187864,false,נקניקיות שפיקצקי 600 גרם,,,נקניקיות שפיקצקי,גרמים,600.00,100 גרם,false,1,42.90,7.15,true,1,
7290013187871,false,סרוולט אוסטרי 170 גר,,,סרוולט אוסטרי 170 גר,גרמים,170.00,100 גרם,false,1,34.90,20.53,true,1,
7290013187888,false,רוסקי סרוולט 170 גר,,,רוסקי סרוולט 170 גר,גרמים,170.00,100 גרם,false,1,34.90,20.53,true,1,
7290013187949,false,סרוולט איטלקי 170 גר,,,סרוולט איטלקי 170 גר,גרמים,170.00,100 גרם,false,1,23.90,14.06,true,1,
7290013215017,false,פטריות שמפניון זוגות,אראל תוצרת חקלאית בע,IL,פיטריות דואט,Unknown,0.00,Unknown,false,1,17.90,17.90,true,1,
7290013234544,false,טוטל קלינס 60 כמוסות,,,טוטל קלינס 60 כמוסות,Unknown,0.00,Unknown,false,1,134.90,134.90,true,1,
7290013250032,false,סבון פנים לבנדר לאיזון והרגעת העור,,,סבון פנים לבנדר לאיז,Unknown,0.00,Unknown,false,1,129.90,129.90,true,1,
7290013250131,false,תרחיף אכינצאה מרוכז לטיפול נקודתי,,,תרחיף אכינצאה מרוכז,Unknown,0.00,Unknown,false,1,129.90,129.90,true,1,
7290013253194,false,"קבב מזרחי 1 ק""ג אבי נחום",,IL,"קבב מזרחי 1 ק""ג אבי",קילוגרמים,0.00,"ק""ג",false,1,72.50,72.50,true,1,
7290013253200,false,"קבב רומני 1 ק""ג אבי נחום",,IL,"קבב רומני 1 ק""ג",קילוגרמים,0.00,"ק""ג",false,1,72.50,72.50,true,1,
7290013253217,false,"קבב עם שומן כבש 1 ק""ג אבי נחום",,IL,"קבב עם שומן כבש 1 ק""",קילוגרמים,0.00,"ק""ג",false,1,72.50,72.50,true,1,
7290013267665,false,מאגדת מיני סולרו פירות טרופי 6 יח' 354 ג',"מיוצר ע""י גלידת שטרא",IL,מאגדת סולרו פירות,גרמים,354.00,100 גרם,false,1,28.50,8.05,true,1,
7290013268020,false,סנו - מקסימה מרכך כביסה מרוכז אולטרה פרש 1 ליטר,"סנו מפעלי ברונוס בע""",IL,מרכך כביסה מקסימה סו,מיליליטרים,1000.00,"100 מ""ל",false,1,17.90,1.79,true,1,
7290013268839,false,סנו פוליויקס פרקט בריח מלון חלומי,סנו פוליויקס,IL,פוליווקס פרקט,ליטרים,0.00,ליטר,false,1,23.90,23.90,true,1,
7290013268990,false,סנו - מקסימה מרכך כביסה מרוכז ביו 1 ליטר,"סנו מפעלי ברונוס בע""",IL,מרכך כביסה מקסימה בי,מיליליטרים,1000.00,"100 מ""ל",false,1,17.90,1.79,true,1,
7290013269348,false,K3 תחנת פיתיון קוטל תיקנים (ג'וקים) בבית ובחצר,טרופיקל דגיל תעשיות,IL,פתיון K3 קוטל תיקנים,גרמים,10.00,100 גרם,false,1,49.90,499.00,true,1,
7290013269447,false,סנו סושי אטבי כביסה פרימיום,,,סנו סושי אטבי כביסה,Unknown,0.00,Unknown,false,1,11.20,11.20,true,1,
7290013269621,false,ריצפז פרש לניקוי רצפות בניחוח מלון בוטיק,מיוצר עי קונדיטוריית,IL,נוזל רצפות ריצפז פרש,ליטרים,0.00,ליטר,false,1,19.90,19.90,true,1,
7290013269690,false,סנובון /פיסגה ג'ל בניחוח לימון-מרכז,Nicolas polandמשווק,PL,סנובון גל לאסלה בניח,Unknown,0.00,Unknown,false,1,8.90,8.90,true,1,
7290013269911,false,"סנו K-333 קוטל חרקים ללא ריח 750מ""ל","סנו מפעלי ברונוס בע""",IL,סנו K333,ליטרים,0.00,ליטר,false,1,33.80,33.80,true,1,
7290013276124,false,"בירה נגב אמבר אייל 330 מ""ל","איי, בי, אינבוו",IL,בירה נגב אמבר אייל 3,מיליליטרים,330.00,"100 מ""ל",false,1,13.90,4.21,true,1,
7290013276131,false,"בירה נגב פורטר אלון 330 מ""ל",,,בירה נגב פורטר אלון,מיליליטרים,330.00,"100 מ""ל",false,1,13.90,4.21,true,1,
7290013284310,false,רוטב פסטה לילדים 240 גרם פריניר,פריניר ( הדס 1987) ב,IL,רוטב פסטה לילדים 240,גרמים,240.00,100 גרם,false,1,5.80,2.42,true,1,
7290013329318,false,פריכיות כוסמת ללא מלח 160 גרם,,,פריכיות כוסמת ללא מל,גרמים,160.00,100 גרם,false,1,12.00,7.50,true,1,
7290013329417,false,"סוכר דמררה 1 ק""ג - כרם",,,"סוכר דמררה 1 ק""ג - כ",קילוגרמים,0.00,"ק""ג",false,1,10.30,10.30,true,1,
7290013329448,false,חמוציות ברכז תפוחים 250 גר,,,חמוציות ברכז תפוחים,גרמים,250.00,100 גרם,false,1,16.60,6.64,true,1,
7290013329462,false,חמניה מקולף 250 גר,,,חמניה מקולף 250 גר,גרמים,250.00,100 גרם,false,1,9.30,3.72,true,1,
7290013329561,false,פקאן טבעי 200 גר,,,פקאן טבעי 200 גר,גרמים,200.00,100 גרם,false,1,26.10,13.05,true,1,
7290013329639,false,תפוח עץ מיובש 200 גר,,,תפוח עץ מיובש 200 גר,גרמים,200.00,100 גרם,false,1,13.50,6.75,true,1,
7290013329721,false,"תמר מגהול אורגני כרם - 1 ק""ג",,,תמר מגהול אורגני כרם,קילוגרמים,0.00,"ק""ג",false,1,29.90,29.90,true,1,
7290013329738,false,"תמר מגהול 1 ק""ג",,,"תמר מגהול 1 ק""ג",קילוגרמים,0.00,"ק""ג",false,1,24.90,24.90,true,1,
7290013329875,false,פריכיות אורז עם מלח כרם 160 גרם,,,פריכיות אורז עם מלח,Unknown,0.00,Unknown,false,1,12.00,12.00,true,1,
7290013358356,false,מאסטר שף - פירורי לחם מוזהבים 320 גרם,מנה י.א בעמ,IL,מאסטר שף פירורי לחם,גרמים,320.00,100 גרם,false,1,7.60,2.38,true,1,
7290013358363,false,פירורי לחם פנקו מזוהבים מאסטר שף מנה 300 ג',קריניציה ויטמינה אס,IL,פירורי לחם פנקו 300,גרמים,300.00,100 גרם,false,1,9.80,3.27,true,1,
7290013358417,false,מנה אסייאתי רוטב טריאקי 300 מל מאסטר שף,קריניציה ויטמינה אס,TH,מנה אסייאתי רוטב טרי,מיליליטרים,300.00,"100 מ""ל",false,1,12.90,4.30,true,1,
7290013358431,false,קרוטונים לסלט בתיבול עגבניות ובזיליקום,עינת תעשיות מזון אגו,IL,מנה קרוטונים לסלט עג,גרמים,200.00,100 גרם,false,1,12.50,6.25,true,1,
7290013358448,false,"קרוטונים לסלט אקסטרה ארוכים בתיבול שום, בצל ופטרוזיליה",עינת תעשיות מזון אגו,IL,מנה קרוטונים לסלט 4,גרמים,200.00,100 גרם,false,1,12.50,6.25,true,1,
7290013358462,false,"מיני קרוטונים למרק בתיבול שום, בצל ופטרוזיליה","עינת תעשיות מזון, אג",IL,מנה קרוטונים למרק שו,גרמים,350.00,100 גרם,false,1,15.50,4.43,true,1,
7290013358493,false,מנה אסייאתי קרם קוקוס פחית 400 מל מ.שף,תאי קוקונט פבליק קומ,TH,מנה אסייאתי קרם קוקו,מיליליטרים,400.00,"100 מ""ל",false,1,9.80,2.45,true,1,
7290013358530,false,מאסטר שף אסייאתי רוטב צ'ילי מתוק 700 מל,קריניציה ויטמינה אס,TH,רוטב צילי מתוק מנה א,מיליליטרים,700.00,"100 מ""ל",false,1,11.90,1.70,true,1,
7290013358578,false,מנה אסייאתי אטריות אורז רחבות 400 ג מ.שף,ליינג טונג רייס פלוו,TH,מנה אסייאתי אטריות א,גרמים,400.00,100 גרם,false,1,9.90,2.48,true,1,
7290013358585,false,מנה אסייאתי נודלס ביצים להקפצה 400 מ.שף,הנסיך- מפעל לייצור ט,CN,מנה אסייאתי נודלס בי,גרמים,400.00,100 גרם,false,1,9.90,2.48,true,1,
7290013358806,false,פריכיות אורז מאורז חום מלא עם מלח,מנה Mana,IL,מנה מאגדת פריכיות עם,גרמים,264.00,100 גרם,false,1,13.50,5.11,true,1,
7290013366634,false,כרמל יבולים חסה סלנו,שמיניית מעדן חלב שוק,IL,חסה ראשים 200 גר,גרמים,200.00,100 גרם,false,1,14.90,7.45,true,1,
7290013381910,false,"טורטיות ללא חומר משמר דגנים 20 ס""מ 8",,,טורטיות ללא חומר משמ,Unknown,0.00,Unknown,false,1,9.90,9.90,true,1,
7290013381996,false,סרדינים בשמן זית 125 גרם,,,סרדינים בשמן זית 125,גרמים,125.00,100 גרם,false,1,6.10,4.88,true,1,
7290013389077,false,"עלי טורטיה מקמח חיטה 25ס""מ 8יח' תומר 420 ג'",,IL,טורטיה ספרדי חיטה 25,גרמים,420.00,100 גרם,false,1,15.30,3.64,true,1,
7290013389084,false,"טורטיה ספרדי קמח תירס 25 ס""מ 325 גרם",,,טורטיה ספרדי קמח תיר,גרמים,325.00,100 גרם,false,1,11.30,3.48,true,1,
7290013389145,false,"ניוקי 500 ג' ""לה פסטה"" מיני 500 גר' 12X",לה פסטה La' Pasta,,מיני ניוקי 500 גרם,גרמים,500.00,100 גרם,false,1,12.20,2.44,true,1,
7290013389374,false,קמח תירס פולנטה תומר 500ג',פיקטה piccata,,קמח תירס דק פולנטה 5,גרמים,500.00,100 גרם,false,1,7.20,1.44,true,1,
7290013389381,false,"1 קֿֿֿֿ""ג 10X( פולנטה) קמח תירס",מולינו פילה,IT,"קמח תירס פולנטה 1 ק""",גרמים,1000.00,100 גרם,false,1,12.90,1.29,true,1,
7290013389398,false,"קמח תירס דק 1 ק""ג פולנטה",פיקטה piccata,,"קמח תירס דק 1 ק""ג",גרמים,1000.00,100 גרם,false,1,12.40,1.24,true,1,
7290013430083,false,"בירה אלכסנדר בלונד בקבוק 330 מ""ל",מנדלז סי.אר. פרודקשן,IL,בירה אלכסנדר בלונד 3,מיליליטרים,330.00,"100 מ""ל",false,1,13.90,4.21,true,1,
7290013430205,false,"בירה אלכסנדר בלאק 330 מ""ל",,,בירה אלכסנדר בלאק 33,מיליליטרים,330.00,"100 מ""ל",false,1,13.90,4.21,true,1,
7290013430403,false,"בירה אלכסנדר בלייז 330 מ""ל",,,בירה אלכסנדר בלייז 3,מיליליטרים,330.00,"100 מ""ל",false,1,13.90,4.21,true,1,
7290013430533,false,"בירה אלכסנדר טרופיקל 330 מ""ל",,,בירה אלכסנדר טרופיקל,מיליליטרים,330.00,"100 מ""ל",false,1,13.90,4.21,true,1,
7290013433091,false,גרנולה שוקולד ודגנים 300 גרם,,IL,גרנולה דגנים ושוקולד,גרמים,300.00,100 גרם,false,1,18.90,6.30,true,1,
7290013433107,false,גרנולה חלבה תמר 43% 300 גרם,אפקט טבעי,IL,גרנולה חלבה תמר 43%,גרמים,300.00,100 גרם,false,1,18.90,6.30,true,1,
7290013433169,false,חמאת לוז קשיו 250 גרם,,IL,חמאת לוז קשיו 250 גר,גרמים,250.00,100 גרם,false,1,44.90,17.96,true,1,
7290013433176,false,ממרח קרם אגוזים שוקולד מריר 250 גרם,,IL,ממרח קרם אגוזים שוקו,גרמים,250.00,100 גרם,false,1,46.90,18.76,true,1,
7290013433299,false,ממרח פיסטוק שקד שוקולד לבן 250 גרם,,IL,ממרח פיסטוק שקד שוקו,גרמים,250.00,100 גרם,false,1,48.90,19.56,true,1,
7290013433336,false,גרנולה 48% סופר פודס 300 ג,,IL,גרנולה 48% סופר פודס,גרמים,300.00,100 גרם,false,1,18.90,6.30,true,1,
7290013442062,false,יוגורט עדין קטיפתי 6,מוטק'ה החולב,,יוגורט 600 גר,גרמים,600.00,100 גרם,false,1,19.90,3.32,true,1,
7290013442246,false,לאבנה 9% מוטקה החו,מוטק'ה החולב,IL,לבנה 250 גר,גרמים,250.00,100 גרם,false,1,17.90,7.16,true,1,
7290013442277,false,גבינה בסגנון פטה 18%,מוטק'ה החולב,IL,גבינת פטה 250 גר,גרמים,250.00,100 גרם,false,1,32.90,13.16,true,1,
7290013442284,false,גבינת ברי 22% 140 גר,מוטק'ה החולב,IL,גבינת ברי 140 גר,גרמים,140.00,100 גרם,false,1,26.90,19.21,true,1,
7290013442291,false,גבינה קממבר 22 % 140,מוטק'ה החולב,IL,קממבר רגיל 140 גר,גרמים,140.00,100 גרם,false,1,26.90,19.21,true,1,
7290013442307,false,גבינת קממבר פקאן 23%,מוטק'ה החולב,IL,קממבר פקאן 140 גר,גרמים,140.00,100 גרם,false,1,26.90,19.21,true,1,
7290013442314,false,גבינת סנט מור 150 גר,מוטק'ה החולב,IL,גבינת סנט מור 150 גר,גרמים,150.00,100 גרם,false,1,29.90,19.93,true,1,
7290013453181,false,קריספיס שקדים רוזמרין 170 גר,,,קריספיס שקדים רוזמרי,גרמים,170.00,100 גרם,false,1,25.90,15.24,true,1,
7290013453389,false,עוגיות חלבון חמאת בוטנים 180 גרם,דני וגלית בעמ,IL,עוגיות חלבון חמאת בו,גרמים,180.00,100 גרם,false,1,23.90,13.28,true,1,
7290013453396,false,עוגיות חלבון חלווה 180 גרם,דני וגלית בעמ,IL,עוגיות חלבון חלווה 1,גרמים,180.00,100 גרם,false,1,23.90,13.28,true,1,
7290013453594,false,עוגיות גרנולה חמוציות וקשיו 230 גר,,,עוגיות גרנולה חמוציו,גרמים,230.00,100 גרם,false,1,25.90,11.26,true,1,
7290013453617,false,ביסקוטי שקדים וקוקוס 200 גרם,האי נאם סי או אל.טי.,IL,ביסקוטי שקדים וקוקוס,גרמים,200.00,100 גרם,false,1,29.50,14.75,true,1,
7290013453631,false,עוגיות חמאת בוטנים ושוקולד מפצפוצי אורז מלא,האי נאם סי או אל.טי.,IL,עוגיות חמאת בוטנים ו,גרמים,200.00,100 גרם,false,1,29.50,14.75,true,1,
7290013453679,false,עוגיות אוכמניות ותפוז מקמח שקדים 230 גרם,,,עוגיות אוכמניות ותפו,גרמים,230.00,100 גרם,false,1,29.50,12.83,true,1,
7290013464279,false,נוירו גארד 72 כ,,,נוירו גארד 72 כ,Unknown,0.00,Unknown,false,1,149.90,149.90,true,1,
7290013464651,false,"סופהרב - ויטמין C לא חומצי 1000 מ""ג בד""ץ 90 טבליות",,,ויטמין סי 1000 מ`ג ל,Unknown,0.00,Unknown,false,1,69.90,69.90,true,1,
7290013465306,false,ארט 3 קל,,,ארט 3 קל,Unknown,0.00,Unknown,false,1,109.90,109.90,true,1,
7290013465481,false,אנזימי עיכול 60 כמוסות,סופהרב,,אנזימי עיכול 60 כמוס,Unknown,0.00,Unknown,false,1,74.90,74.90,true,1,
7290013472199,false,ערמונים קלופים וקלויים 105 גרם,בייג'גג פוינונג,CN,ערמונים קלופים וקלוי,גרמים,105.00,100 גרם,false,1,5.80,5.52,true,1,
7290013472892,false,בולגריה קוביות במי מלח - מרכיבי חלב ושומן צמחי,"קוליוס אס.איי, גריק",GR,בולגריה בקוביות 200,גרמים,200.00,100 גרם,false,1,11.40,5.70,true,1,
7290013492005,false,אמא אדמה תפוח אדמה למיקרו 700 גר',שרווין ווליאמס,IL,תפוחוני אדמה למיקרו,גרמים,700.00,100 גרם,false,1,9.90,1.41,true,1,
7290013493002,false,בירה בזלת פילזנר 750 מל,יושלם,IL,בירה בזלת פילזנר 750,מיליליטרים,750.00,"100 מ""ל",false,1,27.90,3.72,true,1,
7290013493019,false,בירה בזלת פילזנר 330 מל,מברשת הגולן א.ח.ר 20,IL,בירה בזלת פילזנר 330,מיליליטרים,330.00,"100 מ""ל",false,1,12.90,3.91,true,1,
7290013493026,false,בירה בזלת חיטה 750 מל,יושלם,IL,בירה בזלת חיטה 750 מ,מיליליטרים,750.00,"100 מ""ל",false,1,29.90,3.99,true,1,
7290013493040,false,בירה בזלת דאבל בוק 750 מל,יושלם,IL,בירה בזלת דאבל בוק 7,מיליליטרים,750.00,"100 מ""ל",false,1,29.90,3.99,true,1,
7290013493064,false,בירה בזלת אייל ענברי 750 מל,יושלם,IL,בירה בזלת אייל ענברי,מיליליטרים,750.00,"100 מ""ל",false,1,31.90,4.25,true,1,
7290013521187,false,"ספגטי עדשים אדומות לל""ג אורגני 250 גרם","אנדריאני ספא, ויה ני",IT,ספגטי עדשים אדומות ל,גרמים,250.00,100 גרם,false,1,13.90,5.56,true,1,
7290013521200,false,"פוזילי אפונה ירוקה לל""ג אורגני 250 גרם","אנדריאני ספא, ויה ני",IT,פוזילי אפונה ירוקה ל,גרמים,250.00,100 גרם,false,1,13.90,5.56,true,1,
7290013521224,false,"ספגטי כוסמת לל""ג אורגני 250 גרם",,,"ספגטי כוסמת לל""ג אור",גרמים,250.00,100 גרם,false,1,13.90,5.56,true,1,
7290013521347,false,חרדל דיזון אורגני 200 גר,השדה מוצרים אורגניים,,חרדל דיזון אורגני 20,גרמים,200.00,100 גרם,false,1,15.90,7.95,true,1,
7290013521415,false,אבקת מרק אורגני 20 בטעם עוף 200 גר,השדה מוצרים אורגניים,NL,אבקת מרק אורגני 20 ב,גרמים,200.00,100 גרם,false,1,25.90,12.95,true,1,
7290013521828,false,פסטה כוסמין ספירולינה פטוציני 300 גרם,,,פסטה כוסמין ספירולינ,גרמים,300.00,100 גרם,false,1,21.90,7.30,true,1,
7290013521835,false,פסטה כוסמין ספירולינה פוזילי 300 גרם,רדיי 97 בעמ,HU,פסטה כוסמין ספירולינ,גרמים,300.00,100 גרם,false,1,21.90,7.30,true,1,
7290013521842,false,ציפס תפוח אדמה אפוי 65 גרם,"סיבי, נובי פריס",SK,ציפס תפוח אדמה אפוי,גרמים,65.00,100 גרם,false,1,11.90,18.31,true,1,
7290013521859,false,חטיף ציפס אורגני מירקות שורש 65 גרם,"סיבי, נובי פריס",SK,חטיף ציפס אורגני,גרמים,65.00,100 גרם,false,1,11.90,18.31,true,1,
7290013521866,false,חטיף אורגני מתפוחי אדמה ללא מלח 65 גרם,"סיבי, נובי פריס",SK,חטיף אורגני מתפוחי,גרמים,65.00,100 גרם,false,1,11.90,18.31,true,1,
7290013531117,false,רוטב פסטה לילדים 240 גרם יכין,"זנלכל בע""מ",IL,רוטב לפסטה קידס 260,מיליליטרים,260.00,"100 מ""ל",false,1,6.50,2.50,true,1,
7290013531377,false,תורמוס A2 יכין בית יוסף,היינץ צפון אמריקה מק,IL,תורמוס יכין 560 גרם,גרמים,560.00,100 גרם,false,1,9.90,1.77,true,1,
7290013531490,false,פול מתובל יכין 560 גרם,זנלכל,IL,פול מתובל יכין 560 ג,גרמים,560.00,100 גרם,false,1,9.90,1.77,true,1,
7290013531582,false,מארז זיתים ירוקים מגולענים יכין 200 גרם,קרלו,IL,שלישיית זיתים חרוזית,גרמים,600.00,100 גרם,false,1,15.90,2.65,true,1,
7290013531759,false,שעועית אפויה במים 550 ג' יכין,"זנלכל בע""מ",IL,שעועית לבנה במים 550,גרמים,550.00,100 גרם,false,1,9.90,1.80,true,1,
7290013579492,false,"פיטאיה קפואה 250 גרם בד""ץ עדה חרדית",,IL,פיטאיה קפואה Shake I,גרמים,250.00,100 גרם,false,1,10.90,4.36,true,1,
7290013579508,false,"קוקוס קפוא 250 גרם בד""ץ עדה חרדית",,IL,קוקוס קפוא Shake It,גרמים,250.00,100 גרם,false,1,10.90,4.36,true,1,
7290013580009,false,המבורגר זהב 400 ג' 12 יח',בלדי,IL,המבורגר זהב 400 גרם,גרמים,400.00,100 גרם,false,1,20.90,5.23,true,1,
7290013585233,false,"ספרייט זירו פחית סליק 330 מ""ל",קוקה קולה ישראל,IL,ספרייט ZERO פחית סלי,מיליליטרים,330.00,"100 מ""ל",false,1,5.40,1.64,true,1,
7290013585257,false,ספרייט זירו בקבוק 500מל,החברה המרכזית לייצור,IL,ספרייט ZERO בקבוק 50,מיליליטרים,500.00,"100 מ""ל",false,1,7.50,1.50,true,1,
7290013585394,false,קוקה-קולה 1 ליטר,החברה המרכזית לייצור,IL,קוקה קולה 1 ליטר,מיליליטרים,1000.00,"100 מ""ל",false,1,7.20,0.72,true,1,
7290013585455,false,"ויינשטפן פסטביר בק 330 מ""ל",,,ויינשטפן פסטביר בק 3,מיליליטרים,330.00,"100 מ""ל",false,1,14.50,4.39,true,1,
7290013608260,false,פרימור מיץ רימונים 100% סחוט טרי 1ל',"גניר (1992) בע""מ",IL,מיץ רימונים 100% סחו,מיליליטרים,1000.00,"100 מ""ל",false,1,24.10,2.41,true,1,
7290013608864,false,פרימור משקה פירות הדר 1 ליטר בתוספת ויטמין C,"גניר (1992) בע""מ",IL,משקה פירות הדר בתוספ,מיליליטרים,1000.00,"100 מ""ל",false,1,15.80,1.58,true,1,
7290013621023,false,פלורדיקס זוגות 500 מל,,,פלורדיקס זוגות 500 מ,Unknown,0.00,Unknown,false,1,174.90,174.90,true,1,
7290013621030,false,פלורויטל זוג 500 מל,,,פלורויטל זוג 500 מל,Unknown,0.00,Unknown,false,1,174.90,174.90,true,1,
7290013621306,false,מגה ליקוריץ גרמזה 60 כמוסות,,,מגה ליקוריץ גרמזה 60,Unknown,0.00,Unknown,false,1,169.90,169.90,true,1,
7290013645050,false,פירורי לחם שרהלה 300 גרם,מוצרי הכט,IL,פירורי לחם שרהלה 300,גרמים,300.00,100 גרם,false,1,24.50,8.17,true,1,
7290013645104,false,פיתותללא גלוטן 500 גרם,מוצרי הכט,IL,פיתותללא גלוטן 500 ג,גרמים,500.00,100 גרם,false,1,18.90,3.78,true,1,
7290013650030,false,"שמן זרעי דלעת 250 מ""ל",,US,"שמן זרעי דלעת 250 מ""",מיליליטרים,250.00,"100 מ""ל",false,1,59.90,23.96,true,1,
7290013650115,false,"שמן פשתן 500 מ""ל",העידן האורגני,,שמן פשתן 500 מל,מיליליטרים,500.00,"100 מ""ל",false,1,47.10,9.42,true,1,
7290013650153,false,"תמצית וניל טהורה 50 מ""ל",Global Gourmet Produ,US,תמצית וניל טהורה 50,מיליליטרים,1.00,"100 מ""ל",false,1,62.90,6290.00,true,1,
7290013650481,false,"שמן פשתן 250 מ""ל",,US,"שמן פשתן 250 מ""ל",מיליליטרים,250.00,"100 מ""ל",false,1,29.90,11.96,true,1,
7290013652157,false,"ד""ר פישר - נטורל קר מגבונים להסרת איפור לעור רגיל יבש 30 יח' * 3","ד""ר פישר Dr fischer",IL,מגבונים להסרת איפור,Unknown,0.00,Unknown,false,1,25.60,25.60,true,1,
7290013652843,false,נטורל קר שמפו לשיער רגיל- ורדים וחלב רימונים,"ד""ר פישר Dr fischer",IL,שמפו לשיער רגיל ורדי,מיליליטרים,700.00,"100 מ""ל",false,1,17.90,2.56,true,1,
7290013671240,false,דאודורנט טבעי לאישה,,,דאודורנט טבעי לאישה,Unknown,0.00,Unknown,false,1,26.90,26.90,true,1,
7290013675545,false,שניצל כלי תחבורה מאמא עוף 700 ג',תנובה גליל,IL,שניצל כלי תחבורה 700,גרמים,700.00,100 גרם,false,1,35.90,5.13,true,1,
7290013713025,false,"בירה ג'מס פילס בקבוק 330 מ""ל","אביר הבר בע""מ",IL,"בירה פילס 330 מ""ל ג",מיליליטרים,330.00,"100 מ""ל",false,1,12.90,3.91,true,1,
7290013713049,false,"בירה גמס 8.8 איל בלגי מחוזקת 330 מ""ל","אביר הבר בע""מ",IL,בירה גמס 8.8 איל בלג,מיליליטרים,330.00,"100 מ""ל",false,1,12.90,3.91,true,1,
7290013720313,false,סורימי שרימפס 200 גר,,,סורימי שרימפס 200 גר,גרמים,200.00,100 גרם,false,1,9.40,4.70,true,1,
7290013720436,false,קרפלך בטעם ביתי קפוא 600 גר,,,קרפלך בטעם ביתי קפוא,גרמים,600.00,100 גרם,false,1,20.90,3.48,true,1,
7290013720498,false,פיין שרימפס מבושל 750 גר M,,,פיין שרימפס מבושל,גרמים,750.00,100 גרם,false,1,66.90,8.92,true,1,
7290013720818,false,"קלמרי שקיות 1ק""ג 40/",,,קלמרי 1 קג קפוא,קילוגרמים,0.00,"ק""ג",false,1,89.90,89.90,true,1,
7290013720924,false,ממרח פטה אווז 140 גר,,,ממרח פטה אווז 140 גר,גרמים,140.00,100 גרם,false,1,14.90,10.64,true,1,
7290013724939,false,חמוציות בשוקולד מריר 140 גר שקדיה,"דין שיווק וקלייה בע""",IL,חמוציות בשוקולד מריר,גרמים,140.00,100 גרם,false,1,11.90,8.50,true,1,
7290013724946,false,שקדים בשוקולד מריר 140 גר שקדיה,"דין שיווק וקלייה בע""",IL,שקדים בשוקולד מריר 1,גרמים,140.00,100 גרם,false,1,11.90,8.50,true,1,
7290013724977,false,צימוקים בשוקולד מריר 140 גר שקדיה,"דין שיווק וקלייה בע""",IL,צימוקים בשוקולד מריר,גרמים,140.00,100 גרם,false,1,11.90,8.50,true,1,
7290013724991,false,אגוזי לוז בשוקולד חלב 140 גר שקדיה,דין שיווק,IL,אגוזי לוז בשוקולד חל,גרמים,140.00,100 גרם,false,1,11.90,8.50,true,1,
7290013725820,false,אגוזי לוז בשוקולד מריר 140 גר שקדיה,"דין שיווק וקלייה בע""",IL,אגוזי לוז בשוקולד מר,גרמים,140.00,100 גרם,false,1,11.90,8.50,true,1,
7290013729743,false,סבון רחצה צמחי פאפאי,,,סבון רחצה צמחי פאפאי,מיליליטרים,500.00,"100 מ""ל",false,1,28.90,5.78,true,1,
7290013755308,false,"יין דולמן רוזה קברנה פרנק כשר 750 מ""ל",,IL,יין דולמן רוזה קברנה,Unknown,0.00,Unknown,false,1,67.90,67.90,true,1,
7290013756541,false,אלטמן - אסטר C כמוסות 60 יח',אלטמן,,אסטר Cׁ500 מג (60) ב,Unknown,0.00,Unknown,false,1,59.90,59.90,true,1,
7290013756817,false,רוטס לגבר (120) אלטמן,,,רוטס לגבר (120) אלטמ,Unknown,0.00,Unknown,false,1,234.90,234.90,true,1,
7290013764003,false,שיכר לימונדה קלאסית 330 מל,,,שיכר לימונדה קלאסית,מיליליטרים,330.00,"100 מ""ל",false,1,13.90,4.21,true,1,
7290013764102,false,סיידר תפוחים מתובל 330 מל,,,סיידר תפוחים מתובל 3,מיליליטרים,330.00,"100 מ""ל",false,1,13.90,4.21,true,1,
7290013764140,false,שיכר לימונדה חמוציות 330 מל,,,שיכר לימונדה חמוציות,מיליליטרים,330.00,"100 מ""ל",false,1,13.90,4.21,true,1,
7290013771216,false,שומרון גבינת פטה יוו,מיוצר עי קונדיטוריית,IL,פטאקי 16% 250 גר,גרמים,250.00,100 גרם,false,1,14.90,5.96,true,1,
7290013771384,false,יוגורט יווני אותנטי,מיוצר עי קונדיטוריית,IL,יוגורט יווני 400 גר,גרמים,400.00,100 גרם,false,1,10.90,2.73,true,1,
7290013787392,false,רביולי גבינות קלאסי 330 גרם ריקו בית יוסף,יוניליוור גרמניה Gm,IL,רביולי גבינות 330 גר,גרמים,330.00,100 גרם,false,1,28.90,8.76,true,1,
7290013787408,false,רביולי בטטה 330 גרם ריקו בית יוסף,יוניליוור גרמניה Gm,IL,רביולי בטטה 330 גרם,גרמים,330.00,100 גרם,false,1,25.90,7.85,true,1,
7290013787415,false,רביולי ריקוטה תרד 330 גרם ריקו בית יוסף,יוניליוור גרמניה Gm,IL,רביולי ריקוטה תרד 33,גרמים,330.00,100 גרם,false,1,25.90,7.85,true,1,
7290013816917,false,שוקולד מריר אורגני קמינו ורדה הולי 100%,,IL,שוקולד מריר אורגני ק,גרמים,100.00,100 גרם,false,1,20.90,20.90,true,1,
7290013847386,false,נתחי טונה לייט במים ושמן קנולה בטעם טבעי 4%,סטארקיסט Starkist,IL,ס.ק לייט טונה 4% שומ,גרמים,140.00,100 גרם,false,1,8.50,6.07,true,1,
7290013847409,false,נתחי טונה לייט במים ושמן קנולה עם לימון ופלפל חריף 4%,סטארקיסט Starkist,IL,ס.ק לייט טונה 4% שומ,גרמים,140.00,100 גרם,false,1,8.50,6.07,true,1,
7290013847454,false,טונה סטארקיסט שמן קנולה רביעיות 4*160 גר,"סטארקיסט פודור בע""מ",IL,טונה סטארקיסט שמן קנ,גרמים,640.00,100 גרם,false,1,23.90,3.73,true,1,
7290013847553,false,נתחי טונה בהירה במים דל נתרן - מארז רביעיה,"סטארקיסט פודור בע""מ",TH,סטארקיסט טונה 4*160,גרמים,640.00,100 גרם,false,1,23.90,3.73,true,1,
7290013847812,false,נתחי טונה בהירה בשמן זית כתית מעולה Yellowfin,סטארקיסט Starkist,,טונה ילופין בשמן זית,גרמים,140.00,100 גרם,false,1,11.00,7.86,true,1,
7290013861054,false,צימוקים בשוקולד חלב 140 גר שקדיה,שקדיה,IL,צימוקים בשוקולד חלב,גרמים,140.00,100 גרם,false,1,11.90,8.50,true,1,
7290013903594,false,רסק תפוחים טבעי 670 גרם ליב,טעמי הגליל בעמ,IL,רסק תפוחים טבעי 670,גרמים,670.00,100 גרם,false,1,12.50,1.87,true,1,
7290013906052,false,נקניקיות פרגיות טירת צבי 300 גר',הנסיך- מפעל לייצור ט,IL,נקניקיות פרגיות,גרמים,300.00,100 גרם,false,1,12.90,4.30,true,1,
7290013906205,false,פסטרמה עם שום וצילי טירת צבי 400 ג',הנסיך- מפעל לייצור ט,IL,פסטרמה שום וצילי,גרמים,400.00,100 גרם,false,1,24.90,6.23,true,1,
7290013906212,false,"נקנקיות וינר טירת 1 ק""ג טירת צבי",הנסיך- מפעל לייצור ט,IL,טירת צבי נקניקיות וי,קילוגרמים,0.00,"ק""ג",false,1,24.90,24.90,true,1,
7290013906441,false,קבנוס טירת צבי 120 גר,הנסיך- מפעל לייצור ט,IL,קבנוס טירת צבי 120 ג,גרמים,120.00,100 גרם,false,1,9.90,8.25,true,1,
7290013906458,false,קבנוס בטעם פיקנטי טירת צבי 120 גר,הנסיך- מפעל לייצור ט,IL,קבנוס בטעם פיקנטי טי,גרמים,120.00,100 גרם,false,1,10.90,9.08,true,1,
7290013906496,false,פסטרמה עגל בסגנון רומני טירת צבי 120 גר,הנסיך- מפעל לייצור ט,IL,פסטרמה עגל בסגנון רו,גרמים,120.00,100 גרם,false,1,18.80,15.67,true,1,
7290013906519,false,פרושוטו בקר דליקטיב 100 גרם,הנסיך- מפעל לייצור ט,IL,פרושוטו בקר טירת צבי,גרמים,100.00,100 גרם,false,1,34.50,34.50,true,1,
7290013906687,false,פסט' צמד כפרית ברביקיו ודבש 300X2ג' טירת צבי,הנסיך- מפעל לייצור ט,IL,צמד כפרית ברבקיו,גרמים,600.00,100 גרם,false,1,29.90,4.98,true,1,
7290013906694,false,נקניקיות שקית קילו וחצי טירת צבי,הנסיך- מפעל לייצור ט,IL,נקניקיות עוף טירת צב,גרמים,1500.00,100 גרם,false,1,31.50,2.10,true,1,
7290013913852,false,נוזל כלים ידידותי לסביבה 1 ליטר - לימון,,,נוזל כלים ידידותי לס,מיליליטרים,1000.00,"100 מ""ל",false,1,15.90,1.59,true,1,
7290013994028,false,אורז חום מלא עגול אורגני 500 גר הרדוף,אול אורגני,IL,אורז חום מלא עגול א,גרמים,500.00,100 גרם,false,1,10.90,2.18,true,1,
7290013994042,false,זרעי פשתן אורגני 300 גר,אול אורגני,IL,זרעי פשתן אורגני 300,גרמים,300.00,100 גרם,false,1,9.90,3.30,true,1,
7290013994295,false,קינואה אדומה אורגנית 500 גר,הרדוף,,קינואה אדומה אורגנית,גרמים,500.00,100 גרם,false,1,20.90,4.18,true,1,
7290013994448,false,הרדוף אמרנט אורגני 500 גרם,,,הרדוף אמרנט אורגני,גרמים,500.00,100 גרם,false,1,18.90,3.78,true,1,
7290013994554,false,אורז בסמטי לבן אורגני 500 גר,הרדוף,,אורז בסמטי לבן אורגנ,גרמים,500.00,100 גרם,false,1,12.90,2.58,true,1,
7290013994585,false,גרעיני דלעת קלופים אורגנים 300 גר הרדוף,אול אורגני,IL,גרעיני דלעת קלופים א,גרמים,300.00,100 גרם,false,1,18.90,6.30,true,1,
7290013994752,false,בייגלה עם מלח מקמח מלא אורגני 200 גרם,,,בייגלה עם מלח מקמח מ,גרמים,200.00,100 גרם,false,1,12.90,6.45,true,1,
7290014002203,false,תה ויסוצקי חליטת לימונית ולואיזה 20יח',HIQ FOOD PRODUCTS,IL,חליטת קמומיל ולואיזה,Unknown,0.00,Unknown,false,1,18.90,18.90,true,1,
7290014002944,false,גן קסום חליטת פירות וצמחים חמדת שקד 25 שקיקים,HIQ FOOD PRODUCTS,IL,גן קסום חליטת םירות,Unknown,0.00,Unknown,false,1,17.90,17.90,true,1,
7290014002982,false,תה ירוק לימונית לואיזה בתוספת עלי סטיביה 25 שקיקים,ויסוצקי ירוק,IL,תה ירוק לימונית ולוא,Unknown,0.00,Unknown,false,1,24.90,24.90,true,1,
7290014056015,false,"בירה שפירא סטאוט 330 מ""ל",,IL,בירה שפירא סטאוט 330,מיליליטרים,330.00,"100 מ""ל",false,1,15.90,4.82,true,1,
7290014056053,false,"בירה שפירא אי פי אי 330 מ""ל",שפירא,IL,בירה שפירא אי פי אי,מיליליטרים,330.00,"100 מ""ל",false,1,15.90,4.82,true,1,
7290014059436,false,"משחת שיניים סנסודיין 75 מ""ל פרימיום לשיקום והגנה מלבינה 75 מ""ל","סמית קליין ביצ'ם בע""",GB,סנסודיין משחת שיניים,Unknown,0.00,Unknown,false,1,28.50,28.50,true,1,
7290014065079,false,"מגנוקס ליידי - תוסף מגנזיום, ויטמינים וצמחי מרפא",Magnox,,מגנוקס ליידי,Unknown,0.00,Unknown,false,1,79.90,79.90,true,1,
7290014065505,false,מרמייד תרסיס מי ים לאף - MERMAID,,,מרמייד תרסיס מי ים ל,Unknown,0.00,Unknown,false,1,39.90,39.90,true,1,
7290014065512,false,"תרסיס עדין לאף מתאים לתינוקות מגיל 0 50 מ""ל",,,מרמייד תרסיס מי ים ל,מיליליטרים,50.00,"100 מ""ל",false,1,39.90,79.80,true,1,
7290014066359,false,לנדוור-קפסולות אספרסו בלנסד(06) - 10יח'12X יח,האחים פלם הגפן,IL,לנדוור קפסולות אספרס,Unknown,0.00,Unknown,false,1,17.70,17.70,true,1,
7290014066366,false,לנדוור-קפסולות אספרסו ריסטרטו(08) - 10יח'12X יח,קפה לנדוור,IL,לנדוור קפסולות אספרס,Unknown,0.00,Unknown,false,1,17.70,17.70,true,1,
7290014066373,false,לנדוור-קפסולות אספרסו קלאסיק(09) - 10יח'12X יח,קפה לנדוור,IL,לנדוור קפסולות אספרס,Unknown,0.00,Unknown,false,1,17.70,17.70,true,1,
7290014066526,false,לנדוור-קפסולות אספרסו תערובת הבית(11) - 10יח'12X יח,קפה לנדוור,IL,לנדוור קפסולות אספרס,Unknown,0.00,Unknown,false,1,17.70,17.70,true,1,
7290014066533,false,לנדוור-קפסולות אספרסו קלייה כפולה(12) - 10יח'12X יח,קפה לנדוור,IL,לנדוור קפסולות אספרס,Unknown,0.00,Unknown,false,1,17.70,17.70,true,1,
7290014079014,false,לבבות קיסר ארוז נספק,"מרינה פטריות הגליל בע""מ",IL,לבבות קיסר,Unknown,0.00,Unknown,false,1,11.90,11.90,true,1,
7290014094345,false,גרעיני חמניות קלופות,"דין שיווק וקליה בע""מ",,חמניה מקולפת 300 גר,גרמים,300.00,100 גרם,false,1,11.80,3.93,true,1,
7290014094352,false,אגוזי מלך בקופסא 200 ג',"דין שיווק וקליה בע""מ",,אגוזי מלך 200 גר,גרמים,200.00,100 גרם,false,1,14.90,7.45,true,1,
7290014094369,false,שקד טבעי 200 גר קופסא ששון הקולה,"דין שיווק וקליה בע""מ",IL,שקד טבעי 200 גר קופ,גרמים,200.00,100 גרם,false,1,22.90,11.45,true,1,
7290014094383,false,משמש מיובש בקופסא 33,"דין שיווק וקליה בע""מ",,משמש 330 גר,גרמים,330.00,100 גרם,false,1,22.90,6.94,true,1,
7290014094406,false,צימוק לבן 250 גרם ששון הקולה,"דין שיווק וקלייה בע""",US,צימוק לבן 330 גר,גרמים,330.00,100 גרם,false,1,18.80,5.70,true,1,
7290014094529,false,"רוטב סויה 300 מ""ל אהרוני",דין שיווק,CN,"רוטב סויה 300 מ""ל אה",מיליליטרים,300.00,"100 מ""ל",false,1,11.50,3.83,true,1,
7290014094543,false,"תרסיס שמן קנולה שקדיה 186 מ""ל",שקדיה,TR,תרסיס שמן קנולה 170,מיליליטרים,170.00,"100 מ""ל",false,1,11.90,7.00,true,1,
7290014094567,false,שמן זית כתית מעולה 750 מל אהרוני,,ES,שמן זית כתית מעולה 7,מיליליטרים,750.00,"100 מ""ל",false,1,29.90,3.99,true,1,
7290014094628,false,פקאן טבעי 200 ג' בקופסא,ששון הקולה,,פקאן טבעי 200 גר,גרמים,200.00,100 גרם,false,1,30.50,15.25,true,1,
7290014094659,false,אגוזי לוז טבעיים 250,דין שיווק,IL,בונדוק טבעי 250 גר,גרמים,250.00,100 גרם,false,1,30.50,12.20,true,1,
7290014094796,false,משמש מיובש 300 גרם ששון הקולה,"דין שיווק וקליה בע""מ",,משמש מיובש 300 גרם ש,גרמים,300.00,100 גרם,false,1,20.90,6.97,true,1,
7290014094864,false,פיסטוק קלוי 170 גר עם קליפה ששון הקולה,דין שיווק,IL,פיסטוק קלוי 170 גר,גרמים,170.00,100 גרם,false,1,18.90,11.12,true,1,
7290014094895,false,אגוזים מלך קלופים 150 גרם ששון הקולה,,,אגוזים מלך קלופים 15,גרמים,150.00,100 גרם,false,1,11.50,7.67,true,1,
7290014095861,false,שיבולת שועל דקה 500 גרם קוואקר,"דין שיווק וקלייה בע""",IL,שיבולת שועל דקה 500,גרמים,500.00,100 גרם,false,1,6.50,1.30,true,1,
7290014095953,false,משוקלדים פקאן בשוקולד חלב 140 ג',שקדיה גבע בתעשיות עמ,IL,משוקלדים פקאן חלב 14,גרמים,140.00,100 גרם,false,1,11.90,8.50,true,1,
7290014095960,false,שיבולת שועל עבה 500 גרם קוואקר,"דין שיווק וקלייה בע""",IL,שיבולת שועל עבה 500,גרמים,500.00,100 גרם,false,1,6.50,1.30,true,1,
7290014126343,false,ביסקוטים בונומי וניל קקאו 200 גר,Bonomi,IT,ביסקוטים בונומי וניל,גרמים,200.00,100 גרם,false,1,7.50,3.75,true,1,
7290014218932,false,חטיפי פיצה בתוספת זיתים 710 ג' מעדנות,מיוצר עי קונדיטוריית,IL,חטיפי פיצה זיתים,גרמים,710.00,100 גרם,false,1,33.90,4.77,true,1,
7290014233300,false,מרכך שיער אובליפיכה 500 מל,,,מרכך שיער אובליפיכה,Unknown,0.00,Unknown,false,1,49.90,49.90,true,1,
7290014233317,false,‏ג‏‏ל‏ ‏אלוורה‏ ‏ואובליפחה‏ ‏200‏ מל,,,‏ג‏‏ל‏ ‏אלוורה‏ ‏ואו,Unknown,0.00,Unknown,false,1,29.90,29.90,true,1,
7290014233324,false,קרם גוף ממצק לסימני מתיחה,,,קרם גוף ממצק לסימני,Unknown,0.00,Unknown,false,1,89.90,89.90,true,1,
7290014233676,false,"קלמקס להרגעה ליום-לילה 30 מ""ל",,,קלמקס להרגעה ליום-לי,Unknown,0.00,Unknown,false,1,69.90,69.90,true,1,
7290014270169,false,קורדיספס פיור 60 כמוסות,,,קורדיספס פיור 60 כמו,Unknown,0.00,Unknown,false,1,239.90,239.90,true,1,
7290014305045,false,בירה יונק הדבש בסגנון בלגי כהה,הדובים,,בירה הדובים יונק הדב,מיליליטרים,330.00,"100 מ""ל",false,1,14.90,4.52,true,1,
7290014305236,false,"בירה הדובים טייפון 330 מ""ל",,,בירה הדובים טייפון 3,מיליליטרים,330.00,"100 מ""ל",false,1,14.90,4.52,true,1,
7290014318243,false,פולנטה איטלקית עדינה בווקום 1 קג,,,פולנטה איטלקית עדינה,קילוגרמים,0.00,"ק""ג",false,1,14.90,14.90,true,1,
7290014318274,false,"שמן כמהין שחור כשר 250 מ""ל",,,שמן כמהין שחור כשר 2,מיליליטרים,250.00,"100 מ""ל",false,1,84.50,33.80,true,1,
7290014318311,false,מארז שלישיית עגבניות חתוכות דק במיץ עגבניות Rosso,,,עגבניות פולפה,קילוגרמים,0.00,"ק""ג",false,1,18.80,18.80,true,1,
7290014318434,false,זיתים איטלקיים מזן צריניולה 540 גר BELL,,,זיתים איטלקיים מזן צ,גרמים,540.00,100 גרם,false,1,23.90,4.43,true,1,
7290014318663,false,"חומץ תפוחים אורגני 750 מ""ל",,,חומץ תפוחים אורגני,מיליליטרים,750.00,"100 מ""ל",false,1,19.90,2.65,true,1,
7290014318670,false,רוטב רימונים אורגני,,AZ,"רכז רימונים 250 מ""ל",מיליליטרים,250.00,"100 מ""ל",false,1,27.90,11.16,true,1,
7290014318762,false,"מיץ רימונים אוטרגני 946 מ""ל",,TR,מיץ רימונים אוטרגני,מיליליטרים,946.00,"100 מ""ל",false,1,25.90,2.74,true,1,
7290014318854,false,דפי אורז מלא 250 גרם,,VN,דפי אורז מלא 250 גרם,גרמים,250.00,100 גרם,false,1,9.90,3.96,true,1,
7290014397279,false,שקיות מזון נשלפות XL גדולות במיוחד,"אשפלסט תעשיות בע""מ",IL,סנו סושי שקיות מזון,Unknown,0.00,Unknown,false,1,12.90,12.90,true,1,
7290014397453,false,סנו אוקסיגן גל מסיר כתמים כביסה לבנה 3 ל,סנו אוקסיג'ן,IL,סנו אוקסיגן גל מסיר,ליטרים,0.00,ליטר,false,1,31.50,31.50,true,1,
7290014397835,false,סנו - מט דוחה יתושים נוזלי מכשיר + מילוי 45 לילות,זובאלה,IT,מכשיר סנומט דוחה יתו,Unknown,0.00,Unknown,false,1,41.90,41.90,true,1,
7290014426597,false,משחת שיניים לילדים כצט הלו קיטי 50 מל,יושלם,,משחת שיניים לילדים כ,מיליליטרים,50.00,"100 מ""ל",false,1,14.30,28.60,true,1,
7290014435704,false,סלמון מעושן 100גר' שמיר,שבעת הימים - שמיר,IL,סלמון מעושן 100 גר,גרמים,100.00,100 גרם,false,1,24.90,24.90,true,1,
7290014435803,false,מטיאס הולנדי (פרובנציאל) עם בצל בשמן 180 גרם,שבעת הימים - שמיר,IL,מטיאס הולנדי עם בצל,גרמים,200.00,100 גרם,false,1,19.80,9.90,true,1,
7290014435810,false,הרינג כבוש ובצל במרינת חמוץ מתוק שמיר 180 ג',שבעת הימים - שמיר,IL,הרינג כבוש עם בצל חמ,גרמים,220.00,100 גרם,false,1,19.80,9.00,true,1,
7290014435841,false,פילה מטיאס הולנדי בשמן שמיר 180ג',סלטי שמיר 2006 בעמ,IL,פילה מטיאס הולנדי בש,גרמים,200.00,100 גרם,false,1,19.80,9.90,true,1,
7290014435872,false,סלט הרינג ומיונז שמיר 250ג',שבעת הימים - שמיר,IL,סלט הרינג עם מיונז 2,גרמים,200.00,100 גרם,false,1,19.80,9.90,true,1,
7290014435889,false,סלט מטיאס עם מיונז 180 גרם,שבעת הימים - שמיר,IL,סלט מטיאס עם מיונז 2,גרמים,200.00,100 גרם,false,1,19.80,9.90,true,1,
7290014440463,false,"יין מדבר שרדונה סדרה 22 750 מ""ל",,IL,יין מדבר שרדונה סדר,מיליליטרים,750.00,"100 מ""ל",false,1,51.90,6.92,true,1,
7290014440470,false,"יין מדבר סוביניון בלאן סדרה 22 750 מ""ל",,IL,יין מדבר סוביניון בל,מיליליטרים,750.00,"100 מ""ל",false,1,51.90,6.92,true,1,
7290014440487,false,"יקב מדבר סדרה 22 סוביניון 750 מ""ל",,IL,יקב מדבר סדרה 22 סוב,מיליליטרים,750.00,"100 מ""ל",false,1,51.90,6.92,true,1,
7290014440494,false,"יין מדבר רוזה סדרה 22 750 מ""ל",,IL,יין מדבר רוזה סדרה,מיליליטרים,750.00,"100 מ""ל",false,1,51.90,6.92,true,1,
7290014440548,false,"יקב מדבר סדרה 22 קברנה פרנק 750 מ""ל",,IL,יקב מדבר סדרה 22 קבר,מיליליטרים,750.00,"100 מ""ל",false,1,51.90,6.92,true,1,
7290014440814,false,"יין מדבר לבן דרומי 2016 750 מ""ל",,,יין מדבר לבן דרומי,Unknown,0.00,Unknown,false,1,72.90,72.90,true,1,
7290014455245,false,גבינת גרנה פדנו משולש 29% 200 גרם בית יוסף,מחלבת סוציאלה מנטובה,IT,גרנה פדנו משולש 200,גרמים,200.00,100 גרם,false,1,26.00,13.00,true,1,
7290014455252,false,גבינה קשה מגורדת גרנה פדנו 29% שומן,מחלבות גד,IT,גבינה גרנה פדנו,גרמים,100.00,100 גרם,false,1,12.70,12.70,true,1,
7290014455320,false,גבינה כדורי מוצרלה פרסקה גד 100ג',מחלבות גד בעמ,IL,כדור מוצרלה פרסקה 10,גרמים,100.00,100 גרם,false,1,10.40,10.40,true,1,
7290014455467,false,ירח מתוק מעדן חלב 2% ושיבולת שועל גד 150ג',מחלבות גד,IL,מעדן שיבולת שועל וחל,גרמים,150.00,100 גרם,false,1,6.10,4.07,true,1,
7290014455610,false,יוגורט עיזים תות 125 גר,מיוצר על ידי קוד יצר,IL,יוגורט עיזים תות 125,גרמים,125.00,100 גרם,false,1,6.10,4.88,true,1,
7290014455627,false,יוגורט עיזים דובדבן אמרנה 125 גר,מיוצר עי קוד יצרן MK,IL,יוגורט עיזים דובדבן,גרמים,125.00,100 גרם,false,1,6.10,4.88,true,1,
7290014459137,false,"צ'יפס תפוגן סטייק 1.5 ק""ג","תעשיות תפוגן בע""מ",IL,תפוגן סטייק ציפס 1.5,קילוגרמים,0.00,"ק""ג",false,1,24.90,24.90,true,1,
7290014459373,false,"צ'יפס קראנצ'י לתנור קפוא תפוגן 1.5ק""ג",עיצובים 2020 (4.5),IL,תפוגן ציפס קראנצי לת,קילוגרמים,0.00,"ק""ג",false,1,26.90,26.90,true,1,
7290014459472,false,"צ'יפס קפוא תפוגן 2 ק""ג כשל""פ","תעשיות תפוגן בע""מ",IL,ציפס תפוגן קלאסי 2 ק,קילוגרמים,0.00,"ק""ג",false,1,22.90,22.90,true,1,
7290014465114,false,מגנזיום אוקסיד 520,,,מגנזיום אוקסיד 520,Unknown,0.00,Unknown,false,1,59.90,59.90,true,1,
7290014465268,false,מורינגה 100 כמוסות,,,מורינגה 100 כמוסות,Unknown,0.00,Unknown,false,1,117.90,117.90,true,1,
7290014465299,false,ויטמין סי 200 מ`ל,,,ויטמין סי 200 מ`ל,Unknown,0.00,Unknown,false,1,73.90,73.90,true,1,
7290014465664,false,שייקר 600 מ`ל,,,שייקר 600 מ`ל,מיליליטרים,600.00,"100 מ""ל",false,1,24.90,4.15,true,1,
7290014466463,false,"יין הר חרמון מסקטו עברית 750 מ""ל",יקב רמת הגולן,IL,"יין הר מוסקטו 750 מ""",Unknown,0.00,Unknown,false,1,38.90,38.90,true,1,
7290014466609,false,יין מרלו גמלא 2020 750 מל,יקב רמת הגולן,IL,יין מרלו גמלא 2020 7,Unknown,0.00,Unknown,false,1,58.90,58.90,true,1,
7290014466890,false,"יין גמלא השמורה קברנה מרלו 2020 750 מ""ל",,,יין גמלא השמורה קברנ,Unknown,0.00,Unknown,false,1,67.90,67.90,true,1,
7290014471412,false,"מוזלי בוטנים אגוזים ושקדים 1 ק""ג - 412 ירוק שקדיה","דין שיווק וקלייה בע""",IL,מוזלי בוטנים אגוז וש,גרמים,1000.00,100 גרם,false,1,21.90,2.19,true,1,
7290014471429,false,"מוזלי עם פירות 1 ק""ג - 429 סגול שקדיה","דין שיווק וקלייה בע""",IL,"מיזלי עם פירות 1 ק""ג",גרמים,1000.00,100 גרם,false,1,21.90,2.19,true,1,
7290014471436,false,"מיזלי צימוקים תפוח קינמון וגרעיני חמניה 1 ק""ג -436 כחול שקדיה","דין שיווק וקלייה בע""",IL,מיזלי צימוקים תפוח/ק,גרמים,1000.00,100 גרם,false,1,21.90,2.19,true,1,
7290014472228,false,תאנים בקופסא 330 גר,"דין שיווק וקליה בע""מ",,תאנים 330 גר,גרמים,330.00,100 גרם,false,1,24.90,7.55,true,1,
7290014472471,false,גרעינים שחור ענק 200גר' פרימיום,דין שיווק,IL,גרעיני חמניה קלויים,גרמים,200.00,100 גרם,false,1,6.90,3.45,true,1,
7290014472495,false,קשיו קלוי ענק 250 גר פרימיום ששון הקולה,דין שיווק,IL,קשיו קלוי ענק 250 גר,גרמים,250.00,100 גרם,false,1,21.90,8.76,true,1,
7290014472501,false,פיסטוק קלוי ענק 250 ג פרימיום ששון הקולה,דין שיווק,IL,פיסטוק קלוי ענק 250,גרמים,250.00,100 גרם,false,1,23.90,9.56,true,1,
7290014472518,false,בוטן קלוי ענק 250 גר פרימיום ששון הקולה,דין שיווק,IL,בוטן קלוי ענק 250 גר,גרמים,250.00,100 גרם,false,1,11.90,4.76,true,1,
7290014472525,false,תערובת מובחרת 250 גר פרימיום ששון הקולה,דין שיווק,IL,תערובת מובחרת 250 גר,גרמים,250.00,100 גרם,false,1,23.90,9.56,true,1,
7290014472990,false,ממרח 100% שקדים שקדיה 300 ג',דין שיווק,IL,ממרח 100% שקדים 300,גרמים,300.00,100 גרם,false,1,36.90,12.30,true,1,
7290014501201,false,יין הרי גליל גרנאש נואר 750 מל,,,יין הרי גליל גרנאש,Unknown,0.00,Unknown,false,1,79.90,79.90,true,1,
7290014503137,false,"יין כנען אדום דלתון 750 מ""ל","איי, בי, אינבוו",IL,יין כנען אדום דלתון,Unknown,0.00,Unknown,false,1,44.90,44.90,true,1,
7290014503328,false,"יין עלמה סקארלט 750 מ""ל דלתון",,,יין עלמה סקארלט 750,Unknown,0.00,Unknown,false,1,83.90,83.90,true,1,
7290014503830,false,"יין שרדונה אסטייט דלתון 750 מ""ל",יקב דלתון מרום גליל,,יין שרדונה אסטייט דל,Unknown,0.00,Unknown,false,1,54.90,54.90,true,1,
7290014525009,false,חטיף סלים פרוט Slim fruit בטעם יוגורט ובמילוי תפוח,סלים דליס Slim Delis,ES,חטיף בריאות יוגורט ב,גרמים,182.00,100 גרם,false,1,10.90,5.99,true,1,
7290014525023,false,חטיף בריאות יוגורט במילוי פירות יער 182ג,סלים דליס Slim Delis,ES,חטיף בריאות יוגורט ב,גרמים,182.00,100 גרם,false,1,10.90,5.99,true,1,
7290014525290,false,חטיף מרבה סלים דליס קריספי תות 125 גר,סלים דליס Slim Delis,NL,חטיף מרבה סלים דליס,גרמים,125.00,100 גרם,false,1,10.90,8.72,true,1,
7290014525306,false,חטיף מרבה סלים דליס קריספי אוכמניות 125,סלים דליס Slim Delis,NL,חטיף מרבה סלים דליס,גרמים,125.00,100 גרם,false,1,10.90,8.72,true,1,
7290014525313,false,חטיף מרבה סלים דליס קריספי שוקולד 125 ג,סלים דליס Slim Delis,NL,חטיף מרבה סלים דליס,גרמים,125.00,100 גרם,false,1,10.90,8.72,true,1,
7290014525665,false,מרבה על חלל עוגיות קקאו וסוכריות שוק חלב 140 יח',"מרבה בע""מ",NL,עוגיות קקאו וסוכריות,גרמים,140.00,100 גרם,false,1,10.90,7.79,true,1,
7290014525672,false,מרבה על חלל עוגיות עם סוכריות שוקולד 140 יח',"מרבה בע""מ",NL,עוגיות סוכריות ש.חלב,גרמים,140.00,100 גרם,false,1,10.90,7.79,true,1,
7290014545694,false,משקה אלוורה,,,משקה אלוורה,Unknown,0.00,Unknown,false,1,42.90,42.90,true,1,
7290014546424,false,יוביקווניל 50 מג,,,יוביקווניל,Unknown,0.00,Unknown,false,1,132.90,132.90,true,1,
7290014546554,false,סיקריד 30 כמוסות,,,סיקריד 30 כמוסות,Unknown,0.00,Unknown,false,1,37.90,37.90,true,1,
7290014587885,false,"סרום קיק שיבולת שועל 100 מ""ל OS+",,,סרום קיק שיבולת שועל,מיליליטרים,100.00,"100 מ""ל",false,1,59.90,59.90,true,1,
7290014587953,false,אשווגנדה אורגנית אבקה גמוקה 250 גרם,,,אשווגנדה אורגנית אבק,גרמים,250.00,100 גרם,false,1,94.90,37.96,true,1,
7290014608191,false,וירמקס 30 טבליות,,,וירמקס 30 טבליות,Unknown,0.00,Unknown,false,1,159.90,159.90,true,1,
7290014612129,false,מארז שלישיה סבון מוצק לובליס,פלומה,IL,מארז שלישיה סבון מוצ,Unknown,0.00,Unknown,false,1,41.90,41.90,true,1,
7290014628403,false,קרקר זעתר ובצל 150 ג RAW,,IL,קרקר זעתר ובצל 150 ג,גרמים,150.00,100 גרם,false,1,29.90,19.93,true,1,
7290014628410,false,קרקר ירקות גינה 150 ג RAW,,IL,קרקר ירקות גינה 150,גרמים,150.00,100 גרם,false,1,29.90,19.93,true,1,
7290014628427,false,קרקר ירוק 150 ג RAW,,IL,קרקר ירוק 150 ג RAW,גרמים,150.00,100 גרם,false,1,29.90,19.93,true,1,
7290014633407,false,ולריאן תמצית 50 מל - גרינלייף,,,ולריאן תמצית 50 מל -,Unknown,0.00,Unknown,false,1,54.90,54.90,true,1,
7290014634077,false,ריבת רוסמן לייט תות שדה 500 גרם,הדרום תעשיות מזון בע,IL,ריבת רוסמן לייט תות,גרמים,500.00,100 גרם,false,1,27.90,5.58,true,1,
7290014648586,false,מקלוני צמר גפן la belle פלסטיק 200 יח,,,מקלוני צמר גפן LA BE,יחידה,1.00,יחידה,false,1,3.90,3.90,true,1,
7290014648814,false,מקלוני צמר גפן la belle עץ 300 יח,,,מקלוני צמר גפן LA BE,יחידה,1.00,יחידה,false,1,5.20,5.20,true,1,
7290014673014,false,תבליני מימון פלפל אנ,,,פלפל אנגלי שלם 90 גר,Unknown,0.00,Unknown,false,1,15.50,15.50,true,1,
7290014673021,false,תבליני מימון פלפל שח,,,פלפל שחור שלם 100 גר,גרמים,100.00,100 גרם,false,1,15.50,15.50,true,1,
7290014673359,false,מלח לימון 400 גרם,TLV צ'יף,IL,מלח לימון 400 גרם,גרמים,400.00,100 גרם,false,1,23.90,5.98,true,1,
7290014673366,false,מימון כורכום טחון 25,TLV צ'יף,IL,כורכום טחון 250 גרם,גרמים,250.00,100 גרם,false,1,22.90,9.16,true,1,
7290014673403,false,פלפל שחור טחון 250 גרם,TLV צ'יף,IL,פלפל שחור טחון 250 ג,גרמים,250.00,100 גרם,false,1,31.50,12.60,true,1,
7290014673410,false,פלפל שחור גרוס דק 250 גרם,,,פלפל שחור גרוס דק 25,גרמים,250.00,100 גרם,false,1,30.90,12.36,true,1,
7290014673618,false,תבלינים זנגביל בצנצנת 30 גרם,,,תבלינים זנגביל בצנצנ,Unknown,0.00,Unknown,false,1,11.80,11.80,true,1,
7290014692299,false,גבינת ברי 125 ג' קסטיאלו ויליפוד,יורו צ'יז Euro Cheese,DK,גבינת ברי 125 גר,גרמים,125.00,100 גרם,false,1,20.90,16.72,true,1,
7290014692305,false,גבינת קממבר 125ג' CASTELLO ויליפוד,הנסיך- מפעל לייצור ט,DK,גבינת קממבר 125 גר,גרמים,125.00,100 גרם,false,1,20.90,16.72,true,1,
7290014692541,false,גבינת מגורדת 500ג' GOLDEN,ג.וילי פוד אינטרנשיו,IL,צהובה מגורדת גולדן 5,גרמים,500.00,100 גרם,false,1,21.90,4.38,true,1,
7290014692749,false,"שמן זית כתית מעולה 750 מ""ל",וילי פוד,ES,שמן זית כתית מעולה 7,מיליליטרים,750.00,"100 מ""ל",false,1,34.50,4.60,true,1,
7290014692817,false,גבינת מוצרלה מגורדת 200 ג' EURO CHEESE ויליפוד,הנסיך- מפעל לייצור ט,IL,גבינת מוצרלה מגורדת,גרמים,200.00,100 גרם,false,1,14.60,7.30,true,1,
7290014720015,false,שמפו לשיער יבש ופגום היפולרגני,נייטשר נאט Nature Nut,,נייטר נאט שמפו יבש 4,Unknown,0.00,Unknown,false,1,33.90,33.90,true,1,
7290014720046,false,נייטר נאט מסכה לשיער 250 מ`ל,נייטשר נאט Nature Nut,,נייטר נאט מסכה לשיער,Unknown,0.00,Unknown,false,1,44.90,44.90,true,1,
7290014720619,false,"שמפו טיפולי נגד קשקשים 400 מ""ל",נייטשר נאט Nature Nut,,שמפו טיפולי נגד קשקש,מיליליטרים,400.00,"100 מ""ל",false,1,44.90,11.23,true,1,
7290014723511,false,קויזין פרו סכין שף/ס,,,קויזין פרו סכין שף/ס,Unknown,0.00,Unknown,false,1,189.00,189.00,true,1,
7290014749245,false,ספיישל רצועות שניצל שומשום עוף טוב 600 גרם,מוצרי עוף טוב (2001),IL,צונגו רצועות שניצל ש,גרמים,600.00,100 גרם,false,1,32.90,5.48,true,1,
7290014749764,false,שניצל עוף ביתי עדין עוף טוב 700 גרם,מוצרי עוף טוב (2001),IL,עוף טוב שניצל עוף בי,גרמים,700.00,100 גרם,false,1,42.90,6.13,true,1,
7290014753204,false,"קרם ידיים וציפורניים שפורפרת 30 מ""ל",,,קרם ידיים וציפורניים,מיליליטרים,100.00,"100 מ""ל",false,1,14.90,14.90,true,1,
7290014753310,false,קרם לילה למיצוק העור 50 מ`ל,,,קרם לילה למיצוק העור,Unknown,0.00,Unknown,false,1,39.90,39.90,true,1,
7290014753358,false,קרם דבש ושמן זית 50 מ`ל,,,קרם דבש ושמן זית 50,Unknown,0.00,Unknown,false,1,49.90,49.90,true,1,
7290014753396,false,קרם רימונים נוגד חימצון 50 מ`ל,,,קרם רימונים נוגד חי,Unknown,0.00,Unknown,false,1,49.90,49.90,true,1,
7290014753631,false,שמפו רימון מפנק,,,שמפו רימון מפנק,Unknown,0.00,Unknown,false,1,24.90,24.90,true,1,
7290014753723,false,תחליב רחצה פפאיה ללא (ALS/SLS),,,תחליב רחצה פפאיה ללא,Unknown,0.00,Unknown,false,1,24.90,24.90,true,1,
7290014753730,false,תחליב רחצה רימון ללא (ALS/SLS),,,תחליב רחצה רימון ללא,Unknown,0.00,Unknown,false,1,24.90,24.90,true,1,
7290014753754,false,תחליב רחצה מאסק חלומי ללא (ALS/SLS),,,תחליב רחצה מאסק חלומ,Unknown,0.00,Unknown,false,1,24.90,24.90,true,1,
7290014758100,false,מאגדת יוגורט ביו 3% שומן 8 יח' *150ג' תנובה,מיוצר עי קונדיטוריית,IL,שמיניית מאגדת BIO,גרמים,150.00,100 גרם,false,1,16.50,11.00,true,1,
7290014758162,false,חלב עיזים מלא 3.6% קרטון 1 ל' תנובה,תנובה מרכז שיתופי לש,IL,חלב עיזים מלא 3.6% ש,מיליליטרים,1000.00,"100 מ""ל",false,1,15.90,1.59,true,1,
7290014759084,false,גבינת שמנת 16% בטעם טבעי 225 ג' נפוליאון,תנובה מרכז שיתופי לש,IL,נפוליאון מופחת שומן,גרמים,225.00,100 גרם,false,1,14.90,6.62,true,1,
7290014759534,false,גבינה בולגרית למריחה טבעי 5% 200 ג' פיראוס,"תנובה, מחלבת תל יוסף",IL,פיראוס בולגרית למריח,גרמים,200.00,100 גרם,false,1,17.50,8.75,true,1,
7290014759909,false,פטה עיזים 5% פיראוס גביע 250 גרם,"תנובה, מחלבת טנא נוג",IL,גבינה פטה עזים פיראו,גרמים,250.00,100 גרם,false,1,28.00,11.20,true,1,
7290014759978,false,"גבינת קצקבל פלח גלעד 27%, 200 ג'",תנובה,IL,קולאז קשקבל גלעד פלח,גרמים,200.00,100 גרם,false,1,27.90,13.95,true,1,
7290014759992,false,גבינת רוקפור גליל פלח 140 ג' תנובה,"תנובה, מחלבת תל יוסף",IL,קולאז רוקפור גליל פל,גרמים,140.00,100 גרם,false,1,21.90,15.64,true,1,
7290014760134,false,מעדן סויה בטעם וניל אלטרנטיב,תנובה Alternative,IL,מעדן סויה וניל,גרמים,125.00,100 גרם,false,1,4.90,3.92,true,1,
7290014760141,false,משקה שקדים תנובה E אלטרנטיב,תנובה Alternative,IL,משקה שקדים טרי 1 ליט,מיליליטרים,1000.00,"100 מ""ל",false,1,12.50,1.25,true,1,
7290014760448,false,גבינה צהובה גלבוע 400 גרם 22% שומן תנובה,מחלבת בית יצחק,IL,גלבוע פרוס 22% 400 ג,גרמים,400.00,100 גרם,false,1,25.10,6.28,true,1,
7290014760912,false,פרוסות גבינה 28% שומן 400 ג' גוש חלב,תנובה מרכז שיתופי לש,IL,מאגדת גוש חלב 28%,גרמים,400.00,100 גרם,false,1,25.50,6.38,true,1,
7290014761056,false,מעדן שוקולד חלב מעולה 123 ג' יולו,מיוצר עי קונדיטוריית,IL,יולו שוקולד חלב,גרמים,123.00,100 גרם,false,1,4.90,3.98,true,1,
7290014761063,false,מעדן שוקולד מריר מעולה 123 ג' יולו,מיוצר עי קונדיטוריית,IL,יולו שוקולד מריר,גרמים,123.00,100 גרם,false,1,4.90,3.98,true,1,
7290014761070,false,מעדן שוקולד לבן מעולה 123 ג' יולו,מיוצר עי קונדיטוריית,IL,YOLO שוקולד לבן מעול,גרמים,123.00,100 גרם,false,1,4.90,3.98,true,1,
7290014761193,false,יוגורט עם פירות יער 1.5% שומן 125 ג' פרילי,תנובה מרכז שיתופי לש,IL,פרילי פירות יער 125,גרמים,125.00,100 גרם,false,1,4.30,3.44,true,1,
7290014761414,false,יולו מעדן שכבות שוקולד חלב ולבן 123 גר,מיוצר עי קונדיטוריית,IL,יולו מעדן שכבות,גרמים,123.00,100 גרם,false,1,4.90,3.98,true,1,
7290014762756,false,נפוליאון גבינת שמנת עם בצל 16% שומן,הרדוף חלב,IL,נפוליאון 16%בטעם בצל,גרמים,225.00,100 גרם,false,1,14.90,6.62,true,1,
7290014762800,false,מעדן סויה שוקולד גביע 125 גרם אלטרנטיב,תנובה מרכז שיתופי לש,IL,מעדן סויה שוקולד 125,גרמים,125.00,100 גרם,false,1,4.90,3.92,true,1,
7290014762831,false,גבינת שמנת חלפיניו 24% שומן 225 ג' נפוליאון,תנובה מרכז שיתופי לש,IL,גבינת שמנת נפוליאו 2,גרמים,225.00,100 גרם,false,1,14.90,6.62,true,1,
7290014762909,false,פתיתי מוצרלה 20% שומן 200 ג' השף הלבן,"תנובה, מחלבת תל יוסף",IL,פתיתי מוצרלה השף הלב,גרמים,220.00,100 גרם,false,1,16.90,7.68,true,1,
7290014763098,false,קרם גבינת שמנת 5% עם פלפל שום ובצל 200 ג' תנובה,תנובה,IL,קרם גבינה שמנת 5% טו,גרמים,200.00,100 גרם,false,1,12.90,6.45,true,1,
7290014763272,false,יוגורט סויה BIO לשתייה תות ובננה אלטרנטיב,תות תעשיות מזון (201,IL,משקה סויה ביו תות בנ,מיליליטרים,250.00,"100 מ""ל",false,1,6.40,2.56,true,1,
7290014775770,false,"נוסטרול 900 - מינון מחוזק של פיטוסטרולים 900 מ""ג לכמוסה",אלטמן,,נוסטרול 900(60),Unknown,0.00,Unknown,false,1,86.90,86.90,true,1,
7290014791831,false,"פרוט ווטאר ענבים 500מ""ל",,,FRUT WATER ענבים 500,מיליליטרים,500.00,"100 מ""ל",false,1,6.50,1.30,true,1,
7290014791848,false,"פרוט ווטר אננס 500 מ""ל",יפאורה תבורי בעמ,IL,FRUT WATER אננס 500,מיליליטרים,500.00,"100 מ""ל",false,1,6.50,1.30,true,1,
7290014791862,false,"שוופס פרוט ווטר אפרסק 500מ""ל",יפאורה תבורי בעמ,IL,FRUT WATER אפרסק 500,מיליליטרים,500.00,"100 מ""ל",false,1,6.50,1.30,true,1,
7290014791879,false,FRUIT WATER טעם אבטיח 0.5 ליטר,יפאורה תבורי בעמ,IL,FRUT WATER אבטיח 500,מיליליטרים,500.00,"100 מ""ל",false,1,6.50,1.30,true,1,
7290014803237,false,ערמונים קלופים וקלויים 100 גרם,,,ערמונים קלופים וקלוי,גרמים,100.00,100 גרם,false,1,7.20,7.20,true,1,
7290014855434,false,מגבונים בייביסיטר פרפורמנס מבושם רביעיה,בייביסיטר Babysitter,IL,בייביסיטר מגבונים פר,Unknown,0.00,Unknown,false,1,16.90,16.90,true,1,
7290014855458,false,מגבוני בייביסיטר פרפורמנס ללא בישום מארז 72X4יח',בייביסיטר Babysitter,IL,בייביסיטר מגבונים פר,Unknown,0.00,Unknown,false,1,16.90,16.90,true,1,
7290014860063,false,מקלוני אורז ללא גלוטן 454 גר,oriental food co.ltd,TH,מקלוני אורז ללא גלוט,גרמים,454.00,100 גרם,false,1,9.90,2.18,true,1,
7290014860070,false,"מקלוני אורז ללא גלוטן 5 מ""מ 454גר' (אור)",ניינטי נודל קו,TH,מקלות אורז ללא גלוטן,גרמים,454.00,100 גרם,false,1,11.40,2.51,true,1,
7290014860155,false,"מחצלת במבו שטוחה 24*24 ס""מ",גולין פנגזו,CN,מחצלת במבו שטוחה 24*,Unknown,0.00,Unknown,false,1,9.40,9.40,true,1,
7290014901896,false,"מי פה סנסודיין מנטה מרענן 500 מ""ל",גלקסוסמיתקליין,GB,סנסודיין מי פה 500 מ,מיליליטרים,500.00,"100 מ""ל",false,1,28.50,5.70,true,1,
7290014905498,false,הפי מטליות דו צדדיות בגליל 20 מטליות,ג'נרל מילס סאן אדריא,TR,מטליות גם וגם הפי,Unknown,0.00,Unknown,false,1,16.20,16.20,true,1,
7290014910287,false,טבורוג דריבנסקי כפרי במשקל,,,טבורוג דריבנסקי כפרי,Unknown,0.00,"ק""ג",true,0,32.00,32.00,true,1,
7290014910461,false,"ערק יודה 700 מ""ל כשל",,IL,"ערק יודה 700 מ""ל",מיליליטרים,700.00,"100 מ""ל",false,1,54.90,7.84,true,1,
7290014910515,false,שימורי שפרוטים מעושנים בשמן צמחי 250 גר,,,שימורי שפרוטים מעוש,גרמים,250.00,100 גרם,false,1,12.50,5.00,true,1,
7290014947580,false,אבקת קקאו אורגנית 200 גר,,,אבקת קקאו אורגנית 20,גרמים,200.00,100 גרם,false,1,32.50,16.25,true,1,
7290014948013,false,סאן-מלח הימלאיה 950 גרם דק (בשקית),,,סאן-מלח הימלאיה 950,גרמים,950.00,100 גרם,false,1,17.90,1.88,true,1,
7290014950788,false,קרם גוף ארומתרפי פרח,,,קרם גוף ארומתרפי פרח,Unknown,0.00,Unknown,false,1,59.90,59.90,true,1,
7290014950825,false,קרם גוף ארומתרפי לבנדר בולגרי חוחובה 250,,,קרם גוף ארומתרפי לבנ,מיליליטרים,250.00,"100 מ""ל",false,1,89.90,35.96,true,1,
7290014973664,false,איקרה אדומה הרמס 250,"הרמס דגים בע""מ",IL,איקרה אדומה 250 גר,גרמים,250.00,100 גרם,false,1,18.90,7.56,true,1,
7290014973671,false,איקרה לבנה הרמס 250,"הרמס דגים בע""מ",IL,איקרה לבנה 250 גר,גרמים,250.00,100 גרם,false,1,18.90,7.56,true,1,
7290014974562,false,גביעי גלידה רגיל טילון עלמה גילרו 24 יח',"א.ג גילרו בע""מ",IL,גביעי גלידה 24 יח 12,גרמים,120.00,100 גרם,false,1,7.90,6.58,true,1,
7290014981836,false,טריבולוס 500 מ`ג,,,טריבולוס 500 מ`ג,Unknown,0.00,Unknown,false,1,149.90,149.90,true,1,
7290014981850,false,גוארנה 60 כמוסות,,,גוארנה 60 כמוסות,Unknown,0.00,Unknown,false,1,83.90,83.90,true,1,
7290014988125,false,מגנזיום 300 מג 60 קפ,,,מגנזיום 300 מג 60 קפ,Unknown,0.00,Unknown,false,1,69.90,69.90,true,1,
7290014988392,false,תמצית לגבר - ויאבול,,,תמצית לגבר - ויאבול,Unknown,0.00,Unknown,false,1,249.90,249.90,true,1,
7290014988538,false,"לאונורוס 50 מ""ל",,,"לאונורוס 50 מ""ל",מיליליטרים,50.00,"100 מ""ל",false,1,64.90,129.80,true,1,
7290014988552,false,"ולריאן 50 מ""ל",,,"ולריאן 50 מ""ל",מיליליטרים,50.00,"100 מ""ל",false,1,64.90,129.80,true,1,
7290014988576,false,"דיאראין 30 מ""ל",,,"דיאראין 30 מ""ל",Unknown,0.00,Unknown,false,1,59.90,59.90,true,1,
7290015009010,false,"חומץ בן יין אדום 500 מ""ל",מנדלז סי.אר. פרודקשן,ES,חומץ בן יין אדום 500,מיליליטרים,500.00,"100 מ""ל",false,1,20.60,4.12,true,1,
7290015009041,false,חומץ תפוחים חומציות,מנדלז סי.אר. פרודקשן,ES,"חומץ תפוחים 500 מ""ל",מיליליטרים,500.00,"100 מ""ל",false,1,20.60,4.12,true,1,
7290015009126,false,עלי טורטייה מקמח מלא 420 גר 25 סמ,לווליה,,עלי טורטייה מקמח מלא,גרמים,420.00,100 גרם,false,1,16.00,3.81,true,1,
7290015009300,false,עלי טורטייה מקמח תירס 360 גרם,,,עלי טורטייה מקמח תיר,גרמים,360.00,100 גרם,false,1,15.60,4.33,true,1,
7290015009393,false,זיתים שחורים מגולענים מזן קלמטה 430 גרם,אידיאל ס.א,GR,זיתים שחורים מגולעני,גרמים,430.00,100 גרם,false,1,16.90,3.93,true,1,
7290015009409,false,זיתים שחורים מזן טאסוס במלח 250 גרם,אדיאל ס.א,GR,זיתים שחורים מזן טאס,גרמים,250.00,100 גרם,false,1,19.40,7.76,true,1,
7290015009553,false,"רוטב אקסטרא חריף פלפל 148 מ""ל",קאמוק,CR,רוטב אקסטרא חריף פלפ,מיליליטרים,148.00,"100 מ""ל",false,1,19.90,13.45,true,1,
7290015009591,false,"רוטב אקסטרא חריף פלפל סקורפיון 148 מ""ל",קאמוק,CR,רוטב אקסטרא חריף פלפ,מיליליטרים,148.00,"100 מ""ל",false,1,19.90,13.45,true,1,
7290015009607,false,"רוטב אקסטרא חריף פלפל נגה גלוקיה 148 מ""ל",קאמוק,CR,רוטב אקסטרא חריף פלפ,מיליליטרים,148.00,"100 מ""ל",false,1,19.90,13.45,true,1,
7290015039246,false,נתחי טונה בשמן צמחי רביעיה * 160 ג' וילי פוד,וילי פוד,TH,רביעית טונה בהירה בש,גרמים,640.00,100 גרם,false,1,21.90,3.42,true,1,
7290015039338,false,נתחי טונה במי מלח רביעיה * 160 ג' וילי פוד,וילי פוד,TH,רביעית טונה במי מלח,גרמים,640.00,100 גרם,false,1,21.90,3.42,true,1,
7290015054027,false,"פאוארטק חלבון 700 גר' בד""ץ וניל",,,פאוארטק חלבון וניל 7,גרמים,700.00,100 גרם,false,1,149.90,21.41,true,1,
7290015054843,false,"פיור וואי פרימיום בננה 2.3 ק""ג",פאוארטק Powertech,,פיור וואי פרימיום בנ,קילוגרמים,0.00,"ק""ג",false,1,324.90,324.90,true,1,
7290015127684,false,"שמן זית כתית מעולה אורגני 250 מ""ל",,IL,שמן זית כתית מעולה א,מיליליטרים,250.00,"100 מ""ל",false,1,23.90,9.56,true,1,
7290015129121,false,אטריות קונג'אק בתוספת טפיוקה בצורת נודלס,הוויזאי וואנגייה פוד,CN,סקיני פסטה נודלס 270,גרמים,270.00,100 גרם,false,1,9.90,3.67,true,1,
7290015129145,false,אטריות קונג'אק בתוספת טפיוקה בצורת ספגטי,הוויזאי וואנגייה פוד,CN,סקיני פסטה ספגטי 270,גרמים,270.00,100 גרם,false,1,9.90,3.67,true,1,
7290015129220,false,איטריות קונגאק ללא גלוטן 270 גרם skinny,אף.סי תבליני בגליל ב,CN,איטריות קונגאק ללא ג,גרמים,270.00,100 גרם,false,1,9.90,3.67,true,1,
7290015129268,false,סקיני פסטה פנה שיבולת שועל 200 גרם,,CN,סקיני פסטה פנה שיבול,גרמים,200.00,100 גרם,false,1,9.90,4.95,true,1,
7290015129312,false,סקיני סופ תבשיל מרק בטעם עוף 214 גרם,סצ'ואן סנטאיואן,CN,סקיני סופ תבשיל מרק,גרמים,214.00,100 גרם,false,1,21.90,10.23,true,1,
7290015129749,false,סקיני פסטה שיבולת שועל נודלס 270 גרם,סצ'ואן סנטאיואן,CN,סקיני פסטה שיבולת שו,גרמים,270.00,100 גרם,false,1,9.90,3.67,true,1,
7290015129756,false,סקיני פסטה שיבולת שועל פטוציני 270 גרם,סצ'ואן סנטאיואן,CN,סקיני פסטה שיבולת שו,גרמים,270.00,100 גרם,false,1,9.90,3.67,true,1,
7290015141352,false,סט 3 מיני טרמומטר לתנור,,,סט 3 מיני טרמומטר לת,קילוגרמים,0.00,"ק""ג",false,1,69.90,69.90,true,1,
7290015150088,false,מחית עגבניות גראנד איטליה 700 גרם,שוורצקוף& הנקל דיסלד,IT,מחית עגבניות גראנד א,גרמים,700.00,100 גרם,false,1,12.30,1.76,true,1,
7290015150118,false,עגבניות חתוכות דק בלה איטליה 3*400 ג',אמיליאנה קונסרב ס.פ.,IL,עגבניות חתוכות דק בל,גרמים,1200.00,100 גרם,false,1,17.60,1.47,true,1,
7290015150200,false,עגבניות חתוכות דק 400 גרם,HIQ FOOD PRODUCTS,IT,עגבניות חתובות דק 40,גרמים,400.00,100 גרם,false,1,6.90,1.73,true,1,
7290015150590,false,תה ירוק גינגר חריף 25 שקיקים 1.5 גרם,ויסוצקי ירוק,IL,תה ירוק גינגר חריף 2,Unknown,0.00,Unknown,false,1,24.90,24.90,true,1,
7290015150903,false,תה ירוק גן קסום קינמון ודבש 25 שק*1.5 גר,ויסוצקי ירוק,IL,תה ירוק גן קסום קינמ,Unknown,0.00,Unknown,false,1,24.90,24.90,true,1,
7290015155557,false,פרמיו מקלוני ברווז מובחרים 100ג,,,פרמיו מקלוני ברווז מ,Unknown,0.00,Unknown,false,1,16.90,16.90,true,1,
7290015155564,false,פרמיו חטיפי עוף מובחרים 100ג,,,פרמיו חטיפי עוף מובח,גרמים,100.00,100 גרם,false,1,16.90,16.90,true,1,
7290015155823,false,מחית תפוחי עץ חטיפטף ללא תוספת סוכר,פרוטה פודיווין איי.א,CZ,מחית תפוח חטיפטף פרי,גרמים,120.00,100 גרם,false,1,6.50,5.42,true,1,
7290015155830,false,מחית תפוחי עץ ובננה חטיפטף ללא תוספת סוכר,פרוטה פודווין איי.אס,CZ,מחית תפוח בננה חטיפט,גרמים,120.00,100 גרם,false,1,6.50,5.42,true,1,
7290015155847,false,מחית סלט פירות חטיפטף ללא תוספת סוכר,פרוטה פודיווין איי.א,CZ,מחית סלט פירות חטיפט,גרמים,120.00,100 גרם,false,1,6.50,5.42,true,1,
7290015155885,false,חטיפטף - חטיף אורז אפוי בטעם אוכמניות 28 גרם,,,חטיף אורז אפוי לתינו,גרמים,28.00,100 גרם,false,1,9.90,35.36,true,1,
7290015155892,false,חטיף אורז אפוי לתינוקות בננה חטיפטף 28גר,,,חטיף אורז אפוי לתינו,גרמים,28.00,100 גרם,false,1,9.90,35.36,true,1,
7290015156769,false,מחית פרינוק פאוץ' תפוח ואוכמניות 120 גרם,פרוטה פודווין איי.אס,CZ,מחית פרינוק פאוץ תפו,גרמים,120.00,100 גרם,false,1,6.50,5.42,true,1,
7290015156790,false,מחית לפתן פירות חטיפטף ללא תוספת סוכר,פרוטה פודווין איי.אס,CZ,מחית פרינוק לפתן,גרמים,120.00,100 גרם,false,1,6.50,5.42,true,1,
7290015156813,false,מחית פרינוק פאוץ' פירות מעורבים 120 גרם,פרוטה פודווין איי.אס,CZ,מחית פרינוק פירות,גרמים,120.00,100 גרם,false,1,6.50,5.42,true,1,
7290015161206,false,קמח קוקוס אורגני ללא גלוטן 500 גרם- Nutra Zen,נוטרה זון,LK,קמח קוקוס אורגני ללא,גרמים,500.00,100 גרם,false,1,19.90,3.98,true,1,
7290015161534,false,קוואקר שיבולת שועל עבה ללא גלוטן - 400 גרם,נוטרה זן NutraZen,DK,קוואקר עבה ללא גלוטן,גרמים,400.00,100 גרם,false,1,22.90,5.73,true,1,
7290015161862,false,פת פריכה אורגנית ללא גלוטן - ערמונים 100,אקסטרודו בצ'יצה,CZ,פת פריכה אורגנית ללא,גרמים,100.00,100 גרם,false,1,14.60,14.60,true,1,
7290015161930,false,"פסטPRO קסרצ'ה פתיתים אורגניים, ללא גלוטן",נוטרה זן NutraZen,IT,פסטPRO עדשים צהובות,גרמים,250.00,100 גרם,false,1,19.90,7.96,true,1,
7290015164856,false,רוטב קארי אדומה 400 גרם SUREE כשר,טאפאדונגפורן קוקינט,TH,רוטב קארי אדומה 400,מיליליטרים,400.00,"100 מ""ל",false,1,19.90,4.98,true,1,
7290015178174,false,ממרח אוליביה - פסטו בטעם פרמז'ן 180 גרם,יוניליוור גרמניה Gm,IL,פסטו בטעם פרמזן אולי,גרמים,180.00,100 גרם,false,1,15.60,8.67,true,1,
7290015178181,false,ממרח אוליביה - ארטישוק ברוזמרין 180 גרם,יוניליוור גרמניה Gm,IL,ארטישוק ברוזמרין אול,גרמים,180.00,100 גרם,false,1,15.60,8.67,true,1,
7290015178273,false,רוטב מרינדה לעוף בגריל אוליביה 270 גר,אוליביה,IL,רוטב מרינדה לעוף בגר,גרמים,320.00,100 גרם,false,1,13.90,4.34,true,1,
7290015193832,false,קרקר עם שומשום ארומה 300 גרם,פפושדו,IL,קרקר עם שומשום ארומה,גרמים,300.00,100 גרם,false,1,7.90,2.63,true,1,
7290015193849,false,קרקר עם מלח ארומה 300 גרם,פפושדו,IL,קרקר עם מלח ארומה 30,גרמים,300.00,100 גרם,false,1,7.90,2.63,true,1,
7290015222198,false,סבון נוזלי שלישייה ס,,,סבון נוזלי שלישייה ס,מיליליטרים,500.00,"100 מ""ל",false,1,16.90,3.38,true,1,
7290015246088,false,קמילצ'יק - תמצית פרחי קמומיל,"ד""ר קיי DR. K",IL,קמילציק 30 מל,מיליליטרים,30.00,"100 מ""ל",false,1,65.00,216.67,true,1,
7290015246095,false,ליקצי'ק - תמצית נבטי ליקופודיום,"ד""ר קיי DR. K",IL,ליקצק 30 מל,מיליליטרים,30.00,"100 מ""ל",false,1,65.00,216.67,true,1,
7290015246101,false,מילקל 30 מל,,IL,מילקל 30 מל,מיליליטרים,30.00,"100 מ""ל",false,1,79.00,263.33,true,1,
7290015246316,false,וקסינצ'יק - תמצית שרש אסטרלגוס,"ד""ר קיי DR. K",IL,קסינציק 30 מל,מיליליטרים,30.00,"100 מ""ל",false,1,65.00,216.67,true,1,
7290015246347,false,קרוקציק 30 מל,,IL,קרוקציק 30 מל,מיליליטרים,30.00,"100 מ""ל",false,1,65.00,216.67,true,1,
7290015282000,false,איקרא אדומה SEVEN SEAS 200 גרם,שבעת הימים - שמיר,IL,איקרה אדומה 200 גרם,גרמים,200.00,100 גרם,false,0,14.60,7.30,true,1,
7290015282024,false,איקרא לבנה SEVEN SEAS 200 גרם,שבעת הימים - שמיר,IL,איקרה לבנה 200 גרם,גרמים,200.00,100 גרם,false,0,14.60,7.30,true,1,
7290015282581,false,חומוס שמיר אבו גוש עם חריף 200 גר',"סלטי שמיר 2006 בע""מ",IL,חומוס אבו גוש עם חרי,גרמים,200.00,100 גרם,false,1,11.00,5.50,true,1,
7290015282598,false,חומוס שמיר מסעדות 200 גר',"סלטי שמיר 2006 בע""מ",IL,חומוס מסעדות 200 גר,גרמים,200.00,100 גרם,false,1,11.00,5.50,true,1,
7290015282604,false,טחינה שמיר מיוחדת גורמה 200ג',"סלטי שמיר 2006 בע""מ",IL,טחינה מיוחדת 200 גר,גרמים,200.00,100 גרם,false,1,11.00,5.50,true,1,
7290015282611,false,סלט ביצים שמיר 200 גר',"סלטי שמיר 2006 בע""מ",IL,סלט ביצים 200 גר,גרמים,200.00,100 גרם,false,1,18.80,9.40,true,1,
7290015282628,false,חציל שמיר בטעם כבד 200 גר',"סלטי שמיר 2006 בע""מ",IL,חציל בטעם כבד 200 גר,גרמים,200.00,100 גרם,false,1,13.50,6.75,true,1,
7290015282635,false,חומוס שמיר מסבחה 200 גר',"סלטי שמיר 2006 בע""מ",IL,חומוס מסבחה 200 גר,גרמים,200.00,100 גרם,false,1,11.00,5.50,true,1,
7290015282642,false,חומוס שמיר אבו גוש 200 גר',"סלטי שמיר 2006 בע""מ",IL,חומוס אבו גוש 200 גר,גרמים,200.00,100 גרם,false,1,11.00,5.50,true,1,
7290015282666,false,סלט טונה עם ירקות 200 גר,"סלטי שמיר 2006 בע""מ",IL,סלט טונה עם ירקות 20,גרמים,200.00,100 גרם,false,1,18.80,9.40,true,1,
7290015282673,false,חציל שמיר במיונז ביתי 200 גורמה גר',"סלטי שמיר 2006 בע""מ",IL,חציל במיונז ביתי 200,גרמים,200.00,100 גרם,false,1,11.00,5.50,true,1,
7290015282680,false,קישוא בטעם כבד שמיר 200 גר',"סלטי שמיר 2006 בע""מ",IL,קישוא בטעם כבד 200 ג,גרמים,200.00,100 גרם,false,1,13.50,6.75,true,1,
7290015282697,false,כרוב אדום שמיר גורמה 200גר,"סלטי שמיר 2006 בע""מ",IL,כרוב אדום 200 גר,גרמים,200.00,100 גרם,false,1,13.50,6.75,true,1,
7290015282710,false,קוביות סלק שמיר 200 גר',"סלטי שמיר 2006 בע""מ",IL,קוביות סלק 200 גר,גרמים,200.00,100 גרם,false,1,11.00,5.50,true,1,
7290015282741,false,חציל תאילנדי אסלי שמיר 200 ג',"סלטי שמיר 2006 בע""מ",IL,חציל תאילנדי 200 גר,גרמים,200.00,100 גרם,false,1,13.50,6.75,true,1,
7290015284035,false,סבון ידיים ירקות ירוקים 500 מל ECOLOVE,,,סבון ידיים ירקות ירו,מיליליטרים,500.00,"100 מ""ל",false,1,25.90,5.18,true,1,
7290015284042,false,שמפו לשיער רגיל/שמן ירקות אדומים ECOLOVE,,,שמפו לשיער רגיל/שמן,גרמים,500.00,100 גרם,false,1,32.90,6.58,true,1,
7290015284080,false,שמפו לשיער רגיל/יבש ירקות כתומים ECOLOVE,,,שמפו לשיער רגיל/יבש,גרמים,500.00,100 גרם,false,1,32.90,6.58,true,1,
7290015284097,false,מרכך לשיער רגיל/יבש ירקות כתומים ECOLOVE,,,מרכך לשיער רגיל/יבש,גרמים,500.00,100 גרם,false,1,32.90,6.58,true,1,
7290015284103,false,סבון גוף ירקות כתומים 500 מל ECOLOVE,,,סבון גוף ירקות כתומי,מיליליטרים,500.00,"100 מ""ל",false,1,32.90,6.58,true,1,
7290015284110,false,סבון ידיים ירקות כתומים 500 מל ECOLOVE,א.ל. ארמן,IL,סבון ידיים ירקות כתו,מיליליטרים,500.00,"100 מ""ל",false,1,25.90,5.18,true,1,
7290015284202,false,ECOLOVE שמפו לשיער צבוע ויבש מאוד 500 מל,,,ECOLOVE שמפו לשיער צ,מיליליטרים,500.00,"100 מ""ל",false,1,32.90,6.58,true,1,
7290015284233,false,ECOLOVE סבון ידיים לעור יבש 500 מל,,,ECOLOVE סבון ידיים ל,מיליליטרים,500.00,"100 מ""ל",false,1,25.90,5.18,true,1,
7290015284240,false,ECOLOVE מסיכה לשיער צבוע ויבש מאוד 350 מ,,,ECOLOVE מסיכה לשיער,מיליליטרים,350.00,"100 מ""ל",false,1,44.90,12.83,true,1,
7290015284783,false,"מיסלר מי ניקוי והסרת איפור 200 מ""ל",הרמן,IL,מיסלר מי ניקוי והסרת,מיליליטרים,200.00,"100 מ""ל",false,1,59.90,29.95,true,1,
7290015289016,false,"בירה הרצל דולצה דה עסל 330 מ""ל",ג'נרל מילס סאן אדריא,IL,בירה הרצל דולצה דה ע,מיליליטרים,330.00,"100 מ""ל",false,1,13.90,4.21,true,1,
7290015294645,false,כלורופיל משקה,,,כלורופיל משקה,Unknown,0.00,Unknown,false,1,89.90,89.90,true,1,
7290015340236,false,"חמאת שקד לבן ללת""ס",יושלם,,"חמאת שקד לבן ללת""ס",גרמים,300.00,100 גרם,false,1,36.60,12.20,true,1,
7290015340281,false,קמח שקדים ללא גלוטן 500 גרם,"העידן האורגני בע""מ",,קמח שקדים ללא גלוטן,גרמים,500.00,100 גרם,false,1,41.90,8.38,true,1,
7290015340304,false,סילאן טבעי 900 גרם,,IL,סילאן טבעי 900 גרם,גרמים,900.00,100 גרם,false,1,19.90,2.21,true,1,
7290015340434,false,שמן אבוקדו 500 מל,,,"שמן אבוקדו 500 מ""ל",מיליליטרים,500.00,"100 מ""ל",false,1,56.90,11.38,true,1,
7290015354899,false,חרדל דיז'ון מעודן 350 גרם,ריין דיז'ון reine dijon,FR,חרדל דיזון מעודן 350,גרמים,350.00,100 גרם,false,1,13.90,3.97,true,1,
7290015366663,false,"אקווה פרש משחת שיניים מנטה עדין 100מ""ל",גלקסוסמיתקליין,SK,אקוה פרש משחת שיניים,Unknown,0.00,Unknown,false,1,10.40,10.40,true,1,
7290015366670,false,משחת שיניים הגנה משולשת מנטה מרענן,גלקסוסמיתקליין,SK,אקוה פרש משחת שיניים,Unknown,0.00,Unknown,false,1,10.40,10.40,true,1,
7290015371025,false,פטריות זנב התרנגול אורגני באבקה 100 גרם,,,פטריות זנב התרנגול א,גרמים,100.00,100 גרם,false,1,129.90,129.90,true,1,
7290015371063,false,שמן זרעי המפ אורגני,,,שמן זרעי המפ אורגני,Unknown,0.00,Unknown,false,1,129.90,129.90,true,1,
7290015395045,false,קינואה 400 גרם חתם סופר,"שקדיה גבע תעשיות בע""",IL,קינואה 400 גרם חתם ס,גרמים,400.00,100 גרם,false,1,14.60,3.65,true,1,
7290015408271,false,גדילן זרעים עלעלים 100 גרם,,IL,גדילן זרעים עלעלים 1,גרמים,100.00,100 גרם,false,1,34.90,34.90,true,1,
7290015408615,false,צפורן חתול קלנדולה פרחים אורגני,,,צפורן חתול קלנדולה פ,Unknown,0.00,Unknown,false,1,29.90,29.90,true,1,
7290015408714,false,שוש קרח שורש קצוץ אורגני 50 גרם,,IL,שוש קרח שורש קצוץ או,גרמים,50.00,100 גרם,false,1,24.90,49.80,true,1,
7290015437431,false,רכז רימונים תומר 42,תומר,,רכז רימונים 420 גרם,גרמים,420.00,100 גרם,false,1,25.00,5.95,true,1,
7290015437493,false,לה פסטה עגבניות חתוכות שלישיה 3*400 גרם,,,לה פסטה עגבניות חתוכ,קילוגרמים,0.00,"ק""ג",false,1,14.90,14.90,true,1,
7290015446587,false,פראוד - חטיף חלבון קוקוס 60 גרם,,,פראוד - חטיף חלבון ק,גרמים,60.00,100 גרם,false,1,12.90,21.50,true,1,
7290015446594,false,פראוד - חטיף חלבון לאטה 60 גרם,v.s.i,NL,פראוד - חטיף חלבון ל,גרמים,60.00,100 גרם,false,1,12.90,21.50,true,1,
7290015446600,false,פראוד - חטיף חלבון תות חמוציות 60 גרם,,,פראוד - חטיף חלבון ת,גרמים,60.00,100 גרם,false,1,12.90,21.50,true,1,
7290015446617,false,פראוד - חטיף חלבון בננה טופי 60 גרם,v.s.i,NL,פראוד - חטיף חלבון ב,גרמים,60.00,100 גרם,false,1,12.90,21.50,true,1,
7290015446624,false,פראוד - חטיף חלבון דאבל שוקולד 50 גרם,,,פראוד - חטיף חלבון ד,גרמים,50.00,100 גרם,false,1,12.90,25.80,true,1,
7290015446648,false,פראוד - חטיף חלבון בוטנים קרמל 50 גרם,,,פראוד - חטיף חלבון ב,גרמים,50.00,100 גרם,false,1,12.90,25.80,true,1,
7290015458726,false,סבון לשטיפה אינטימית,,,סבון לשטיפה אינטימית,Unknown,0.00,Unknown,false,1,79.90,79.90,true,1,
7290015458887,false,סבון פנים לעור שמן ר,,,סבון פנים לעור שמן ר,Unknown,0.00,Unknown,false,1,69.90,69.90,true,1,
7290015459013,false,"קרם רגליים 120 מ""ל",,,"קרם רגליים 120 מ""ל",מיליליטרים,120.00,"100 מ""ל",false,1,68.00,56.67,true,1,
7290015599016,false,צהובה טבעונית עם זיתים 200 גרם,אריויה ס.א.,GR,צהובה טבעונית עם זית,גרמים,200.00,100 גרם,false,1,23.90,11.95,true,1,
7290015599023,false,פרוסות צהובה טבעונית בטעם קלאסי,וגה מוצרים טבעוניים VEGA,GR,צהובה טבעונית 200 ג,גרמים,200.00,100 גרם,false,1,23.90,11.95,true,1,
7290015599030,false,צהובה טבעונית בטעם פיצה פפרוני 200 גרם,,,צהובה טבעונית 200 ג,גרמים,200.00,100 גרם,false,1,23.90,11.95,true,1,
7290015599061,false,פרוסות צהובה טבעונית בטעם מוצרלה,וגה מוצרים טבעוניים VEGA,GR,צהובה טבעונית 200 ג,גרמים,200.00,100 גרם,false,1,23.90,11.95,true,1,
7290015599078,false,פרוסות צהובה טבעונית בתוספת עשבי תיבול,וגה מוצרים טבעוניים VEGA,,צהובה טבעונית 200 גר,גרמים,200.00,100 גרם,false,1,23.90,11.95,true,1,
7290015599191,false,גבינת שמנת טבעונית בסגנון קלאסי 170 גרם,ביוט איילנד פודס,,גבינת שמנת טבעונית ב,גרמים,170.00,100 גרם,false,1,19.90,11.71,true,1,
7290015599504,false,ממרח בטעם חמאה אורגני 225 גר,גוד פוד פרודקטס S.p,DK,ממרח בטעם חמאה אורגנ,גרמים,225.00,100 גרם,false,1,20.90,9.29,true,1,
7290015599702,false,גבינת שמנת טבעונית בטעם עזים ללא גלוטן,גוד פוד פרודקטס S.p,GB,גבינת שמנת טבעונית ב,גרמים,170.00,100 גרם,false,1,17.90,10.53,true,1,
7290015599719,false,פרמזן טבעוני ווגה 15,המאפיה של הרמן,GR,פרמזן טבעוני 150 גרם,גרמים,150.00,100 גרם,false,1,24.90,16.60,true,1,
7290015603188,false,אטריות ביצים 454ג' (כ) (fu),פוגקן לונגהי אנלידה,CN,אטריות ביצים 454 גרם,גרמים,454.00,100 גרם,false,1,10.90,2.40,true,1,
7290015603195,false,איטריות בתוספת תרד 454 גרם,פוגקן לונגהי אנלידה,CN,איטריות בתוספת תרד 4,גרמים,454.00,100 גרם,false,1,10.90,2.40,true,1,
7290015603225,false,איטריות בתוספת גזר 454 גרם,פוגקן לונגהי אנלידה,CN,איטריות בתוספת גזר 4,גרמים,454.00,100 גרם,false,1,10.90,2.40,true,1,
7290015603522,false,נוזל אגוזי קוקוס 5-7% 400 מל,אסי אטיק גרו אינדוסט,TH,נוזל אגוזי קוקוס 5-7,מיליליטרים,400.00,"100 מ""ל",false,1,7.30,1.83,true,1,
7290015603546,false,"שימורי קרם קוקוס 17-19% 400 מ""ל (ASIATIC)(כ)",אסי אטיק גרו אינדוסט,TH,שימורי קרם קוקוס 17-,מיליליטרים,400.00,"100 מ""ל",false,1,9.90,2.48,true,1,
7290015603560,false,"שימורי קרם קוקוס 20-22% 400 מ""ל",אסי אטיק גרו אינדוסט,TH,שימורי קרם קוקוס 20-,מיליליטרים,400.00,"100 מ""ל",false,1,9.90,2.48,true,1,
7290015603584,false,ג'ינגר לבן כבוש ללא מונוסודיום 160 גרם (כ),לאיווי איפנג פודס קו,CN,גינגר לבן כבוש ללא מ,גרמים,160.00,100 גרם,false,1,7.90,4.94,true,1,
7290015603591,false,גינגר כבוש וורוד 160 גרם,ננטונג הידה אקוטיק פ,CN,גינגר כבוש וורוד 160,גרמים,160.00,100 גרם,false,1,8.30,5.19,true,1,
7290015603638,false,אורז קלרוז מזרח ומער,מינה פונג גרין אגריק,VN,"אורז קלרוז 1 ק""ג",גרמים,1000.00,100 גרם,false,1,11.90,1.19,true,1,
7290015634113,false,יין עמק האלה רוזה 2015 750 מל,עמק האלה,IL,יין עמק האלה אוורד ר,Unknown,0.00,Unknown,false,1,44.90,44.90,true,1,
7290015634120,false,יין עמק האלה אוורד לבן 2015 750 מל,עמק האלה,IL,יין עמק האלה אוורד ל,Unknown,0.00,Unknown,false,1,44.90,44.90,true,1,
7290015634137,false,"יין עמק האלה סוביניון בלאן 2015 750 מ""ל",עמק האלה,IL,יין עמק האלה סוביניו,Unknown,0.00,Unknown,false,1,83.90,83.90,true,1,
7290015634151,false,"עמק האלה קברנה סוביניון 2012 750 מ""ל",עמק האלה,IL,יין עמק האלה קברנה א,Unknown,0.00,Unknown,false,1,83.90,83.90,true,1,
7290015634168,false,יין עמק האלה מרלו 2013 750 מל,,,יין עמק האלה מרלו אס,Unknown,0.00,Unknown,false,1,83.90,83.90,true,1,
7290015634175,false,עמק האלה אוור רד ק.סוביניון 2015 750 מל,,,עמק האלה אוור רד קבר,Unknown,0.00,Unknown,false,1,44.90,44.90,true,1,
7290015652070,false,קשיו קלוי 150 גרם ששון הקולה,דין שיווק,IL,קשיו קלוי 150 גרם שש,גרמים,150.00,100 גרם,false,1,11.40,7.60,true,1,
7290015652087,false,תערובת פיצוחים 150 גרם ששון הקולה,דין שיווק,IL,תערובת פיצוחים 150 ג,גרמים,150.00,100 גרם,false,1,11.90,7.93,true,1,
7290015652124,false,"רוטב סריראציה חריף מאוד 450 מ""ל אהרוני",,TH,רוטב סריראצה חריף מא,גרמים,450.00,100 גרם,false,1,17.20,3.82,true,1,
7290015652254,false,גרעיני חמניה קלויים 400 גרם ששון הקלה,דין שיווק,IL,גרעיני חמניה קלויים,גרמים,400.00,100 גרם,false,1,10.00,2.50,true,1,
7290015652261,false,בוטנים קלויים 300 גרם ששון הקולה,"דין שיווק וקלייה בע""",IL,בוטנים קלויים 300 גר,גרמים,300.00,100 גרם,false,1,10.00,3.33,true,1,
7290015652278,false,תערובת פיצוחים 250 גרם ששון הקולה,"דין שיווק וקלייה בע""",IL,תערובת פיצוחים 250 ג,גרמים,250.00,100 גרם,false,1,20.00,8.00,true,1,
7290015652285,false,אגוזים קלופים 250 גרם ששון הקולה,דין שיווק,IL,אגוזים קלופים 250 גר,גרמים,250.00,100 גרם,false,1,20.00,8.00,true,1,
7290015652292,false,קבוקים עם שומשום 400 גרם ששון הקלה,"דין שיווק וקלייה בע""",IL,קבוקים עם שומשום 400,גרמים,400.00,100 גרם,false,1,10.00,2.50,true,1,
7290015652308,false,מנצס 300 גרם ששון הקולה,,,מנצס 300 גרם ששון הק,גרמים,300.00,100 גרם,false,1,10.00,3.33,true,1,
7290015652315,false,חמוציות מסוכרות 300 גרם ששון הקולה,"דין שיווק וקלייה בע""",IL,חמוציות מסוכרות 300,גרמים,300.00,100 גרם,false,1,10.00,3.33,true,1,
7290015652407,false,פיסטוק קלוי 250 גר דין שיווק,ינגאון גידה סאנאבי,IL,פיסטוק קלוי 250 גר ד,גרמים,250.00,100 גרם,false,1,20.00,8.00,true,1,
7290015652599,false,תערובת מתובלת להכנת צלי בקר,"נווה התבלין בע""מ",IL,אהרוני צלי בקר 120 ג,גרמים,120.00,100 גרם,false,1,15.60,13.00,true,1,
7290015662031,false,ספירולינה טריה simpli good 140 גרם,,IL,ספירולינה טריה 140 ג,גרמים,140.00,100 גרם,false,1,49.90,35.64,true,1,
7290015675192,false,משחת קלנדולה אורגנית,,,משחת קלנדולה אורגנית,Unknown,0.00,Unknown,false,1,44.90,44.90,true,1,
7290015695848,false,נבטי אלפלפא אורגני,,,נבטי אלפלפא אורגני,Unknown,0.00,Unknown,false,1,10.90,10.90,true,1,
7290015695886,false,מיקס נבטים אורגני,הנבטים של אודי,,מיקס נבטים אורגני,Unknown,0.00,Unknown,false,1,10.90,10.90,true,1,
7290015733441,false,מטרנה דייסת גם וגם דגנים פרו 300 גר',מטרנה תעשיות ש.מ,IL,דייסת מטרנה גם וגם ד,גרמים,300.00,100 גרם,false,1,25.90,8.63,true,1,
7290015765404,false,זים (75) GAZ,,,זים (75) GAZ,Unknown,0.00,Unknown,false,1,59.90,59.90,true,1,
7290015765572,false,אלטמן - ויטמין B-12 מתיל קובלאמין טבליות 60 יח',אלטמן,,ויטמין B-12 מתיל קוב,Unknown,0.00,Unknown,false,1,53.90,53.90,true,1,
7290015765589,false,פרוביוטיק INTENSE 30,אלטמן,,פרוביוטיק INTENSE 30,Unknown,0.00,Unknown,false,1,65.90,65.90,true,1,
7290015765626,false,אלטמן - ברזל COMFORT אריזות אישיות 30 יח',אלטמן,,ברזל קומפורט 30 כשר,Unknown,0.00,Unknown,false,1,89.90,89.90,true,1,
7290015765756,false,אשווגנדה 60 כמוסות,,,אשווגנדה 60 כמוסות,Unknown,0.00,Unknown,false,1,129.90,129.90,true,1,
7290015781008,false,"יין ויז'ן מרלו 750 מ""ל",יקב טפרברג 1870 בעמ,IL,יין VISION מרלו 750,Unknown,0.00,Unknown,false,1,39.90,39.90,true,1,
7290015781015,false,"יין ויז'ן מלבק 750 מ""ל",יקב טפרברג 1870 בעמ,IL,יין VISION מלבק 750,Unknown,0.00,Unknown,false,1,39.90,39.90,true,1,
7290015781091,false,"יין ויז'ן קברנה סובניון 750 מ""ל",יקב טפרברג 1870 בעמ,IL,יין VISION קברנה סוב,Unknown,0.00,Unknown,false,1,39.90,39.90,true,1,
7290015781107,false,"סנגובזה אימפרשיאון 750 מ""ל",יקב טפרברג 1870 בעמ,IL,יין IMPRES סנגובזה 7,Unknown,0.00,Unknown,false,1,47.90,47.90,true,1,
7290015781114,false,"יין אימפרשן מרלו 750 מ""ל",יקב טפרברג 1870 בעמ,IL,יין IMPRES מרלו 750,Unknown,0.00,Unknown,false,1,47.90,47.90,true,1,
7290015781121,false,"קברנה סוביניון אימפרשיאון 750 מ""ל-מרכז",יקב טפרברג 1870 בעמ,IL,יין IMPRES קברנה סוב,Unknown,0.00,Unknown,false,1,47.90,47.90,true,1,
7290015781152,false,יין רוזה אימפרשן יקב,יקב טפרברג,IL,יין IMPRES רוזה 750,Unknown,0.00,Unknown,false,1,47.90,47.90,true,1,
7290015781169,false,"יין קברנה סוביניון - חצי יבש אימפרשן 750מ""ל",יקב טפרברג 1870 בעמ,IL,יין IMPRES קברנה סוב,Unknown,0.00,Unknown,false,1,47.90,47.90,true,1,
7290015781237,false,יין INSPIRE FEMITAGE גוורצטרמינר 750 מל,יקב טפרברג,IL,INSPIRE FEMITAGE גוו,Unknown,0.00,Unknown,false,1,83.90,83.90,true,1,
7290015781282,false,"יין גוורצטמינר אימפרשן 750מ""ל",יקב טפרברג 1870,IL,יין IMPRES גוורצטרמי,Unknown,0.00,Unknown,false,1,47.90,47.90,true,1,
7290015781299,false,יין שיראז אדום טפמבר,יקב טפרברג 1870 בעמ,IL,יין VISION שיראז 750,Unknown,0.00,Unknown,false,1,39.90,39.90,true,1,
7290015781305,false,"יין אימפרשן סירה 750 מ""ל",יקב טפרברג 1870 בעמ,IL,יין IMPRES סירה 750,Unknown,0.00,Unknown,false,1,47.90,47.90,true,1,
7290015858106,false,ממרח פסטו ביתי 180 ג' עללחם,"מדשא תעשיות מזון בע""",IL,מצונן פסטו ביתי 180,גרמים,180.00,100 גרם,false,1,16.90,9.39,true,1,
7290015858113,false,ממרח עגבניות מיובשות עללחם 180 גרם,"מדשא תעשיות מזון בע""",IL,מצונן ממרח עגבניות,גרמים,180.00,100 גרם,false,1,16.90,9.39,true,1,
7290015858151,false,ממרח שום 180 גרם עללחם בית יוסף,מדשא תעשיות מזון,IL,ממרח שום 180 גר,גרמים,180.00,100 גרם,false,1,16.90,9.39,true,1,
7290015858175,false,ממרח פלפלים קלויים עללחם 180 גרם,זאביק יצור ושיווק מז,IL,ממרח פלפלים קלויים 1,גרמים,180.00,100 גרם,false,1,16.90,9.39,true,1,
7290015858212,false,ממרח לימון כבוש עללחם 180 גרם,מדשא תעשיות מזון,IL,ממרח לימון כבוש 180,גרמים,180.00,100 גרם,false,1,21.90,12.17,true,1,
7290015858229,false,טפנד זיתי קלמטה עללחם 180 גרם,"מדשא תעשיות מזון בע""",IL,מצונן טפנד זיתים,גרמים,180.00,100 גרם,false,1,16.90,9.39,true,1,
7290015858243,false,ממרח צימיצורי עללחם 180 גרם,זאביק יצור ושיווק מז,IL,ממרח צימיצורי עללחם,גרמים,180.00,100 גרם,false,1,16.90,9.39,true,1,
7290015858328,false,עללחם ממרח איולי פסטו 295 גרם,מדשא תעשיות מזון,IL,איולי פסטו עללחם 295,גרמים,295.00,100 גרם,false,1,16.90,5.73,true,1,
7290015858687,false,עללחם ממרח איולי שום 295 גרם,מדשא תעשיות מזון,IL,איולי שום עללחם 295,גרמים,295.00,100 גרם,false,1,16.90,5.73,true,1,
7290015858694,false,עללחם ממרח איולי שום לימון 295 גרם,,IL,איולי שום לימון עללח,גרמים,295.00,100 גרם,false,1,16.90,5.73,true,1,
7290015951227,false,"יין גמלא השמורה סירה 2021 750 מ""ל",יקבי רמת הגולן,IL,יין גמלא סירה 2019 7,Unknown,0.00,Unknown,false,1,70.90,70.90,true,1,
7290015979559,false,חסה ערבית,,,חסה ערבית,Unknown,0.00,Unknown,false,1,5.90,5.90,true,1,
7290015979665,false,חסה עגולה ארוזה,חקלאי,IL,חסה עגולה,Unknown,0.00,Unknown,false,1,5.90,5.90,true,1,
7290016006292,false,נקטר מנגו בננה מלון קרטונית 1 ל' ספרינג,יפאורה תבורי,IL,קרטונית נקטר ספרינג,מיליליטרים,1000.00,"100 מ""ל",false,1,6.90,0.69,true,1,
7290016006346,false,שישיית שרינק 500 מל שוופס סודה,יפאורה תבורי בעמ,IL,שישיית שוופס סודה 50,מיליליטרים,1500.00,"100 מ""ל",false,1,14.50,0.97,true,1,
7290016028560,false,נר 48 שעות בכוס זכוכ,,CN,נר 48 שעות בכוס זכוכ,Unknown,1.00,Unknown,false,1,4.50,4.50,true,1,
7290016076011,false,לבש ארמני 4 יח 330 גרם,מאפיית דוראל,IL,לבש ארמני 4 יח,גרמים,330.00,100 גרם,false,1,17.50,5.30,true,1,
7290016077759,false,רוטב ברביקיו קלאסי 480 גרם,היינץ Heinz,NL,רוטב ברביקיו קלאסי 4,גרמים,480.00,100 גרם,false,1,17.90,3.73,true,1,
7290016087147,false,רוטב עגבניות לפיצה מרגריטה 240 ג' פריניר,פריניר,IL,רוטב עגבניות מתובל ל,גרמים,240.00,100 גרם,false,1,5.80,2.42,true,1,
7290016087222,false,רוטב עגבניות מרוכז לשקשוקה פריניר 230 גר,פריניר ( הדס 1987) ב,IL,רוטב עגבניות מרוכז ל,גרמים,230.00,100 גרם,false,1,5.80,2.52,true,1,
7290016087499,false,עגבניות חתוכות מארז 400X3ג' אריזות ירושלים,,,עגבניה חתוך דק אריזת,Unknown,0.00,Unknown,false,1,12.50,12.50,true,1,
7290016136012,false,לחמניות סנדויץ 3 יח ללא גלוטן 250 גר,,IL,לחמניות סנדויץ 3 יח,גרמים,250.00,100 גרם,false,1,13.90,5.56,true,1,
7290016136746,false,איטריות מקלונים ללא גלוטן 340 גר גי פרי,,,איטריות בצורת מקלוני,גרמים,340.00,100 גרם,false,1,10.90,3.21,true,1,
7290016146004,false,קמח שקד קלוף 300 גר,אלמנדוס,IL,קמח שקד קלוף 300 גר,גרמים,300.00,100 גרם,false,1,24.90,8.30,true,1,
7290016146141,false,"סירופ מייפל טהור אורגני 250 מ""ל",אלמנדוס,IL,סירופ מייפל טהור אור,מיליליטרים,250.00,"100 מ""ל",false,1,29.90,11.96,true,1,
7290016146424,false,BIO שוקולד תבור 70% 100 גרם,,IL,BIO שוקולד תבור 70%,גרמים,100.00,100 גרם,false,1,16.70,16.70,true,1,
7290016146431,false,שוקולד תבור 72% 100 גרם,,IL,שוקולד תבור 72% 100,גרמים,100.00,100 גרם,false,1,16.70,16.70,true,1,
7290016146455,false,שוקולד תבור 100% 100 גרם BIO,,IL,שוקולד תבור 100% 10,גרמים,100.00,100 גרם,false,1,16.70,16.70,true,1,
7290016146462,false,BIO שוקולד תבור 88% 100 גרם,,IL,BIO שוקולד תבור 88%,גרמים,100.00,100 גרם,false,1,16.70,16.70,true,1,
7290016150117,false,סלק אדום מבושל 500 ג' בוואקום,חקלאי,IL,סלק בואקום 500 גר,Unknown,0.00,Unknown,false,1,6.90,6.90,true,1,
7290016150391,false,סלק ואקום 500 גרם,חקלאי,IL,סלק ואקום 500 גרם,Unknown,0.00,Unknown,false,1,7.90,7.90,true,1,
7290016162219,false,כדורי שוקולד קוקוס קפולסקי 280 גר',קפולסקי שיווק וקמעונ,IL,כדורי שוקולד פרווה 2,גרמים,250.00,100 גרם,false,1,29.90,11.96,true,1,
7290016162264,false,עוגת גבינה רנססנס 450 גר',קפולסקי שיווק וקמעונ,IL,עוגת גבינה רנסנס 450,גרמים,450.00,100 גרם,false,1,41.90,9.31,true,1,
7290016197488,false,מטליות מיקרופייבר למשטחים ניקול 3יח',UFO INC,CN,ניקול מטלית קסם לשיש,Unknown,0.00,Unknown,false,1,11.90,11.90,true,1,
7290016197495,false,ניקול זוג מטליות הקסם מיקרופייבר לרצפה,חוגלה קימברלי,CN,ניקול מטלית קסם לרצפ,Unknown,0.00,Unknown,false,1,22.90,22.90,true,1,
7290016197624,false,דיפנד - תחבושת לנשים סופר 8 יח',kimberly clark,,דיפנד תחבושות סופר 8,Unknown,0.00,Unknown,false,1,23.90,23.90,true,1,
7290016197839,false,ניקול השקית החזקה 20 יח' XL,אשפלסט תעשיות בעמ,IL,XL שקיות אשפה ניקול,Unknown,0.00,Unknown,false,1,24.50,24.50,true,1,
7290016197877,false,ניקול שקיות לפחי מטבח קטנים 60 יח' M,,,שקית לפחי אשפה קטנים,Unknown,0.00,Unknown,false,1,26.50,26.50,true,1,
7290016217735,false,חציל על האש סלטי שמי,"סלטי שמיר 2006 בע""מ",IL,חציל על אש 200 גר,גרמים,200.00,100 גרם,false,1,11.00,5.50,true,1,
7290016217742,false,חציל על אש בטחינה 200 גר,"סלטי שמיר 2006 בע""מ",IL,חציל על אש בטחינה 20,גרמים,200.00,100 גרם,false,1,11.00,5.50,true,1,
7290016217759,false,חצילים בסגנון מרוקאי,"סלטי שמיר 2006 בע""מ",IL,חציל מרוקאי 200 גר,גרמים,200.00,100 גרם,false,1,13.50,6.75,true,1,
7290016224948,false,סט מלח פלפל נירוסטה,,,סט מלח פלפל נירוסטה,Unknown,0.00,Unknown,false,1,128.00,128.00,true,1,
7290016233247,false,עגבניות מיובשות קצוצות עם זיתים ירוקים מתובלים,תומר,IL,עגב.מיובשות קצוצות ז,גרמים,250.00,100 גרם,false,1,11.70,4.68,true,1,
7290016233384,false,גפילטע פיש 7 קציצות 540 גרם תומר,דג טעים ירושלים,IL,גפילטע פיש 7 קציצות,גרמים,540.00,100 גרם,false,1,17.70,3.28,true,1,
7290016233575,false,פתיתי שיבולת שועל 600 גר גוד מורנינג,,,פתיתי שיבולת שועל 60,גרמים,600.00,100 גרם,false,1,7.50,1.25,true,1,
7290016233995,false,שימורי אנשובי עם שמן זית 45 ג' תומר,,IL,פילה אנשובי,גרמים,45.00,100 גרם,false,1,6.90,15.33,true,1,
7290016245318,false,לחם פשתן פרוס מזרעי פשתן טחונים 450 גר,,IL,לחם פשתן פרוס מזרעי,גרמים,450.00,100 גרם,false,1,25.90,5.76,true,1,
7290016246018,false,בארכה מיקס פינוקיות חלבה 10*20 גרם.,רושדי תעשיות מזון בע,IL,בארכה מיקס פינוקיות,גרמים,200.00,100 גרם,false,1,15.20,7.60,true,1,
7290016246025,false,בארכה מיקס פינוקיות חלווה ללא סוכר 10*20ג,רושדי תעשיות מזון בע,IL,בארכה פנוקיות חלבה ל,גרמים,200.00,100 גרם,false,1,15.20,7.60,true,1,
7290016246209,false,חטיף חלבה וניל 100 גרם בארכה,בארכה,,חטיף חלבה וניל 100 ג,גרמים,100.00,100 גרם,false,1,3.90,3.90,true,1,
7290016246445,false,טחינה גולמית מעודנת שמשום מלא בארכה 310ג',רושדי תעשיות מזון,IL,בארכה טחינה מעודנת ש,גרמים,310.00,100 גרם,false,1,12.50,4.03,true,1,
7290016246452,false,טחינה גולמית מעודנת לימון שום בארכה 310ג',רושדי תעשיות מזון,IL,בארכה טחינה מעודנת ל,גרמים,310.00,100 גרם,false,1,12.50,4.03,true,1,
7290016246711,false,בארכה - טחינה מתובלת גולמית מעודנת משומשום מלא אריסה 310 גרם,,IL,בארכה טחינה גולמית מ,גרמים,310.00,100 גרם,false,1,12.50,4.03,true,1,
7290016270877,false,פלפל ביס טינקלברג,חקלאי,IL,פלפלון ארוז,Unknown,0.00,Unknown,false,1,9.90,9.90,true,1,
7290016276169,false,טחינה אהרוני משומשום טבעי 500 גרם,אחווה,IL,טחינה אהרוני משומשו,גרמים,500.00,100 גרם,false,1,15.90,3.18,true,1,
7290016277630,false,צנובר 150 גרם ששון - קופסא,,,צנובר 150 גרם ששון -,גרמים,150.00,100 גרם,false,1,29.90,19.93,true,1,
7290016299021,false,"ARGANIA מרכך טיפולי חומצה היאלרונית וקרטין ללא SLS ללא פארבן ללא מלחים ללא רכיבים מן החי 450 מ""ל",,,מרכך שיער חומצה היאל,Unknown,0.00,Unknown,false,1,39.90,39.90,true,1,
7290016299069,false,"קרם ידיים אלוורה קמומיל ותה ירוק 100 מ""ל",,IL,קרם ידיים אלוורה קמו,מיליליטרים,100.00,"100 מ""ל",false,1,19.90,19.90,true,1,
7290016299076,false,"ARGANIA שמפו טיפולי חומצה היאלרונית וקרטין ללא SLS ללא פארבן ללא מלחים ללא רכיבים מן החי 450 מ""ל",,,שמפו חומצה היאלורוני,Unknown,0.00,Unknown,false,1,39.90,39.90,true,1,
7290016299083,false,קרם ידיים ח.שיאה שמן רימונים וחומצה היאל,,,קרם ידיים ח.שיאה שמן,מיליליטרים,100.00,"100 מ""ל",false,1,19.90,19.90,true,1,
7290016299090,false,קרם ידיים פרופוליס אובליפיכה וחומצה היאל,,IL,קרם ידיים פרופוליס א,מיליליטרים,100.00,"100 מ""ל",false,1,19.90,19.90,true,1,
7290016299106,false,קרם ידיים שמן ארגן וחומצה היאלרונית 100,,,קרם ידיים שמן ארגן ו,מיליליטרים,100.00,"100 מ""ל",false,1,19.90,19.90,true,1,
7290016299328,false,"קרם גוף שמן ארגן וחומצה היאלרונית 500 מ""",,IL,קרם גוף שמן ארגן וחו,ליטרים,0.50,ליטר,false,1,39.90,79.80,true,1,
7290016299380,false,קרם רגליים פרופוליס אובליפיכה וחומצה היא,,,קרם רגליים פרופוליס,מיליליטרים,100.00,"100 מ""ל",false,1,19.90,19.90,true,1,
7290016299410,false,שמפו חומצה היאלורונית וחמאת שיאה,,,שמפו חומצה היאלורוני,Unknown,0.00,Unknown,false,1,39.90,39.90,true,1,
7290016299618,false,"ARGANIA שמפו קיק ללא מלחים ,ללא SLS ,ללא פארבן 450 מ""ל",,,שמפו קיק,Unknown,0.00,Unknown,false,1,34.90,34.90,true,1,
7290016299663,false,"שמן קיק בכבישה קרה ארגניה 100 מ""ל",,IL,שמן קיק בכבישה קרה א,מיליליטרים,100.00,"100 מ""ל",false,1,19.90,19.90,true,1,
7290016299984,false,"ARGANIA שמפו סרפד ועץ התה לטיפול נגד קשקשים 450 מ""ל",,,שמפו סרפד ועץ התה,Unknown,0.00,Unknown,false,1,49.90,49.90,true,1,
7290016304404,false,לחם קוביות 100% כוסמין 600 גרם,מאפיית דוידוביץ ובני,IL,לחם קוביות 100% כוסמ,גרמים,600.00,100 גרם,false,1,14.90,2.48,true,1,
7290016304596,false,לחמניות לסנדביץ 75 גרם,מאפית דוידוביץ ובניו,IL,לחמניות לסנדביץ 75 ג,גרמים,75.00,100 גרם,false,1,12.90,17.20,true,1,
7290016319309,false,סבון נוזלי מאסק קלאסי+משאבה פמלי 1 ל,הנסיך- מפעל לייצור ט,TR,סבון נוזלי מאסק קלאס,מיליליטרים,1000.00,"100 מ""ל",false,1,13.90,1.39,true,1,
7290016321678,false,מגבונים לחים בניחוח מרענן עם תמציות קמומיל ואלוורה,עלבד משואות יצחק,IL,מגבונים פרש וואנס נט,Unknown,0.00,Unknown,false,1,15.90,15.90,true,1,
7290016321890,false,פ.ו נייר טואלט מתכלה מבוגרים 40יח- שלישייה,עלבד משואות יצחק בעמ,IL,נייר טואלט פרש וואנס,Unknown,0.00,Unknown,false,1,16.70,16.70,true,1,
7290016329278,false,רביעייה מגבוני קמיל בלו 64 יח',"ד""ר פישר Dr fischer",IL,מגבונים קמיל בלו רבי,Unknown,0.00,Unknown,false,1,19.90,19.90,true,1,
7290016334616,false,בצל ירוק ארוז,רקנאטי,IL,בצל ירוק,Unknown,0.00,Unknown,false,1,3.90,3.90,true,1,
7290016370973,false,פלפל קלוי גמביה בצנצנת 580 ג' ‏יבנה,קבוצת יבנה,GR,פלפל קלוי גמביה בצנצ,גרמים,580.00,100 גרם,false,1,10.90,1.88,true,1,
7290016372397,false,"תה ויסוצקי ירוק תפוז,ג'ינגר וכורכום 25 יח'",ויסוצקי ירוק,IL,תה ירוק תפוז גינגר ו,Unknown,0.00,Unknown,false,1,24.90,24.90,true,1,
7290016372458,false,חליטת צמחים לימונית ולואיזה הגן הקסום,ויסוצקי,IL,חליטת לימונית לואיזה,Unknown,0.00,Unknown,false,1,35.90,35.90,true,1,
7290016372489,false,ויסוצקי חליטת ג'ינג'ר ולימון סודות הצמחים 25 שקיקים,HIQ FOOD PRODUCTS,IL,סודות הצמחים גינגר ו,Unknown,0.00,Unknown,false,1,21.90,21.90,true,1,
7290016381443,false,סילאן לחיץ טבעי כרם 350 גר,,,סילאן לחיץ טבעי כרם,גרמים,350.00,100 גרם,false,1,15.50,4.43,true,1,
7290016381825,false,משמש מיובש כרם 330 גרם,,,משמש מיובש כרם 330 ג,גרמים,330.00,100 גרם,false,1,19.90,6.03,true,1,
7290016384369,false,כלי להגשת שתיה כולל,,,כלי להגשת שתיה כולל,Unknown,0.00,Unknown,false,1,74.90,74.90,true,1,
7290016384376,false,ALEX LYDDI כלי להגשת,,,ALEX LYDDI כלי להגשת,Unknown,0.00,Unknown,false,1,31.90,31.90,true,1,
7290016385762,false,טריטן Fruit Infuser,,,טריטן Fruit Infuser,Unknown,0.00,Unknown,false,1,49.90,49.90,true,1,
7290016395594,false,"קרם אקנה ביוסל 30 מ""ל",,,"קרם אקנה ביוסל 30 מ""",מיליליטרים,30.00,"100 מ""ל",false,1,49.90,166.33,true,1,
7290016417012,false,ויטמין C ליפוזומאלי בספיגה גבוהה בטעם תפוז,אקוסאפ ecosupp,,ויטמין C ליפוזומלי 2,Unknown,0.00,Unknown,false,1,199.90,199.90,true,1,
7290016417036,false,חומצה פולית טבעית BI,,,חומצה פולית טבעית BI,Unknown,0.00,Unknown,false,1,119.90,119.90,true,1,
7290016417081,false,IRON MAX ברזל בתוספת ויטמין C,אקוסאפ ecosupp,,ברזל עדין למבוגרים 6,Unknown,0.00,Unknown,false,1,119.90,119.90,true,1,
7290016437621,false,"תחתוני חיתולים פרידום דריי מידה 4 9-11 ק""ג",קימברלי קלארק צ'כיה,CZ,האגיס פרידום דריי PA,Unknown,0.00,Unknown,false,1,44.90,44.90,true,1,
7290016437645,false,תחתוני חיתולים האגיס פרידום דריי (5),קימברלי קלארק צ'כיה,CZ,האגיס פרידום דריי PA,Unknown,0.00,Unknown,false,1,44.90,44.90,true,1,
7290016437652,false,תחתוני חיתולים האגיס פרידום דריי (6),קימברלי קלארק צ'כיה,CZ,האגיס פרידום דריי PA,Unknown,0.00,Unknown,false,1,44.90,44.90,true,1,
7290016448399,false,"אפונה ירוקה בצנצנת 720 מ""ל",,,אפונה ירוקה בצנצנת 7,מיליליטרים,720.00,"100 מ""ל",false,1,9.90,1.38,true,1,
7290016448832,false,"קפה קר NO.1 בטעם אספרסו 250 מ""ל",,VN,קפה קר בטעם אספרסו,גרמים,250.00,100 גרם,false,1,6.90,2.76,true,1,
7290016448856,false,"קפה קר בטעם טירמיסו 250 מ""ל",,VN,קפה קר בטעם טירמיסו,גרמים,250.00,100 גרם,false,1,6.90,2.76,true,1,
7290016448870,false,ש.דג ריגה שפרוטים 15,סבי אי.אם.אס,LV,שפרוטים 150 גרם,גרמים,150.00,100 גרם,false,1,6.90,4.60,true,1,
7290016448887,false,שפרוטים שקוף גדולים,גמה,LV,שפרוטים 240 גרם,גרמים,240.00,100 גרם,false,1,9.40,3.92,true,1,
7290016505009,false,שוקולד פנדה קרם בוטנים טבעוני 100 גרם,"מדשא תעשיות מזון בע""",IL,שוקולד פנדה קרם בוטנ,גרמים,100.00,100 גרם,false,1,20.80,20.80,true,1,
7290016505061,false,שוקולד פנדה לבן עוגיות טבעוני 100 גרם,,,שוקולד פנדה לבן עוגי,גרמים,100.00,100 גרם,false,1,20.80,20.80,true,1,
7290016505108,false,פנדה מריר במילוי קפה 100 גרם,,,פנדה מריר במילוי קפה,גרמים,100.00,100 גרם,false,1,20.80,20.80,true,1,
7290016509342,false,סוד שלישייה סבון לאסל כחול אקטיבי אקנומיקה,הנקל סוד,RS,סבון לאסלה כחול אקטי,Unknown,0.00,Unknown,false,1,26.50,26.50,true,1,
7290016509816,false,פרסיל גל 4 ליטר קולו,הנקל סוד,IL,פרסיל גל קולור 4 ל,ליטרים,0.00,ליטר,false,1,44.90,44.90,true,1,
7290016509830,false,ג'ל כביסה לבגדי תינוקות ובעלי עור רגיש Sensitive,פרסיל Persil,IL,גל פרסיל בייבי 2.5 ל,ליטרים,0.00,ליטר,false,1,34.90,34.90,true,1,
7290016509847,false,ג'ל כביסה לבגדים שחורים וכהים,פרסיל Persil,IL,גל כביסה פרסיל בלאק,ליטרים,0.00,ליטר,false,1,34.90,34.90,true,1,
7290016510096,false,"שמפו הוואי מי קוקוס 700 מ""ל",,,שמפו הוואי מי קוקוס,מיליליטרים,700.00,"100 מ""ל",false,1,8.90,1.27,true,1,
7290016510331,false,"הוואי אל סבון לילדים בנות 700 מ""ל",דגיל,IL,אל סבון הוואי לילדים,מיליליטרים,700.00,"100 מ""ל",false,1,13.90,1.99,true,1,
7290016510348,false,"הוואי אל סבון לילדים בנים 700 מ""ל",,,אל סבון הוואי לילדים,מיליליטרים,700.00,"100 מ""ל",false,1,13.90,1.99,true,1,
7290016513028,false,אננס קפוא 250 גר,,,אננס קפוא 250 גר,גרמים,250.00,100 גרם,false,1,13.90,5.56,true,1,
7290016513233,false,אוכמניות אדומות 250 גר,,,אוכמניות אדומות 250,גרמים,250.00,100 גרם,false,1,16.70,6.68,true,1,
7290016513240,false,אוכמניות כחולות 250 גר,,,אוכמניות כחולות 250,גרמים,250.00,100 גרם,false,1,16.70,6.68,true,1,
7290016513257,false,פטל שחור 250 גר,,,פטל שחור 250 גר,גרמים,250.00,100 גרם,false,1,16.90,6.76,true,1,
7290016513264,false,חמוציות בר 250 גר,,,חמוציות בר 250 גר,גרמים,250.00,100 גרם,false,1,17.70,7.08,true,1,
7290016513288,false,פטל אדום 250 גר,,,פטל אדום 250 גר,גרמים,250.00,100 גרם,false,1,21.90,8.76,true,1,
7290016513301,false,דומדומית שחורה 250 גר,,,דומדומית שחורה 250 ג,גרמים,250.00,100 גרם,false,1,11.40,4.56,true,1,
7290016513318,false,אוכמניות שחורות 250 גר,,,אוכמניות שחורות 250,גרמים,250.00,100 גרם,false,1,17.70,7.08,true,1,
7290016513325,false,דובדבן 250 גר,,,דובדבן 250 גר,גרמים,250.00,100 גרם,false,1,11.40,4.56,true,1,
7290016513332,false,מיקס פירות 250 גר,,,מיקס פירות 250 גר,גרמים,250.00,100 גרם,false,1,11.40,4.56,true,1,
7290016522112,false,פטל אדום עלים אורגני 50 גרם,,IL,פטל אדום עלים אורגני,גרמים,50.00,100 גרם,false,1,19.90,39.80,true,1,
7290016523188,false,"סטימר לאידוי עץ ""10",,,"סטימר לאידוי עץ ""10",Unknown,0.00,Unknown,false,1,41.90,41.90,true,1,
7290016574272,false,ממרח אריסה 180 גרם מ,,IL,ממרח אריסה 180 גר,גרמים,180.00,100 גרם,false,1,20.90,11.61,true,1,
7290016594003,false,ממרח מסיבת אגוזים 300 גרם,,IL,ממרח מסיבת אגוזים 30,גרמים,300.00,100 גרם,false,1,29.90,9.97,true,1,
7290016594027,false,שליז חמאת אגוזי נמר אגוזי לוז ושקדים 300,,,שליז חמאת אגוזי נמר,גרמים,300.00,100 גרם,false,1,29.90,9.97,true,1,
7290016594140,false,"מחית אורגנית תפו""ע אגסים וברוקולי 120 גר",ביו אטליה,IT,"מחית אורגנית תפו""ע א",גרמים,120.00,100 גרם,false,1,6.20,5.17,true,1,
7290016646115,false,"היילה חלווה עם פיסטוק ללת""ס 400 גרם",,אתיופיה,היילה חלווה עם פיסטו,גרמים,400.00,100 גרם,false,1,29.90,7.48,true,1,
7290016667097,false,חטיף ציפס טורטיה מלוח 250 גרם,,BE,חטיף ציפס טורטיה מלו,גרמים,250.00,100 גרם,false,1,10.90,4.36,true,1,
7290016669862,false,סבון שמנים לוליס אורגני שלישיה 125גרם,,,סבון שמנים לוליס אור,גרמים,450.00,100 גרם,false,1,41.90,9.31,true,1,
7290016682038,false,"מיץ תפוזים סחוט 100% טבעי. מפוסטר, מקורר",פרי ניב,IL,מיץ תפוזים פריניב 40,מיליליטרים,400.00,"100 מ""ל",false,1,9.90,2.48,true,1,
7290016682052,false,"משקה קל לימונענע. מפוסטר, מקורר",פרי ניב,IL,מיץ לימונענע פריניב,מיליליטרים,400.00,"100 מ""ל",false,1,9.90,2.48,true,1,
7290016682168,false,"פריניב מיץ תפוזים ולנסיה סחוט 100% 400 מ""ל",פרי ניב,IL,מיץ תפוזים ולנסיה פר,מיליליטרים,400.00,"100 מ""ל",false,1,10.50,2.63,true,1,
7290016682182,false,פריניב שייק תמר בננה מופחת סוכר 1 ליטר,פריניב בעמ,IL,שייק תמר בננה מופחת,מיליליטרים,1000.00,"100 מ""ל",false,1,18.90,1.89,true,1,
7290016682199,false,פריניב שייק תות בננה מופחת סוכר 1 ליטר,פריניב בעמ,IL,שייק תות בננה מופחת,מיליליטרים,1000.00,"100 מ""ל",false,1,18.90,1.89,true,1,
7290016682243,false,פריניב אשכולית אדומה סחוט 100% 1 ליטר,פריניב,IL,מיץ אשכולית אדומה 1,מיליליטרים,1000.00,"100 מ""ל",false,1,18.90,1.89,true,1,
7290016682335,false,מיץ תפוזים פרי ניב 2 ליטר -,פריניב,IL,סחוט טרי תפוזים 2 לי,ליטרים,0.00,ליטר,false,1,19.90,19.90,true,1,
7290016682342,false,מיץ תפוזים וולנסיה פרי ניב 2 ליטר-,פרי ניב,IL,מיץ תפוז וולנסיה 100,ליטרים,0.00,ליטר,false,1,26.90,26.90,true,1,
7290016682359,false,מיץ תפוזים שמוטי פרי ניב 2 ליטר-,פרי ניב,IL,מיץ תפוז שמוטי 100%,ליטרים,0.00,ליטר,false,1,26.90,26.90,true,1,
7290016682366,false,מיץ תפוח צלול פרי ניב 2 ליטר-,פריניב,IL,סחוט טרי תפוח צלול 2,ליטרים,0.00,ליטר,false,1,19.90,19.90,true,1,
7290016682373,false,משקה קל לימונדה בלאדי 2 ליטר פריניב,פריניב,IL,נקטר לימונדה בלדי 2,ליטרים,0.00,ליטר,false,1,25.90,25.90,true,1,
7290016682380,false,מיץ טבעי לימונדה ולואיזה פרי ניב 2 ליטר-,פריניב,IL,מיץ לימונדה לואיזה פ,ליטרים,0.00,ליטר,false,1,19.90,19.90,true,1,
7290016682397,false,מיץ חמוציות פרי ניב 2 ליטר-,פריניב,IL,מיץ חמוציות 2 ליטר,ליטרים,0.00,ליטר,false,1,25.90,25.90,true,1,
7290016692587,false,מרכך כביסה ירוק 1 ליטר,,,מרכך כביסה ירוק 1 לי,מיליליטרים,1000.00,"100 מ""ל",false,1,27.90,2.79,true,1,
7290016717099,false,"יין כרמל סלקטד אדום חצי יבש, 750 מ""ל",יקבי כרמל Carmel Winery,IL,יין אדום חצי יבש 750,Unknown,0.00,Unknown,false,1,29.90,29.90,true,1,
7290016717167,false,"יין 2 ווטאס לבן יקבי כרמל 750 מ""ל",,IL,יין 2 ווטאס לבן יקבי,Unknown,0.00,Unknown,false,1,59.90,59.90,true,1,
7290016717174,false,"יין 2 ווטאס רוזה יקבי כרמל 750 מ""ל",,,יין 2 ווטאס רוזה יק,Unknown,0.00,Unknown,false,1,59.90,59.90,true,1,
7290016717631,false,יין מוסקטו בעל חוזק אלכוהול נמוך פרייבט קולקשן,אגודת הכורמים הקואופ,IL,יין מוסקטו P.C לבן מ,Unknown,0.00,Unknown,false,1,37.90,37.90,true,1,
7290016717754,false,"יין ישן נושן יקבי כרמל 750 מ""ל ^^^",אגודת הכורמים הקואופ,IL,יין ישן נושן אדום,Unknown,0.00,Unknown,false,1,20.90,20.90,true,1,
7290016717976,false,"יין BUZZ ספארקלינג אפרסק 750 מ""ל",יקבי כרמל,IL,יין BUZZ ספארקלינג,Unknown,0.00,Unknown,false,1,28.90,28.90,true,1,
7290016757101,false,מגש אינגליש פרינסס,,,מגש אינגליש 35 פרינס,קילוגרמים,0.00,"ק""ג",false,1,34.90,34.90,true,1,
7290016757118,false,פלטה אובאלית 22 פרינסס,,,פלטה אובאלית 22 פרינ,קילוגרמים,0.00,"ק""ג",false,1,19.90,19.90,true,1,
7290016865943,false,אטריות ביצים פטוציני אוריינט 400 גרם,פ.פ.ח טאביט,PL,אטריות ביצים פטוציני,גרמים,400.00,100 גרם,false,1,13.90,3.48,true,1,
7290016866643,false,משחת שיניים פרודונטקס אקסטרה פרש,פרודונטקס Parodontax,SK,משחת שיניים פרודנטקס,Unknown,0.00,Unknown,false,1,29.90,29.90,true,1,
7290016866650,false,"פרודונטקס - משחת שיניים אוריג'ינל 75 מ""ל",פרודונטקס Parodontax,SK,משחת שיניים פרודנטקס,Unknown,0.00,Unknown,false,1,29.90,29.90,true,1,
7290016866667,false,"פרודונטקס - משחת שיניים ללא פלאוריד 75 מ""ל",פרודונטקס Parodontax,SK,משחת שיניים פרודונטק,Unknown,0.00,Unknown,false,1,29.90,29.90,true,1,
7290016866704,false,"סטייל - שמפו קרטין וויטמין אי 750 מ""ל",סטייל Style,IL,שמפו קרטין E סטייל 7,מיליליטרים,750.00,"100 מ""ל",false,1,29.90,3.99,true,1,
7290016867152,false,פיתות קלות כוסמין 5 יחידות 330 גר,המאפה של דר מרק בריא,IL,פיתות קלות כוסמין 5,גרמים,330.00,100 גרם,false,1,14.90,4.52,true,1,
7290016995053,false,קמח טפיוקה 500 גרם,,,קמח טפיוקה 500 גרם,גרמים,500.00,100 גרם,false,1,9.90,1.98,true,1,
7290016995220,false,דבש אורגני מפרחי בר 500 גרם,,AR,דבש אורגני מפרחי בר,גרמים,500.00,100 גרם,false,1,43.90,8.78,true,1,
7290016995329,false,מלחיה הימליה גס תבוא,תבואות,PK,מלח הימלאיה גס 250 ג,גרמים,250.00,100 גרם,false,1,9.90,3.96,true,1,
7290016995398,false,חומץ תפוחים אורגני 1 ליטר,תבואות,ES,חומץ תפוחים אורגני 1,מיליליטרים,1000.00,"100 מ""ל",false,1,21.90,2.19,true,1,
7290016995404,false,חומץ תפוחים מסונן אורגני 1 ליטר,,,חומץ תפוחים מסונן א,מיליליטרים,1000.00,"100 מ""ל",false,1,21.90,2.19,true,1,
7290016995480,false,ניוקי כוסמין מלא אורגני 500 גרם,,IL,ניוקי כוסמין מלא אור,גרמים,500.00,100 גרם,false,1,19.90,3.98,true,1,
7290016995695,false,ציה לבנה אורגנית 300 גרם,תבואות,IT,ציה לבנה אורגנית 300,גרמים,300.00,100 גרם,false,1,21.90,7.30,true,1,
7290016995701,false,מחית בננה תפוח אורגני 100 גרם,תבואות מוצרי מזון או,IT,מחית בננה תפוח אורגנ,גרמים,100.00,100 גרם,false,1,4.90,4.90,true,1,
7290016995725,false,מחית מנגו תפוח אפרסק אורגני 100 גרם,,,מחית מנגו תפוח אפרסק,גרמים,100.00,100 גרם,false,1,4.90,4.90,true,1,
7290016995787,false,"קמח שיפון מלא מנופה 1 ק""ג",תבואות,IL,קמח שיפון מלא מנופה,גרמים,1000.00,100 גרם,false,1,11.90,1.19,true,1,
7290016995985,false,אבקת פסיליום אורגני 300 גרם,,,אבקת פסיליום אורגני,גרמים,300.00,100 גרם,false,1,39.90,13.30,true,1,
7290017023212,false,"שוויפס מוגז פירות תפוח מארז רביעייה* 330 מ""ל",יפאורה תבורי,IL,רביעיית שוופס מוגז פ,מיליליטרים,1320.00,"100 מ""ל",false,1,16.70,1.27,true,1,
7290017023236,false,רביעיית פחיות שוופס מוגז פירות ענבים 330 מל.,יפאורה תבורי,IL,רביעיית שוופס מוגז פ,מיליליטרים,1320.00,"100 מ""ל",false,1,16.70,1.27,true,1,
7290017023663,false,"שוופס מיץ פירות לימונייד פחית מארז 330X4מ""ל",יפאורה תבורי,IL,רביעיית שוופס מוגז ל,מיליליטרים,1320.00,"100 מ""ל",false,1,16.70,1.27,true,1,
7290017023854,false,מי סודה בקבוקים אישיים - מארז 4 יח',יפאורה תבורי בעמ,IL,"שוופס סודה 250 מ""ל ר",מיליליטרים,1000.00,"100 מ""ל",false,1,14.90,1.49,true,1,
7290017031255,false,חטיף דגנים ואורז עם פירות יבשים בוטנים ושקדים ללא גלוטן 140 ג',אמקו,CZ,חטיף דגנים ואורז עם,גרמים,140.00,100 גרם,false,1,12.90,9.21,true,1,
7290017031705,false,"סנסודיין - משחת שיניים קלין&פרש 75 מ""ל",גלקסוסמיתקליין,GB,משחת שיניים סנסודיין,Unknown,0.00,Unknown,false,1,21.90,21.90,true,1,
7290017058016,false,אנשובי בצנצנת עם צלפים 100 גרם,,IL,אנשובי בצנצנת עם צלפ,גרמים,100.00,100 גרם,false,1,11.60,11.60,true,1,
7290017058092,false,שיבולת שועל שלמה 600 גר גוד מורנינג,,,שיבולת שועל שלמה 600,גרמים,600.00,100 גרם,false,1,7.90,1.32,true,1,
7290017058146,false,רסק תפוח עץ עם אפרסק 452 גר,תומר,,רסק תפוח עץ עם אפרסק,גרמים,452.00,100 גרם,false,1,12.90,2.85,true,1,
7290017058177,false,אנשובי בצנצנת עם צילי חריף 100 גרם,,IL,אנשובי בצנצנת עם ציל,גרמים,100.00,100 גרם,false,1,12.50,12.50,true,1,
7290017058535,false,ממרח זיתי קלמטה יווני,תומר,,ממרח זיתי קלמטה 200,גרמים,200.00,100 גרם,false,1,13.90,6.95,true,1,
7290017058573,false,תומר פרוסות פלפל חלפיניו בחומץ 340 גרם,אינדיה אגרו אקספורט,IN,פרוסות פלפל חלפיניו,גרמים,340.00,100 גרם,false,1,9.90,2.91,true,1,
7290017058795,false,תירס גמדי שלם במי מלח בצנצנת 340 גרם,אינדיה אגרו אקספורט,IN,תירס גמדי שלם במי מל,גרמים,340.00,100 גרם,false,1,7.90,2.32,true,1,
7290017058856,false,זיתי קלמטה מגולענים במי מלח בצנצנת,,GR,זית קלמטה מגולען 355,גרמים,355.00,100 גרם,false,1,15.90,4.48,true,1,
7290017062679,false,מרכך כביסה מרוכז צהוב 1 5 Xל טאצ,,,מרכך כביסה מרוכז צהו,Unknown,0.00,Unknown,false,12,11.90,11.90,true,1,
7290017062693,false,מרכך כביסה מרוכז לבן 1*5 ליטר טאצ,סאסאטק,IL,מרכך כביסה מרוכז לבן,Unknown,0.00,Unknown,false,12,11.90,11.90,true,1,
7290017062723,false,מרכך כביסה מרוכז ירוק 1*5 ליטר טאצ,סאסאטק,IL,מרכך כביסה מרוכז ירו,Unknown,0.00,Unknown,false,12,11.90,11.90,true,1,
7290017062730,false,"נ.כלים 36% לבנדר טאצ' +משאבה 750 מ""ל",,,נוזל כלים לבנדר 36%,Unknown,0.00,Unknown,false,1,9.90,9.90,true,1,
7290017065007,false,פרוסות גבינה מוצרלה חצי קשה 22% שומן 200 ג' גד,מחלבות גד בעמ,IL,פרוסות מוצרלה גד 200,גרמים,200.00,100 גרם,false,1,19.80,9.90,true,1,
7290017065137,false,ריקוטה למריחה 5% טבעית 200 גרם - רובין,האי נאם סי או אל.טי.,IL,ריקוטה למריחה 5% טבע,גרמים,200.00,100 גרם,false,1,10.00,5.00,true,1,
7290017065144,false,גבינת ריקוטה למריחה 5% בזיליקום 200ג' גד,האי נאם סי או אל.טי.,IL,ריקוטה למריחה 5% בזי,גרמים,200.00,100 גרם,false,1,10.00,5.00,true,1,
7290017065168,false,גבינה כחלוה 100 גרם בית יוסף,מחלבות גד,DK,גבינה כחולה 100 גר,גרמים,100.00,100 גרם,false,1,18.80,18.80,true,1,
7290017065212,false,גבינת קרם מסקרפונה מחלבות גד 250 גר,מיוצר עי קוד יצרן ED,IL,קרם מסקרפונה 250 גר,גרמים,250.00,100 גרם,false,1,21.10,8.44,true,1,
7290017065236,false,גבינה בולגרית מעודנת 24% גד 250 ג',הנסיך- מפעל לייצור ט,IL,גבינה בולגרית מעודנת,גרמים,250.00,100 גרם,false,1,25.30,10.12,true,1,
7290017065311,false,פרוסות גבינה מוצרלה מעושנת 200 ג',מחלבות גד בעמ,IL,פרוסות מוצרלה מעושנת,גרמים,200.00,100 גרם,false,1,18.50,9.25,true,1,
7290017065380,false,גבינת גרנה פדנו שבבים 29%,מחלבות גד,IT,שבבי גרנה פדנו 100 ג,גרמים,100.00,100 גרם,false,1,13.90,13.90,true,1,
7290017065434,false,פרוסות גבינה גאודה הולנדית חצי קשה 200 גרם בית יוסף,מחלבות גד בעמ,IL,פרוסות גאודה בקר 200,גרמים,200.00,100 גרם,false,1,20.90,10.45,true,1,
7290017065441,false,גבינה גאודה עיזים פרוסה הולנדית 200 גר',מחלבות גד,IL,פרוסות גאודה עיזים 2,גרמים,200.00,100 גרם,false,1,31.00,15.50,true,1,
7290017065526,false,קוואטרו פורמאג'י 4 גבינות מגוררות 26%,מחלבות גד בעמ,IL,גבינה קוואטרו פורמאג,גרמים,300.00,100 גרם,false,1,30.80,10.27,true,1,
7290017065588,false,יוגורט יווני 10% שומן 600 ג' גד,"מיוצר ע""י קוד יצרן M",IL,יוגורט יווני 10% 600,גרמים,600.00,100 גרם,false,1,17.00,2.83,true,1,
7290017065618,false,גבינת פקורינו פרוס מחלב כבשים,הנסיך- מפעל לייצור ט,ES,פקורינו פרוס 150 גר,גרמים,150.00,100 גרם,false,1,23.50,15.67,true,1,
7290017065649,false,קרם פטיסייר מחלבות ג,מיוצר עי קוד יצרן ED,IL,קרם פטיסייר 250 גר,גרמים,250.00,100 גרם,false,1,19.50,7.80,true,1,
7290017065663,false,פטה עיזים מעודנת 16% 250 גרם,ג'נרל מילס סאן אדריא,IL,פטה עיזים מעודנת 16%,גרמים,250.00,100 גרם,false,1,31.80,12.72,true,1,
7290017065731,false,גבינת שמנת 30% ניו יורק +כמהין 200 גרם רבנות,פ.פ.ח. שאביט,IL,גבינת שמנת עם כמהין,גרמים,200.00,100 גרם,false,1,14.10,7.05,true,1,
7290017065786,false,גבינת צ'דר אנגלית גד 210 ג',מחלבות גד,IL,צדר 210 גרם,גרמים,210.00,100 גרם,false,1,22.90,10.90,true,1,
7290017065878,false,מק אנד צ'יז רוטב לפסטה 200 גרם גד,מחלבות גד,IL,רוטב מק אנד ציז 200,גרמים,200.00,100 גרם,false,1,15.50,7.75,true,1,
7290017088082,false,בייביסיטר - חיתולי סטנדרט מידה 5 - 36 יח',בייביסיטר Babysitter,IL,חיתולי בייביסיטר סטנ,Unknown,0.00,Unknown,false,1,37.90,37.90,true,1,
7290017088099,false,בייביסיטר - חיתולי סטנדרט מידה 6 - 30 יח',בייביסיטר Babysitter,IL,חיתולי בייביסיטר סטנ,Unknown,0.00,Unknown,false,1,37.90,37.90,true,1,
7290017088327,false,מגבוני בייביסיטר extra soft ללא בישום 4*64 יח',DPL,IL,מגבוני בייביסיטר ext,יחידה,1.00,יחידה,false,1,16.90,16.90,true,1,
7290017105048,false,שלישייה שימורי טבעות זיתים יכין 200 גר,,IL,שלישייה שימורי טבעות,גרמים,200.00,100 גרם,false,1,15.90,7.95,true,1,
7290017105062,false,גרגירי חומוס שלם יכין הקטניה הטובה 200 ג,היינץ צפון אמריקה מק,IL,גרגירי חומוס שלם יכי,גרמים,200.00,100 גרם,false,1,4.50,2.25,true,1,
7290017105079,false,שעועית ברוטב עגבניות 200 גרם יכין,היינץ צפון אמריקה מק,IL,שימורי יכין שעועית א,גרמים,200.00,100 גרם,false,1,4.50,2.25,true,1,
7290017105086,false,שימורי יכין שעועית צילי 200 גר,"זנלכל בע""מ",IL,שימורי יכין שעועית צ,גרמים,200.00,100 גרם,false,1,4.50,2.25,true,1,
7290017105123,false,שימורי פול יכין הקטניה הטובה 200 גר,היינץ צפון אמריקה מק,IL,שימורי פול יכין הקטנ,גרמים,200.00,100 גרם,false,1,4.50,2.25,true,1,
7290017105468,false,מארז שלישייה אפונה קטנה יכין 3*200 גר,קשקמט קונסרב הונגריה,IL,מארז שלישייה אפונה ק,גרמים,600.00,100 גרם,false,1,14.90,2.48,true,1,
7290017105550,false,רביעיית רסק עגבניות 100% יכין 4X100 גרם,היינץ צפון אמריקה מק,IL,מאגדת רסק 100% עגבני,גרמים,400.00,100 גרם,false,1,11.80,2.95,true,1,
7290017105697,false,"מיץ לימון יכין 100% טבעי 250 מ""ל",זנלכל,ES,מיץ לימון יכין 100%,מיליליטרים,250.00,"100 מ""ל",false,1,6.90,2.76,true,1,
7290017105895,false,גרגרי חומוס להכנת חומוס 550 גרם יכין,זנלכל,IL,גרגירי חומוס מסעדות,Unknown,550.00,Unknown,false,1,8.90,0.02,true,1,
7290017106069,false,קוביות סלק יכין 550 גרם,היינץ צפון אמריקה מק,IL,קוביות סלק יכין 550,גרמים,550.00,100 גרם,false,1,9.90,1.80,true,1,
7290017121093,false,אריסה חריפה עללחם 250 גרם,"מדשא תעשיות מזון בע""",IL,מצונן אריסה חריפה,גרמים,250.00,100 גרם,false,1,17.70,7.08,true,1,
7290017140056,false,קמח חומוס ללא גלוטן 500 גרם,אופק מן הטבע,IL,קמח חומוס 500 גרם,גרמים,500.00,100 גרם,false,1,15.90,3.18,true,1,
7290017140308,false,קמח שקדים שי של הטבע,אופק מן הטבע,IL,קמח שקדים 250 גר,גרמים,250.00,100 גרם,false,1,24.90,9.96,true,1,
7290017142029,false,שמן קוקוס אורגני כתית1 ליטר עץ הזית,עץ הזית,,שמן קוקוס אורגני כתי,מיליליטרים,1000.00,"100 מ""ל",false,1,69.90,6.99,true,1,
7290017142128,false,"שמן זית כתית מעולה קלאסי עץ הזית 750 מ""ל",שמן תעשיות,IL,שמן זית כתית מעולה ק,מיליליטרים,750.00,"100 מ""ל",false,1,29.90,3.99,true,1,
7290017142159,false,מארז נתחי טונה בהירה בשמן זית 3*80 ג' עץ הזית,הנסיך- מפעל לייצור ט,TH,שלישיה טונה בשמן זית,גרמים,240.00,100 גרם,false,1,20.90,8.71,true,1,
7290017142166,false,פילה טונה פרוס עם שמן זית עץ הזית 120 גר,"יוניקורד ח.צ בע""מ",TH,פילה טונה פרוס עם שמ,גרמים,120.00,100 גרם,false,1,15.60,13.00,true,1,
7290017142180,false,פילה פרוס ושמן זית בנגיעות טעם לימון ופלפל שחור,"יוניקורד ח.צ בע""מ",IL,פילה טונה פרוס בשמן,גרמים,120.00,100 גרם,false,1,15.60,13.00,true,1,
7290017142203,false,פילה טונה בשמן זית בטעם מעושן עץ המוצר 120 ג',"יוניקורד ח.צ בע""מ",IL,פילה טונה פרוס בשמן,גרמים,120.00,100 גרם,false,1,15.60,13.00,true,1,
7290017142234,false,פתיתי טונה בשמן זית טעם מעושן טו גו 85 ג,שמן תעשיות,TH,פתיתי טונה בשמן זית,גרמים,85.00,100 גרם,false,1,9.90,11.65,true,1,
7290017142289,false,"תרסיס שמן חמניות לל""ת גז עץ הזית 200מ""ל",שמן תעשיות,IL,תרסיס שמן חמניות מזו,מיליליטרים,200.00,"100 מ""ל",false,1,15.90,7.95,true,1,
7290017142364,false,"שמן דלעת לא מזוכך עץ הזית 250 מ""ל",עץ השדה,SI,שמן דלעת לא מזוכך עץ,מיליליטרים,250.00,"100 מ""ל",false,1,41.90,16.76,true,1,
7290017142371,false,"שמן שומשום עץ הזית 250 מ""ל",גאה די. או. או.,SI,שמן שומשום עץ הזית 2,מיליליטרים,250.00,"100 מ""ל",false,1,31.50,12.60,true,1,
7290017142388,false,שמן חמניות אומגה 3 פלוס 1 ליטר עץ הזית,שמן תעשיות,IL,שמן חמניות פלוס אומג,ליטרים,0.00,ליטר,false,1,14.90,14.90,true,1,
7290017142395,false,טונה עם פסטה בשמן זית 160 גרם עץ הזית,,TH,טונה עם פסטה בשמן זי,גרמים,160.00,100 גרם,false,1,13.50,8.44,true,1,
7290017142401,false,קינואה לבנה ואדומה עם טונה בשמן זית 160 גרם,ג'נרל מילס סאן אדריא,TH,טונה עם קינואה לבנה/,גרמים,160.00,100 גרם,false,1,13.50,8.44,true,1,
7290017142456,false,מארז נתחי טונה בהירה בשמן זית 2 * 160 ג' עץ הזית,עץ הזית,TH,נתחי טונה בשמן זית 1,גרמים,320.00,100 גרם,false,1,20.90,6.53,true,1,
7290017142487,false,בורגול עם גרגירי חומוס עם טונה בשמן זי,עץ הזית,TH,בורגול עם גרגירי חומ,גרמים,160.00,100 גרם,false,1,13.50,8.44,true,1,
7290017177366,false,כד הגשה [קראף] נירוס,,,כד הגשה [קראף] נירוס,Unknown,0.00,Unknown,false,1,149.00,149.00,true,1,
7290017180281,false,מיונז טבעוני 260 גרם,,IL,מיונז טבעוני 260 גרם,גרמים,260.00,100 גרם,false,1,18.90,7.27,true,1,
7290017197029,false,אל סבון la belle מאסק לבן 1 ל,,,אל סבון la belle מאס,מיליליטרים,1000.00,"100 מ""ל",false,1,11.80,1.18,true,1,
7290017197036,false,אל סבון la belle מלון פפאיה כתום 1 ל,,,אל סבון la belle מלו,מיליליטרים,1000.00,"100 מ""ל",false,1,11.80,1.18,true,1,
7290017197043,false,אל סבון la belle קלאסיק מרענן כחול 1 ל,,,אל סבון la belle קלא,מיליליטרים,1000.00,"100 מ""ל",false,1,11.80,1.18,true,1,
7290017218144,false,מולטי לגבר דו שכבתי עם פרוביוטיק 30 כמ,,,מולטי לגבר דו שכבתי,Unknown,0.00,Unknown,false,1,59.90,59.90,true,1,
7290017218175,false,מולטי ויטמין לנשים 45 כמוסות,,,מולטי ויטמין לנשים 4,Unknown,0.00,Unknown,false,1,69.90,69.90,true,1,
7290017218236,false,אלטמן - קולגן BOOST חומצה היאלורונית אריזות אישיות 30 יח',אלטמן,,קולגן בוסט חומצה היא,Unknown,0.00,Unknown,false,1,133.90,133.90,true,1,
7290017218328,false,אלטמן - אבץ למציצה בטעם לימון קפליות 50 יח',,,אבץ למציצה לימון 50,Unknown,0.00,Unknown,false,1,52.90,52.90,true,1,
7290017218366,false,אלטמן - ויטמין D-1000 כמוסות רכות 100 יח',,,ויטמין D 1000 100 כמ,Unknown,0.00,Unknown,false,1,40.90,40.90,true,1,
7290017218380,false,אלטמן - קולגן חומצה היאלורונית כמוסות 60 יח',,,קולגן אלטמן 60 כמוסו,Unknown,0.00,Unknown,false,1,103.90,103.90,true,1,
7290017232218,false,לחם קלאסי מופחת פחמימות איטסיין 430 גרם,,,לחם קלאסי מופחת פחמי,גרמים,430.00,100 גרם,false,1,25.90,6.02,true,1,
7290017232225,false,לחם גלילי מופחת פחמימות איטסיין 450 גרם,,,לחם גלילי מופחת פחמי,גרמים,450.00,100 גרם,false,1,25.90,5.76,true,1,
7290017243139,false,"פולאט 400 מק""ג",,,"פולאט 400 מק""ג",Unknown,0.00,Unknown,false,1,47.90,47.90,true,1,
7290017243443,false,"טיפות ויטמין B12 + חומצה פולית 50 מ""ל",,,טיפות ויטמין B12 + ח,מיליליטרים,50.00,"100 מ""ל",false,1,64.90,129.80,true,1,
7290017266053,false,"וופל עלמה לל""ס במילוי קרם טעם לימון 175 גר",גילרו,IL,וופל קראנצ,גרמים,175.00,100 גרם,false,1,7.90,4.51,true,1,
7290017266060,false,וופל קראנצ`מילוי קרם בטעם שוקולד 175 גר,עלמה,,וופל קראנצ,גרמים,175.00,100 גרם,false,1,7.90,4.51,true,1,
7290017289618,false,"יין פטיט סירה 750 מ""ל אימפרשיאון",יקב טפרברג 1870 בעמ,IL,IMPRESSION פטיט סירה,Unknown,0.00,Unknown,false,1,47.90,47.90,true,1,
7290017289632,false,מארז 150 שנה זוג IMPRESSION + שמן זית,,IL,מארז זוג ושמן זית I,Unknown,0.00,Unknown,false,1,119.90,119.90,true,1,
7290017289793,false,INSPIRE INTEGRITAGE גראנש סירה 19 750 מל,,,INSPIRE INTEGRITAGE,Unknown,0.00,Unknown,false,1,83.90,83.90,true,1,
7290017310466,false,"שמן אתרי מנטה 10 מ""ל",,,"שמן אתרי מנטה 10 מ""ל",מיליליטרים,10.00,"100 מ""ל",false,1,29.90,299.00,true,1,
7290017321851,false,דלי נירוסטה לקרח פסי,,,דלי נירוסטה לקרח פסי,Unknown,0.00,Unknown,false,1,129.00,129.00,true,1,
7290017325323,false,מיקס כוסמת אורז מלא/אדום אורגני 250 גרם,,IT,מיקס כוסמת אורז מלא/,גרמים,250.00,100 גרם,false,1,14.90,5.96,true,1,
7290017325330,false,מיקס דגנים ועדשים אורגני 250 גרם,לה בונטה,IT,מיקס דגנים ועדשים או,גרמים,250.00,100 גרם,false,1,14.90,5.96,true,1,
7290017325385,false,חמאה אורגנית אדמה 200 גרם,,NL,חמאה אורגנית אדמה 20,גרמים,200.00,100 גרם,false,1,15.90,7.95,true,1,
7290017325712,false,"קמח אורז מלא לל""ג אורגני 500 גרם",,IL,"קמח אורז מלא לל""ג או",גרמים,500.00,100 גרם,false,1,15.90,3.18,true,1,
7290017325743,false,"קמח עדשים אדומות לל""ג אורגני 500 גרם",טחנת קמח דגן לישראל,IL,"קמח עדשים אדומות לל""",גרמים,500.00,100 גרם,false,1,16.90,3.38,true,1,
7290017325774,false,ספגטי חיטת כוסמין אמר אורגני 400 גרם,פסטיפיסוי פליצ'טי,IT,ספגטי חיטת כוסמין אמ,גרמים,400.00,100 גרם,false,1,19.90,4.98,true,1,
7290017325798,false,"קוואקר לל""ג אורגני הרדוף 500 גרם",אול אורגני,IL,"קוואקר לל""ג אורגני ה",גרמים,500.00,100 גרם,false,1,17.90,3.58,true,1,
7290017325804,false,"קוואקר עדין לל""ג אורגני הרדוף 500 גרם",אול אורגני,IL,"קוואקר עדין לל""ג אור",גרמים,500.00,100 גרם,false,1,17.90,3.58,true,1,
7290017325828,false,"קוסקוס חומוס לל""ג אורגני הרדוף 350 גרם",ביה,IT,"קוסקוס חומוס לל""ג או",גרמים,350.00,100 גרם,false,1,18.90,5.40,true,1,
7290017325835,false,"קוסקוס אפונה לל""ג אורגני הרדוף 350 גרם",ביה,IT,"קוסקוס אפונה לל""ג או",גרמים,350.00,100 גרם,false,1,18.90,5.40,true,1,
7290017325897,false,"משקה סויה במתיקות מעודנת לל""ג אורגני 1 ל",ליקואטס,ES,משקה סויה במתיקות מע,מיליליטרים,1000.00,"100 מ""ל",false,1,11.90,1.19,true,1,
7290017364001,false,פדים סופר סגול 10 יח' גוד קאר,,,תחבושת לילה,Unknown,0.00,Unknown,false,1,29.90,29.90,true,1,
7290017386041,false,חמאת בוטנים קלאסית כרם - 510 גר,,IN,חמאת בוטנים קלאסית כ,גרמים,510.00,100 גרם,false,0,12.90,2.53,true,1,
7290017386263,false,"סירופ מייפל אורגני כרם 250 מ""ל",,,סירופ מייפל אורגני כ,מיליליטרים,250.00,"100 מ""ל",false,1,28.90,11.56,true,1,
7290017386348,false,שקד מולבן טחון 250 גרם,,PE,שקד מולבן טחון 250 ג,גרמים,250.00,100 גרם,false,1,18.80,7.52,true,1,
7290017386362,false,קוקוס פיליפיני טחון כרם 200 גרם,,,קוקוס פיליפיני טחון,גרמים,200.00,100 גרם,false,1,10.90,5.45,true,1,
7290017386386,false,חומץ תפוחים אורגני 5% 1 ליטר,,IT,חומץ תפוחים אורגני 5,ליטרים,0.00,ליטר,false,1,22.90,22.90,true,1,
7290017386430,false,"תרסיס שמן אגוזי קוקוס טהור 200 מ""ל",,IT,תרסיס שמן אגוזי קוקו,מיליליטרים,200.00,"100 מ""ל",false,1,29.90,14.95,true,1,
7290017386973,false,"תמר סופר גמבו פטור ממע""מ 1 ק""ג",,IL,"תמר סופר גמבו 1 ק""ג",גרמים,1000.00,100 גרם,false,1,46.90,4.69,true,1,
7290017386997,false,מי קוקוס אורגניים 1 ליטר,,VN,מי קוקוס אורגניים 1,מיליליטרים,1000.00,"100 מ""ל",false,1,16.70,1.67,true,1,
7290017432090,false,טי פור 2 - ספל מאג ע,,,טי פור 2 - ספל מאג ע,Unknown,0.00,Unknown,false,1,37.90,37.90,true,1,
7290017440279,false,"ד""ר פישר - קידס אל סבון ויטמינים 750 מ""ל",,IL,"אל סבון ד""ר פישר קיד",מיליליטרים,750.00,"100 מ""ל",false,1,16.90,2.25,true,1,
7290017440286,false,"ד""ר פישר - קידס מרכך ויטמינים 750 מ""ל","ד""ר פישר Dr fischer",IL,"מרכך ד""ר פישר קידס 7",מיליליטרים,750.00,"100 מ""ל",false,1,16.90,2.25,true,1,
7290017440309,false,"ד""ר פישר - קידס שמפו ויטמינים 750 מ""ל","ד""ר פישר Dr fischer",IL,"שמפו ד""ר פישר קידס 7",מיליליטרים,750.00,"100 מ""ל",false,1,16.90,2.25,true,1,
7290017440323,false,"ד""ר פישר - קידס שמפו + מרכך ויטמינים 750 מ""ל","ד""ר פישר Dr fischer",IL,"שמפו+מרכך ד""ר פישר ק",מיליליטרים,750.00,"100 מ""ל",false,1,16.90,2.25,true,1,
7290017457949,false,"פרסיל א.כ לבגדי תינוקות ולבעלי עור רגיש 2.5 ק""ג",פרסיל Persil,,אבקת כביסה פרסיל לתי,קילוגרמים,0.00,"ק""ג",false,1,29.50,29.50,true,1,
7290017477169,false,קשיו קלוי 250 גרם ששון הקולה,ששון,IL,קשיו קלוי 250 גרם שש,גרמים,250.00,100 גרם,false,1,20.00,8.00,true,1,
7290017477244,false,שקד מולבן טחון 180 גרם,דין שיווק,IL,שקד מולבן טחון 180 ג,גרמים,180.00,100 גרם,false,1,19.90,11.06,true,1,
7290017477275,false,גרעיני חמניה קלופים קלויים 200 גרם,דין שיווק,IL,גרעיני חמניה קלופים,גרמים,200.00,100 גרם,false,1,9.90,4.95,true,1,
7290017477282,false,גרעיני דלעת קלופים קלויים 200 גרם,דין שיווק,IL,גרעיני דלעת קלופים,גרמים,200.00,100 גרם,false,1,9.90,4.95,true,1,
7290017477350,false,תערובת לסלט ירוק 200 גרם,דין שיווק,IL,תערובת לסלט ירוק,גרמים,200.00,100 גרם,false,1,9.90,4.95,true,1,
7290017477367,false,מטבעות שוקולד לבן לאפיה 300 גרם,דין שיווק,IL,מטבעות שוקולד לבן לא,גרמים,300.00,100 גרם,false,1,15.60,5.20,true,1,
7290017477374,false,מטבעות שוקולד חלב לאפיה 300 גרם,דין שיווק,IL,מטבעות שוקולד חלב,גרמים,300.00,100 גרם,false,1,15.60,5.20,true,1,
7290017477398,false,שוקולד ציפס מריר 45% לאפיה 300 גרם,דין שיווק,IL,שוקולד ציפס מריר 45%,גרמים,300.00,100 גרם,false,1,15.60,5.20,true,1,
7290017490311,false,"ויטמין D1000 טיפות 15 מ""ל",,,ויטמין D1000 טיפות 1,Unknown,0.00,Unknown,false,1,34.90,34.90,true,1,
7290017490496,false,מארז שייפ דיאט פורמולה,,,מארז שייפ דיאט פורמו,Unknown,0.00,Unknown,false,1,229.90,229.90,true,1,
7290017490533,false,קורדיספס סינזיס 60 כמוסות,,,קורדיספס סינזיס 60 כ,יחידה,1.00,יחידה,false,1,159.90,159.90,true,1,
7290017505244,false,"סבון פנים רגיל עד יבש 100 מ""ל",,,סבון פנים רגיל עד יב,מיליליטרים,100.00,"100 מ""ל",false,1,69.90,69.90,true,1,
7290017513393,false,תה ירוק ספירולינה וצמחים ירוקים 25 שקי,ויסוצקי,IL,תה ירוק ספירולינה וצ,גרמים,38.00,100 גרם,false,1,24.90,65.53,true,1,
7290017513409,false,תה ירוק SUPER GREEN 87 גרםבטעם אוכמניות ואסאי,HIQ FOOD PRODUCTS,IL,תה ירוק טעם אוכמניות,גרמים,38.00,100 גרם,false,1,24.90,65.53,true,1,
7290017513775,false,פליפז בייגלה מצופה שוקולד חלב 140 גרם,שוורצקוף& הנקל דיסלד,TR,בייגלה פליפז מצופה ב,גרמים,140.00,100 גרם,false,1,8.90,6.36,true,1,
7290017513782,false,פליפז בייגלה מצופה שוקולד מריר 140 גרם,שוורצקוף& הנקל דיסלד,TR,בייגלה פליפז מצופה ב,גרמים,140.00,100 גרם,false,1,8.90,6.36,true,1,
7290017513829,false,תה ירוק לימונית ג'ינג'ר 25 שקיקים בתוספת ויטמין Cּּ+D,ויסוצקי ירוק,IL,תה ירוק לימונית גינג,גרמים,38.00,100 גרם,false,1,24.90,65.53,true,1,
7290017516295,false,חטיף חלבון פרוטאין אגוז לוז שוקולד 50 גר,פנגיאה,,חטיף חלבון פרוטאין א,גרמים,50.00,100 גרם,false,1,10.90,21.80,true,1,
7290017516318,false,חטיף חלבון פרוטאין שוקולד 50 גר,פנגיאה,,חטיף חלבון פרוטאין ש,גרמים,50.00,100 גרם,false,1,10.90,21.80,true,1,
7290017516332,false,חטיף חלבון פרוטאין חמאת בוטנים 50 גר,פנגיאה,,חטיף חלבון פרוטאין ח,גרמים,50.00,100 גרם,false,1,10.90,21.80,true,1,
7290017516424,false,שוקלד + פנגיאה שוקולד קוקוס ואגוזי לוז 300 גרם,ש.ר רגע בטבע,IL,פנגיאה שוקולד קוקוס,גרמים,300.00,100 גרם,false,1,32.90,10.97,true,1,
7290017599229,false,ממתיק סוכרלוז 200 טבליות סוכרזית,ביסקול,IL,סוכרזית סוכרלוז 200,Unknown,0.00,Unknown,false,1,24.90,24.90,true,1,
7290017599236,false,סוכרזית סטיוויה 200 טבליות,סנו מפעלי ברונוס.,IL,סוכרזית סטיוויה 200,Unknown,0.00,Unknown,false,1,26.90,26.90,true,1,
7290017599250,false,סוכרזית קלאסי 120 שקיות,ביסקול בע''מ,IL,סוכרזית קלאסי 120 ש,גרמים,100.00,100 גרם,false,1,39.90,39.90,true,1,
7290017599274,false,סוכרזית סטיוויה 120 שקיות,ביסקול בע''מ,IL,סוכרזית סטיוויה 120,גרמים,120.00,100 גרם,false,1,39.90,33.25,true,1,
7290017617046,false,נתחי טונה בשמן זית כתית מעולה רביעיה * 140 ג',דרדנל,TR,רביעיית טונה בשמן זי,גרמים,560.00,100 גרם,false,1,27.90,4.98,true,1,
7290017617084,false,סטארקיסט מיקס טוגו טונה עם שעועית 185 גרם,דרדנל אוננטאס גידה,TR,סטארקיסט מיקס טו גו,גרמים,185.00,100 גרם,false,1,13.50,7.30,true,1,
7290017617107,false,סטארקיסט מיקס טוגו טונה עם 4 דגנים 185 גרם,"איטיליאן פוד, אס.פי.",TR,סטארקיסט מיקס טו גו,גרמים,185.00,100 גרם,false,1,13.50,7.30,true,1,
7290017617428,false,"סטארקיסט נתחי סלמון עם פסטה, עגבניות וזיתים פיקנטי",סטארקיסט Starkist,PL,טונה סטארקיסט סלמון,גרמים,160.00,100 גרם,false,1,15.90,9.94,true,1,
7290017631110,false,בשר עם אורז טושונקה 400 גר,,IL,בשר עם אורז טושונקה,גרמים,400.00,100 גרם,false,1,14.90,3.73,true,1,
7290017631622,false,בשר עם כוסמת טושונקה 400 גר,,IL,בשר עם כוסמת טושונקה,גרמים,400.00,100 גרם,false,1,14.90,3.73,true,1,
7290017631899,false,טושונקה בקר 400 גר,,IL,טושונקה בקר 400 גר,גרמים,400.00,100 גרם,false,1,19.90,4.98,true,1,
7290017637426,false,שמפו למניעת קשקשים 500 מל מיקי בוגנים,מיקי בוגנים,,שמפו למניעת קשקשים 5,Unknown,0.00,Unknown,false,1,24.90,24.90,true,1,
7290017637570,false,מרכך לתלתלים מושלמים 500 מל מיקי בוגנים,מיקי בוגנים,,מרכך לתלתלים מושלמים,Unknown,0.00,Unknown,false,1,24.90,24.90,true,1,
7290017637655,false,שמפו קרטין ללא מלחים 500 מל בוגנים,מיקי בוגנים,,שמפו קרטין ללא מלחים,Unknown,0.00,Unknown,false,1,29.90,29.90,true,1,
7290017637662,false,שמפו שימר 500 מל מיקי בוגנים,מיקי בוגנים,,שמפו שימר 500 מל מיק,Unknown,0.00,Unknown,false,1,24.90,24.90,true,1,
7290017637679,false,מרכך שימר 500 מל מיקי בוגנים,מיקי בוגנים,,מרכך שימר 500 מל מיק,Unknown,0.00,Unknown,false,1,24.90,24.90,true,1,
7290017647425,false,יין גמלא קברנה סוביניון 2019 750 מל,יקב רמת הגולן,,יין גמלא קברנה סובינ,Unknown,0.00,Unknown,false,1,64.40,64.40,true,1,
7290017647708,false,"יין גמלא גוורצטרמינר 21 עברית 750 מ""ל",רמת הגולן,IL,יין גמלא גוורצטרמינר,Unknown,0.00,Unknown,false,1,64.90,64.90,true,1,
7290017647722,false,"יין גמלא בלאנקו 20 עברית 750 מ""ל",רמת הגולן,IL,יין גמלא בלאנקו 20 ע,Unknown,0.00,Unknown,false,1,64.90,64.90,true,1,
7290017647852,false,"יין ירדן מרלו 2019 750 מ""ל",,,יין ירדן מרלו 2019 7,Unknown,0.00,Unknown,false,1,99.90,99.90,true,1,
7290017647944,false,"יין פינו נואר ירדן 2020 750 מ""ל",,,יין פינו נואר ירדן 2,Unknown,0.00,Unknown,false,1,104.90,104.90,true,1,
7290017675008,false,טחינה גולמית היונה,היונה,IL,טחינה היונה 900 גרם,גרמים,900.00,100 גרם,false,1,28.50,3.17,true,1,
7290017675015,false,טחינה היונה 450 גרם,היוצר,IL,טחינה היונה 450 גרם,גרמים,450.00,100 גרם,false,1,15.60,3.47,true,1,
7290017675060,false,טחינה שומשום מלא היונה 450 גרם,,IL,טחינה שומשום מלא הי,גרמים,450.00,100 גרם,false,1,15.60,3.47,true,1,
7290017677804,false,"רוטב סויה קיקומן 444 מ""ל",קיקומן פודז אינק,US,רוטב סויה קיקומן 444,מיליליטרים,444.00,"100 מ""ל",false,1,18.90,4.26,true,1,
7290017712192,false,פרמיו נתחי פילה עוף לחתול,פרמיו Premio,FR,פרמיו שימורי מזון מל,Unknown,0.00,Unknown,false,1,4.90,4.90,true,1,
7290017712208,false,פרמיו נתחי פילה עוף,סאטורן,DE,פרמיו נתחי פילה עוף,Unknown,0.00,Unknown,false,1,4.90,4.90,true,1,
7290017712390,false,חטיף פרמיו סושי סלמו,לנגי,CN,חטיף פרמיו סושי סלמו,Unknown,0.00,Unknown,false,1,16.90,16.90,true,1,
7290017712406,false,חטיף פרמיו סלמון טנד,לנגי,CN,חטיף פרמיו סלמון טנד,Unknown,0.00,Unknown,false,1,16.90,16.90,true,1,
7290017712680,false,הורייזן עוף לכלב ננסי,הורייזן Horizon,DE,הוריזן עוף לכלב ננסי,Unknown,1.00,Unknown,false,1,4.90,4.90,true,1,
7290017712741,false,פרמיו כבש 100 ג',,,פרמיו כבש 100 ג,Unknown,0.00,Unknown,false,1,4.90,4.90,true,1,
7290017715315,false,זית צלוי על הגריל 74,,TR,זית על האש 740 גרם,גרמים,740.00,100 גרם,false,1,24.90,3.36,true,1,
7290017715346,false,זית שחור טאסוס 400 גרם,,TR,זית שחור טאסוס 400,גרמים,400.00,100 גרם,false,1,14.90,3.73,true,1,
7290017715407,false,זיתים שחורים עם פלפל חריף,,TR,זית שחור יבש חריף 4,גרמים,400.00,100 גרם,false,1,14.90,3.73,true,1,
7290017715506,false,תומר חומץ 5% 1 ליטר,,IL,חומץ 5% תומר 1 ליטר,מיליליטרים,1000.00,"100 מ""ל",false,1,5.50,0.55,true,1,
7290017715681,false,A2 זית מושחר חרוזית תומר 560 גרם,עדן,IL,A2 זית מושחר חרוזית,גרמים,560.00,100 גרם,false,1,9.50,1.70,true,1,
7290017715704,false,זית מושחר טבעות 560 ג' תומר,,IL,A2 זית מושחר טבעות 5,גרמים,560.00,100 גרם,false,1,9.50,1.70,true,1,
7290017715728,false,זית מנזלינו גדול תומר 560 גרם A2,עדן,IL,זית מנזלינו גדול תומ,גרמים,560.00,100 גרם,false,1,8.50,1.52,true,1,
7290017715735,false,A2 זית סורי מבוקע תומר 560 גרם,עדן,IL,A2 זית סורי מבוקע תו,גרמים,560.00,100 גרם,false,1,9.50,1.70,true,1,
7290017715797,false,A2 זית שחור טבעי תומר 560 גרם,עדן,IL,A2 זית שחור טבעי תומ,גרמים,560.00,100 גרם,false,1,9.50,1.70,true,1,
7290017715803,false,A2 זית שחור מרינט חתוך תומר 560 גרם,עדן,IL,A2 זית שחור מרינט חת,גרמים,560.00,100 גרם,false,1,9.90,1.77,true,1,
7290017715834,false,A2 זית נובו מבוקע ג.מאוד תומר 560 גרם,עדן,IL,A2 זית נובו מבוקע ג.,גרמים,560.00,100 גרם,false,1,9.90,1.77,true,1,
7290017715995,false,מלפפונים בחומץ 10-12 20% 670 גרם,,IL,מלפפון בחומץ 10-12 +,גרמים,670.00,100 גרם,false,1,6.90,1.03,true,1,
7290017744162,false,שימורי דגים שפרוטים מעושנים ברוטב עגבניות 250 גרם,,,שימורי שפרוטים מעושנ,גרמים,250.00,100 גרם,false,1,12.50,5.00,true,1,
7290017746197,false,6 לחמניות המבורגר מא,,IL,המבורגר 100 גרם,גרמים,100.00,100 גרם,false,1,13.90,13.90,true,1,
7290017746241,false,לחם לבן בסגנון ניו יורק 500 גרם,,IL,לחם לבן בסגנון,גרמים,500.00,100 גרם,false,1,15.90,3.18,true,1,
7290017791142,false,קרקר כוסמין מלא שקית,פת במלח,IL,קרקר כוסמין מלא שקית,גרמים,225.00,100 גרם,false,1,26.50,11.78,true,1,
7290017791203,false,קרקר כוסמין מלא סלק שקית,פת במלח,IL,קרקר כוסמין מלא סלק,גרמים,225.00,100 גרם,false,1,26.50,11.78,true,1,
7290017812007,false,"יין סוביניון/שרדונה 750 מ""ל P.C",יקבי כרמל,IL,יין סוביניון/שרדונה,Unknown,0.00,Unknown,false,1,37.90,37.90,true,1,
7290017812571,false,יין תירוש אדום 100%ה טבעי 1 ליטר,יקבי כרמל Carmel Winery,IL,יין תירוש אדום 100%,Unknown,0.00,Unknown,false,1,19.90,19.90,true,1,
7290017812656,false,תירוש מבעבע מיץ ענבים מבעבע אדום,מנדלז סי.אר. פרודקשן,IL,תירוש מבעבע אדום 750,Unknown,0.00,Unknown,false,1,21.50,21.50,true,1,
7290017812670,false,"יין יתיר דרום אדום 750 מ""ל",,IL,יין יתיר דרום אדום 7,Unknown,0.00,Unknown,false,1,83.90,83.90,true,1,
7290017812847,false,"יין סלקטד פרנץ' גוורצטרמינר 750 מ""ל","כד בני דרום בע""מ",IL,סלקטד פרנץ גוורצטרמי,Unknown,0.00,Unknown,false,1,30.90,30.90,true,1,
7290017812977,false,"יין מבעבע באזז אננס יקבי כרמל 750 מ""",יקבי כרמל,IL,יין מבעבע באזז אננס,Unknown,0.00,Unknown,false,1,28.90,28.90,true,1,
7290017816012,false,קרם קרקר כוסמין מקור הכוסמין 250 גר,אפיפית הדר,IL,קרם קרקר כוסמין מקור,גרמים,250.00,100 גרם,false,1,16.50,6.60,true,1,
7290017850023,false,"פרוליפ ברזל בשקיק 35 מ""ג",,,פרוליפ ברזל בשקיק 35,Unknown,0.00,Unknown,false,1,89.90,89.90,true,1,
7290017870700,false,צלחת 7 מרובעת מתכלה מעץ דקל 10 יח',HINDUSTAN ARECA PROD,IN,צלחת 7 קטנה מרובעת,Unknown,1.00,Unknown,false,1,12.90,12.90,true,1,
7290017870731,false,צלחת 7 מתכלה מעץ דקל 10 יח',HINDUSTAN ARECA PROD,IN,צלחת 7 קטנה עגולה מ,Unknown,1.00,Unknown,false,1,12.90,12.90,true,1,
7290017872872,false,בייביביס חטיפי דגנים אפויים לתינוקות בטעם גזר וסלק,,IL,בייביביס חטיפי דגנים,יחידה,1.00,יחידה,false,1,14.90,14.90,true,1,
7290017888019,false,"משקה תפוח רימון סלק גינגיר פרות &ווג 350 מ""ל",פרוט אנד וג' Fruit & Veg,IL,פרוט & ווג תפוח רימו,מיליליטרים,350.00,"100 מ""ל",false,1,7.50,2.14,true,1,
7290017888026,false,"משקה אננס תפוח גזר פרות & ווג 350 מ""ל",פרוט אנד וג' Fruit & Veg,IL,פרוט & וג אננס תפוח,מיליליטרים,350.00,"100 מ""ל",false,1,7.50,2.14,true,1,
7290017888033,false,"משקה בננה מלון נענע פרות &ווג 350 מ""ל",פרוט אנד וג' Fruit & Veg,IL,פרוט & וג בננה מלון,מיליליטרים,350.00,"100 מ""ל",false,1,7.50,2.14,true,1,
7290017888101,false,"שוויפס מוגז עדין אפרסק מארז רביעייה* 330 מ""ל",יפאורה תבורי,IL,שוופס מוגז עדין אפרס,מיליליטרים,1320.00,"100 מ""ל",false,1,15.50,1.17,true,1,
7290017888347,false,מי עדן ספורט בקבוק ב,,IL,מי עדן אישי 500 מל,מיליליטרים,500.00,"100 מ""ל",false,1,2.90,0.58,true,1,
7290017888729,false,שוופס סודה בקבוק 1 ל',"יפאורה תבורי בע""מ",IL,שוופס סודה 1 ליטר,מיליליטרים,1000.00,"100 מ""ל",false,1,3.90,0.39,true,1,
7290017894072,false,אל-אקונומיקה אבקה אק,אקופרנד,IL,אבקת הלבנה 500 גרם,גרמים,500.00,100 גרם,false,1,19.90,3.98,true,1,
7290017894089,false,קמח שיבולת שועל דגש 400 גרם,אף. סי תבליני הגליל,IL,קמח שיבולת שועל דגש,גרמים,400.00,100 גרם,false,1,22.90,5.73,true,1,
7290017894119,false,פוזילי אורז תירס דגש 400 גרם,אנדריאני,IL,פוזילי אורז תירס דגש,גרמים,400.00,100 גרם,false,1,10.90,2.73,true,1,
7290017894126,false,פוזילי טריקולור דגש 400 גרם,אנדריאני,IL,פוזילי טריקולור דגש,גרמים,400.00,100 גרם,false,1,10.90,2.73,true,1,
7290017894256,false,"פריכיות מאורז מלא לל""ג דגש 230 גרם",דגש,IL,פריכיות מאורז מלא לל,גרמים,230.00,100 גרם,false,1,14.90,6.48,true,1,
7290017894324,false,חמאת אגוזי נמר קשיו וקקאו 350 גרם,,IT,חמאת אגוזי נמר קשיו,גרמים,350.00,100 גרם,false,1,33.90,9.69,true,1,
7290017907208,false,תערובת קמח רב תכליתי לנמנעים מגלוטן,מנדלז סי.אר. פרודקשן,IL,קמח תמי רב תכליתי לל,גרמים,500.00,100 גרם,false,1,18.80,3.76,true,1,
7290017917283,false,"מגבוני קמיל בלו ד""ר פישר ללא בישום רביעי","ד""ר פישר",IL,"מגבוני קמיל בלו ד""ר",Unknown,0.00,Unknown,false,1,19.90,19.90,true,1,
7290017917382,false,אל סבון היגייני לניקוי יסודי ולהרגע העור clean & calm,"ד""ר פישר Dr fischer",IL,אל סבון נוזלי קמיל ב,ליטרים,0.00,ליטר,false,1,15.90,15.90,true,1,
7290017924014,false,מארז ציפס תפוחי עץ כרם 4*22 גרם,,,מארז ציפס תפוחי עץ כ,גרמים,88.00,100 גרם,false,1,17.90,20.34,true,1,
7290017924861,false,"שמן זית אורגני כרם 750 מ""ל",,IT,שמן זית אורגני כרם 7,מיליליטרים,750.00,"100 מ""ל",false,1,37.90,5.05,true,1,
7290017925554,false,"חמישיית בירה לאגר באדוויזר 5*330 מ""ל+כוס",באדוויזר בודוואר צכי,,חמישיית בירה לאגר בא,מיליליטרים,1650.00,"100 מ""ל",false,1,32.90,1.99,true,1,
7290017928036,false,מאיר בייגל מקלות גריסיני שומשום 175 ג',מאיר בייגל,IL,מקלות גריסיני שומשום,גרמים,175.00,100 גרם,false,1,12.50,7.14,true,1,
7290017928043,false,מאיר בייגל גריסיני קראנץ' מלח 175 ג',מאיר בייגל,IL,גריסיני קראנץ מלח 17,גרמים,175.00,100 גרם,false,1,12.50,7.14,true,1,
7290017928227,false,מאיר בייגל שטוחהלה פינוקים 300 גר',מאיר בייגל,IL,בייגלה שטוחלה פינוקי,גרמים,300.00,100 גרם,false,1,12.50,4.17,true,1,
7290017928432,false,מאיר בייגל גריסיני קראנץ פרג 175 גר',מאיר בייגל,IL,גריסיני קראנץ פרג 17,גרמים,175.00,100 גרם,false,1,12.50,7.14,true,1,
7290017928616,false,מאיר בייגל שטוחהלה שומשום 300 גר',מאיר בייגל,IL,בייגלה שטוחלה שומשום,גרמים,300.00,100 גרם,false,1,12.50,4.17,true,1,
7290017928661,false,מאיר בייגל -סמאש-שבורים בטעם צ'דר 300 גרם,מאיר בייגל,BG,סמאש שבורים בטעם צדר,גרמים,300.00,100 גרם,false,1,15.60,5.20,true,1,
7290017928821,false,מאיר בייגל מקלות גריסיני קלאסי 200 ג',מאיר בייגל,IL,מקלות גריסיני קלאסי,גרמים,200.00,100 גרם,false,1,12.50,6.25,true,1,
7290017938264,false,"חומוס בתוספת רוטב פיקנטי, 200 גרם",מעדני מיקי,IL,חומוס עם חריף 200 גר,גרמים,200.00,100 גרם,false,1,7.50,3.75,true,1,
7290017946368,false,סוד סבון 4 כדוריות לאסלה אוקיינוס 3*50 ג,הנקל סוד,RS,סבון לאסלה כדוריות א,יחידה,1.00,יחידה,false,1,26.50,26.50,true,1,
7290017962153,false,עוגיות כוסמין שקדים חמוציו טבעוני 230 גר,,,עוגיות כוסמין שקדים,גרמים,230.00,100 גרם,false,1,25.90,11.26,true,1,
7290017973005,false,קונפיטורה אוכמניות מעובדות רוסמן 900 גרם,"י.א.א עולם הפרי בע""מ",IL,קונפיטורה אוכמניות מ,גרמים,900.00,100 גרם,false,1,24.90,2.77,true,1,
7290017973029,false,קונפיטורה תות שדה רוסמן 900 גרם,"י.א.א עולם הפרי בע""מ",IL,קונפיטורה תות שדה רו,גרמים,900.00,100 גרם,false,1,24.90,2.77,true,1,
7290017973043,false,קונפיטורה דובדבנים רוסמן 900 גרם,"י.א.א עולם הפרי בע""מ",IL,קונפיטורה דובדבנים ר,גרמים,900.00,100 גרם,false,1,24.90,2.77,true,1,
7290017973050,false,קונפיטורת חמוציות מעובדות רוסמן 900 גרם,,IL,קונפיטורת חמוציות מע,גרמים,900.00,100 גרם,false,1,24.90,2.77,true,1,
7290017973074,false,קונפיטורה אפרסק רוסמן 900 גרם,"י.א.א עולם הפרי בע""מ",IL,קונפיטורה אפרסק רוסמ,גרמים,900.00,100 גרם,false,1,24.90,2.77,true,1,
7290017973081,false,קונפיטורה משמש רוסמן 900 גרם,,IL,קונפיטורה משמש רוסמן,גרמים,900.00,100 גרם,false,1,24.90,2.77,true,1,
7290017973098,false,קונפיטורה שזיף רוסמן 900 גרם,,IL,קונפיטורה שזיף רוסמן,גרמים,900.00,100 גרם,false,1,24.90,2.77,true,1,
7290017973975,false,רצועות קלמרי מיובש ומומלח עם פלפל צילי,,,רצועות קלמרי מיובש ו,גרמים,90.00,100 גרם,false,1,14.60,16.22,true,1,
7290017973982,false,פרוסות דג שיבוט אלבין מיובש עם צילי 100,,,פרוסות דג שיבוט אלבי,גרמים,100.00,100 גרם,false,1,13.90,13.90,true,1,
7290017983134,false,יין אדיר כרם בן זמרה מקסלן רוזה 750 מל,,IL,יין אדיר כרם בן זמרה,Unknown,0.00,Unknown,false,1,93.90,93.90,true,1,
7290017983172,false,יין אדיר כרם בן זמרה גראנש לבן 750 מל,,IL,יין אדיר כרם בן זמרה,Unknown,0.00,Unknown,false,1,93.90,93.90,true,1,
7290018045893,false,בון בון דגנים במילוי קרם נוגט 480 גרם,monday,DE,דגניםבמילוי קרם נוגט,מטרים,0.00,מטר,false,1,23.90,23.90,true,1,
7290018075364,false,אקסקלוסיב סט מיני 6,,,אקסקלוסיב סט מיני 6,Unknown,0.00,Unknown,false,1,229.00,229.00,true,1,
7290018076583,false,משחיז סכינים שלושה ש,,,משחיז סכינים שלושה ש,Unknown,0.00,Unknown,false,1,99.90,99.90,true,1,
7290018076651,false,ויוטי סט 24 חלק ארקו,,,ויוטי סט 24 חלק ארקו,Unknown,0.00,Unknown,false,1,349.00,349.00,true,1,
7290018076767,false,קולפן Y שוויצרי משונ,,,קולפן Y שוויצרי משונ,Unknown,0.00,Unknown,false,1,26.90,26.90,true,1,
7290018080030,false,מברשת שיניים במבוק ורודה,,,מברשת שיניים במבוק ו,Unknown,0.00,Unknown,false,1,22.90,22.90,true,1,
7290018080313,false,מגבון חיטוי וניקוי העור 60 מגבונים,,,מגבון חיטוי וניקוי ה,Unknown,0.00,Unknown,false,1,13.90,13.90,true,1,
7290018080320,false,מגבון חיטוי וניקוי העור 24 מגבונים,,,מגבון חיטוי וניקוי ה,Unknown,0.00,Unknown,false,1,19.90,19.90,true,1,
7290018091234,false,פיצה מקסיקנית מעדנות 260 ג',מעדנות בעמ,IL,פיצה מקסיקנית מעדנות,גרמים,260.00,100 גרם,false,1,17.70,6.81,true,1,
7290018091661,false,פיצה ירקות שוק מעדנות 330 גרם,"מעדנות בע""מ",IL,פיצה ירקות שוק מעדנו,גרמים,330.00,100 גרם,false,1,21.90,6.64,true,1,
7290018091821,false,פיצה נפוליטנה מעדנות 200 ג',מעדנות בעמ,IL,פיצה נפוליטנה 200 גר,גרמים,200.00,100 גרם,false,1,17.70,8.85,true,1,
7290018098578,false,המבורגר 230 גר BEEF FREE,כל טוב,IL,המבורגר 230 גר BEEF,גרמים,230.00,100 גרם,false,1,21.90,9.52,true,1,
7290018098592,false,שווארמה 300 גר BEEF FREE,כל טוב,IL,שווארמה 300 גר BEEF,גרמים,300.00,100 גרם,false,1,21.90,7.30,true,1,
7290018131954,false,קרחון שרבט פרווה לה פרוטה תות שדה ושוקולד מריר,גלידות נסטלה Nestle,IL,לה פרוטה תות נסטלה 3,מיליליטרים,350.00,"100 מ""ל",false,1,34.50,9.86,true,1,
7290018132388,false,מטרנה גולד שלב 2 תרכובת מזון על בסיס חלבי,מטרנה,IL,מטרנה גולד שלב 2 700,גרמים,700.00,100 גרם,false,1,74.90,10.70,true,1,
7290018156124,false,"אל סבון קמיל צבעוני ד""ר פישר שלישיה* 500 מ""ל","ד""ר פישר",IL,אל סבון קמיל בלו צבע,ליטרים,0.00,ליטר,false,1,19.90,19.90,true,1,
7290018171806,false,"שמן קצח 250 מ""ל OS+",,,"שמן קצח 250 מ""ל OS+",מיליליטרים,250.00,"100 מ""ל",false,1,54.90,21.96,true,1,
7290018198056,false,תפוגן קוביות תפוחי אדמה 9*1.5קג,עיצובים 2020 (4.5),,ציפס קוביות תפוגן 1.,גרמים,1500.00,100 גרם,false,1,27.50,1.83,true,1,
7290018198100,false,תפוגן רוסטיק ציפס 1.5 קג,,,תפוגן רוסטיק ציפס 1.,קילוגרמים,0.00,"ק""ג",false,1,26.50,26.50,true,1,
7290018198148,false,"תפוגן קריספי צ'יפס קלאסי 1.25 ק""ג",עיצובים 2020 (4.5),IL,תפוגן קריספי ציפס קל,גרמים,1250.00,100 גרם,false,1,26.50,2.12,true,1,
7290018198254,false,"תפוגן קריספי צ'יפס פוטטוס 1.25 ק""ג",עיצובים 2020 (4.5),IL,תפוגן קריספי ציפס פו,גרמים,1250.00,100 גרם,false,1,26.50,2.12,true,1,
7290018236635,false,עוף טוב צ'ונגו פופקורן מצופה 600 גרם,מוצרי עוף טוב (2001),IL,עוף טוב צונגו פופקור,גרמים,600.00,100 גרם,false,1,32.90,5.48,true,1,
7290018236659,false,צ'ונגו פופקורן ציפוי מתובל עוף טוב 600 גר',מולינו ניקולי s.p.a,IL,עוף טוב צונגו פופקור,גרמים,600.00,100 גרם,false,1,32.90,5.48,true,1,
7290018237922,false,עוף טוב שניצלונים ציפוי צ'יפס 700 גרם,עיצובים 2020 (4.9),IL,שניצלונים ציפוי ציפס,גרמים,700.00,100 גרם,false,1,22.90,3.27,true,1,
7290018237939,false,שניצלונים ציפוי שומשום עוף טוב 700 גרם,עיצובים 2020 (4.9),IL,שניצלונים ציפוי שומש,גרמים,700.00,100 גרם,false,1,22.90,3.27,true,1,
7290018249055,false,ממתיק סוויטאנגו 100 שקיות 300 גר,,,ממתיק סוויטאנגו 100,גרמים,300.00,100 גרם,false,1,32.90,10.97,true,1,
7290018249154,false,ממרח קקאו סוויטאנגו 350 גר,"אחדות ביח""ר לטחינה ח",,ממרח קקאו סוויטאנגו,גרמים,350.00,100 גרם,false,1,33.90,9.69,true,1,
7290018249727,false,אבקת ממתיק סוכר סוויטאנגו 400 גר,,,אבקת ממתיק סוכר סווי,גרמים,400.00,100 גרם,false,1,39.90,9.98,true,1,
7290018249802,false,ממתיק סוויטאנגו צנצנת 280 גרם,סוויטאנגו Sweetango,IL,ממתיק סוויטאנגו 280,גרמים,200.00,100 גרם,false,1,31.50,15.75,true,1,
7290018285077,false,רוטב עגבנייה פיקנטי דר שקשוקה 400 גרם,,,רוטב עגבנייה פיקנטי,גרמים,400.00,100 גרם,false,1,14.90,3.73,true,1,
7290018285145,false,קוסקוס איטלקי דר שקשוקה 500 גרם,,,קוסקוס איטלקי דר שקש,גרמים,500.00,100 גרם,false,1,9.90,1.98,true,1,
7290018294192,false,"יין בלנד היינן אדום יבש 750 מ""ל p.c",יקבי כרמל,IL,יין בלנד היינן 750 מ,Unknown,0.00,Unknown,false,1,37.90,37.90,true,1,
7290018294208,false,"סלקטד אדום יין ישראלי, 750 מ""ל","כד בני דרום בע""מ",IL,יין אדום ישראלי 750,Unknown,0.00,Unknown,false,1,30.90,30.90,true,1,
7290018338049,false,"שמן אבוקדו כבישה קרה 250 מ""ל",פולאן פולסקו,ES,שמן אבוקדו כבישה קרה,מיליליטרים,250.00,"100 מ""ל",false,1,22.90,9.16,true,1,
7290018338070,false,חיטת פריקי תבואות 5,תבואות,IL,חיטת פריקי 500 גרם,גרמים,500.00,100 גרם,false,1,12.90,2.58,true,1,
7290018338230,false,קינמון טחון אורגני 90 גרם,,IN,קינמון טחון אורגני 9,גרמים,90.00,100 גרם,false,1,14.90,16.56,true,1,
7290018338247,false,כמון טחון אורגני 90 גרם,,IN,כמון טחון אורגני 90,גרמים,90.00,100 גרם,false,1,14.90,16.56,true,1,
7290018338254,false,אבקת גינגר אורגני 75 גרם,,IN,אבקת גינגר אורגני 75,גרמים,75.00,100 גרם,false,1,14.90,19.87,true,1,
7290018338285,false,גראם מסאלה אורגני 90 גרם,,IN,גראם מסאלה אורגני 90,גרמים,90.00,100 גרם,false,1,14.90,16.56,true,1,
7290018338322,false,שמן קנולה אורגני 1 ליטר,,IT,שמן קנולה אורגני 1 ל,מיליליטרים,1000.00,"100 מ""ל",false,1,28.90,2.89,true,1,
7290018338353,false,"שמן פשתן אורגני 250 מ""ל",גו אנד קו,IT,שמן פשתן אורגני 250,מיליליטרים,250.00,"100 מ""ל",false,1,21.90,8.76,true,1,
7290018338377,false,פלפל קאיין אורגני 90 גרם,,IN,פלפל קאיין אורגני 90,גרמים,90.00,100 גרם,false,1,14.90,16.56,true,1,
7290018338384,false,אריתריטול ממתיק 310ג,,CN,אריתריטול 310 גרם,גרמים,310.00,100 גרם,false,1,19.90,6.42,true,1,
7290018338445,false,פניני טפיוקה גדול 400 גרם,,,פניני טפיוקה גדול 40,גרמים,400.00,100 גרם,false,1,8.90,2.23,true,1,
7290018338698,false,פנה דורום מלא אורגני 500 גרם,,IT,פנה דורום מלא אורגני,גרמים,500.00,100 גרם,false,1,8.90,1.78,true,1,
7290018338803,false,קמח שקד קלוף תבואות,תבואות,US,קמח שקד קלוף 250 גרם,גרמים,250.00,100 גרם,false,1,20.90,8.36,true,1,
7290018338827,false,פסטה כוסמין עדש וקינואה אורגני 400 גרם,,IT,פסטה כוסמין עדש וקינ,גרמים,400.00,100 גרם,false,1,19.90,4.98,true,1,
7290018338865,false,תה ירוק בטעם יסמין אורגני 37.5 גרם,,LK,תה ירוק בטעם יסמין א,גרמים,38.00,100 גרם,false,1,14.90,39.21,true,1,
7290018338872,false,חליטת שומר אורגני 37.5 גרם,,LK,חליטת שומר אורגני 37,גרמים,38.00,100 גרם,false,1,14.90,39.21,true,1,
7290018338957,false,מחית תפוח אוכמניות רימון אורגני 100 גרם,,IT,מחית תפוח אוכמניות ר,גרמים,100.00,100 גרם,false,1,4.90,4.90,true,1,
7290018338971,false,מחית שזיף אורגני 100 גרם,,IT,מחית שזיף אורגני 100,גרמים,100.00,100 גרם,false,1,4.90,4.90,true,1,
7290018338988,false,מחית תפוח אננס קוקוס אורגני 100 גרם,,IT,מחית תפוח אננס קוקוס,גרמים,100.00,100 גרם,false,1,4.90,4.90,true,1,
7290018344101,false,חטיף חלבון בטעם קקאו וקפה 50 ג' VEG PROTEIN,טבע ירוק,IL,חטיף חלבון קקאו קפה,גרמים,50.00,100 גרם,false,1,9.90,19.80,true,1,
7290018344118,false,חטיף חלבון פירות וסלק טבע ירוק 50 גרם,,IL,חטיף חלבון פירות וסל,גרמים,50.00,100 גרם,false,1,9.90,19.80,true,1,
7290018344729,false,"טבע ירוק עוגיות כוסמין פקאן לל""ס 200 גר",,IL,טבע ירוק עוגיות כוסמ,גרמים,200.00,100 גרם,false,1,24.90,12.45,true,1,
7290018344767,false,"עוגיות כוסמין חמוציות שקדים לל""ס 200 ג",,IL,עוגיות כוסמין חמוציו,גרמים,200.00,100 גרם,false,1,24.90,12.45,true,1,
7290018344774,false,"טבע ירוק עוגיות כוסמין שוקולד לל""ס 200 ג",,IL,טבע ירוק עוגיות כוסמ,גרמים,200.00,100 גרם,false,1,24.90,12.45,true,1,
7290018357002,false,"יין פלדשטיין גרנאש רוזה 750 מ""ל",,IL,יין פלדשטיין גרנאש ר,Unknown,0.00,Unknown,false,1,99.90,99.90,true,1,
7290018359112,false,יכין פאסאטה מחית עגבניות איטלקיות 690 ג',זנלכל,IL,פאסאטה מחית עגבניות,גרמים,690.00,100 גרם,false,1,9.90,1.43,true,1,
7290018359129,false,יכין פולפה עגבניות חתוכות מקולפות דק 690 ג',אמיליאנה קונסרב,IT,פולפה עגבניות מקולפו,גרמים,690.00,100 גרם,false,1,9.90,1.43,true,1,
7290018359334,false,רכז עגבניות טבעי פריכוז שף יכין 580 גרם,זנלכל,IL,רכז עגבניות טבעי פרי,גרמים,580.00,100 גרם,false,1,10.90,1.88,true,1,
7290018359495,false,תירס מהשדה בלי תוספת סוכר יכין 550 גרם,היינץ צפון אמריקה מק,IL,תירס מהשדה ללא תוספת,גרמים,550.00,100 גרם,false,1,9.90,1.80,true,1,
7290018359518,false,תירס מהשדה בלי תוספת סוכר יכין מארז 200X3 גר',זנלכל,IL,תירס מהשדה יכין 200*,גרמים,600.00,100 גרם,false,1,14.90,2.48,true,1,
7290018359556,false,יכין תירס מהשדה בלי תוספת סוכר 400 גר',היינץ צפון אמריקה מק,IL,תירס מהשדה יכין 400,גרמים,400.00,100 גרם,false,1,6.90,1.73,true,1,
7290018359570,false,שעועית צילי הקטניה יכין מארז 3* 200 גר,,,שעועית צילי הקטניה,גרמים,600.00,100 גרם,false,1,12.90,2.15,true,1,
7290018359587,false,חומוס הקטניה הטובה יכין מארז 3*200 גר,,IL,חומוס הקטניה הטובה י,גרמים,600.00,100 גרם,false,1,12.90,2.15,true,1,
7290018359655,false,מארז פטריות חתוכות יכין 200X3 גרם,,,פטריות חתוכות יכין 1,גרמים,185.00,100 גרם,false,1,11.90,6.43,true,1,
7290018359662,false,קוביות סלק יכין מארז 3*200 גר,יכין,,קוביות סלק יכין מארז,גרמים,600.00,100 גרם,false,1,15.90,2.65,true,1,
7290018359679,false,שעועית לימה הקיסרית יכין 550 גר,יכין,IL,שעועית לימה הקיסרית,גרמים,550.00,100 גרם,false,1,9.90,1.80,true,1,
7290018359686,false,חומוס ענק יכין 550 גרם,היינץ צפון אמריקה מק,IL,חומוס ענק יכין 550 ג,גרמים,550.00,100 גרם,false,1,9.90,1.80,true,1,
7290018359716,false,רוטב עגבניות פיצה טוסקנה 240 גרם יכין,"זנלכל בע""מ",IL,רוטב עגבניות פיצה ט,גרמים,240.00,100 גרם,false,1,6.50,2.71,true,1,
7290018359884,false,פולפה ליקופן טבעית יכין 400 גר*2,יכין,IL,פולפה ליקופן טבעית י,גרמים,800.00,100 גרם,false,1,16.90,2.11,true,1,
7290018359938,false,"רוטב עגבניות לשקשוקה יכין, 400 גרם",יכין,IL,רוטב עגבניות לשקשוקה,גרמים,400.00,100 גרם,false,1,11.90,2.98,true,1,
7290018359945,false,חאריפה רוטב פיקנטי מפלפלים וירקות 400גר,יכין,IL,רוטב פיקנטי חאריפה י,גרמים,400.00,100 גרם,false,1,11.90,2.98,true,1,
7290018359969,false,רוטב עגבניות לפיצה יכין 400 גרם,יכין,IL,רוטב עגבניות לפיצה י,גרמים,400.00,100 גרם,false,1,11.90,2.98,true,1,
7290018367322,false,שומשום בטעם רוטב סויה 100 גרם,,TW,שומשום בטעם רוטב סוי,גרמים,100.00,100 גרם,false,1,18.90,18.90,true,1,
7290018367346,false,שומשום בטעם וואסבי 100 גרם,Flavor full foods in,TW,שומשום בטעם וואסבי 1,גרמים,100.00,100 גרם,false,1,18.90,18.90,true,1,
7290018371169,false,זיתים ירוקים ללא גלעינים אורגני 290 גרם,,GR,זיתים ירוקים ללא גלע,גרמים,290.00,100 גרם,false,1,14.90,5.14,true,1,
7290018371176,false,זיתים במילוי שום אורגני 295 גרם,,GR,זיתים במילוי שום אור,גרמים,295.00,100 גרם,false,1,19.90,6.75,true,1,
7290018371183,false,זיתי קלמטה שלמים אורגני 300 גרם,,GR,זיתי קלמטה שלמים אור,גרמים,300.00,100 גרם,false,1,15.90,5.30,true,1,
7290018371213,false,מחית תפוח עץ ואפרסק אורגני 100 גרם,,ES,מחית תפוח עץ ואפרסק,גרמים,100.00,100 גרם,false,1,4.90,4.90,true,1,
7290018371534,false,וופל קוביות כוסמין חרובים אורגני 200 גר,"רוקחמן בע""מ",IL,וופל קוביות כוסמין ח,גרמים,200.00,100 גרם,false,1,16.90,8.45,true,1,
7290018371541,false,מאגדת חטיף וופל חרובים אורגני 7*20 גר,,IL,מאגדת חטיף וופל חרוב,גרמים,140.00,100 גרם,false,1,13.90,9.93,true,1,
7290018371565,false,פסטה כוסמין תרד קונכיה השדה 400 גר,,,פסטה כוסמין תרד קונכ,גרמים,400.00,100 גרם,false,1,19.90,4.98,true,1,
7290018371572,false,פסטה כוסמין קונכיה השדה 400 גר,,,פסטה כוסמין קונכיה ה,גרמים,400.00,100 גרם,false,1,19.90,4.98,true,1,
7290018380017,false,מלפפון בחומץ 13-17+ 20 % 670 ג' תומר,,IL,מלפפון בחומץ 13-17 +,גרמים,670.00,100 גרם,false,1,8.90,1.33,true,1,
7290018380024,false,מלפפון במלח 13-17+ 20 % 670 ג' תומר,,IL,מלפפון במלח 13-17 +,גרמים,670.00,100 גרם,false,1,9.40,1.40,true,1,
7290018380130,false,פלפל שיפקה חריף 540 גרם A2,,IL,פלפל שיפקה חריף 540,גרמים,540.00,100 גרם,false,1,6.30,1.17,true,1,
7290018380147,false,חצילים כבושים 540 גרם A2,,IL,חצילים כבושים 540 גר,גרמים,540.00,100 גרם,false,1,6.90,1.28,true,1,
7290018380406,false,עוגיות בטעם חמאה בפח 114 גרם,ESS PEE,IN,עוגיות בטעם חמאה 114,גרמים,114.00,100 גרם,false,1,6.90,6.05,true,1,
7290018380444,false,"תומר סילאן צנצנת 720 גרם כשל""פ",,IL,סילאן בצנצנת תומר 72,גרמים,720.00,100 גרם,false,1,10.90,1.51,true,1,
7290018380505,false,"אורז פרסי לבן ארוך 1 קג ""20X",,TH,אורז פרסי לבן ארוך 1,גרמים,1000.00,100 גרם,false,1,7.90,0.79,true,1,
7290018380529,false,לבבות דקל חתיכות תומר 400 גרם,,EC,לבבות דקל חתיכות תומ,גרמים,400.00,100 גרם,false,1,6.90,1.73,true,1,
7290018380543,false,"סקוויז מחית תפו""ע 100 גרם",,,"סקוויז מחית תפו""ע 10",גרמים,100.00,100 גרם,false,1,5.90,5.90,true,1,
7290018380611,false,צלפים עם חומץ 370 גרם,,MA,צלפים עם חומץ 370 גר,גרמים,370.00,100 גרם,false,1,9.90,2.68,true,1,
7290018380628,false,צלפים שלמים עם גבעול בחומץ 370 גרם,,MA,צלפים עם גבעול במי מ,גרמים,370.00,100 גרם,false,1,13.50,3.65,true,1,
7290018380819,false,רגא'מה תבשיל הודי חצילים 300 גרם,,,תבשיל הודי חצילים 30,גרמים,300.00,100 גרם,false,1,11.90,3.97,true,1,
7290018380826,false,רגא'מה תבשיל הודי שעועית אדומה 300 גרם,,,תבשיל הודי שעועית אד,גרמים,300.00,100 גרם,false,1,11.90,3.97,true,1,
7290018400470,false,כרישה חתוכה מוקפאת 600 גרם סנפרוסט,"סנפרוסט בע""מ",IL,כרישה חתוכה מוקפאת 6,גרמים,600.00,100 גרם,false,1,18.90,3.15,true,1,
7290018440070,false,תרכיז עגבניות בשפורפרת 28BX בלה איטליה 200 ג',בלה איטליה Bella Italia,IT,תרכיז עגבניות בשפורפ,גרמים,200.00,100 גרם,false,1,9.40,4.70,true,1,
7290018440223,false,חווית הצ'אי- מסאלה עוצמתי,ויסוצקי,IL,צאי מסאלה 25 שקיקים,גרמים,50.00,100 גרם,false,1,21.90,43.80,true,1,
7290018440254,false,צ'אי קרמל מלוח 25 שק' ויסוצקי,ויסוצקי,IL,צאי קרמל מלוח 25 שק,גרמים,50.00,100 גרם,false,1,21.90,43.80,true,1,
7290018440391,false,תה ירוק מאטה נענע גוארנה 25 שק' ויסוצקי,ויסוצקי,IL,תה ירוק מאטה נענע גו,גרמים,400.00,100 גרם,false,1,24.90,6.23,true,1,
7290018440445,false,טונה קאלוו בשמן זית 160 גר,קאלבו קונסרבס ס.ל.ו,ES,טונה קאלוו בשמן זית,גרמים,160.00,100 גרם,false,1,16.90,10.56,true,1,
7290018440483,false,פליפז בייגלה מצופה בקרמל מלוח ושוקולד 140 גרם,שוורצקוף& הנקל דיסלד,TR,140 בייגלה מצופה בק,גרמים,140.00,100 גרם,false,1,8.90,6.36,true,1,
7290018440490,false,סלט טונה קאלוו עם קוסקוס 150 גר,קאלבו קונסרבס ס.ל.ו,ES,סלט טונה קאלוו עם קו,גרמים,150.00,100 גרם,false,1,13.90,9.27,true,1,
7290018440513,false,סלט קליפורנייה קאלוו עם טונה 150 גר,קאלבו קונסרבס ס.ל.ו,ES,סלט קליפורנייה קאלוו,גרמים,150.00,100 גרם,false,1,13.90,9.27,true,1,
7290018440896,false,חליטת צמחים ג'ינג'ר וכורכום - אפקט הג'ינג'ר,ויסוצקי,IL,חליטת גינגר וכורכום-,גרמים,50.00,100 גרם,false,1,21.90,43.80,true,1,
7290018441626,false,גלידת פיינטים מנטה עוגיות 430 ג' בן וג'ירי,מוצרי איכות אמריקאיי,IL,בן אנד גריס גלידת מנ,מיליליטרים,500.00,"100 מ""ל",false,1,23.90,4.78,true,1,
7290018468425,false,נקניק טבעוני בטעם פקנטי 100 גרם טירת צבי,טיב טירת צבי 2000,IL,נקניק טבעוני בטעם פק,גרמים,100.00,100 גרם,false,1,19.90,19.90,true,1,
7290018468432,false,נקניק טבעוני בטעם מעושן 100 גרם טירת צבי,טיב טירת צבי 2000,IL,נקניק טבעוני בטעם מע,גרמים,100.00,100 גרם,false,1,19.90,19.90,true,1,
7290018471180,false,משקה פרוט& ווג' אננס תפוח גזר 1 ליטר,פרוט אנד וג' Fruit & Veg,IL,פרוט & ווג אננס תפוח,מיליליטרים,1000.00,"100 מ""ל",false,1,14.90,1.49,true,1,
7290018471197,false,משקה פרוט& ווג' תפוח בננה מלון 1 ליטר,פרוט אנד וג' Fruit & Veg,IL,פרוט & ווג תפוח בננה,מיליליטרים,1000.00,"100 מ""ל",false,1,14.90,1.49,true,1,
7290018471210,false,קרטונית נקטר ספרינג תפוח סברס 1 ליטר,יפאורה תבורי,IL,קרטונית נקטר ספרינג,מיליליטרים,1000.00,"100 מ""ל",false,1,6.90,0.69,true,1,
7290018471319,false,"מארז רביעייה שוויפס ביטר למון 250מ""ל",יפאורה תבורי בעמ,IL,שוופס ביטר למון 250,מיליליטרים,1000.00,"100 מ""ל",false,1,22.90,2.29,true,1,
7290018471401,false,משקה פרוט& ווג' אננס בננה כורכום 1 ליטר,פרוט אנד וג' Fruit & Veg,IL,פרוט & ווג אננס בננה,מיליליטרים,1000.00,"100 מ""ל",false,1,14.90,1.49,true,1,
7290018471456,false,קרטונית ספרינג שייק אננס מנגו פסיפלורה 1 ליטר,"יפאורה תבורי בע""מ",IL,ספרינג שייק אננס מנג,מיליליטרים,1000.00,"100 מ""ל",false,1,14.30,1.43,true,1,
7290018471463,false,תפוזינה נקטר תפוז מנגו קרטונית 1 ליטר,"יפאורה תבורי בע""מ",IL,תפוזינה תפוז מנגו 1,מיליליטרים,1000.00,"100 מ""ל",false,1,7.60,0.76,true,1,
7290018471470,false,תפוזינה נקטר תפוז פסיפלורה קרטונית 1 ליטר,"יפאורה תבורי בע""מ",IL,תפוזינה תפוז פסיפלור,מיליליטרים,1000.00,"100 מ""ל",false,1,7.60,0.76,true,1,
7290018471487,false,תפוזינה נקטר תפוז אננס קרטונית 1 ליטר,"יפאורה תבורי בע""מ",IL,תפוזינה תפוז אננס 1,מיליליטרים,1000.00,"100 מ""ל",false,1,7.60,0.76,true,1,
7290018471494,false,תפוזינה משקה תפוז גזר קרטונית 1 ליטר,"יפאורה תבורי בע""מ",IL,תפוזינה תפוז גזר 1 ל,מיליליטרים,1000.00,"100 מ""ל",false,1,7.60,0.76,true,1,
7290018471623,false,שוופס טוניק אשכוליות ליצ'י 1 ליטר,"יפאורה תבורי בע""מ",IL,שוופס טוניק אשכוליות,מיליליטרים,1000.00,"100 מ""ל",false,1,9.20,0.92,true,1,
7290018471630,false,שוופס טוניק מלפפון ליים 1 ליטר,"יפאורה תבורי בע""מ",IL,שוופס טוניק מלפפון ל,מיליליטרים,1000.00,"100 מ""ל",false,1,9.20,0.92,true,1,
7290018471906,false,שוופס מוגז פירות לימונדה ורודה 1.5 ליטר פיקדון,"יפאורה תבורי בע""מ",IL,שוופס מוגז לימונדה ו,ליטרים,0.00,ליטר,false,1,9.20,9.20,true,1,
7290018471913,false,שוופס מוגז פירות תפוחים 1.5 ליטר-,"יפאורה תבורי בע""מ",IL,שוופס מוגז תפוחים 1.,ליטרים,0.00,ליטר,false,1,9.20,9.20,true,1,
7290018471920,false,שוופס מוגז פירות ענבים 1.5 ליטר פיקדון,"יפאורה תבורי בע""מ",IL,שוופס מוגז ענבים 1.5,ליטרים,0.00,ליטר,false,1,9.20,9.20,true,1,
7290018471937,false,שוופס מוגז פירות תות ליים 1.5 ליטר פיקדון,"יפאורה תבורי בע""מ",IL,שוופס מוגז פירות תות,ליטרים,0.00,ליטר,false,1,9.20,9.20,true,1,
7290018471944,false,שוופס מוגז פירות לימונייד 1.5 ליטר פיקדון,"יפאורה תבורי בע""מ",IL,שוופס מוגז לימונייד,ליטרים,0.00,ליטר,false,1,9.20,9.20,true,1,
7290018471951,false,שוופס מוגז פירות אשכולית אדומה 1.5 ליטר פיקדון,"יפאורה תבורי בע""מ",IL,שוופס מוגז אשכולית א,ליטרים,0.00,ליטר,false,1,9.20,9.20,true,1,
7290018493045,false,"קרם ידיים מועשר בשמן קוקוס ד""ר פישר 100 מ""ל",דר פישר,IL,קרם ידיים אפקטיב קר,מיליליטרים,100.00,"100 מ""ל",false,1,15.90,15.90,true,1,
7290018509111,false,"כוסות 180 מ""ל 75 יח' הנמל",,,"כוסות 180 מ""ל 75 יח",יחידה,1.00,יחידה,false,1,8.50,8.50,true,1,
7290018516058,false,פרמיו דליקט טונה ושרימפס לחתול,פרמיו Premio,,פרמיו דליקט טונה ושר,Unknown,1.00,Unknown,false,1,9.90,9.90,true,1,
7290018516324,false,פאוץ תפוח ושבולת שועל 120 ג' פירונק,פרוטה פודווין איי.אס,CZ,פאוץ פרינוק תפוח וש.,גרמים,120.00,100 גרם,false,1,6.50,5.42,true,1,
7290018516348,false,מחית פרינוק פאוץ' שיבולת שועל סלט פירות 120 גרם,פרוטה פודווין איי.אס,CZ,פאוץ פרינוק סלט פירו,גרמים,120.00,100 גרם,false,1,6.50,5.42,true,1,
7290018516362,false,מחיט תפוח עץ בננה ושבולות שועל 190 ג' פרינוק גוניור,פרוטה פודווין איי.אס,CZ,"פרינוק גוניור תפ""ע+ב",גרמים,190.00,100 גרם,false,1,7.90,4.16,true,1,
7290018516379,false,מחיט סלט פירות ושבולות שועל 190 ג' פרינוק גוניור,פרוטה פודווין איי.אס,CZ,פרינוק גוניור סלט פי,גרמים,190.00,100 גרם,false,1,7.90,4.16,true,1,
7290018542156,false,צלחת 10 אבן שיש לבנ,,CN,צלחת 10 אבן שיש לבנ,Unknown,0.00,Unknown,false,1,41.90,41.90,true,1,
7290018542965,false,"צלחת מתכלה 9"" סדרת שמש אר 20 יח' דנטס",,CN,צלחת מתכלה 9 סדרת שמ,Unknown,1.00,Unknown,false,1,16.90,16.90,true,1,
7290018542972,false,"צלחת מתכלה 10"" סדרת שמש אר 20 יח' דנטס",,CN,צלחת מתכלה 10 סדרת ש,Unknown,1.00,Unknown,false,1,23.90,23.90,true,1,
7290018593011,false,פטה שקדים עשבי תיבול 200 גרם,פלנטי,IL,פטה שקדים עשבי תיבול,גרמים,200.00,100 גרם,false,1,31.50,15.75,true,1,
7290018593035,false,כמוצרלה קשיו פלנטי,פלנטי,IL,מוצרלה קשיו 200 גרם,גרמים,200.00,100 גרם,false,1,28.50,14.25,true,1,
7290018593066,false,אגוזנו בסגנון פרמזן 100 גרם,,,אגוזנו עשבי תיבול,גרמים,100.00,100 גרם,false,1,23.90,23.90,true,1,
7290018593295,false,קשיו פסטו חצי קשה טבעוני פלנטי 200 גרם,פלנטי,IL,קשיו פסטו חצי קשה טב,גרמים,200.00,100 גרם,false,1,29.90,14.95,true,1,
7290018593325,false,לאבנה שקדים טבעוני פלנטי 220 גרם,פלנטי,IL,לאבנה שקדים טבעוני פ,גרמים,220.00,100 גרם,false,1,20.90,9.50,true,1,
7290018641439,false,"ערק אשכולית אדומה מוגז 330 מ""ל",,IL,ערק אשכולית אדומה מו,מיליליטרים,330.00,"100 מ""ל",false,1,14.90,4.52,true,1,
7290018641446,false,"ערק לימונדה מוגז 330 ""מ""ל",,IL,ערק לימונדה מוגז 33,מיליליטרים,330.00,"100 מ""ל",false,1,14.90,4.52,true,1,
7290018652039,false,לה קרמריה קרמל מלוח ונוגט בדצ 1.4 ליטר,גלידות נסטלה,IL,לה קרמריה כרמל מלוח,מיליליטרים,1400.00,"100 מ""ל",false,1,18.90,1.35,true,1,
7290018652671,false,"לה קרמריה שוקולד וניל 1.4 ליטר [תו אי""ל]",גלידות נסטלה,IL,לה קרמריה וולנס שוק,גרמים,700.00,100 גרם,false,1,18.90,2.70,true,1,
7290018652923,false,מאגדת תות עוגת גבינה שוקולד 5 *43 ג' נסטלה,גלידות נסטלה,IL,מאגדת 99 אספרסו שוקו,גרמים,275.00,100 גרם,false,1,27.90,10.15,true,1,
7290018677018,false,לחם מחמצת כוסמין מלא אורגני 375 גרם,,CZ,לחם מחמצת כוסמין מלא,גרמים,375.00,100 גרם,false,1,18.90,5.04,true,1,
7290018677049,false,לחם שיפון מלא פומפרניקל אורגני 500 גרם,,CZ,לחם שיפון מלא פומפרנ,גרמים,500.00,100 גרם,false,1,18.90,3.78,true,1,
7290018677087,false,"קרם קוקוס לל""ג אורגני נוטרה זן 1 ליטר",,LK,"קרם קוקוס לל""ג אורגנ",גרמים,1000.00,100 גרם,false,1,24.90,2.49,true,1,
7290018677124,false,גרנולה קראנצ'י חמוציות ודובדבנים ללא גלוטן וללא תוספת סוכר נוטרה זן-300 גרם,נוטרה זון,CZ,גרנולה קראנצי חמוציו,גרמים,300.00,100 גרם,false,1,23.90,7.97,true,1,
7290018677131,false,גרנולה קראנצ'י אגוזים ושקדים ללא גלוטן וללא תוספת סוכר נוטרה זן-300 גרם,נוטרה זון,CZ,גרנולה קראנצי אגוזים,גרמים,300.00,100 גרם,false,1,23.90,7.97,true,1,
7290018677155,false,"תערובת קמחים רב תכליתי לל""ג 500 גרם",נוטרה זון,IT,תערובת קמחים רב תכלי,גרמים,500.00,100 גרם,false,1,19.90,3.98,true,1,
7290018677162,false,"תערובת קמחים רב תכליתי לל""ג 500 גרם",נוטרה זון,IT,תערובת קמחים רב תכלי,גרמים,500.00,100 גרם,false,1,22.90,4.58,true,1,
7290018681602,false,זרעי ציה אורגני כרם 650 גרם,,PE,זרעי ציה אורגני כרם,גרמים,650.00,100 גרם,false,1,28.90,4.45,true,1,
7290018681930,false,פריכיות שיבולת שועל כרם 100 גרם,,,פריכיות שיבולת שועל,גרמים,100.00,100 גרם,false,1,7.90,7.90,true,1,
7290018703229,false,חטיף חלבון שוקולד אגוזים פראוד 60 גרם,פראוד,,חטיף חלבון שוקולד אג,גרמים,60.00,100 גרם,false,1,13.90,23.17,true,1,
7290018703243,false,חטיף חלבון קרמל קראנצ פראוד 60 גרם,פראוד,,חטיף חלבון קרמל קראנ,גרמים,60.00,100 גרם,false,1,13.90,23.17,true,1,
7290018708118,false,בארכה חלבה וניל פיסטוק ללא סוכר 350 ג,,,בארכה חלבה וניל פיסט,גרמים,350.00,100 גרם,false,1,17.30,4.94,true,1,
7290018715086,false,"יין קופאז ברבדו בלנד אדום יבש 750 מ""ל",,,יין קופאז ברבדו בלנד,Unknown,0.00,Unknown,false,1,104.90,104.90,true,1,
7290018720011,false,ביסקוויט קרנבל חיות בטעם וניל 250 ג' מעדני מלך,הגביע מוצרי וופלים,IL,עוגיות קרנבל חיות 25,גרמים,250.00,100 גרם,false,1,6.50,2.60,true,1,
7290018724804,false,"זרעי צ'יה ""נטורלה"" 230 גרם",,IL,זרעי ציה 230 גרם NAT,גרמים,230.00,100 גרם,false,1,13.90,6.04,true,1,
7290018749005,false,כיסונים ביתיים עבודת יד 600 גרם,,IL,כיסונים ביתיים עבודת,גרמים,600.00,100 גרם,false,1,31.90,5.32,true,1,
7290018749036,false,מאפה במילי בשר (בילאש) 600 גרם,,,מאפה במילי בשר (בילא,גרמים,600.00,100 גרם,false,1,31.90,5.32,true,1,
7290018749050,false,חינקלי קלאסי במילוי בשר 500 גרם,,IL,חינקלי קלאסי במילוי,גרמים,500.00,100 גרם,false,1,31.90,6.38,true,1,
7290018749104,false,"קרפלך במילוי תפו""א ובצל 700 גרם",,IL,"קרפלך במילוי תפו""א ו",גרמים,700.00,100 גרם,false,1,21.90,3.13,true,1,
7290018749166,false,"לביבות תפו""א במילוי בשר 600 גרם",,,"לביבות תפו""א במילוי",גרמים,600.00,100 גרם,false,1,37.90,6.32,true,1,
7290018749210,false,מיני כיסונים קלאסיים במילוי בשר והודו למ,,IL,מיני כיסונים קלאסיים,גרמים,600.00,100 גרם,false,1,31.90,5.32,true,1,
7290018749227,false,"כיסונים במילוי בשר בראבו 1 ק""ג",,IL,כיסונים במילוי בשר ב,גרמים,1000.00,100 גרם,false,1,29.90,2.99,true,1,
7290018757024,false,מיץ תפוחים אורגני עתיד ירוק 1 ליטר,,TR,מיץ תפוחים אורגני עת,מיליליטרים,1000.00,"100 מ""ל",false,1,15.90,1.59,true,1,
7290018757147,false,"קמח ש.שועל מלאה לל""ג אורגני 400 גרם",נוטרה זן,CZ,"קמח ש.שועל מלאה לל""ג",גרמים,400.00,100 גרם,false,1,19.90,4.98,true,1,
7290018757185,false,פריכיות כוסמת ללא תוספת מלח 150 גרם,,,פריכיות כוסמת ללא תו,גרמים,150.00,100 גרם,false,1,8.90,5.93,true,1,
7290018757222,false,בורגר פטריות טבעוני עתיד ירוק 375 גרם,,IL,בורגר פטריות טבעוני,גרמים,375.00,100 גרם,false,1,23.90,6.37,true,1,
7290018757260,false,בורגר סלק טבעוני עתיד ירוק 400 גרם,,IL,בורגר סלק טבעוני עתי,גרמים,400.00,100 גרם,false,1,20.90,5.23,true,1,
7290018757420,false,יובה חלבון סויה מיובש מסולסלת קשרים 300,,CN,יובה חלבון סויה מיוב,גרמים,300.00,100 גרם,false,1,20.90,6.97,true,1,
7290018757437,false,יובה חלבון סויה מיובש רצועות רחבות 240,,CN,יובה חלבון סויה מיוב,גרמים,240.00,100 גרם,false,1,20.90,8.71,true,1,
7290018757505,false,סודה לשתייה ללא אלומיניום 600 גרם,,,סודה לשתייה ללא אלומ,גרמים,600.00,100 גרם,false,1,18.90,3.15,true,1,
7290018757574,false,זרעי ציה 230 ג SUPER FOOD,,,זרעי ציה 230 ג SUPER,גרמים,230.00,100 גרם,false,1,13.90,6.04,true,1,
7290018757833,false,קמח אגוזי נמר שליס 250 גרם,,,קמח אגוזי נמר שליס 2,גרמים,250.00,100 גרם,false,1,26.90,10.76,true,1,
7290018757864,false,קמח בננה ירוקה אורגני 250 גרם,,IL,קמח בננה ירוקה אורגנ,גרמים,250.00,100 גרם,false,1,27.90,11.16,true,1,
7290018792841,false,אבקת קקאו טבעי גאנה 150 גר,אברמוביץ עזר קקאו וש,IL,אבקת קקאו טבעי גאנה,גרמים,150.00,100 גרם,false,1,9.90,6.60,true,1,
7290018835012,false,באר אקסטרה בציפוי שוקולד חלב 5 יח 90 גר,,,באר אקסטרה בציפוי שו,גרמים,90.00,100 גרם,false,1,12.90,14.33,true,1,
7290018860984,false,אטריות ביצים דקות 400 גרם,xiamen zhongshi impo,CN,אטריות ביצים דקות 40,גרמים,400.00,100 גרם,false,1,9.90,2.48,true,1,
7290018860991,false,אטריות ביצים רחבות 400 גרם,xiamen zhongshi impo,CN,אטריות ביצים רחבות 4,גרמים,400.00,100 גרם,false,1,9.90,2.48,true,1,
7290018889305,false,עוגה קריסטלית לב רד וולוט חלבי 225 ג' נטלי,נטלי,IL,עוגת רד וולוט חלבי נ,גרמים,225.00,100 גרם,false,1,22.90,10.18,true,1,
7290018889404,false,עוגת פס רד וולוט חלבי נטלי 550 גרם,נטלי,IL,עוגת פס רד וולוט חלב,גרמים,550.00,100 גרם,false,1,43.90,7.98,true,1,
7290018889473,false,עוגה קריסטלית לב מוס גבינה מצופה פררו רושה 170ג' נטלי,נטלי,IL,מוס גבינה מצופה פררו,גרמים,155.00,100 גרם,false,1,22.90,14.77,true,1,
7290018893005,false,"חטיפי בייגלה אפוי בטעם חרדל ודבש, 160 גרם",צ'וקטה Chocketa,RO,בייגלה ציוקטה חרדל ו,גרמים,160.00,100 גרם,false,1,7.90,4.94,true,1,
7290018893081,false,עוגות מגולגלות במילוי קרם חלבי וציפוי בטעם שוקולד,צ'וקטה Chocketa,IL,יוגטה עוג.איש. מגולג,גרמים,222.00,100 גרם,false,1,10.50,4.73,true,1,
7290018893258,false,צוקטה עוגות אישיות במילוי קרמל 10*30 גר,פרדי קונדטוריה אס פי,IT,צוקטה עוגות אישיות ב,גרמים,300.00,100 גרם,false,1,15.60,5.20,true,1,
7290018893401,false,שוקולד מריר פרימיום 70% 100 גרם צ'וקטה איגוד רבנים,צ'וקטה Chocketa,ES,צוקטה שוקולד מריר 7,גרמים,100.00,100 גרם,false,1,7.90,7.90,true,1,
7290018893456,false,צ'וקטה מארז עוגות אישיות במילוי קרם ובציפוי שוקולד 10*30ג,פרדי קונדטוריה אס.פי,IT,צוקטה עוגות אישיות ב,גרמים,300.00,100 גרם,false,1,15.60,5.20,true,1,
7290018893494,false,עלי וופל דקים בטעם חמאה ציוקטה 100 גר,צ'וקטה Chocketa,BE,עלי וופל דקים בטעם ח,גרמים,100.00,100 גרם,false,1,10.90,10.90,true,1,
7290018893609,false,שוקולד מריר פרימיום 85% 100 גרם איגוד רבנים,צ'וקטה Chocketa,ES,צוקטה שוקולד מריר 8,גרמים,100.00,100 גרם,false,1,7.90,7.90,true,1,
7290018893654,false,חטיפי בייגלה דקיקים ופריכים מלח צ'וקטה 200 ג',צ'וקטה Chocketa,RO,בייגלה ציוקטה בתוספת,גרמים,200.00,100 גרם,false,1,7.90,3.95,true,1,
7290018893746,false,צ'וקטה בייגלה עגבניות ועשבי תיבול 180 גרם,SC ALKA TRADING CO S,RO,בייגלה ציוקטה עגבניו,גרמים,180.00,100 גרם,false,1,7.90,4.39,true,1,
7290018893807,false,צ'וקטה - שוקולד מריר שלישייה 3 * 100 גרם,צ'וקטה Chocketa,ES,מארז שוקולד מריר 60%,גרמים,300.00,100 גרם,false,1,10.90,3.63,true,1,
7290018893845,false,פתי בר צוקטה ביסקוויט בטעם חמאה 400 גר,צ'וקטה Chocketa,ES,פתי בר צוקטה ביסקווי,גרמים,400.00,100 גרם,false,1,8.90,2.23,true,1,
7290018893852,false,חטיפי בייגלה דקיקים ופריכים שומשום צ'וקטה 200 ג',צ'וקטה Chocketa,RO,בייגלה ציוקטה בתוספת,גרמים,200.00,100 גרם,false,1,7.50,3.75,true,1,
7290018894019,false,עוגות אישיות במילוי קרם חלבי ובציפוי קרם קקאו,בלקוני Balconi,IT,בלקוני עוגות אישיות,גרמים,350.00,100 גרם,false,1,14.90,4.26,true,1,
7290018894217,false,עוגות אישיות במילוי קרם קקאו ובציפוי קרם קקאו,בלקוני Balconi,IT,בלקוני עוגות אישיות,גרמים,350.00,100 גרם,false,1,14.90,4.26,true,1,
7290018921166,false,"אל סבון נוזלי ניקוי יסודי ד""ר פישר 1 ל""",,IL,אל סבון קמיל בלו בתמ,מיליליטרים,1000.00,"100 מ""ל",false,1,15.90,1.59,true,1,
7290018921449,false,רביעיית מגבוני קמיל בלו תפרחת 64 יח',,,רביעייה מגבוני קמיל,יחידה,1.00,יחידה,false,1,24.90,24.90,true,1,
7290018921616,false,רביעיית מגבוני קמיל בלו שיבולת שועל 64 יח',,,רביעייה מגבוני שיבול,יחידה,1.00,יחידה,false,1,22.90,22.90,true,1,
7290018921753,false,"אל סבון לתחושת רעננות לבנדר קמיל ד""ר פישר 1 ל""",,IL,אל סבון קמיל בלו בתמ,מיליליטרים,1000.00,"100 מ""ל",false,1,15.90,1.59,true,1,
7290018925065,false,מיץ פרימור תפוזים סחוט 2 ליטר-,"גניר (1992) בע""מ",IL,מיץ תפוזים סחוט 2 ל,מיליליטרים,2000.00,"100 מ""ל",false,1,27.90,1.40,true,1,
7290018925072,false,משקה קל לימונים ונענע 2 ל פרימור,"גניר (1992) בע""מ",IL,משקה קל לימונים ונענ,ליטרים,2.00,ליטר,false,1,27.90,13.95,true,1,
7290018925089,false,"מיץ פרימור תפו""ע צלול סחוט 2 ליטר-","גניר (1992) בע""מ",IL,מיץ תפוחים צלול מרכז,מיליליטרים,2000.00,"100 מ""ל",false,1,27.90,1.40,true,1,
7290018925416,false,"מיץ לימון ופסיפלורה 400 מ""ל פרימור","גניר בע""מ",IL,מיץ לימון ופסיפלורה,מיליליטרים,410.00,"100 מ""ל",false,1,10.90,2.66,true,1,
7290018949023,false,"גרופר משקה קל מוגז אורגני לימוננ 330 מ""ל",,IL,גרופר משקה קל מוגז א,מיליליטרים,330.00,"100 מ""ל",false,1,9.50,2.88,true,1,
7290018972496,false,קיינד טבעוני מיני עראיס 400 גרם,,IL,קיינד א מיני עראיס 4,גרמים,400.00,100 גרם,false,1,21.90,5.48,true,1,
7290018972618,false,"תמר מג'הול 1 ק""ג תומר",,IL,"תמר מגהול תומר 1 ק""ג",גרמים,1000.00,100 גרם,false,1,19.90,1.99,true,1,
7290018972762,false,נודלס טעם עוף להכנה מהירה 72 גרם,,CN,נודלס מנה חמה עוף תו,גרמים,72.00,100 גרם,false,1,5.90,8.19,true,1,
7290018972786,false,נודלס טעם ירקות להכנה מהירה 72 גרם,,CN,נודלס מנה חמה ירקות,גרמים,72.00,100 גרם,false,1,5.90,8.19,true,1,
7290018989081,false,חומוס הבית להכנת חומוס טרי יכין 400 גר,זנלכל,IL,חומוס הבית להכנת חומ,גרמים,410.00,100 גרם,false,1,7.90,1.93,true,1,
7290018989128,false,סירופ בטעם ענבים יכין 1 ליטר,זנלכל,IL,סירופ בטעם ענבים יכי,ליטרים,0.00,ליטר,false,1,19.90,19.90,true,1,
7290018989135,false,סירופ בטעם פטל יכין 1 ליטר,זנלכל,IL,סירופ בטעם פטל יכין,ליטרים,0.00,ליטר,false,1,19.90,19.90,true,1,
7290019017004,false,"OCEAN שמפו קיק וביוטין 450 מ""ל",,,OCEAN שמפו קיק וביוט,מיליליטרים,450.00,"100 מ""ל",false,1,39.90,8.87,true,1,
7290019017219,false,"שמפו חומצה היאלרונית וקרטין אושן 450 מ""ל",,,שמפו חומצה היאלרונית,מיליליטרים,450.00,"100 מ""ל",false,1,39.90,8.87,true,1,
7290019017622,false,סרום חומצה היאלרונית וקרטין אושן 100 מ,,,סרום חומצה היאלרונית,מיליליטרים,100.00,"100 מ""ל",false,1,59.90,59.90,true,1,
7290019056027,false,שוופס מוגז פירות תפוחים ללא סוכר 1.5 ליטר פיקדון,"יפאורה תבורי בע""מ",IL,שוופס מוגז פירות,ליטרים,0.00,ליטר,false,1,8.70,8.70,true,1,
7290019056034,false,שוופס מוגז פירות אננס ללא סוכר 1.5 ליטר פיקדון,יפאורה תבורי,IL,שוופס מוגז אננס ללא,ליטרים,0.00,ליטר,false,1,8.70,8.70,true,1,
7290019056041,false,שוופס מוגז פירות לימונייד ללא סוכר 1.5 ליטר פיקדון,יפאורה תבורי,IL,שוופס מוגז ללא סוכר,ליטרים,0.00,ליטר,false,1,8.70,8.70,true,1,
7290019056058,false,שוופס מוגז עדין תפוח ליים 1.5 ליטר פיקדון,"יפאורה תבורי בע""מ",IL,שוופס מוגז עדין תפוח,ליטרים,0.00,ליטר,false,1,9.20,9.20,true,1,
7290019056072,false,שוופס מוגז עדין אננס 1.5 ליטר פיקדון,יפאורה תבורי בעמ,IL,שוופס מוגז עדין אננס,ליטרים,0.00,ליטר,false,1,9.20,9.20,true,1,
7290019056089,false,שוופס מוגז עדין ענבי ריזלינג 1.5 ליטר פיקדון,"יפאורה תבורי בע""מ",IL,שוופס מוגז עדין ריזל,ליטרים,0.00,ליטר,false,1,9.20,9.20,true,1,
7290019056096,false,שוופס מוגז עדין אפרסק 1.5 ליטר פיקדון,"יפאורה תבורי בע""מ",IL,שוופס מוגז עדין אפרס,ליטרים,0.00,ליטר,false,1,9.20,9.20,true,1,
7290019056164,false,שוופס סודה 1.5 ליטר רביעייה פיקדון,"יפאורה תבורי בע""מ",IL,רביעיית שוופס סודה 1,ליטרים,0.00,ליטר,false,1,11.70,11.70,true,1,
7290019056171,false,שוופס סודה לימון 1.5 ליטר רביעייה פיקדון,"יפאורה תבורי בע""מ",IL,רביעיית שוופס סודה ל,ליטרים,0.00,ליטר,false,1,11.70,11.70,true,1,
7290019056232,false,משקה מוגז בטעם ליים מוחיטו 1.5 ל' שוופס,"יפאורה תבורי בע""מ",IL,שוופס ליים מוחיטו 1.,ליטרים,0.00,ליטר,false,1,10.90,10.90,true,1,
7290019056249,false,שוופס מים בטעמים ענבים 1.5 ליטר פיקדון,יפאורה תבורי בעמ,IL,שוופס WATER ענבים 1.,ליטרים,0.00,ליטר,false,1,9.50,9.50,true,1,
7290019056256,false,שוופס מים בטעמים תפוחים 1.5 ליטר פיקדון,יפאורה תבורי בעמ,IL,שוופס WATER תפוח 1.5,ליטרים,0.00,ליטר,false,1,9.50,9.50,true,1,
7290019056263,false,שוופס מים בטעמים אפרסק 1.5 ליטר פיקדון,יפאורה תבורי בעמ,IL,שוופס WATER אפרסק 1.,ליטרים,0.00,ליטר,false,1,9.50,9.50,true,1,
7290019056270,false,שוופס מים בטעמים פירות יער 1.5 ליטר פיקדון,"יפאורה תבורי בע""מ",IL,שוופס WATER פירות יע,ליטרים,0.00,ליטר,false,1,9.50,9.50,true,1,
7290019056287,false,שוופס מים בטעמים אפרסק ללא סוכר 1.5 ליטר פיקדון,יפאורה-תבורי בעמ,IL,שוופס WATER אפרסק 0,ליטרים,0.00,ליטר,false,1,9.50,9.50,true,1,
7290019056294,false,שוופס ג'ינג'ר אייל 1.5 ליטר פיקדון,"יפאורה תבורי בע""מ",IL,שוופס גינגר 1.5 ליטר,ליטרים,0.00,ליטר,false,1,12.20,12.20,true,1,
7290019056300,false,משקה בטעם ביטר לימון 1.5 ל' שוויפס,"יפאורה תבורי בע""מ",IL,שוופס ביטר 1.5 ליטר,ליטרים,0.00,ליטר,false,1,12.20,12.20,true,1,
7290019056317,false,שוופס ראשן 1.5 ליטר פיקדון,"יפאורה תבורי בע""מ",IL,משקה שוופס ראשן 1.5,ליטרים,0.00,ליטר,false,1,12.20,12.20,true,1,
7290019056324,false,שוופס טוניק 1.5 ליטר פיקדון,"יפאורה תבורי בע""מ",IL,שוופס טוניק 1.5 ליטר,ליטרים,0.00,ליטר,false,1,12.20,12.20,true,1,
7290019056331,false,שוופס טוניק ללא סוכר 1.5 ליטר פיקדון,יפאורה תבורי בעמ,IL,שוופס טוניק ללא סוכר,ליטרים,0.00,ליטר,false,1,11.90,11.90,true,1,
7290019056355,false,תפוזינה לימונדה MIX לימונענע 1.5 ליטר,"יפאורה תבורי בע""מ",IL,תפוזינה לימונענע 1.5,ליטרים,0.00,ליטר,false,1,9.20,9.20,true,1,
7290019056362,false,תפוזינה ענבים 1.5 ליטר פיקדון,"יפאורה תבורי בע""מ",IL,תפוזינה ענבים 1.5 לי,ליטרים,0.00,ליטר,false,1,9.20,9.20,true,1,
7290019056379,false,תפוזינה תפוזים 1.5 ליטר פיקדון,"יפאורה תבורי בע""מ",IL,תפוזינה תפוזים 1.5 ל,ליטרים,0.00,ליטר,false,1,9.20,9.20,true,1,
7290019056393,false,תפוזינה תות בננה 1.5 ליטר פיקדון,"יפאורה תבורי בע""מ",IL,תפוזינה תות בננה 1.5,ליטרים,0.00,ליטר,false,1,9.20,9.20,true,1,
7290019056409,false,תפוזינה מנגו 1.5 ליטר פיקדון,"יפאורה תבורי בע""מ",IL,תפוזינה מנגו עסיסי 1,ליטרים,0.00,ליטר,false,1,9.20,9.20,true,1,
7290019056416,false,מיץ בטעם לימונדה ורודה 1.5 ל' תפוזינה,"יפאורה תבורי בע""מ",IL,תפוזינה לימונדה ורוד,ליטרים,0.00,ליטר,false,1,9.20,9.20,true,1,
7290019056478,false,ספרינג טי קר אפרסק 1.5ליטר פיקדון,"יפאורה תבורי בע""מ",IL,משקה ספרינג טי אפרסק,ליטרים,0.00,ליטר,false,1,8.20,8.20,true,1,
7290019056485,false,ספריג תה ירוק לימון לואיזה 1.5 ליטר פיקדון,"יפאורה תבורי בע""מ",IL,משקה ספרינג טי לימון,ליטרים,0.00,ליטר,false,1,8.20,8.20,true,1,
7290019056492,false,ספרינג תה מנגו אפרסק 1.5 ליטר פיקדון,ספרינג טי Spring Tea,IL,ספרינג תה מנגו אפרסק,ליטרים,0.00,ליטר,false,1,8.20,8.20,true,1,
7290019056522,false,פרוט ווטר תות 1.5 ליטר פיקדון,"יפאורה תבורי בע""מ",IL,FRUIT WATER תות 1.5,ליטרים,0.00,ליטר,false,1,9.50,9.50,true,1,
7290019056553,false,עין גדי מים מינרלים 2 ליטר*6 יח',עין גדי מים מינרליים,IL,שישיית מים עין גדי 2,ליטרים,0.01,ליטר,false,1,13.30,1330.00,true,1,
7290019056577,false,ספרינג מנגו 1.5 ליטר פיקדון,"יפאורה תבורי בע""מ",IL,ספרינג מנגו 1.5 ליטר,ליטרים,0.00,ליטר,false,1,9.20,9.20,true,1,
7290019056584,false,ספרינג תפוזים 1.5 ליטר פיקדון,"יפאורה תבורי בע""מ",IL,ספרינג תפוז 1.5 ליטר,ליטרים,0.00,ליטר,false,1,9.20,9.20,true,1,
7290019056591,false,ספרינג ענבים 1.5 ליטר פיקדון,"יפאורה תבורי בע""מ",IL,ספרינג ענבים 1.5 ליט,ליטרים,0.00,ליטר,false,1,9.20,9.20,true,1,
7290019056607,false,ספרינג תפוחים 1.5 ליטר פיקדון,"יפאורה תבורי בע""מ",IL,ספרינג תפוח 1.5 ליטר,ליטרים,0.00,ליטר,false,1,9.20,9.20,true,1,
7290019056614,false,ספרינג אפרסק 1.5 ליטר פיקדון,"יפאורה תבורי בע""מ",IL,ספרינג אפרסק 1.5 ליט,ליטרים,0.00,ליטר,false,1,9.20,9.20,true,1,
7290019056621,false,ספרינג פירות טרופיים 1.5 ליטר פיקדון,"יפאורה תבורי בע""מ",IL,ספרינג 1.5 ליטר פירו,ליטרים,0.00,ליטר,false,1,9.20,9.20,true,1,
7290019056638,false,ספרינג תות בננה 1.5 ליטר פיקדון,"יפאורה תבורי בע""מ",IL,ספרינג תות בננה 1.5,ליטרים,0.00,ליטר,false,1,9.20,9.20,true,1,
7290019056645,false,ספרחנג אגס תפוח סברס 1.5 ליטר פיקדון,"יפאורה תבורי בע""מ",IL,ספרינג 1.5 ליטר אגסי,ליטרים,0.00,ליטר,false,1,9.20,9.20,true,1,
7290019056652,false,ספרינג אננס בננה 1.5 ליטר פיקדון,"יפאורה תבורי בע""מ",IL,ספרינג אננס בננה 1.5,ליטרים,0.00,ליטר,false,1,9.20,9.20,true,1,
7290019056676,false,מיץ דיאט בטעם אשכוליות ואננס 1.5ל' ספרינג,"יפאורה תבורי בע""מ",IL,ספרינג אשכוליות אננס,ליטרים,0.00,ליטר,false,1,8.90,8.90,true,1,
7290019056720,false,קריסטל מיץ ענבים 2 ליטר פיקדון,יפאורה תבורי,IL,קריסטל מיץ ענבים 2 ל,ליטרים,0.00,ליטר,false,1,7.50,7.50,true,1,
7290019056737,false,קריסטל מיץ אשכוליטרות 2 ליטר,יפאורה תבורי,IL,קריסטל מיץ אשכוליטרו,ליטרים,0.00,ליטר,false,1,7.50,7.50,true,1,
7290019056768,false,קריסטל מיץ מנגו 2 ליטר פיקדון,יפאורה תבורי,IL,קריסטל מיץ מנגו 2 לי,ליטרים,0.00,ליטר,false,1,7.50,7.50,true,1,
7290019056843,false,קריסטל מוגז קולה 2 ליטר פיקדון,קריסטל,IL,קריסטל מוגז קולה 2 ל,ליטרים,0.00,ליטר,false,1,7.50,7.50,true,1,
7290019056850,false,ספרינג תה אפרסק דיאט 1.5 ליטר פיקדון,"יפאורה תבורי בע""מ",IL,משקה ספרינג טי דיאט,ליטרים,0.00,ליטר,false,1,8.20,8.20,true,1,
7290019056881,false,מי סודה שוויפס 1.5ל',"כד בני דרום בע""מ",IL,שוופס סודה 1.5 ליטר,ליטרים,0.00,ליטר,false,1,3.80,3.80,true,1,
7290019056942,false,מים עין גדי בקבוק 2,יפאורה,IL,מי עין גדי 2 ל,ליטרים,0.00,ליטר,false,1,2.80,2.80,true,1,
7290019056966,false,מי עדן בקבוק פיקדון 1.5 ליטר,יפאורה,IL,מי עדן 1.5 ליטר,ליטרים,0.00,ליטר,false,1,4.20,4.20,true,1,
7290019056973,false,שישיית מי עדן 1.5 ליטר משפחתי,מופק ממקור בזלתי עדן,IL,שישיית מי עדן 1.5 לי,ליטרים,0.01,ליטר,false,1,13.90,1390.00,true,1,
7290019075899,false,קמיל בלו אקסטרה סופט אל סבון לתינוק ל',,,קמיל בלו אל סבון לתי,Unknown,0.00,Unknown,false,1,33.90,33.90,true,1,
7290019078784,false,אבקת קקאו אורגנית 400 גרם,,IL,אבקת קקאו אורגנית 40,גרמים,400.00,100 גרם,false,1,32.90,8.23,true,1,
7290019137092,false,"סירופ מייפל קנדי אורגני 250 מ""ל",NOVOFRUCHT SK S.R.O,CA,סירופ מייפל קנדי אור,מיליליטרים,250.00,"100 מ""ל",false,1,23.90,9.56,true,1,
7290019137115,false,לחם מחמצת שיפון מלא גרעיני חמנייה 500 גר,,,לחם מחמצת שיפון מלא,גרמים,500.00,100 גרם,false,1,14.90,2.98,true,1,
7290019137139,false,לחם מחמצת שיפון מלא פשתן וציה 250 גרם,,,לחם מחמצת שיפון מלא,גרמים,250.00,100 גרם,false,1,14.90,5.96,true,1,
7290019137160,false,לחם מחמצת פומפרניקל שיפון מלא פרוס 500,,,לחם מחמצת פומפרניקל,גרמים,500.00,100 גרם,false,1,14.90,2.98,true,1,
7290019137375,false,אבקת חלבון סויה אורגני 200 גרם,,CN,אבקת חלבון סויה אורג,גרמים,200.00,100 גרם,false,1,29.90,14.95,true,1,
7290019153078,false,"שוופס ביטר למון לייט, 1.5 ליטר פקדון",יפאורה תבורי,IL,שוופס ביטר למון לייט,ליטרים,0.00,ליטר,false,1,11.90,11.90,true,1,
7290019153085,false,שוופס מוגז ליים מוחיטו ללא סוכר 1.5 ליטר-,יפאורה תבורי,IL,שוופס ליים מוחיטו לל,ליטרים,0.00,ליטר,false,1,9.90,9.90,true,1,
7290019153252,false,שוופס סודה תפוח 1.5 ליטר רביעייה פיקדון,יפאורה תבורי,IL,שוופס סודה תפוח 1.5,ליטרים,0.00,ליטר,false,1,12.10,12.10,true,1,
7290019153269,false,שוופס סודה אננס 1.5 ליטר רביעייה פיקדון,יפאורה תבורי,IL,שוופס סודה אננס 1.5,ליטרים,0.00,ליטר,false,1,12.10,12.10,true,1,
7290019153313,false,"משקהתפוח חמוציות אוכמניות 350 מ""ל פרות & ווג",יפאורה תבורי בעמ,IL,פרוט & וג תפוח חמוצי,מיליליטרים,350.00,"100 מ""ל",false,1,7.50,2.14,true,1,
7290019153344,false,מיץ בטעם סנגרייה 1.5 ל' תפוזינה,"יפאורה תבורי בע""מ",IL,תפוזינה סנגרייה 1.5,ליטרים,0.00,ליטר,false,1,9.20,9.20,true,1,
7290019153351,false,מיץ בטעם פינק אוזו 1.5 ל' תפוזינה,"יפאורה תבורי בע""מ",IL,תפוזינה פינק אוזו 1.,ליטרים,0.00,ליטר,false,1,9.20,9.20,true,1,
7290019153375,false,מיץ בטעם מוחיטו 1.5 ל' תפוזינה,"יפאורה תבורי בע""מ",IL,תפוזינה מוחיטו 1.5 ל,ליטרים,0.00,ליטר,false,1,9.20,9.20,true,1,
7290019167020,false,עוגת גבינה עם פירות יער לייט 80 ג' קינוחי עדן,עדן קינוחים Eden,IL,עוגת גבינה עם פירות,גרמים,80.00,100 גרם,false,1,6.90,8.63,true,1,
7290019167044,false,קצפת עם קרם בייגלה מתוק מלוח 82 ג' עדן,עדן קינוחים Eden,IL,קצפת עם קרם בייגלה מ,גרמים,80.00,100 גרם,false,1,6.90,8.63,true,1,
7290019176008,false,שמן קנולה 1 ליטר,,,שמן קנולה 1 ליטר,מיליליטרים,1000.00,"100 מ""ל",false,1,11.90,1.19,true,1,
7290019176039,false,פילה טונה בשמן קנולה עם פלפל שמן 160 גר,,LV,פילה טונה בשמן קנולה,גרמים,160.00,100 גרם,false,1,15.90,9.94,true,1,
7290019176046,false,פילה טונה בשמן זות 160 גר,,LV,פילה טונה בשמן זות 1,גרמים,160.00,100 גרם,false,1,16.90,10.56,true,1,
7290019203001,false,טורטייה מעדשים כתומות ללא גלוטן 180 ג' Full Wrap,,,טורטייה מעדשים כתומו,גרמים,180.00,100 גרם,false,1,21.90,12.17,true,1,
7290019203018,false,טורטייה מחומוס מונבט ללא גלוטן 180 ג' Full Wrap,,,טורטייה מחומוס מונבט,גרמים,180.00,100 גרם,false,1,21.90,12.17,true,1,
7290019226093,false,תומר אננס חתוך 565 גרם,,IL,אננס חתוך תומר 565 ג,גרמים,565.00,100 גרם,false,1,7.90,1.40,true,1,
7290019226109,false,אננס פרוס תומר 565 גרם,,,אננס פרוס תומר 565 ג,גרמים,565.00,100 גרם,false,1,8.90,1.58,true,1,
7290019232094,false,חליטת פירות וצמחים בטעם אפרסק 25 שקיקים ויסוצקי,ויסוצקי,IL,חליטת פירות וצמחים ב,יחידה,1.00,יחידה,false,1,18.90,18.90,true,1,
7290019232155,false,"חליטת ""לילה טוב"" קמומיל לבנדר ו25 שקיקים ויסוצקי",ויסוצקי,IL,תה ויסוצקי חליטת ליל,יחידה,1.00,יחידה,false,1,25.90,25.90,true,1,
7290019232162,false,"חליטת ""לילה טוב"" קמומיל מליסה 25 שקיקים ויסוצקי",ויסוצקי,IL,תה ויסוצקי חליטת ליל,יחידה,1.00,יחידה,false,1,25.90,25.90,true,1,
7290019232186,false,תה ירוק לימונית לואיזהSTAY WELL 25 שקיקים ויסוצקי,ויסוצקי,IL,תה ויסוצקי ירוק לימו,יחידה,1.00,יחידה,false,1,25.90,25.90,true,1,
7290019232193,false,תה ירוק לימונית ג'ינג'ר STAY WELL שקיקים 25 ויסוצקי,ויסוצקי,IL,תה ויסוצקי ירוק לימו,יחידה,1.00,יחידה,false,1,25.90,25.90,true,1,
7290019232353,false,תה ירוק סיני 50 שקיקים ויסוצקי,ויסוצקי,IL,תה ירוק סיני 50 שקיק,גרמים,75.00,100 גרם,false,1,42.90,57.20,true,1,
7290019232377,false,חווית הצ'איתה שחור בטעם וניל והל 25 יח' ויסוצקי,ויסוצקי,IL,צאי וניל והל תה ויסו,יחידה,1.00,יחידה,false,1,21.90,21.90,true,1,
7290019232834,false,בייגלה מצופה קרם עוגיות ושוקולד 140 גרם פליפז - רבנות,אולקר מקבוצת פלאדיס,TR,בייגלה פליפז מצופה ק,גרמים,140.00,100 גרם,false,1,8.90,6.36,true,1,
7290019233046,false,זיתים זיתא קלמטה בלונד עם שמן זית,זיתא - י.ט.ב תעשיות,IL,זית קלמטה בלונד זיתא,גרמים,215.00,100 גרם,false,1,13.90,6.47,true,1,
7290019274537,false,בייבי לאב מגבונים לחים לתינוק 160 יח',,,מגבוני בייבי לאב באר,Unknown,0.00,Unknown,false,1,16.90,16.90,true,1,
7290019297239,false,צימוק חום 250 גרם ששון הקולה,"דין שיווק וקליה בע""מ",,צימוק חום 330 גר,גרמים,330.00,100 גרם,false,1,14.60,4.42,true,1,
7290019297246,false,שזיפים מיובשים 250 גרם ששון הקולה,ששון הקולה,,שזיפים 330 גר,גרמים,330.00,100 גרם,false,1,22.90,6.94,true,1,
7290019297505,false,"רוטב רימונים שקדיה 700 מ""ל",דין שיווק,TR,רוטב רימונים שקדיה 7,מיליליטרים,700.00,"100 מ""ל",false,1,22.90,3.27,true,1,
7290019297512,false,"רוטב רימונים שקדיה 340 מ""ל בדץ",סיטוגלוגידה,TR,רוטב רימונים שקדיה 3,מיליליטרים,340.00,"100 מ""ל",false,1,12.40,3.65,true,1,
7290019297543,false,שקדיה חמאת בוטנים 51,דין שיווק,CN,חמאת בוטנים 510 גרם,גרמים,510.00,100 גרם,false,1,14.20,2.78,true,1,
7290019297550,false,בוטנים מטוגנים בקופסא 185 גרם,קריניציה ויטמינה אס,IL,בוטנים מטוגנים בקוספ,גרמים,185.00,100 גרם,false,1,9.90,5.35,true,1,
7290019303657,false,טבע ירוק פינוקית שומשום מיקס בריאות 250ג,טבע ירוק,IL,טבע ירוק פינוקית שומ,גרמים,250.00,100 גרם,false,1,17.90,7.16,true,1,
7290019393016,false,"קמח חיטה לבן ללא צורך בניפוי 1 ק""ג האופה",טבע ירוק,IL,האופה- קמח חיטה לבן,גרמים,1000.00,100 גרם,false,1,7.90,0.79,true,1,
7290019393023,false,האופה- קמח חיטה 80% ללא צורך בניפוי 1 קג,,IL,האופה- קמח חיטה 80%,גרמים,1000.00,100 גרם,false,1,8.90,0.89,true,1,
7290019393054,false,"קמח כוסמין 80% ללא צורך בניפוי 1 ק""ג האופה",טבע ירוק,IL,האופה קמח כוסמין 80%,גרמים,1000.00,100 גרם,false,1,15.90,1.59,true,1,
7290019431183,false,אמברלו מטריות חרובים אגוז נמר תות 70 גר,ממתקי נעמה,IL,אמברלו מטריות חרובים,גרמים,70.00,100 גרם,false,1,19.90,28.43,true,1,
7290019443124,false,"בירה נגב אואזיס 330 מ""ל",הכרם משקאות חריפים ב,IL,בירה נגב אואזיס 330,מיליליטרים,330.00,"100 מ""ל",false,1,15.90,4.82,true,1,
7290069701151,false,פריזר דוקטורסקיה אוריגינל מזרע,,,פריזר דוקטורסקיה,Unknown,0.00,"ק""ג",true,0,75.00,75.00,true,1,
7290089617074,false,פטריות מסליאטה מוחמצות 680 ג,,CN,פטריות מסליאטה מוחמ,גרמים,680.00,100 גרם,false,1,16.70,2.46,true,1,
7290089617142,false,פטריות אופיאטה מוחמצפוסולסקי דבור 680 ג,,CN,פטריות אופיאטה מוחמ,גרמים,680.00,100 גרם,false,1,16.70,2.46,true,1,
7290089617210,false,פטריות אסורטי מוחמצים 680 ג,,CN,פטריות אסורטי מוחמצ,גרמים,680.00,100 גרם,false,1,16.70,2.46,true,1,
7290089617388,false,פטריות בורוביצקי מוחמצים 680 ג,,CN,פטריות בורוביצקי מוח,גרמים,680.00,100 גרם,false,1,16.70,2.46,true,1,
7290100200797,false,ביצי דג שחור בופן במלח מצונן 113 גר,,,ביצי דג שחור בופן במ,גרמים,113.00,100 גרם,false,1,245.90,217.61,true,1,
7290100240137,false,"תרסיס למייבש כביסה כחול 500 מ""ל בדין","זוהר דליה, קיבוץ דלי",IL,בדין תרסיס למייבש כח,מיליליטרים,500.00,"100 מ""ל",false,1,20.80,4.16,true,1,
7290100240144,false,"תרסיס למייבש כביסה ורוד 500 מ""ל בדין","זוהר דליה, קיבוץ דלי",IL,בדין תרסיס למייבש ור,מיליליטרים,500.00,"100 מ""ל",false,1,20.80,4.16,true,1,
7290100240632,false,קרקר פתית 200-300ג' 6 דגנים 250 גרם,יוניליוור ישראל מזון,IL,"פתית 6 דגנים בד""צ 25",גרמים,250.00,100 גרם,false,1,16.90,6.76,true,1,
7290100240656,false,פתית חיטה מלאה בדצ 250 גרם,יוניליוור ישראל מזון,IL,"פתית שיפון בד""צ 250",גרמים,300.00,100 גרם,false,1,16.90,5.63,true,1,
7290100243084,false,מיונז אמיתי הלמנס 789 ג',,,מיונז הלמנס 789 גרם,מיליליטרים,400.00,"100 מ""ל",false,1,27.50,6.88,true,1,
7290100243671,false,מרכך כביסה מרכך כביסה בדין אקסטרה 1 ל',יוניליוור סנאיי וי ט,TR,בדין אקסטרא כחול 960,מיליליטרים,960.00,"100 מ""ל",false,1,14.90,1.55,true,1,
7290100245231,false,נמס בכוס מרק בטעם עוף עם אטריות ושקדי מרק-2 שקיות,יוניליוור ישראל מזון,IL,מרק נמס בכוס ועוד ט.,גרמים,50.00,100 גרם,false,1,6.50,13.00,true,1,
7290100321775,false,חזה עוף טרי,,,חזה עוף טרי,Unknown,0.00,"ק""ג",true,0,34.90,34.90,true,1,
7290100323038,false,כרעיים עוף טרי,,,כרעיים עוף טרי,Unknown,0.00,"ק""ג",true,0,22.90,22.90,true,1,
7290100326626,false,קורקבן עוף טרי,,,קורקבן עוף טרי,Unknown,0.00,"ק""ג",true,0,15.90,15.90,true,1,
7290100330203,false,הודו שלם טרי,,,הודו שלם טרי,Unknown,0.00,"ק""ג",true,0,29.90,29.90,true,1,
7290100331118,false,חזה הודו נקבה טרי,,,חזה הודו נקבה טרי,Unknown,0.00,"ק""ג",true,0,33.90,33.90,true,1,
7290100335086,false,שוק הודו מפורק טרי,,,שוק הודו מפורק טרי,Unknown,0.00,"ק""ג",true,0,55.90,55.90,true,1,
7290100335406,false,ירך הודו זכר,,,ירך הודו זכר,Unknown,0.00,"ק""ג",true,0,58.90,58.90,true,1,
7290100337066,false,כנף הודו נקבה טרי,,,כנף הודו נקבה טרי,Unknown,0.00,"ק""ג",true,0,16.90,16.90,true,1,
7290100337400,false,גרון הודו זכר טרי,,,גרון הודו זכר טרי,Unknown,0.00,"ק""ג",true,0,34.90,34.90,true,1,
7290100338223,false,לב הודו טרי,,,לב הודו טרי,Unknown,0.00,"ק""ג",true,0,22.90,22.90,true,1,
7290100412244,false,מגבונים אנטי אייגינג דר עור,,,מגבונים אנטי אייגינג,Unknown,0.00,Unknown,false,1,19.90,19.90,true,1,
7290100412343,false,קוויק מגבונים לניקוי כללי בניחוח לימון 50 יח',DPL,IL,מגבונים לנ.כללי בריח,Unknown,0.00,Unknown,false,1,11.00,11.00,true,1,
7290100412459,false,מטליות לחות לניקוי וחיטוי אמבטיה ושירותים לבנדר,DPL,IL,מ.לנ.שירותים אמבטיה,Unknown,0.00,Unknown,false,1,11.00,11.00,true,1,
7290100412466,false,מגבונים קוויק לניקוי וחיטוי רצפות בניחוח לימון 10 יח',DPL,IL,מטליות לחות קוויק לנ,יחידה,1.00,יחידה,false,1,11.90,11.90,true,1,
7290100412763,false,"תחליב רחצה ד""ר עור לבנדר 700 מ""ל","אמיליה קוסמטיקס בע""מ",IL,תחליב רחצה לבנדר דר,מיליליטרים,700.00,"100 מ""ל",false,1,22.50,3.21,true,1,
7290100412787,false,"ד""ר עור - תחליב רחצה קלאסי בניחוח פריחת הכותנה 700 מ""ל","ד""ר עור DOCTOR OR",,תחליב רחצה פריחת הכו,מיליליטרים,700.00,"100 מ""ל",false,1,22.50,3.21,true,1,
7290100412831,false,תחליב רחצה אנטי אייג'ינג בניחוח וניל טרופי,"אמיליה קוסמטיקס בע""מ",IL,תח.רחצה אנטי איגינג,מיליליטרים,700.00,"100 מ""ל",false,1,22.50,3.21,true,1,
7290100413012,false,שמן אקליפטוס גלובולוס 10 מל,,,שמן אקליפטוס גלובולו,Unknown,0.00,Unknown,false,1,21.90,21.90,true,1,
7290100570074,false,אביזרי מטבח ב-4.99,,,אבזרי מטבח,Unknown,0.00,Unknown,false,1,4.90,4.90,true,1,
7290100570234,false,אביזרי מטבח,,,אבזרי מטבח,Unknown,0.00,Unknown,false,1,12.90,12.90,true,1,
7290100570272,false,16.9 ה.אביזרי בית,,,פומפה,Unknown,0.00,Unknown,false,1,16.90,16.90,true,1,
7290100570463,false,אביזרי מטבח,,,אבזרי מטבח,Unknown,0.00,Unknown,false,1,35.90,35.90,true,1,
7290100571279,false,אבזרי מטבח,,,אבזרי מטבח,Unknown,0.00,Unknown,false,1,39.90,39.90,true,1,
7290100572146,false,כ.סט מקפיאון,,,אבזרי מטבח,Unknown,0.00,Unknown,false,1,24.90,24.90,true,1,
7290100572368,false,אביזרי מטבח,,,אבזרי מטבח,Unknown,0.00,Unknown,false,1,19.90,19.90,true,1,
7290100572702,false,אביזרי מטבח ב-11.00,,,אביזרי מטבח,Unknown,0.00,Unknown,false,1,10.90,10.90,true,1,
7290100573396,false,אביזרי מטבח.,,,אביזרי מטבח,Unknown,0.00,Unknown,false,1,9.90,9.90,true,1,
7290100573716,false,שקית זילוף טרמיסו,,,אביזרי מטבח,Unknown,0.00,Unknown,false,1,14.90,14.90,true,1,
7290100575055,false,אבזרי מטבח,,,אבזרי מטבח,Unknown,0.00,Unknown,false,1,29.90,29.90,true,1,
7290100575086,false,אביזרי מטבח ב-6.99,,,אבזרי מטבח,Unknown,0.00,Unknown,false,1,6.90,6.90,true,1,
7290100680650,false,מנה חמה נודלס-אטריות ירקות טעם תאילנדי אסם 76 ג',THAI PRESIDENT FOODS,TH,מנה חמה נודלס טעם יר,גרמים,70.00,100 גרם,false,1,5.70,8.14,true,1,
7290100680667,false,מנה חמה נודלס-אטריות+ירקות טעם סצ'ואן,THAI PRESIDENT FOODS,TH,מנה חמה נודלס טעם סי,גרמים,76.00,100 גרם,false,1,5.70,7.50,true,1,
7290100680711,false,פירורית זהב אסם זהב 350ג',עינת תעשיות מזון אגו,IL,פירורית זהב 350 גרם,גרמים,350.00,100 גרם,false,1,8.80,2.51,true,1,
7290100680728,false,פירורית רגילה שקית 350 גרם,מיוצר עי קונדיטוריית,IL,פירורית 350 גרם,גרמים,350.00,100 גרם,false,1,7.60,2.17,true,1,
7290100681138,false,מארז אפרופו חטיף תירס 3 יחידות,"אסם השקעות בע""מ",IL,מארז אפרופו 3*50 גרם,גרמים,150.00,100 גרם,false,0,12.50,8.33,true,1,
7290100681503,false,עסיס סירופ לימונענע דיאטטי 1 ליטר,בית-השיטה עסיס תעשיו,IL,סירופ עסיס לימונענע,מיליליטרים,1000.00,"100 מ""ל",false,1,20.90,2.09,true,1,
7290100681510,false,עסיס סירופ אשכולית אדומה דיאטטי 1 ליטר,בית-השיטה עסיס תעשיו,IL,סירופ עסיס אשכולית א,מיליליטרים,1000.00,"100 מ""ל",false,1,20.90,2.09,true,1,
7290100683880,false,תבשילים משפחתיים פירה 260 גרם,"אסם השקעות בע""מ",IL,תבשילים משפחתיים פיר,גרמים,260.00,100 גרם,false,1,18.30,7.04,true,1,
7290100684764,false,במבה יום הולדת על סרט אסם 25 ג',"אסם השקעות בע""מ",IL,במבה על סרט 25 גרם,גרמים,25.00,100 גרם,false,1,2.20,8.80,true,1,
7290100685068,false,פודינג וניל עם פצפוצי שוקולד 110 ג' אסם,אסם תעשיות,IL,פודינג+וניל עם פצפוצ,גרמים,110.00,100 גרם,false,1,7.50,6.82,true,1,
7290100685136,false,"מרק טעם עוף 1 ק""ג בשקית","אסם השקעות בע""מ",IL,"מרק טעם עוף 1 ק""ג",גרמים,1000.00,100 גרם,false,1,17.40,1.74,true,1,
7290100685242,false,במבה מתוקה תות אדום סרט 30ג',"אסם השקעות בע""מ",IL,במבה תות על סרט 30 ג,גרמים,30.00,100 גרם,false,1,3.40,11.33,true,1,
7290100685334,false,מרק עוף אמיתי מרכיבים טבעיים 400 גרם,"אסם השקעות בע""מ",IL,מרק עוף אמיתי מרכיבי,גרמים,400.00,100 גרם,false,1,21.70,5.43,true,1,
7290100685341,false,מרק תיבול טעם עוף זך רכיבים טיבעיים 400,"אסם השקעות בע""מ",IL,מרק תיבול טעם עוף זך,גרמים,400.00,100 גרם,false,1,15.60,3.90,true,1,
7290100686164,false,מארז מולטיפק ביסלי ברביקיו 6 יח 35 גר יח,מיוצר עי קונדיטוריית,IL,מארז מולטיפק ביסלי ב,גרמים,210.00,100 גרם,false,1,16.70,7.95,true,1,
7290100686171,false,מארז מולטיפק ביסלי גריל 6 יח 35 גר ליח,אסם תעשיות,IL,מארז מולטיפק ביסלי ג,גרמים,210.00,100 גרם,false,1,16.70,7.95,true,1,
7290100687109,false,במבה במילוי קרם נוגט 60ג' אסם,"אסם השקעות בע""מ",IL,במבה במילוי נוגת 60,גרמים,60.00,100 גרם,false,1,4.30,7.17,true,1,
7290100689301,false,אבקת מרק עוף זך עדיף אסם 400 גר',"אסם השקעות בע""מ",IL,מרק טעם עוף זך עדיף,גרמים,400.00,100 גרם,false,1,17.70,4.43,true,1,
7290100700020,false,סוגת גריסי פנינה 500גרם,האי נאם סי או אל.טי.,IL,גריסי פנינה 500 גרם,גרמים,200.00,100 גרם,false,1,5.90,2.95,true,1,
7290100700075,false,פירורי לחם מוזהבים 200 ג' סוגת,"סוגת תעשיות בע""מ",IL,פירורי לחם מוזהבים 2,גרמים,200.00,100 גרם,false,1,4.10,2.05,true,1,
7290100700242,false,"אורז מלא עגול סוגת 1 ק""ג","סוגת תעשיות בע""מ",IL,"אורז מלא עגול 1 ק""ג",גרמים,1000.00,100 גרם,false,1,9.40,0.94,true,1,
7290100700266,false,פירורי לחם לבן סוגת 200ג',"סוגת תעשיות בע""מ",IL,פירורי לחם לבנים 200,גרמים,200.00,100 גרם,false,1,4.10,2.05,true,1,
7290100700273,false,קינואה סוגת 500 גרם,האי נאם סי או אל.טי.,IL,קינואה 500 גרם,גרמים,500.00,100 גרם,false,1,13.90,2.78,true,1,
7290100700310,false,"סוגת כוסמת סוגת 1ק""ג","סוגת תעשיות בע""מ",IL,"כוסמת 1 ק""ג",גרמים,1000.00,100 גרם,false,1,14.60,1.46,true,1,
7290100700334,false,קינואה לבנה סוגת 1,"סוגת תעשיות בע""מ",IL,"קינואה סוגת 1 ק""ג",קילוגרמים,0.00,"ק""ג",false,1,20.90,20.90,true,1,
7290100700372,false,"סוגת אורז בסמטי מלא 1 ק""ג",האי נאם סי או אל.טי.,IL,"אורז בסמטי מלא 1 ק""ג",גרמים,1000.00,100 גרם,false,1,13.50,1.35,true,1,
7290100700389,false,"סוגת אורז אדום 1 ק""ג",סוגת תעשיות בעמ,IL,"אורז אדום 1 ק""ג",גרמים,1000.00,100 גרם,false,1,15.60,1.56,true,1,
7290100700396,false,"סוגת אורז יסמין קלאסי 1 ק""ג",האי נאם סי או אל.טי.,IL,אורז יסמין קלאסי 1 ק,גרמים,1000.00,100 גרם,false,1,11.90,1.19,true,1,
7290100700563,false,"סוגת אורז מיקס 1 ק""ג",סוגת תעשיות בעמ,IL,"אורז מיקס 1 ק""ג",גרמים,1000.00,100 גרם,false,1,15.60,1.56,true,1,
7290100700587,false,"בורגול ""סוגת"" 500 גרם",האי נאם סי או אל.טי.,IL,בורגול 500 גרם,גרמים,500.00,100 גרם,false,1,5.20,1.04,true,1,
7290100701140,false,אורז ריזוטו ארבוריו 1 קג,"סוגת תעשיות בע""מ",IL,אורז ריזוטו ארבוריו,גרמים,1000.00,100 גרם,false,1,15.60,1.56,true,1,
7290100701157,false,"אורז לסושי סוגת 1 ק""ג",סוגת תעשיות בעמ,IL,"אורז סושי 1 ק""ג",גרמים,1000.00,100 גרם,false,1,12.80,1.28,true,1,
7290100701331,false,קמח רב תכליתי שטיבל קמח חיטה לבן בהיר,"שטיבל בע""מ - טחנות ק",IL,"קמח רב תכליתי 1 ק""ג",גרמים,1000.00,100 גרם,false,1,7.50,0.75,true,1,
7290100701348,false,"קמח שיפון מלא 1 ק""ג סוגת",טחנות קמח שטיבל באר,IL,"קמח שיפון מלא 1 ק""ג",גרמים,1000.00,100 גרם,false,1,7.50,0.75,true,1,
7290100701386,false,קמח לחלה קמח חיטה לבן שטיבל,"שטיבל בע""מ - טחנות ק",IL,"קמח לחלה 1 ק""ג סוגת",גרמים,1000.00,100 גרם,false,1,7.50,0.75,true,1,
7290100701409,false,קמח תירס סוגת 500 גר,,IL,קמח תירס 500 גרם,גרמים,500.00,100 גרם,false,1,6.90,1.38,true,1,
7290100701454,false,סוגת גרישה 500 גרם,"סוגת תעשיות בע""מ",IL,גרישה 500 גר,גרמים,500.00,100 גרם,false,1,4.90,0.98,true,1,
7290100701577,false,קמח לחם קמח חיטה לבן שטיבל,שטיבל טחנות קמח,IL,"קמח לחם 1 ק""ג סוגת",גרמים,1000.00,100 גרם,false,1,7.50,0.75,true,1,
7290100701881,false,קמח פיצה ופוקצ'ה- קמח חיטה לבן בהיר שטיבל,"שטיבל בע""מ - טחנת קמ",IL,"קמח פיצה ופוקצה 1 ק""",גרמים,1000.00,100 גרם,false,1,7.50,0.75,true,1,
7290100701898,false,"קמח פסטה 1 ק""ג סוגת",שטיבל טחנות קמח,IL,"קמח פסטה 1 ק""ג סוגת",גרמים,1000.00,100 גרם,false,1,14.90,1.49,true,1,
7290100701966,false,אפונה צהובה 500 ג' סוגת,"סוגת תעשיות בע""מ",IL,אפונה צהובה 500 גרם,גרמים,500.00,100 גרם,false,1,5.90,1.18,true,1,
7290100702260,false,קוסקוס דק סוגת 350 גר',"אסיף תעשיות מזון בע""",IL,קוסקוס דק 350 גרם,גרמים,350.00,100 גרם,false,1,5.00,1.43,true,1,
7290100702277,false,קוסקוס עבה סוגת 350 גר',"אסיף תעשיות מזון בע""",IL,קוסקוס עבה 350 גרם,גרמים,350.00,100 גרם,false,1,5.00,1.43,true,1,
7290100702314,false,שעועית שחורה 500 גרם סוגת,,,שעועית שחורה 500 גרם,גרמים,500.00,100 גרם,false,1,7.90,1.58,true,1,
7290100702383,false,"קמח תופח סוגת 1 ק""ג",שטיבל טחנות קמח,IL,"קמח תופח 1 ק""ג סוגת",גרמים,1000.00,100 גרם,false,1,7.50,0.75,true,1,
7290100702628,false,פתיתים אפויים קוסקוס 500 גרם סוגת,"אסיף תעשיות מזון בע""",IL,פתיתים אפויים קוסקוס,גרמים,500.00,100 גרם,false,1,6.50,1.30,true,1,
7290100702635,false,פתיתים אפויים כוכבים סוגת 500 ג',"אסיף תעשיות מזון בע""",IL,פתיתים אפויים כוכבים,גרמים,500.00,100 גרם,false,1,6.50,1.30,true,1,
7290100702642,false,פתיתים אפויים טבעת 500 ג' סוגת,"אסיף תעשיות מזון בע""",IL,פתיתים אפויים טבעת 5,גרמים,500.00,100 גרם,false,1,6.50,1.30,true,1,
7290100702673,false,פתיתים אפויים 3 צבעים 400 גר גרם סוגת,,,פתיתים אפויים 3 צבעי,גרמים,400.00,100 גרם,false,1,6.50,1.63,true,1,
7290100702994,false,סוגת סוכר דמררה קלאסי בשקית 500 גרם,"סוגת תעשיות בע""מ",IL,סוכר דמררה קלאסי בשק,גרמים,500.00,100 גרם,false,1,6.50,1.30,true,1,
7290100703434,false,בורגול חום סוגת 500 ג',"סוגת תעשיות בע""מ",IL,בורגול חום 500 גרם,גרמים,500.00,100 גרם,false,1,4.90,0.98,true,1,
7290100703533,false,קמח קסם תערובת קמח עם שמרים,"שטיבל בע""מ",IL,"קמח קסם 1 ק""ג",גרמים,1000.00,100 גרם,false,1,9.40,0.94,true,1,
7290100703557,false,"קמח פוקצ'ה 1ק""ג סוגת",,,"קמח פוקצה 1 ק""ג",קילוגרמים,0.00,"ק""ג",false,1,7.50,7.50,true,1,
7290100703564,false,פתיתי שיבולת שועל עבה סוגת 500 ג',,,שיבולת שועל עבה 500,גרמים,500.00,100 גרם,false,1,6.20,1.24,true,1,
7290100703632,false,קמח חיטה מלא ללא צורך בניפוי,סוגת,,קמח מלא ללא ניפוי 1,גרמים,1000.00,100 גרם,false,1,8.30,0.83,true,1,
7290100703649,false,"קמח מלא 80% חיטה ללא ניפוי סוגת 1ק""ג",סוגת,,קמח מלא חיטה 80% ללא,גרמים,1000.00,100 גרם,false,1,8.30,0.83,true,1,
7290100703670,false,"קמח כוסמין ללא ניפוי 1 ק""ג סוגת",,,קמח כוסמין מלא ללא נ,גרמים,1000.00,100 גרם,false,1,14.90,1.49,true,1,
7290100703687,false,"קמח חלה ללא ניפוי 1 ק""ג סוגת",סוגת,,קמח חלה ללא ניפוי 1,קילוגרמים,0.00,"ק""ג",false,1,8.30,8.30,true,1,
7290100703854,false,קוביות סוכר לבן דמררה 500 ג' סוגת,טרופיקל,,קוביות סוכר דמררה סו,גרמים,500.00,100 גרם,false,1,9.90,1.98,true,1,
7290100703861,false,"תערובת קמח קסם לחלה סוגת 1 ק""ג","שטיבל בע""מ",IL,תערובת קמח קסם לחלה,גרמים,1000.00,100 גרם,false,1,8.90,0.89,true,1,
7290100703908,false,"סוכר דמררה סוגת 1 ק""ג",סוגת תעשיות בעמ,IL,"סוכר דמררה 1 ק""ג",גרמים,1000.00,100 גרם,false,1,12.50,1.25,true,1,
7290100703922,false,פופקורן להכנה במיקרוגל בטעם טבעי - מארז 6 שקיות,סוגת,IL,מארז פופקורן למיקרוג,גרמים,540.00,100 גרם,false,1,11.40,2.11,true,1,
7290100704516,false,חומוס מיני סוגת 500ג',,,חומוס מיני 500 גרם,גרמים,500.00,100 גרם,false,1,6.50,1.30,true,1,
7290100790533,false,קפה שחור בקלייה כהה אורגני אווא 250 גרם,,IL,קפה שחור בקלייה כהה,גרמים,250.00,100 גרם,false,1,39.90,15.96,true,1,
7290100850909,false,דוריטוס נאצו מקסיקני 70 גרם,שטראוס פריטו ליי (מל,IL,דוריטוס נאצו מקסיקני,גרמים,70.00,100 גרם,false,1,3.60,5.14,true,1,
7290100850916,false,דוריטוס חמוץ חריף 70 גרם,"שטראוס פריטו ליי בע""",IL,דוריטוס חמוץ חריף 70,גרמים,70.00,100 גרם,false,1,3.60,5.14,true,1,
7290100850923,false,דוריטוס גריל 70 גרם,שטראוס פריטו ליי (מל,IL,דוריטוס גריל 70 גרם,גרמים,70.00,100 גרם,false,1,3.60,5.14,true,1,
7290100850930,false,דוריטוס טבעי 70 גרם,שטראוס פריטו ליי (מל,IL,דוריטוס טבעי 70 גרם,גרמים,70.00,100 גרם,false,1,3.60,5.14,true,1,
7290100858592,false,אבקת קקאו עלית שקית 150 ג',הנסיך- מפעל לייצור ט,IL,קקאו 150 גרם,גרמים,150.00,100 גרם,false,1,9.50,6.33,true,1,
7290100924457,false,כדוריות סבון נתלה לאסלה לימון רענן - 3 יח',הנקל סוד,HU,סבון לאסלה כדוריות ל,Unknown,0.00,Unknown,false,1,26.50,26.50,true,1,
7290100924464,false,כדוריות סבון נתלה לאסלה עם אקונומיקה - 3 יח',הנקל סוד,HU,סבון לאסלה כדוריות א,Unknown,0.00,Unknown,false,1,26.50,26.50,true,1,
7290100925775,false,"סוד נוזל כלים רימון ותאנים 650 מ""ל",הנקל סוד,IL,נוזל כלים רימון ותאנ,מיליליטרים,650.00,"100 מ""ל",false,1,8.10,1.25,true,1,
7290100926147,false,אבקת כביסה פרסיל קולור שקית 2.5 קג,"הנקל סוד בע""מ",IL,אבקת כביסה פרסיל,קילוגרמים,0.00,"ק""ג",false,1,29.50,29.50,true,1,
7290101112228,false,גלידל פרי קרחון מופחת קלוריות בטעם אננס - 8 יח',הגלידות של פלדמן,IL,מאגדת גלידל פרי אננס,גרמים,640.00,100 גרם,false,1,26.50,4.14,true,1,
7290101112921,false,גלידל פרי קרחון מופחת קלוריות פירות טרופיים - 8 יח',הגלידות של פלדמן,IL,מאגדת גלידל פרי,גרמים,640.00,100 גרם,false,1,26.50,4.14,true,1,
7290101113430,false,מאגדת גלידל שוקולד עם סירופ 312 ג',הגלידות של פלדמן,IL,מאגדת גלידל ריפל,גרמים,312.00,100 גרם,false,1,25.90,8.30,true,1,
7290101113805,false,מאגדת קרחון שייק פרי תות 70% פרי 5*70 ג' יופלה,הגלידות של פלדמן,IL,מאגדת גלידה יופלה שי,גרמים,350.00,100 גרם,false,1,24.90,7.11,true,1,
7290101113829,false,מאגדת קרחון שייק פרי מנגו 70% פרי 5*70 ג' יופלה,הגלידות של פלדמן,IL,מאגדת גלידה יופלה שי,גרמים,350.00,100 גרם,false,1,24.90,7.11,true,1,
7290101500001,false,בייבי מיקס (נספק),חקלאי,IL,בייבי מיקס,Unknown,0.00,Unknown,false,1,11.90,11.90,true,1,
7290101500193,false,מיקס חסה - נספק 200,חקלאי,IL,חסה רומית,Unknown,0.00,Unknown,false,1,11.90,11.90,true,1,
7290101500506,false,פטרוזיליה ארוזה,,,פטרוזיליה ארוזה,Unknown,0.00,Unknown,false,1,5.90,5.90,true,1,
7290101500513,false,שמיר ארוז,,,שמיר ארוז,Unknown,0.00,Unknown,false,1,5.90,5.90,true,1,
7290101500520,false,כוסברה ארוזה,,,כוסברה ארוזה,Unknown,0.00,Unknown,false,1,5.90,5.90,true,1,
7290101500537,false,נענע ארוזה,,,נענע ארוזה,Unknown,0.00,Unknown,false,1,5.90,5.90,true,1,
7290101500551,false,סלרי אמריקאי ארוז,חקלאי,IL,סלרי אמריקאי ארוז,Unknown,0.00,Unknown,false,1,5.90,5.90,true,1,
7290101500568,false,שורש סלרי ארוז,חקלאי,IL,סלרי ראש ארוז,Unknown,0.00,Unknown,false,1,4.90,4.90,true,1,
7290101500926,false,תרד ארוז רכות,יושלם,IL,תרד ארוז רכות,Unknown,0.00,Unknown,false,1,12.90,12.90,true,1,
7290101501015,false,חסה אלון אדום ירוק 200 גר',,,זוג חסות ציבעוניות,Unknown,0.00,Unknown,false,1,5.99,5.99,true,1,
7290101501176,false,פלפל פינקרבל,מ.ע יזמות,IL,פלפל טינקרבל,Unknown,0.00,Unknown,false,1,9.90,9.90,true,1,
7290101501305,false,מלפפון מיני בייבי אורגני ארוז,חקלאי,IL,מלפפוני טעם,Unknown,0.00,Unknown,false,1,12.90,12.90,true,1,
7290101551027,false,קפסולות קפה אספרסו חזק במיוחד 14 עלית 10 יח',הנסיך- מפעל לייצור ט,IL,קפסולות 14 חזק במיוח,גרמים,50.00,100 גרם,false,1,16.50,33.00,true,1,
7290101551300,false,סילאן טבעי ללא תוספת סוכר בקבוק לחיץ,מכוורת יד מרדכי,IL,סילאן טבעי לחיץ יד מ,גרמים,700.00,100 גרם,false,1,14.90,2.13,true,1,
7290101551539,false,יוגורט PRO בטעם אפרסק 0% 20 גרם חלבון בגביע,דנונה - שטראוס,IL,דנונה פרו 20 גרם חלב,גרמים,200.00,100 גרם,false,1,5.90,2.95,true,1,
7290101551577,false,קוואקר שיבות שועל פחית מארז 2*500 גר',FRITO-LAY TRADING CO,GB,מ. קוואקר שבולת שועל,גרמים,1000.00,100 גרם,false,1,27.50,2.75,true,1,
7290101551584,false,תפוצ'יפס קידס מארז 10 יח' * 20 ג',"שטראוס פריטו ליי בע""",IL,מארז טפוציפס קידס 10,גרמים,200.00,100 גרם,false,1,13.50,6.75,true,1,
7290101551638,false,חטיף צ'יטוס כאפה בטעם קטשופ - מארז 10 יח',"שטראוס פריטו ליי בע""",IL,מארז ציטוס טעם קטשופ,גרמים,200.00,100 גרם,false,1,15.60,7.80,true,1,
7290101812999,false,כדור תבלינים,,IL,מיני פיין סלמי 350 ג,גרמים,350.00,100 גרם,false,1,33.50,9.57,true,1,
7290101863410,false,"סיליט ניקוי עוצמתי מכיל אקונומיקה 750 מ""ל",סיליט באנג Cillit Bang,PL,סיליט באנג ספריי אקו,מיליליטרים,750.00,"100 מ""ל",false,1,12.90,1.72,true,1,
7290101864127,false,"ספריי להסרת כתמים 750 מ""ל וניש קליה",קליה וניש Kalia Vanish,IL,קליה אוקסי ספריי 750,מיליליטרים,500.00,"100 מ""ל",false,1,15.90,3.18,true,1,
7290101865261,false,"פיניש נוזל הברקה 800 מ""ל",רקיט בנקיזר,PL,"פיניש הברקה 800 מ""ל",מיליליטרים,800.00,"100 מ""ל",false,1,19.90,2.49,true,1,
7290101866633,false,וניש קליה ג'ל מסיר כתמים 3 ליטר,קליה וניש Kalia Vanish,IL,קליה גל 3 ל,ליטרים,0.00,ליטר,false,1,29.90,29.90,true,1,
7290101866787,false,מסיר כתמים ומלבין לכביסה לבנה 3 ל וניש קליה,קליה וניש Kalia Vanish,IL,קליה לכביסה לבנה 3 ל,ליטרים,0.00,ליטר,false,1,29.90,29.90,true,1,
7290101868958,false,"פיניש נוזל הברקה למדיח בניחוח לימון 500 מ""ל",רקיט בנקיזר,PL,פיניש הברקה לימון 80,מיליליטרים,800.00,"100 מ""ל",false,1,19.90,2.49,true,1,
7290101869726,false,ג'ל מרוכז למדיח פיניש all in one max,רקיט בנקיזר,PL,גל AIO פיניש 1 ליטר,מיליליטרים,1000.00,"100 מ""ל",false,1,42.90,4.29,true,1,
7290101869733,false,גל AIO פיניש לימון 1 ליטר,רקיט בנקיזר,PL,גל AIO פיניש לימון 1,מיליליטרים,1000.00,"100 מ""ל",false,1,42.90,4.29,true,1,
7290101869788,false,אירוויק פרשמטיק ניחוח חלום ליל קיץ,איירוויק Air Wick,GB,אירוויק מילוי מבשם א,Unknown,0.00,Unknown,false,1,22.90,22.90,true,1,
7290101869795,false,מילוי למכשיר ספריי אוטומטי חלום ליל קיץ,איירוויק Air Wick,GB,אירוויק מילוי מבשם א,Unknown,0.00,Unknown,false,1,22.90,22.90,true,1,
7290101869832,false,מילוי למכשיר מבשם אויר חשמלי חלום ליל קיץ,איירוויק Air Wick,PL,אירוויק מילוי מבשם ח,Unknown,0.00,Unknown,false,1,17.90,17.90,true,1,
7290101869917,false,מילוי למכשיר ספריי אוטומטי היער הקסום,איירוויק Air Wick,GB,אירוויק מילוי מבשם א,Unknown,0.00,Unknown,false,1,22.90,22.90,true,1,
7290101952176,false,קבנוס ציידים 200 גרם,,,קבנוס ציידים 200 גרם,גרמים,200.00,100 גרם,false,1,26.50,13.25,true,1,
7290101952282,false,צוריסוס ארגנטינאי 530 גרם,,,צוריסוס ארגנטינאי,גרמים,530.00,100 גרם,false,1,36.90,6.96,true,1,
7290101952329,false,המבורגר טקסס 400 גרם,,,המבורגר טקסס 400 גרם,גרמים,400.00,100 גרם,false,1,25.90,6.48,true,1,
7290101952343,false,המבורגר מסעדות 400 גרם,,,המבורגר מסעדות,גרמים,400.00,100 גרם,false,1,25.90,6.48,true,1,
7290101952442,false,קבב רומני 600 גרם,,,קבב רומני 600 גרם,גרמים,600.00,100 גרם,false,1,39.90,6.65,true,1,
7290101952527,false,לקט בסגנון אסייתי טבעפרוסט 800 גר,,,לקט בסגנון אסייתי טב,גרמים,800.00,100 גרם,false,1,18.80,2.35,true,1,
7290101952558,false,גרעיני תירס קפואים טבעפרוסט 800 גרם,,,גרעיני תירס קפואים,גרמים,800.00,100 גרם,false,1,16.20,2.03,true,1,
7290101952565,false,מחבת מלבני 21X33,,IL,מיני פריזר ילדים,גרמים,400.00,100 גרם,false,1,36.50,9.13,true,1,
7290101952657,false,פטרוצן אמיתי קפוא 700 גרם,,IL,פטרוצן אמיתי קפוא,גרמים,700.00,100 גרם,false,1,54.90,7.84,true,1,
7290101985365,false,בקבוק אלומיניום גדול,,,בקבוק אלומיניום גדול,Unknown,0.00,Unknown,false,1,27.50,27.50,true,1,
7290102030330,false,תפוציפס קראנצ מקסיקני 200 גרם,"שטראוס פריטו ליי בע""",IL,תפוציפס קראנצ מקסיקנ,גרמים,200.00,100 גרם,false,1,9.90,4.95,true,1,
7290102031276,false,מארז 8 יחידות אקטימל משקה יוגורט בטעם תות בננה,מיוצר עי קונדיטוריית,IL,אקטימל תות בננה,גרמים,850.00,100 גרם,false,1,20.50,2.41,true,1,
7290102032334,false,אבקה להכנת משקה קפה בטעם וניל,שטראוס,IL,קפה נמס וניל 200 גר,גרמים,200.00,100 גרם,false,1,24.90,12.45,true,1,
7290102300822,false,גבינה צ'דר אנגלית כתומה 200 ג',דאולי צ'יסמייקרס,GB,צדר אנגלית כתומה 200,גרמים,200.00,100 גרם,false,1,21.90,10.95,true,1,
7290102300860,false,גבינת צ'דר אנגלי לבן 35%,דאוליי צ'יסמייקרס,GB,צדר אנגלי 200 גרם,גרמים,200.00,100 גרם,false,1,21.90,10.95,true,1,
7290102300877,false,גבינת צדר אנגלית מעד,כושר דייארי,GB,צדר אנגלי במשקל,Unknown,0.00,"ק""ג",true,0,129.00,129.00,true,1,
7290102300884,false,צדר אנגלי כתום במשקל,שבינגטון,GB,צדר אנגלי כתום במשקל,Unknown,0.00,"ק""ג",true,0,129.00,129.00,true,1,
7290102301430,false,מלוסין במשקל,,,מלוסין במשקל,Unknown,0.00,"ק""ג",true,0,165.00,165.00,true,1,
7290102301485,false,סטילטון במשקל,,,סטילטון במשקל,Unknown,0.00,"ק""ג",true,0,169.00,169.00,true,1,
7290102301881,false,גבינת טרטר עשבי תיבול 150 גר,בונגראן,FR,גבינת טרטר עשבי תיבו,גרמים,150.00,100 גרם,false,1,24.90,16.60,true,1,
7290102302246,false,גבינת גאודה הולנדית 200 גרם,מיוצר עי קונדיטוריית,NL,גבינת גאודה הולנדית,גרמים,200.00,100 גרם,false,0,23.90,11.95,true,1,
7290102302864,false,גבינה הולנדית עם פסטו ירוק 34%,הנרי ויליך Henri Willig,NL,גבינת גאודה פסטו ירו,גרמים,200.00,100 גרם,false,1,35.90,17.95,true,1,
7290102302888,false,גבינת גאודה כמון 200 גרם,מיוצר עי קונדיטוריית,NL,גבינת גאודה כמון 200,גרמים,200.00,100 גרם,false,1,35.90,17.95,true,1,
7290102303878,false,אלוויר חמאה נורמנדי 200 גר,אלוויר,FR,אלוויר חמאה נורמנדי,גרמים,200.00,100 גרם,false,1,20.90,10.45,true,1,
7290102303984,false,גוש טונה במים רוברט 140 גרם,Ramirez,PT,גוש טונה במים רוברט,גרמים,140.00,100 גרם,false,1,10.90,7.79,true,1,
7290102304714,false,גלוריוס עיזים 180 גרם,הנרי ויליך,NL,גלוריוס עיזים 180 גר,גרמים,180.00,100 גרם,false,0,43.90,24.39,true,1,
7290102379637,false,מגש חיתוך עגול לגבינות CHEN BASIC FROMA,,,מגש חיתוך עגול לגבינ,Unknown,0.00,Unknown,false,1,138.00,138.00,true,1,
7290102390427,false,יוגורט ביו עם קציפת תות 3% שומן 150 ג' מולר,מולר Muller,IL,יוגורט מולר פרופ בטע,גרמים,150.00,100 גרם,false,1,5.80,3.87,true,1,
7290102390465,false,יוגורט ביו עם קציפת אפרסק ופסיפלורה 3% שומן 150 ג' מולר,מולר Muller,IL,פרופ אפרסק פסיפלורה,מיליליטרים,150.00,"100 מ""ל",false,1,5.80,3.87,true,1,
7290102390489,false,יוגורט ביו עם קציפת לימון 3% שומן 150 ג' מולר,מולר Muller,IL,פרופ לימון מולר 150,מיליליטרים,150.00,"100 מ""ל",false,1,5.80,3.87,true,1,
7290102391844,false,יוגורט ביו עם קציפת פירות יער3% שומן 150 ג' מולר,מולר Muller,IL,פרופ מולר פירות יער,גרמים,150.00,100 גרם,false,1,5.80,3.87,true,1,
7290102392049,false,גבינה תבור לאפייה 5% 500 ג' צוריאל,מחלבת משק צוריאל,IL,צוריאל תבור גבינה לא,גרמים,500.00,100 גרם,false,1,24.90,4.98,true,1,
7290102392094,false,חלב עיזים 4.1% צוריאל 1 ל' קרטון,מילקו תעשיות בעמ,IL,חלב עיזים בקרטון 1ל,מיליליטרים,1000.00,"100 מ""ל",false,1,15.90,1.59,true,1,
7290102393039,false,מולר מיקס יוגורט קרמי בתוספת פצפוצי שוקולד 170 ג',מולר Muller,IL,מולר מיקס יוגורט,גרמים,150.00,100 גרם,false,1,5.90,3.93,true,1,
7290102393060,false,מיקס יוגורט גליליות וופל קרם אגוזים 170 ג' מולר,מולר Muller,IL,מולר מיקס יוגורט קרמ,גרמים,150.00,100 גרם,false,1,5.90,3.93,true,1,
7290102393169,false,סימפלי פרוט יוגורט תות 3% שומן 150 ג' מולר,מולר Muller,IL,SIMPLY FRUIT מולר בט,מיליליטרים,150.00,"100 מ""ל",false,1,5.30,3.53,true,1,
7290102393176,false,סימפלי פרוט יוגורט אפרסק 3% שומן 150 ג' מולר,מילקו תעשיות בעמ,IL,SIMPLY FRUIT מולר בט,מיליליטרים,150.00,"100 מ""ל",false,1,5.30,3.53,true,1,
7290102393190,false,סימפלי פרוט פירות היער 3% שומן 150 ג' מולר,מילקו תעשיות בעמ,IL,SIMPLY FRUIT מולר בט,מיליליטרים,150.00,"100 מ""ל",false,1,5.30,3.53,true,1,
7290102393268,false,**טרה גבינה לבנה אריזת חיסכון 5% 750ג,טרה,IL,גבינה לבנה 5% 750 גר,גרמים,750.00,100 גרם,false,1,14.94,1.99,true,1,
7290102393299,false,יוגורט עיזים לשתייה 3% שומן 500 ג' צוריאל,מיוצר עי קוד יצרן HG,IL,יוגורט עיזים לשתיה 5,גרמים,500.00,100 גרם,false,1,12.90,2.58,true,1,
7290102393848,false,"משק צוריאל יוגורט עיזים תות 3% 140 מ""ל",מחלבת משק צוריאל,IL,משק צוריאל יוגורט עי,מיליליטרים,140.00,"100 מ""ל",false,1,6.50,4.64,true,1,
7290102393855,false,"משק צוריאל יוגורט עיזים אפרסק 3% 140 מ""ל",מחלבת משק צוריאל,IL,משק צוריאל יוגורט עי,מיליליטרים,140.00,"100 מ""ל",false,1,6.50,4.64,true,1,
7290102393947,false,סימפלי פרוט יוגורט בטעם קיווי 3% שומן 150 ג' מולר,מילקו תעשיות בעמ,IL,SIMPLY FRUIT מולר בט,מיליליטרים,150.00,"100 מ""ל",false,1,5.30,3.53,true,1,
7290102394081,false,מולר מיקס יוגורט קרמי עם קורנפלקס מצופה שוקולד,מילקו תעשייה בעמ,IL,מולר מיקס עם קורנפלק,גרמים,150.00,100 גרם,false,1,5.90,3.93,true,1,
7290102394258,false,עז מה 9% מופחתת שומן צוריאל 180 גר,מחלבת משק צוריאל,IL,עז מה 9% מופחתת שומן,גרמים,180.00,100 גרם,false,0,24.90,13.83,true,1,
7290102394463,false,נעם גבינה צהובה וואקום 28% 500 גרם,טרה,IL,נעם גבינה צהובה וואק,גרמים,500.00,100 גרם,false,1,29.90,5.98,true,1,
7290102394821,false,"נעם גבינה צהובה דק דק פ""ח 28% 200 גר",מילקו תעשיות בעמ,IL,נעם גבינה צהובה דק ד,גרמים,200.00,100 גרם,false,1,17.50,8.75,true,1,
7290102394845,false,פרוסות גבינת נעם מופחתת שומן 9%,מילקו תעשיות בעמ,IL,נעם גבינה צהובה דק ד,גרמים,200.00,100 גרם,false,1,17.90,8.95,true,1,
7290102395101,false,ממרח גבינה ושוקולד שוקי 200 גר,מילקו תעשיות בעמ,IL,ממרח גבינה ושוקולד ש,גרמים,200.00,100 גרם,false,1,12.50,6.25,true,1,
7290102395224,false,מארז 8 גביעים יוגורט ביו בטעם טבעי 1.7%,מולר Muller,IL,מאגדת שמיניה מולר,גרמים,1200.00,100 גרם,false,1,18.90,1.58,true,1,
7290102395231,false,מולר נטורל 2.8% ביאנקו מאגדת 8 יח' * 150 ג',מולר Muller,IL,מאגדת שמיניה מולר,גרמים,1200.00,100 גרם,false,1,18.90,1.58,true,1,
7290102395262,false,מארז 8 גביעים יוגורט בטעם תות שדה ואפרסק 3% Simply Fruit,מולר Muller,IL,מאגדת 8 מולר סימפלי,גרמים,900.00,100 גרם,false,1,31.90,3.54,true,1,
7290102395378,false,גבינה צהובה נועם 28% וואקום פרוס 360ג',טרה,IL,נעם גבינה צהובה וואק,גרמים,360.00,100 גרם,false,1,23.90,6.64,true,1,
7290102395408,false,נעם גבינה צהובה 28% במשקל,טרה,IL,נעם גבינה צהובה 28%,Unknown,0.00,"ק""ג",true,0,44.79,44.79,true,1,
7290102395422,false,נעם גבינה צהובה 22% במשקל,,,נעם גבינה צהובה 22%,Unknown,0.00,"ק""ג",true,0,42.58,42.58,true,1,
7290102395439,false,מארז 8 גביעים יוגורט בטעם פירות יער וקיווי 3% Simply Fruit,מילקו תעשיות בעמ,IL,מאגדת 8 מולר סימפלי,גרמים,900.00,100 גרם,false,1,31.90,3.54,true,1,
7290102395446,false,מעדן חלב בטעם וניל עם קצפת 123 ג' טרה,טרה,IL,מעדן מו וניל 123 גר,גרמים,123.00,100 גרם,false,1,3.40,2.76,true,1,
7290102395477,false,מעדן חלב בטעם שוקולד עם קצפת 123 ג' טרה,טרה,IL,מעדן מו שוקולד 123,גרמים,123.00,100 גרם,false,1,3.40,2.76,true,1,
7290102396399,false,מארז 8 יחידות מעדן חלב בטעם שוקולד 1.5%,טרה,IL,מאגדת שמיניה מעדן שו,גרמים,800.00,100 גרם,false,1,15.20,1.90,true,1,
7290102396405,false,מארז 8 יחידות מעדן חלב בטעם וניל 1.5%,טרה,IL,מאגדת שמיניה מעדן,גרמים,800.00,100 גרם,false,1,15.20,1.90,true,1,
7290102396580,false,מעדן שוקולד ומוס שוקולד 123 ג' טרה,טרה,IL,מעדן מו שוקולד ומוס,גרמים,123.00,100 גרם,false,1,3.40,2.76,true,1,
7290102396597,false,מעדן מוו וניל ומוס שוקולד 123 גר,טרה,IL,מעדן מוו וניל ומוס ש,גרמים,123.00,100 גרם,false,1,3.40,2.76,true,1,
7290102396665,false,פרוסות גבינת נעם מופחתת שומן 15%,מילקו תעשיות בעמ,IL,גבינה צהובה נעם דק ד,גרמים,200.00,100 גרם,false,1,16.90,8.45,true,1,
7290102396672,false,זבינה צהובה נעם דק דק 9% 360 גר,טרה,IL,זבינה צהובה נעם דק ד,גרמים,360.00,100 גרם,false,1,29.90,8.31,true,1,
7290102396719,false,יוגורט ביו עם תות שדה 0% Simply Fruit,מולר Muller,IL,מולר SIMPLY FRUIT תו,גרמים,150.00,100 גרם,false,1,5.30,3.53,true,1,
7290102396740,false,מארז 8 גביעים יוגורט בטעם תות שדה ואפרסק 0% Simply Fruit,מילקו תעשיות בעמ,IL,מאגדת תות ואפרסק מול,קילוגרמים,0.00,"ק""ג",false,1,31.90,31.90,true,1,
7290102397204,false,פרוסות גבינה 22% שומן 200 ג' נעם,מילקו תעשיות בעמ,IL,גבינה צהובה נעם דק ד,גרמים,200.00,100 גרם,false,1,17.90,8.95,true,1,
7290102397464,false,יוגורט ביו בתוספת גרעינים אגוזים וחמוציות 170 ג' מולר,מולר Muller,IL,מולר נטורל+ פקאן גרע,גרמים,170.00,100 גרם,false,1,5.90,3.47,true,1,
7290102397600,false,מיקס יוגורט בתוספת שקדים ובוטנים מקורמלים 170 ג' מולר,מילקו תעשייה בעמ,IL,מולר מיקס שקדים ובוט,גרמים,170.00,100 גרם,false,1,5.90,3.47,true,1,
7290102397617,false,יוגורט ביו קרמי עם כדורים מצופים שוקולד חום לבן,מולר Muller,IL,מולר מיקס קליק 170 ג,גרמים,170.00,100 גרם,false,1,5.90,3.47,true,1,
7290102397730,false,פרוסות גבינה אמנטל חצי קשה 30% שומן 200 ג' נעם,טרה,IL,גבינת אמנטל נעם 200,גרמים,200.00,100 גרם,false,1,18.90,9.45,true,1,
7290102397747,false,פרוסות גבינת מוצרלה נעם מחלב בקר 22%,טרה,IL,מוצרלה נעם רכיבים,גרמים,200.00,100 גרם,false,1,19.90,9.95,true,1,
7290102397891,false,גבינת מותכת 18% צוריאל 100ג',משק צוריאל,IL,גבינה מותכת 100 גרם,גרמים,100.00,100 גרם,false,1,7.90,7.90,true,1,
7290102398065,false,**חלב בקרטון 2 ליטר 3% מהדרין - טרה,טרה,IL,חלב 3% מהדרין 2 ליטר,ליטרים,0.00,ליטר,false,1,12.46,12.46,true,1,
7290102398331,false,חלב דל לקטוז 2% מועשר בויטמין D,טרה,IL,חלב מועשר דל לקטוז 1,מיליליטרים,1000.00,"100 מ""ל",false,1,8.50,0.85,true,1,
7290102398560,false,שוקו מעושר בבקבוק 1ל' טרה,מילקו תעשיות בעמ,IL,שוקו מועשר טרה 1 ליט,מיליליטרים,1000.00,"100 מ""ל",false,1,12.50,1.25,true,1,
7290102398577,false,משקה חלב בטעם שוקו 2% בבקבוק אישי,מילקו תעשיות בעמ,IL,שוקו מועשר טרה 250 מ,מיליליטרים,250.00,"100 מ""ל",false,1,5.90,2.36,true,1,
7290102398614,false,משקה חלב בטעם בננה 1 ליטר טרה,מילקו תעשיות בעמ,IL,משקה חלב בננה טרה 1,מיליליטרים,1000.00,"100 מ""ל",false,1,12.50,1.25,true,1,
7290102398669,false,משקה חלב עם קפה אייס קפוצ'ינו 1.5%,מילקו תעשיות בעמ,IL,אייס קפוצינו 1 ליטר,ליטרים,0.00,ליטר,false,1,12.50,12.50,true,1,
7290102398782,false,משקה סויה קלאסי משק צוריאל 1 ליטר,משק צוריאל,IT,משקה סויה קלאסי משק,ליטרים,0.00,ליטר,false,1,12.90,12.90,true,1,
7290102398805,false,משקה סויה בטעם וניל משק צוריאל 1 ליטר,משק צוריאל,IT,משקה סויה בטעם וניל,ליטרים,0.00,ליטר,false,1,12.90,12.90,true,1,
7290102398836,false,משקה שקדים קלאסי משק צוריאל 1 ליטר,משק צוריאל,IT,משקה שקדים קלאסי משק,ליטרים,0.00,ליטר,false,1,14.60,14.60,true,1,
7290102399048,false,פרוסות גבינת קשקבל נעם 200 ג' טרה,מילקו,IL,קשקבל נעם 200 גר,גרמים,200.00,100 גרם,false,1,24.90,12.45,true,1,
7290102399635,false,"מולר פרופ יוגורט ביו עם קציפת קוקוס ואננס 150 מ""ל",מולר Muller,IL,מולר פרופ קוקוס,מיליליטרים,150.00,"100 מ""ל",false,1,5.80,3.87,true,1,
7290102399772,false,ממרח חמאת מולר ושמן לפתית במליחות עדינה,Molkerei Weihensteph,DE,מולר ספרדבל ממרח,גרמים,250.00,100 גרם,false,1,19.90,7.96,true,1,
7290102399789,false,ממרח חמאת מולר ושמן לפתית ללא תוספת מלח,Molkerei Weihensteph,DE,מולר ספרדבל ממרח חמא,גרמים,250.00,100 גרם,false,1,19.90,7.96,true,1,
7290102399796,false,מעדן יוגורט לבן מועשר בחלבון 200 ג' מולר אקטיב,מולר Muller,IL,מולר אקטיב יוגורט חל,גרמים,200.00,100 גרם,false,1,5.90,2.95,true,1,
7290102399802,false,יוגורט עם תות מולר אקטיב מועשר בחלבון 200 גר',מולר Muller,IL,מולר אקטיב יוגורט חל,גרמים,200.00,100 גרם,false,1,6.50,3.25,true,1,
7290102399819,false,יוגורט עם פירות יער מולר אקטיב מועשר בחלבון 200 גר',מולר Muller,IL,מולר אקטיב יוגורט,גרמים,200.00,100 גרם,false,1,6.50,3.25,true,1,
7290102399857,false,"יוגורט אקטיב עם תות 0% , 20 גרם חלבון בגביע",מולר Muller,IL,מולר אקטיב לייט יוגו,גרמים,200.00,100 גרם,false,1,6.50,3.25,true,1,
7290103087258,false,שיח אברהם ויטקס,,,שיח אברהם ויטקס,Unknown,0.00,Unknown,false,1,119.00,119.00,true,1,
7290103091460,false,"אדם דאו ספריי לגבר בייסיק 200 מ""ל",זוהר קוסמטיקס,IL,אדם דאו ספריי לגבר ב,יחידה,1.00,יחידה,false,1,15.90,15.90,true,1,
7290103126797,false,משחת שיניים סנסיטיב פרו רליף Sensitive Pro - Reliefe,הנסיך- מפעל לייצור ט,BR,קולגייט סנסיטיב פרו,Unknown,0.00,Unknown,false,1,22.90,22.90,true,1,
7290103129378,false,ספיד סטיק - דאודורנט ג'ל לגבר איקס 5 85 גרם,הנסיך- מפעל לייצור ט,US,ספיד סטיק X5 גל 85 ג,גרמים,85.00,100 גרם,false,1,20.90,24.59,true,1,
7290103400194,false,"כרוב לבן 400 גר בד""צ ירקות שטראוס","טרופיקל דגיל בע""מ אז",IL,כרוב לבן 400 גר,גרמים,400.00,100 גרם,false,1,10.90,2.73,true,1,
7290103400231,false,"גזר 400 גר בד""צ ירקות שטראוס",תות תעשיות מזון (201,IL,גזר 400 גר,גרמים,400.00,100 גרם,false,1,10.90,2.73,true,1,
7290103401429,false,קפה קצב ברזילאי אוריגינס 200 גר,הנסיך- מפעל לייצור ט,IL,קפה קצב ברזילאי אורי,גרמים,200.00,100 גרם,false,1,25.90,12.95,true,1,
7290103404758,false,כרוב אדום במיונז אחל,מיוצר עי קונדיטוריית,IL,כרוב אדום 120 גר,גרמים,125.00,100 גרם,false,1,4.80,3.84,true,1,
7290103408206,false,עלי חסה בקופסא 250 גרם ירקות שטראוס,שטראוס בריאות ירקות,IL,עלי חסה שטופים בקופס,גרמים,250.00,100 גרם,false,1,11.90,4.76,true,1,
7290103612887,false,אכינצאה אבסולוט,,,אכינצאה אבסולוט,Unknown,0.00,Unknown,false,1,199.90,199.90,true,1,
7290103613044,false,רודיולה רוסיאה תמצית מרוכזת 100 מל ראן,,,רודיולה רוסיאה תמצית,Unknown,0.00,Unknown,false,1,174.90,174.90,true,1,
7290103681227,false,"יין הר גוורצטרמינר מיתוג תנשמת 750 מ""ל",מיוצר על ידי יקב תבו,IL,יין הר גוורצטרמינר מ,מיליליטרים,750.00,"100 מ""ל",false,1,35.90,4.79,true,1,
7290103681296,false,"יין אדמה מרלו תנשמת 750 מ""ל",,IL,יין אדמה מרלו תנשמת,מיליליטרים,750.00,"100 מ""ל",false,1,62.90,8.39,true,1,
7290103681623,false,"-יין תבור הר מוסקטו רוזה 750 מ""ל",,IL,יין הר מוסקטו רוזה 7,מיליליטרים,750.00,"100 מ""ל",false,1,35.90,4.79,true,1,
7290103700041,false,טאצ' מטליות רב שימושיות מארז תשיעייה,,,טאצ מטליות רב שימושי,Unknown,0.00,Unknown,false,1,10.90,10.90,true,1,
7290103700195,false,שאפו רדיד אלומיניום צר 30*7.5 2יח',"שניב תעשיות נייר בע""",,טאצ רדיד אלומיניום ק,Unknown,0.00,Unknown,false,12,9.90,9.90,true,1,
7290103700225,false,רדיד אלומניום רוחב 45 עובי 14 מיקרון,,,טאצ רדיד אלומיניום א,Unknown,0.00,Unknown,false,12,13.90,13.90,true,1,
7290103700324,false,שאפו זוג שקיות אוכל מתכלות בקרטון 300יח',,,טאצ שקיות אוכל בקרטו,Unknown,0.00,Unknown,false,1,14.90,14.90,true,1,
7290103700331,false,טאצ שקיות אוכל רב תכליתיות 250 יחידות,,,טאצ שקיות אוכל רב תכ,Unknown,0.00,Unknown,false,1,14.90,14.90,true,1,
7290103700386,false,טאצ כריות יפניות מארז שישיה,"שניב תעשיות נייר בע""",IL,כריות קרצוף טאצ 6 יח,Unknown,0.00,Unknown,false,1,10.90,10.90,true,1,
7290103701147,false,טאצ רדיד אלומיניום 200 מטר,,,טאצ רדיד אלומיניום 2,מטרים,200.00,מטר,false,1,33.90,0.17,true,1,
7290103702311,false,טאצ' ממחטות כיס עשירייה מנטול,"שניב תעשיות נייר בע""",,טאצ ממחטות כיס מנטול,Unknown,0.00,Unknown,false,1,5.90,5.90,true,1,
7290103703226,false,טאצ מטליות לחות לניקוי כללי,,,טאצ מטליות לחות לניק,Unknown,0.00,Unknown,false,1,7.90,7.90,true,1,
7290103703370,false,טאצ מגבוני טואלט לחים מארז שלישייה,,,טאצ מגבוני טואלט לחי,Unknown,0.00,Unknown,false,1,14.90,14.90,true,1,
7290103703745,false,טאצ מפות עבות 45 מטר בגליל,,,טאצ מפות עבות 45 מטר,Unknown,0.00,Unknown,false,1,19.90,19.90,true,1,
7290103703899,false,מפיות טאצ 80 יחי' צבעים כהים חד שכבתיות,,IL,מפיות טאצ 80 יחידות,Unknown,0.00,Unknown,false,30,5.90,5.90,true,1,
7290103703998,false,טאצ' מגבונים לחים לחיטוי 99.9% אנטיבקטריאלים 50 יח',עלבד,IL,טאצ מגבונים אנטיבקטר,Unknown,0.00,Unknown,false,1,10.90,10.90,true,1,
7290103704162,false,נייר טואלט טאצ' פרימיום 32 גלילים,"שניב תעשיות נייר בע""",IL,טואלט טאצ 32 מהדורת,Unknown,0.00,Unknown,false,18,28.90,28.90,true,1,
7290103704186,false,מגבות מטבח כפול טאצ`מהדורת 2021 6 יחידות,,,מגבות טאצ 6 גלילים כ,יחידה,1.00,יחידה,false,1,18.90,18.90,true,1,
7290103704209,false,נייר מגבת תאית טאצ' 12 גלילים,,,מגבות טאצ 12 מהדורת,Unknown,0.00,Unknown,false,22,20.50,20.50,true,1,
7290103704759,false,טואלט טאצ 16 כפול פרח סגול,,,טואלט טאצ 16 כפול פר,Unknown,0.00,Unknown,false,1,31.50,31.50,true,1,
7290104059117,false,הרשי סירופ שוקולד 680 גרם,,,הרשי סירופ שוקולד,גרמים,680.00,100 גרם,false,1,21.90,3.22,true,1,
7290104061417,false,חומוס טחינה אחלה 400 ג',"שטראוס גרופ בע""מ",IL,חומוס טחינה 400 גר,גרמים,400.00,100 גרם,false,1,10.90,2.73,true,1,
7290104061424,false,חומוס אחלה עם זעתר 400 ג',מיוצר עי קונדיטוריית,IL,חומוס זעתר 400 גר,גרמים,400.00,100 גרם,false,1,10.90,2.73,true,1,
7290104061431,false,חומוס אחלה עם צנובר 400 ג',"שטראוס גרופ בע""מ",IL,חומוס צנובר 400 גר,גרמים,400.00,100 גרם,false,1,10.90,2.73,true,1,
7290104061448,false,חומוס עם חריף 400 ג' אחלה,מיוצר עי קונדיטוריית,IL,חומוס חריף 400 גרם,גרמים,400.00,100 גרם,false,1,10.90,2.73,true,1,
7290104062599,false,מארז 8 יחידות מעדן גמדים בטעמי תות ובננה,שטראוס גרופ,IL,מארז סופר גמדים תות,גרמים,800.00,100 גרם,false,1,19.80,2.48,true,1,
7290104064012,false,חטיף פסק זמן GOOD שוקולד לבן גוד 36 גרם,,,חטיף פסק זמן שוקולד,גרמים,36.00,100 גרם,false,1,4.90,13.61,true,1,
7290104065187,false,אבקה להכנת משקה קפה בטעם מוקה,שטראוס,IL,קפה נמס בטעם מוקה 20,גרמים,200.00,100 גרם,false,1,24.90,12.45,true,1,
7290104065934,false,עלי רוקט 150 גרם שטראוס,שטראוס בריאות ירקות,IL,עלי רוקט 150גר,גרמים,150.00,100 גרם,false,1,10.90,7.27,true,1,
7290104066566,false,טחינה שומשום מלא אחלה 500 גר',מיוצר עי קונדיטוריית,IL,טחינה 500 גרם,גרמים,500.00,100 גרם,false,1,14.60,2.92,true,1,
7290104067693,false,אחלה חומוס עם חריף 150 גרם,מיוצר עי קונדיטוריית,IL,חומוס חריף 150 גר,גרמים,150.00,100 גרם,false,1,6.20,4.13,true,1,
7290104068546,false,גומי מאסט בטעם לימון קולה ללא סוכר 28 ג' עלית,"שטראוס גרופ בע""מ",IL,מסטיק מאסט פליפטופ ק,Unknown,0.00,Unknown,false,1,4.50,4.50,true,1,
7290104340451,false,ספיד גרון תרסיס המסייע בטיפול בזיהומי וכאבי גרון,ויטרו ביו,FR,ספיד גרון תרסיס 30 מ,מיליליטרים,30.00,"100 מ""ל",false,1,54.90,183.00,true,1,
7290104500572,false,אפרופו חטיף איטליאנו 50 ג' אסם,מיוצר עי קונדיטוריית,IL,חטיף אפרופו איטליאנו,גרמים,50.00,100 גרם,false,1,5.00,10.00,true,1,
7290104501661,false,פודינג אינסטנט בטעם וניל צרפתי 80 גר,מיוצר עי קונדיטוריית,IL,פודינג אינסטנט בטעם,גרמים,80.00,100 גרם,false,1,5.20,6.50,true,1,
7290104503184,false,עוגת שבת בראוניס שוקולד ריבת חלב 380 גרם,מיוצר עי קונדיטוריית,IL,עוגת שבת בראוניס שוק,גרמים,380.00,100 גרם,false,1,15.60,4.11,true,1,
7290104504228,false,מארז אריזות מיני חטיף דובונים - 5 יח',"אסם השקעות בע""מ",IL,מארז דובונים 20 גר*5,גרמים,100.00,100 גרם,false,1,13.90,13.90,true,1,
7290104508943,false,במבה אריזת חסכון 200 גרם,"אסם השקעות בע""מ",IL,במבה קלאסי 200 גרם,גרמים,200.00,100 גרם,false,1,8.90,4.45,true,1,
7290104615214,false,צמחים,,,צמחים,Unknown,0.00,Unknown,false,1,25.00,25.00,true,1,
7290104615238,false,צמחים,,,צמחים,Unknown,0.00,Unknown,false,1,30.00,30.00,true,1,
7290104615252,false,צמחים,,,צמחים,Unknown,0.00,Unknown,false,1,40.00,40.00,true,1,
7290104615276,false,צמחים,,,צמחים,Unknown,0.00,Unknown,false,1,65.00,65.00,true,1,
7290104615290,false,עציצים,,,עציצים,Unknown,0.00,Unknown,false,1,140.00,140.00,true,1,
7290104615337,false,צמחים,,,צמחים,Unknown,0.00,Unknown,false,1,45.00,45.00,true,1,
7290104615344,false,צמחים,,,צמחים,Unknown,0.00,Unknown,false,1,50.00,50.00,true,1,
7290104615351,false,צמחים,,,צמחים,Unknown,0.00,Unknown,false,1,70.00,70.00,true,1,
7290104615368,false,עציצים,,,עציצים,Unknown,0.00,Unknown,false,1,150.00,150.00,true,1,
7290104615436,false,צמחים,,,צמחים,Unknown,0.00,Unknown,false,1,15.00,15.00,true,1,
7290104615450,false,צמחים,,,צמחים,Unknown,0.00,Unknown,false,1,17.00,17.00,true,1,
7290104615498,false,צמחים,,,צמחים,Unknown,0.00,Unknown,false,1,21.00,21.00,true,1,
7290104615603,false,עציצים,,,עציצים,Unknown,0.00,Unknown,false,1,45.00,45.00,true,1,
7290104615641,false,חבילת פרחים,,,חבילת פרחים,Unknown,0.00,Unknown,false,1,34.00,34.00,true,1,
7290104615757,false,צמחים,,,צמחים,Unknown,0.00,Unknown,false,1,36.00,36.00,true,1,
7290104615849,false,צמחים,,,צמחים,Unknown,0.00,Unknown,false,1,45.00,45.00,true,1,
7290104615870,false,צמחים,,,צמחים,Unknown,0.00,Unknown,false,1,48.00,48.00,true,1,
7290104615894,false,צמחים,,,צמחים,Unknown,0.00,Unknown,false,1,50.00,50.00,true,1,
7290104615948,false,צמחים,,,צמחים,Unknown,0.00,Unknown,false,1,55.00,55.00,true,1,
7290104615955,false,עציצים,,,עציצים,Unknown,0.00,Unknown,false,1,60.00,60.00,true,1,
7290104615993,false,עציצים,,,עציצים,Unknown,0.00,Unknown,false,1,75.00,75.00,true,1,
7290104618215,false,צמחים,,,צמחים,Unknown,0.00,Unknown,false,1,65.00,65.00,true,1,
7290104618222,false,צמחים,,,צמחים,Unknown,0.00,Unknown,false,1,70.00,70.00,true,1,
7290104618239,false,צמחים,,,צמחים,Unknown,0.00,Unknown,false,1,75.00,75.00,true,1,
7290104618246,false,צמחים,,,צמחים,Unknown,0.00,Unknown,false,1,80.00,80.00,true,1,
7290104618260,false,צמחים,,,צמחים,Unknown,0.00,Unknown,false,1,90.00,90.00,true,1,
7290104618277,false,צמחים,,,צמחים,Unknown,0.00,Unknown,false,1,95.00,95.00,true,1,
7290104618291,false,צמחים,,,צמחים,Unknown,0.00,Unknown,false,1,105.00,105.00,true,1,
7290104618321,false,צמחים,,,צמחים,Unknown,0.00,Unknown,false,1,120.00,120.00,true,1,
7290104618338,false,צמחים,,,צמחים,Unknown,0.00,Unknown,false,1,125.00,125.00,true,1,
7290104618376,false,עציצים,,,עציצים,Unknown,0.00,Unknown,false,1,100.00,100.00,true,1,
7290104618451,false,עציצים,,,עציצים,Unknown,0.00,Unknown,false,1,80.00,80.00,true,1,
7290104721533,false,רצועות פלפלים קלויים אחלה 400 ג',מיוצר עי קונדיטוריית,IL,רצועות פלפלים קלויים,גרמים,400.00,100 גרם,false,1,18.30,4.58,true,1,
7290104721762,false,מארז קפה טורקי עלית 3*85 גר,שטראוס גרופ,IL,מארז קפה טורקי עלית,גרמים,255.00,100 גרם,false,1,19.90,7.80,true,1,
7290104721953,false,לקט מסולסלים 350 גר ירקות שטראוס,שטראוס בריאות ירקות,IL,לקט מסולסלים 350 גר,גרמים,350.00,100 גרם,false,1,13.90,3.97,true,1,
7290104726262,false,מארז 4 יחידות דני לשתייה בטעם שוקולד + קשים,מיוצר עי קונדיטוריית,IL,מארז דני לשתייה 4*12,גרמים,500.00,100 גרם,false,1,10.90,2.18,true,1,
7290104726712,false,מארז 8 יחידות מעדן מילקי בטעם שוקולד עם קצפת,"שטראוס גרופ בע""מ",IL,מארז מילקי שמיניייה,קילוגרמים,0.00,"ק""ג",false,1,19.50,19.50,true,1,
7290104728310,false,"שמנת עמידה לקצפת 38% שומן 250 מ""ל יוטבתה",שטראוס גרופ,IL,שמנת עמידה לקצפת 38%,מיליליטרים,250.00,"100 מ""ל",false,1,6.47,2.59,true,1,
7290104729003,false,"יד מרדכי - שמן זית כתית מעולה 2 קלאסי 750 מ""ל",מכוורת יד מרדכי שטרא,IL,שמן זית כתית מעולה י,מיליליטרים,750.00,"100 מ""ל",false,1,29.50,3.93,true,1,
7290105351180,false,חלבון אפונה עוגיות פיור פי 700 גרם,,,חלבון אפונה עוגיות פ,גרמים,700.00,100 גרם,false,1,129.90,18.56,true,1,
7290105360250,false,קפסולות 09 עשיר וארומטי למכונת נספרסו עלית 10יח',הנסיך- מפעל לייצור ט,IL,קפסולות מקיאטו למכונ,גרמים,50.00,100 גרם,false,1,16.50,33.00,true,1,
7290105360328,false,קפסולות אספרסו חזק למכונות נספרסו 10 יח',הנסיך- מפעל לייצור ט,IL,קפסולות אספרסו חזק ל,Unknown,0.00,Unknown,false,1,16.50,16.50,true,1,
7290105360878,false,מארז תפוציפס טבעי 50 גרם * 4,"שטראוס פריטו ליי בע""",IL,מארז תפוציפס טבעי 50,גרמים,200.00,100 גרם,false,1,10.50,5.25,true,1,
7290105362339,false,"שמנת לבישול 15% 250 מ""ל יטבתה מהדרין",שטראוס גרופ,IL,שמנת לבישול 15% מהדר,מיליליטרים,250.00,"100 מ""ל",false,1,7.90,3.16,true,1,
7290105363602,false,כיף כף - מקלות קלאסי 40 גרם,"איי, בי, אינבוו",TR,כיף כף מקלות קלאסי 4,Unknown,0.00,Unknown,false,1,4.80,4.80,true,1,
7290105364289,false,כיף כף - מקלות פצפוצים 40 גרם,"איי, בי, אינבוו",TR,כיף כף מקלות פצפוצים,Unknown,0.00,Unknown,false,1,4.80,4.80,true,1,
7290105364302,false,"עלית חטיף שוקולד כיף כף מקלות אגוזים, 40 גרם","איי, בי, אינבוו",TR,כיף כף מקלות אגוזים,גרמים,42.00,100 גרם,false,1,4.80,11.43,true,1,
7290105364678,false,משקה אקטיביה בטעם אפרסק 1.3% שומן 265 ג' דנונה,מיוצר עי קונדיטוריית,IL,משקה אקטיביה אפרסק,מיליליטרים,250.00,"100 מ""ל",false,1,6.00,2.40,true,1,
7290105366023,false,חציל אחלה בטעם כבד 400 גר' אחלה,מיוצר עי קונדיטוריית,IL,חציל בטעם כבד 400 גר,גרמים,400.00,100 גרם,false,1,18.30,4.58,true,1,
7290105366047,false,טחינה אחלה לבנה 400 גר',מיוצר עי קונדיטוריית,IL,טחינה לבנה 400 גר,גרמים,400.00,100 גרם,false,1,18.30,4.58,true,1,
7290105366993,false,גבינה לבנה סימפוניה עם תוספות 200 ג' פלפל שיפקה,"שטראוס בריאות בע""מ",IL,סימפוניה פלפל שיפקה,גרמים,200.00,100 גרם,false,1,11.00,5.50,true,1,
7290105368331,false,מעדן מילקי בטעם תות עם קצפת,מחלבת אחיהוד,IL,מילקי נוגת 134גר,גרמים,130.00,100 גרם,false,1,2.90,2.23,true,1,
7290105368904,false,"שמנת מתוקה להקצפה 32% שומן 250 מ""ל יוטבתה",שטראוס גרופ,IL,שמנת עמידה לקצפת 32%,מיליליטרים,250.00,"100 מ""ל",false,1,7.60,3.04,true,1,
7290105430496,false,"ספיד סטיק דאו' ספריי לגבר סדרת 24/7 ללא סימנים, 165 מ""ל",קולגייט פלמוליב,BY,ליידי ספיד סטיק,מיליליטרים,150.00,"100 מ""ל",false,1,15.90,10.60,true,1,
7290105431516,false,פרי חטיפי בריאות מארז 5 תמרים בוטנים,טבעית מוצרים מן הטבע,IL,מארז חטיפי תמרים ובו,גרמים,110.00,100 גרם,false,1,17.70,16.09,true,1,
7290105438546,false,קוקי נייר אפייה פרימיום 40 יח',קוקי,,נייר אפי פרימיום קוק,Unknown,0.00,Unknown,false,1,9.90,9.90,true,1,
7290105439499,false,מיונז הולנדי 481 ג' מאסטר שף,רמיה סי.וי. הולנד,NL,מנה מאסטר שף מיונז 4,גרמים,481.00,100 גרם,false,1,11.90,2.47,true,1,
7290105439505,false,מנה מאסטר שף קרם בטעם מיונז לייט 479 גר,רמיה סי.וי. הולנד,NL,קרם בטעם מיונז,גרמים,479.00,100 גרם,false,1,11.40,2.38,true,1,
7290105439581,false,מנה מאסטר שף חרדל דיזיון צרפתי 370 גר,סאס קווינור,FR,מנה מאסטר שף חרדל די,גרמים,370.00,100 גרם,false,1,11.90,3.22,true,1,
7290105473950,false,יורוקיטי קופסה 5 קג,ביופט,IL,יורוקיטי קופסה 5 קג,קילוגרמים,0.01,"ק""ג",false,1,34.90,3490.00,true,1,
7290105474124,false,בונזו בשר מחולק 12 ק,"ביופט בע""מ",IL,"בונזו 12 ק""ג",קילוגרמים,0.01,"ק""ג",false,1,129.90,12990.00,true,1,
7290105500151,false,וודקה פינלנדיה בקבוק,"אלטיה קורפ, הלסינקי,",FI,וודקה פינלנדיה 700 מ,מיליליטרים,700.00,"100 מ""ל",false,1,57.90,8.27,true,1,
7290105500236,false,וויסקי ג'ק דניאלס מס' 7 Brand No,ג'ק דניאלס Jack Daniel's,US,וויסקי גק דניאלס 700,מיליליטרים,700.00,"100 מ""ל",false,1,99.90,14.27,true,1,
7290105500878,false,מרטיני וורמוט לבן 1 ליטר,,,מרטיני וורמוט לבן 1,Unknown,0.00,Unknown,false,1,57.90,57.90,true,1,
7290105500885,false,מרטיני וורמוט אדום 1 ליטר,,,מרטיני וורמוט אדום,Unknown,0.00,Unknown,false,1,57.90,57.90,true,1,
7290105500953,false,"וויסקי ג'ק דניאלס דבש 700 מ""ל",ג'ק דניאל'ס,BE,וויסקי גק דניאלס דבש,מיליליטרים,700.00,"100 מ""ל",false,1,99.90,14.27,true,1,
7290105501530,false,מארז גריי גוס 1 ליטר פלוס כוס מתכת,,,מארז גריי גוס 1 ליטר,מיליליטרים,1000.00,"100 מ""ל",false,1,144.90,14.49,true,1,
7290105501547,false,מארז גריי גוס 700 פלוס כוס,בקרדי מרטיני,FR,מארז גריי גוס 700 פל,מיליליטרים,700.00,"100 מ""ל",false,1,109.90,15.70,true,1,
7290105550576,false,כף הנחה אדום/לבן LATINA,,,כף הנחה אדום/לבן LAT,Unknown,0.00,Unknown,false,1,69.00,69.00,true,1,
7290105555496,false,שעוונית בד 1.60 מטר,,,שעוונית בד 1.50 מטר,Unknown,0.00,"ק""ג",true,0,8.40,8.40,true,1,
7290105557520,false,כפית אדומה SMILEY,,,כפית אדומה SMILEY,קילוגרמים,0.00,"ק""ג",false,1,12.00,12.00,true,1,
7290105559111,false,מגש גבינות+4 סכינים KITCHENBASIC,,,מגש גבינות+4 סכינים,קילוגרמים,0.00,"ק""ג",false,1,218.00,218.00,true,1,
7290105559531,false,כוס כחולה SMILEY,,,כוס כחולה SMILEY,קילוגרמים,0.00,"ק""ג",false,1,27.00,27.00,true,1,
7290105559883,false,"קערית 12 ס""מKITCHEN BASIC",,,"קערית 12 ס""מKITCHEN",קילוגרמים,0.00,"ק""ג",false,1,64.00,64.00,true,1,
7290105691224,false,פריכונים חטיפי טורטיה שום בצל 60 ג' אוסם,"מיוצר ע""י PT, משווק",IL,חטיפי פריכונים טורטי,גרמים,60.00,100 גרם,false,1,7.20,12.00,true,1,
7290105691248,false,פריכונים חטיפי טורטיה תירס 60 ג' אוסם,"מיוצר ע""י PT, משווק",IL,חטיפי פריכונים טורטי,גרמים,60.00,100 גרם,false,1,7.20,12.00,true,1,
7290105693341,false,במבה מארז 10 יח' * 25 ג' אסם,"אסם השקעות בע""מ",IL,מארז במבה 25 גרם 10,גרמים,250.00,100 גרם,false,1,14.90,5.96,true,1,
7290105693457,false,עוגת הבית דמקה שוקו וניל 320 ג' אסם,מיוצר עי קונדיטוריית,IL,עוגת דמקה שוקו וניל,גרמים,320.00,100 גרם,false,1,12.50,3.91,true,1,
7290105693952,false,פירורית זהב אסם זהב שומשום 200 ג',מיוצר עי קונדיטוריית,IL,פירורית זהב שומשום 2,גרמים,200.00,100 גרם,false,1,6.40,3.20,true,1,
7290105694614,false,פסטה ספגטי מהיר הכנה 500ג' אסם,פסטה זארה,IT,ספגטי מהיר הכנה 500,גרמים,500.00,100 גרם,false,1,7.90,1.58,true,1,
7290105695024,false,אסם פתיתים אפויים אורז עם אטריות 500 גר,"אסם השקעות בע""מ",IL,פתיתים אפויים אורז ע,גרמים,500.00,100 גרם,false,1,6.90,1.38,true,1,
7290105695321,false,עוגת שוקולד בראוניז פאדג' 380 ג',מיוצר עי קונדיטוריית,IL,עוגת בראוניס פרג 380,גרמים,380.00,100 גרם,false,1,15.60,4.11,true,1,
7290105857996,false,מרכך שיער זרעי ענבים,,,מרכך שיער זרעי ענבים,מיליליטרים,500.00,"100 מ""ל",false,1,28.90,5.78,true,1,
7290105858009,false,שמפו צמחי קלנדולה,,,שמפו צמחי קלנדולה,מיליליטרים,598.00,"100 מ""ל",false,1,28.90,4.83,true,1,
7290105962331,false,זחוק אדום תימני מקורי חריף מאוד 220 גר,קריניסה ויטמין אס אי,IL,זחוק אדום תימני מקור,גרמים,220.00,100 גרם,false,1,14.20,6.45,true,1,
7290105963864,false,חזרת אחלה 220 גרם,"שטראוס גרופ בע""מ",IL,חזרת אחלה 220 גר,גרמים,220.00,100 גרם,false,1,12.90,5.86,true,1,
7290105964564,false,אחלה חומוס אחלה 400ג,מיוצר עי קונדיטוריית,IL,חומוס אחלה 400 גר,גרמים,400.00,100 גרם,false,1,9.40,2.35,true,1,
7290105965738,false,יוגורט לשתיה בטעם תות בננה267 ג' דנונה,מיוצר עי קונדיטוריית,IL,משקה בוקר תות בננה 2,מיליליטרים,267.00,"100 מ""ל",false,1,5.00,1.87,true,1,
7290105966469,false,"חומץ בלסמי יד מרדכי 250מ""ל",אצטייה ג'וזפה קרמוני,IT,חומץ בלסמי יד מרדכי,מיליליטרים,250.00,"100 מ""ל",false,1,14.70,5.88,true,1,
7290105968098,false,סלט קולסלאו אחלה 500 ג',שטראוס גרופ סלטים,IL,קולסלאו 500 גר,גרמים,500.00,100 גרם,false,1,15.90,3.18,true,1,
7290105968654,false,רביולי בטטה פרווה פסטה נונה 400 ג',מיוצר עי קונדיטוריית,IL,רביולי בטטה פרווה,גרמים,400.00,100 גרם,false,1,19.90,4.98,true,1,
7290105968777,false,פריכיות עם תחתית שוקולד מריר 70 ג' אנרגי,"טחנת האבן תעשיות בע""",IL,פריכיות אנרגי תחתית,גרמים,70.00,100 גרם,false,1,7.70,11.00,true,1,
7290105999054,false,ג'ו - קפסולות קרים אלומיניום תערובת אולטרא,,IL,קפה קרים תערובת אולט,גרמים,55.00,100 גרם,false,1,16.90,30.73,true,1,
7290105999238,false,ג'ו - קפסולות קרים אלומיניום תערובת אקסטרה,,IL,קפה קרים תערובת אקסט,גרמים,55.00,100 גרם,false,1,16.90,30.73,true,1,
7290105999290,false,קפה קרים תערובת קרמל קפסולות 10*5.5 גרם,,IL,קפה קרים תערובת קרמל,גרמים,55.00,100 גרם,false,1,16.90,30.73,true,1,
7290106520066,false,רבע לשבע במילוי קרם אגוזים ובציפוי שוקולד חלב,הגביע מוצרי וופלים ב,IL,אצבעות וופל רבע לשבע,גרמים,160.00,100 גרם,false,1,10.90,6.81,true,1,
7290106520288,false,יוגורט פרו חלבון עם תות 2.4% שומן 150 ג' דנונה,"שטראוס בריאות בע""מ",IL,דנונה WOW תות 2.4% ש,גרמים,150.00,100 גרם,false,1,4.60,3.07,true,1,
7290106520905,false,סלט טורקי עם פלפל קל,"שטראוס גרופ בע""מ",IL,סלט טורקי 400 גר,גרמים,400.00,100 גרם,false,1,18.30,4.58,true,1,
7290106520912,false,"שמנת לבישול 9% 250 מ""ל יטבתה",שטראוס גרופ,IL,שמנת לבישול 9% 250 מ,מיליליטרים,250.00,"100 מ""ל",false,1,7.90,3.16,true,1,
7290106521049,false,אחלה טעמי השוק קוביות סלק 400 גר,מיוצר עי קונדיטוריית,IL,אחלה טעמי השוק קוביו,גרמים,400.00,100 גרם,false,1,18.30,4.58,true,1,
7290106521926,false,שקית קפה טורקי 150 ג' עלית,שטראוס גרופ,IL,טורקי עלית 150 גרם ש,גרמים,150.00,100 גרם,false,1,12.90,8.60,true,1,
7290106524439,false,תפוצ'יפס טבעי פופס 60גר',"שטראוס פריטו ליי בע""",IL,תפוציפס פופס 60 גרם,גרמים,60.00,100 גרם,false,1,3.90,6.50,true,1,
7290106525320,false,אבקת שוקולית לאפייה קופסא 500ג' עלית,הנסיך- מפעל לייצור ט,IL,שוקולית לאפייה 500 ג,גרמים,500.00,100 גרם,false,1,15.60,3.12,true,1,
7290106525399,false,קפסולות 06 ברזיל למכונות נספרסו עלית 10יח',הנסיך- מפעל לייצור ט,IL,קפסולות ברזיל 06 למכ,גרמים,50.00,100 גרם,false,1,16.50,33.00,true,1,
7290106525405,false,קפסולות למכונת נספרסו נטול קפאין,שטראוס קפה בי.וי,IL,קפסולות נטול למכונו,Unknown,0.00,Unknown,false,1,16.50,16.50,true,1,
7290106526822,false,פריכיות אורז עם תחתית שוקולד חלב 80 ג' אנרגי,"טחנת האבן תעשיות בע""",IL,פריכיות אנרגי תחתית,גרמים,80.00,100 גרם,false,1,7.70,9.63,true,1,
7290106528567,false,חטיף דוריטוס גריל 185 גרם,שטראוס פריטו ליי (מל,IL,חטיף דוריטוס גריל 18,גרמים,185.00,100 גרם,false,1,7.40,4.00,true,1,
7290106528628,false,חטיף דוריטוס טבעי 185 גרם,"שטראוס פריטו ליי בע""",IL,Dippas חטיף דוריטוס,גרמים,185.00,100 גרם,false,1,7.40,4.00,true,1,
7290106528949,false,לקט לסלט ערוגות שטרא,שטראוס בריאות ירקות,IL,לקט ערוגות,Unknown,0.00,Unknown,false,1,12.90,12.90,true,1,
7290106571921,false,עוגיות פיטנס עוגיות חמוציות 180 גר',מיוצר עי קונדיטוריית,IL,עוגיות חמוציות 180 ג,גרמים,180.00,100 גרם,false,1,13.50,7.50,true,1,
7290106572027,false,אוסם - לחמית חמישה דגנים 190 גרם,"אסם השקעות בע""מ",IL,לחמית חמישה דגנים 19,גרמים,190.00,100 גרם,false,1,9.40,4.95,true,1,
7290106572959,false,מארז אפרופו חטיף תירס 5 יחידות,אסם תעשיות,IL,מארז אפרופו 25 גרם*5,גרמים,125.00,100 גרם,false,1,14.60,11.68,true,1,
7290106573024,false,סירופ דיאט אננס 1 ליטר עסיס,בית השיטה עסיס תעשיו,IL,סירופ דיאט אננס 1 לי,מיליליטרים,1000.00,"100 מ""ל",false,1,20.90,2.09,true,1,
7290106573277,false,אוסם - קריספי טאפאס זיתים 150 גרם,מיוצר עי קונדיטוריית,IL,קריספי טאפאס זיתים 1,גרמים,150.00,100 גרם,false,1,12.50,8.33,true,1,
7290106573598,false,צבר חומוס לבנוני 400גרם,סלטי צבר,IL,חומוס לבנוני 400 גרם,גרמים,400.00,100 גרם,false,1,11.90,2.98,true,1,
7290106573628,false,צבר חומוס עם טחינה 400גר,סלטי צבר,IL,חומוס עם טחינה 400 ג,גרמים,400.00,100 גרם,false,1,11.90,2.98,true,1,
7290106573642,false,חומוס עם צנובר צבר 400 גר,סלטי צבר,IL,חומוס עם צנובר צבר 4,גרמים,400.00,100 גרם,false,1,11.90,2.98,true,1,
7290106574793,false,עוגת הבית שוקו שוקוצ''יפס 350 ג' אסם,מיוצר עי קונדיטוריית,IL,עוגת הבית שוקו - שוק,גרמים,350.00,100 גרם,false,1,12.50,3.57,true,1,
7290106574953,false,בייגלה שטוחים כעכים שטוחים עם שומשום,מיוצר עי קונדיטוריית,IL,בייגלה שטוחים שומשום,גרמים,300.00,100 גרם,false,1,10.90,3.63,true,1,
7290106574977,false,בייגלה שטוחים כעכים שטוחים עם מלח,מיוצר עי קונדיטוריית,IL,בייגלה שטוחים עם מלח,גרמים,300.00,100 גרם,false,1,10.90,3.63,true,1,
7290106575332,false,פתיתים אפויים פלוס בורגול 400 ג' אסם,"מיוצר ע""י קוד יצרן K",IL,פתיתים אפויים פלוס ב,גרמים,400.00,100 גרם,false,1,6.90,1.73,true,1,
7290106575431,false,עוגת הבית סופלה בטעם שוקוניל 340 ג' אסם,מיוצר עי קונדיטוריית,IL,עוגת סופלה בטעם שוקו,גרמים,340.00,100 גרם,false,1,12.50,3.68,true,1,
7290106576513,false,סלט חומוס צבר 400 גר,סלטי צבר,IL,חומוס חלק 400 גרם,גרמים,400.00,100 גרם,false,1,9.50,2.38,true,1,
7290106576537,false,צבר חומוס מסעדה 700 גר,סלטי צבר,IL,חומוס מסעדה צבר 700,גרמים,700.00,100 גרם,false,1,10.90,1.56,true,1,
7290106576797,false,"לה קרמריה גלידת וניל איטלקי כשל""פ 1.4ל'",תות תעשיות מזון (201,IL,לה קרמריה וניל איטלק,ליטרים,0.00,ליטר,false,1,18.90,18.90,true,1,
7290106576810,false,גלידה לה קרמריה ריבת חלב 1.4 ל' נסטלה,המאפיה של הרמן,IL,לה קרמריה ריבת חלב כ,ליטרים,0.00,ליטר,false,1,18.90,18.90,true,1,
7290106576858,false,גלידה לה קרמריה תותים בשמנת 1.4 ל' נסטלה,המאפיה של הרמן,IL,לה קרמריה תותים בשמנ,ליטרים,0.00,ליטר,false,1,18.90,18.90,true,1,
7290106576957,false,"לה קרמריה גלידת שוקו וניל פליק פרווה כשל""פ 1.4",תות תעשיות מזון (201,IL,לה קרמריה שוקו וניל,ליטרים,0.00,ליטר,false,1,18.90,18.90,true,1,
7290106576971,false,גלידה לה קרמריה שוקולד בלגי 1.4 ל' נסטלה,תות תעשיות מזון (201,IL,לה קרמריה שוקולד בלג,ליטרים,0.00,ליטר,false,1,18.90,18.90,true,1,
7290106576995,false,גלידה סורבה לה קרמריה תות מנגו לייט 1.4 ל' נסטלה,המאפיה של הרמן,IL,לה קרמריה סורבה לייט,ליטרים,0.00,ליטר,false,1,18.90,18.90,true,1,
7290106577039,false,גלידה לה קרמריה שוקו וניל פליק 1.4 ל' נסטלה,תות תעשיות מזון (201,IL,לה קרמריה וניל שוקו,ליטרים,0.00,ליטר,false,1,18.90,18.90,true,1,
7290106577282,false,צבר טחינה מרובע 400גרם,סלטי צבר,IL,טחינה 400 גרם,גרמים,400.00,100 גרם,false,1,12.90,3.23,true,1,
7290106577527,false,סלט קולסלאו כרוב לבן וגזר 400 ג' צבר,סלטי צבר,IL,סלט קולסלו 400 גר,גרמים,400.00,100 גרם,false,1,12.90,3.23,true,1,
7290106577541,false,כרוב אדום מרובע 400 ג' צבר,סלטי צבר,IL,סלט כרוב אדום 400 גר,גרמים,400.00,100 גרם,false,1,12.90,3.23,true,1,
7290106577572,false,צבר מטבוחה מרובע 400גרם,סלטי צבר,IL,סלט מטבוחה 400 גר,גרמים,400.00,100 גרם,false,1,12.90,3.23,true,1,
7290106578692,false,אוסם - במבה ביסלי מיקס 80 גרם,פרו מן יו פתרונות אר,IL,ביסלי במבה גריל מיקס,גרמים,80.00,100 גרם,false,1,4.30,5.38,true,1,
7290106578821,false,הבית עוגת שמרים קלאסית בטעם שוקולד 350גר.,מיוצר עי קונדיטוריית,IL,עוגת הבית שמרים שוקו,גרמים,350.00,100 גרם,false,1,15.60,4.46,true,1,
7290106653689,false,לקט לסלט בסגנון אסייתי,"שטראוס מזון טרי בע""מ",IL,לקט לסלט אסייתי 350,גרמים,350.00,100 גרם,false,1,12.90,3.69,true,1,
7290106654099,false,מילקי CAKE עוגות אישיות במילוי קרם חלב,אירו קייקס אס פי איי,IT,מארז שמיניית מילקי 2,גרמים,272.00,100 גרם,false,1,20.00,7.35,true,1,
7290106656734,false,עוגיות חיוכים וניל 600 ג'רם,אפיפית נצרת תעשיות ב,IL,חיוכים וניל 600 גרם,גרמים,600.00,100 גרם,false,1,20.90,3.48,true,1,
7290106658479,false,עלית וופל בטעם טורטית אגוזים 40ג,"שטראוס גרופ בע""מ",IL,טורטית מגדים 40 גרם,גרמים,40.00,100 גרם,false,1,3.80,9.50,true,1,
7290106660410,false,רביולי תרד וגבינה שטראוס 400 ג',מיוצר עי קונדיטוריית,IL,רביולי תרד וגבינה 40,גרמים,400.00,100 גרם,false,1,19.90,4.98,true,1,
7290106663558,false,"רוטב טריאקי ורימון יד מרדכי 280מ""ל",אף.סי תבליני בגליל ב,IL,רוטב טריאקי רימון 28,גרמים,320.00,100 גרם,false,1,14.60,4.56,true,1,
7290106664067,false,לאבנה עם שמן זית וזעתר 10% שטראוס 400 ג',הדקלאים אגודת שיתופי,IL,לאבנה עם שמן זית וזע,גרמים,400.00,100 גרם,false,1,16.70,4.18,true,1,
7290106667266,false,חטיף דוריטוס חמוץ חריף 185 גרם,שטראוס פריטו ליי (מל,IL,חטיף דוריטוס חמוץ חר,גרמים,185.00,100 גרם,false,1,7.40,4.00,true,1,
7290106668577,false,"מיץ לימון טבעי יד מרדכי 250 מ""ל",האי נאם סי או אל.טי.,IT,"מיץ לימון 250 מ""ל יד",מיליליטרים,250.00,"100 מ""ל",false,1,7.80,3.12,true,1,
7290106668713,false,יוגורט עם פירות יער 3% שומן 150 ג' דנונה,מיוצר עי קונדיטוריית,IL,דנונה פירות יער 3% 1,גרמים,150.00,100 גרם,false,1,4.30,2.87,true,1,
7290106669857,false,קפסולות 06 אספרסו בטעם וניל עלית 10יח',הנסיך- מפעל לייצור ט,IL,קפסולות אספרסו בטעם,גרמים,50.00,100 גרם,false,1,16.50,33.00,true,1,
7290106720626,false,צ'יטוס קראנצ' בטעם גבינה - חלבי,"שטראוס פריטו ליי בע""",IL,ציטוס בטעם גבינה 80,גרמים,80.00,100 גרם,false,1,4.20,5.25,true,1,
7290106723689,false,עלי תרד בייבי שטראוס 200 גרם,שטראוס בריאות ירקות,IL,תרד בייבי 200 גר,גרמים,200.00,100 גרם,false,1,10.90,5.45,true,1,
7290106725867,false,"סירופ מייפל טהור 189 מ""ל יד מרדכי",קוסלסי פוד,CA,סירופ מייפל טבעי יד,מיליליטרים,189.00,"100 מ""ל",false,1,40.90,21.64,true,1,
7290106726178,false,יוגורט PRO עם פירות יער 2.4% 10 גרם חלבון בגביע,מיוצר עי קונדיטוריית,IL,דנונה פרו פירות יער,גרמים,150.00,100 גרם,false,1,4.60,3.07,true,1,
7290106774049,false,חמאת קקאו 300 גרם,אלמנדוס,IL,חמאת קקאו 300 גרם,גרמים,300.00,100 גרם,false,1,34.90,11.63,true,1,
7290106775053,false,מחית נוגט פרווה 400 גרם,"אלמנדוס בע""מ",IL,מחית נוגט פרווה 400,גרמים,400.00,100 גרם,false,1,24.90,6.23,true,1,
7290107646062,false,אבקת מרק בצל רכיבים טבעיים קנור 400 ג',יוניליוור ישראל מזון,IL,קנור מרק בצל רכיבים,גרמים,400.00,100 גרם,false,1,23.90,5.98,true,1,
7290107646147,false,חטיף דגנים שוגי קורנפלקס שישייה * 26 ג',יוניליוור ישראל מזון,IL,מאגדת שוגי קורנפלקס,גרמים,156.00,100 גרם,false,1,12.50,8.01,true,1,
7290107646154,false,חטיף דגנים קוקומן פצפוצים טעם שוקו שישיה* 21 ג',יוניליוור ישראל מזון,IL,מאגדת קוקומן פצפוצים,גרמים,126.00,100 גרם,false,1,12.50,9.92,true,1,
7290107646826,false,שוגי חטיף פתיתי תירס קלויים בטעם שוקולד,יוניליוור ישראל מזון,IL,מאגדת פתיתי תירס שוק,גרמים,156.00,100 גרם,false,1,12.50,8.01,true,1,
7290107646833,false,חטיף שוגי שוקולד לבן וחלב מארז 6 יח' * 23 ג',יוניליוור ישראל מזון,IL,מאגדת פצפוצי שוקולד,גרמים,138.00,100 גרם,false,1,12.50,9.06,true,1,
7290107646895,false,קנור - רוטב פסטה נפוליטנה 415 גרם חתם סופר,קונסורזיו קאסאלאסקו,IT,קנור רוטב נפוליטנה 4,גרמים,415.00,100 גרם,false,1,12.90,3.11,true,1,
7290107646918,false,רוטב עגבניות ופלפלים לשקשוקה 415 ג' קנור,קונסורזיו קאסאלאסקו,IL,קנור רוטב שקשוקה 415,גרמים,415.00,100 גרם,false,1,12.90,3.11,true,1,
7290107646963,false,ממרח ספייסי מיו תלמה 250 גרם,,,ממרח ספייסי מיו תלמה,גרמים,250.00,100 גרם,false,1,9.50,3.80,true,1,
7290107646970,false,איולי שום - ממרח מתובל עם שום,,,ממרח איולי שום תלמה,גרמים,250.00,100 גרם,false,1,9.50,3.80,true,1,
7290107647731,false,קוקומן חום לבן 20% פחות סוכר 375 גרם,אתר שפע - Food,IL,קוקומן חום לבן 20% פ,גרמים,375.00,100 גרם,false,1,18.90,5.04,true,1,
7290107647816,false,"דגני ברנפלקס ללא תוספת סוכר 500 גרם בד""צ",יוניליוור ישראל מזון,IL,דגני ברנפלקס ללא תוס,גרמים,500.00,100 גרם,false,1,23.90,4.78,true,1,
7290107647823,false,"פינוקי בריאות ברנפלקס בד""צ 500 גרם",יוניליוור ישראל מזון,IL,פינוקי בריאות ברנפלק,גרמים,500.00,100 גרם,false,1,20.90,4.18,true,1,
7290107647854,false,"שוגי מופחת סוכר תלמה 500 ג' בד""צ",יוניליוור ישראל מזון,IL,שוגי 20% פחות סוכר 5,גרמים,500.00,100 גרם,false,1,22.90,4.58,true,1,
7290107648943,false,ברנפלקס קרנצים מייפל 375 ג' תלמה,יוניליוור שפע ישראל,IL,דגנים בטעם מייפל ללת,גרמים,375.00,100 גרם,false,1,20.90,5.57,true,1,
7290107648981,false,רוטב עגבניות קלאסי פומודורו 415 ג' קנור,מיוצר עי קונסורזייו,IL,קנור רוטב פומודורו 4,גרמים,415.00,100 גרם,false,1,12.90,3.11,true,1,
7290107649100,false,בייגלה טבעות שומשום 300 גר',בייגל את בייגל מזון,IL,בייגלה טבעות 300 גרם,גרמים,300.00,100 גרם,false,1,12.50,4.17,true,1,
7290107871990,false,פסטה צינורות 500 גר אסם,פסטה זארה,IT,פסטה צינורות 500 גר,גרמים,500.00,100 גרם,false,1,5.70,1.14,true,1,
7290107874427,false,אוסם - מיני פריכונים זעתר 25 גרם,פרח תעשיות מזון,IL,פריכונים מיני זעתר 2,גרמים,25.00,100 גרם,false,1,4.90,19.60,true,1,
7290107874441,false,פריכונים מיני בצל מקורמל 25 גרם אסם,"מיוצר ע""י PT, משווק",IL,פריכונים מיני בצל מק,גרמים,25.00,100 גרם,false,1,4.90,19.60,true,1,
7290107874502,false,ביסלי גריל קדמ. מארז אחיד 10 4*55 גרם,מיוצר עי קונדיטוריית,IL,ביסלי גריל קדמ. מארז,גרמים,200.00,100 גרם,false,1,13.50,6.75,true,1,
7290107875271,false,ביסלי ברביקיו קדמ. מארז אחיד10 4*55 גרם,אסם,IL,ביסלי ברביקיו קדמ. מ,גרמים,200.00,100 גרם,false,1,13.50,6.75,true,1,
7290107875820,false,קרוטונים אפויים בתיבול ביתי אוסם 180 ג',עינת תעשיות מזון,IL,קרוטונים אפויים בתיב,גרמים,180.00,100 גרם,false,1,13.70,7.61,true,1,
7290107879132,false,פריכיות פיטנס מיני פריכיות שוקולד חלב 22 ג',כרמית,IL,פיטנס מיני פריכיות ש,גרמים,22.00,100 גרם,false,1,5.50,25.00,true,1,
7290107879521,false,קרחוני לה פרוטה La Frutta תות שדה - 5 יח',גלידות נסטלה Nestle,IL,מאגדת לה פרוטה תות 5,Unknown,0.00,Unknown,false,1,27.50,27.50,true,1,
7290107879569,false,קרחון לה פרוטה שרבט מנגו מאגדת 5יח',גלידות נסטלה Nestle,IL,מאגדת לה פרוטה מנגו,Unknown,0.00,Unknown,false,1,27.50,27.50,true,1,
7290107932080,false,חלב מועשר יוטבתה בבקבוק 3% 1 ליטר,מחלבת יטבתה,IL,חלב מועשר יוטבתה בבק,מיליליטרים,1000.00,"100 מ""ל",false,1,7.50,0.75,true,1,
7290107932134,false,חלב מועשר יוטבתה בבקבוק 1% 1 ליטר,מחלבת יטבתה,IL,חלב מועשר יוטבתה בבק,מיליליטרים,1000.00,"100 מ""ל",false,1,7.50,0.75,true,1,
7290107933155,false,לקט לסלט סלנובה שטרא,שטראוס בריאות ירקות,IL,לקט סלנובה 200 גר,גרמים,200.00,100 גרם,false,1,13.90,6.95,true,1,
7290107934473,false,מארז 8 יח' אקטיביה יוגורט קרמי 1.5% שומן,דנונה - שטראוס,IL,מארז מיוחד אקטיביה,גרמים,1200.00,100 גרם,false,1,19.90,1.66,true,1,
7290107936309,false,דנונה יוגורט 7% יווני לבן 130 ג',"שטראוס בריאות בע""מ",IL,דנונה יווני לבן 5.8%,גרמים,120.00,100 גרם,false,1,3.40,2.83,true,1,
7290107936958,false,עד חצות ביסקוויט אצבעות שוקולד 125 גרם,הדקלאים אגודת שיתופי,FR,אצבעות עד חצות עם ש,גרמים,125.00,100 גרם,false,1,9.90,7.92,true,1,
7290107936965,false,עיגולים עד חצות עם שוקולד חלב 225 גר,ביסקווטרי עוגיות סנט,FR,עיגולים עד חצות עם,גרמים,225.00,100 גרם,false,1,12.90,5.73,true,1,
7290107937542,false,משקה יוגורט אקטיביה עם תות 1.2% שומן,מיוצר עי קונדיטוריית,IL,משקה אקטיביה תות 1.2,מיליליטרים,265.00,"100 מ""ל",false,1,6.00,2.26,true,1,
7290107937627,false,מסטיק מאסט Must קוביות ללא סוכר בטעם מנטה עדינה,אסקום קונפקשיין,DE,צנצנת קוביות ספירמינ,Unknown,0.00,Unknown,false,1,8.90,8.90,true,1,
7290107937634,false,צנצנית מסטיק מאסט קוביות פפירמינט 58 ג' עלית,אסקום קונפקשיין,DE,צנצנת קוביות פפירמינ,Unknown,0.00,Unknown,false,1,8.90,8.90,true,1,
7290107938396,false,"אקטימל משקה פרוביוטי תות 100X8 מ""ל",מיוצר עי קונדיטוריית,IL,שמיניית אקטימל תות 8,גרמים,864.00,100 גרם,false,1,20.50,2.37,true,1,
7290107939027,false,גזר דק דק שטראוס טעם,שטראוס בריאות ירקות,IL,גזר דק דק 250 גרם,גרמים,250.00,100 גרם,false,1,7.90,3.16,true,1,
7290107940467,false,אקטיביה יוגורט 1.5% שומן 200 ג' דנונה,מיוצר עי קונדיטוריית,IL,יוגורט אקטיביה 1.5%,גרמים,200.00,100 גרם,false,1,3.90,1.95,true,1,
7290107943369,false,קוואקר שיבולת שועל ללא גלוטן 511 גר'.,היידי שוקולד בירונטי,US,קוואקר שיבולת שועל ל,גרמים,511.00,100 גרם,false,1,16.90,3.31,true,1,
7290107944243,false,וופלים אפיפיות בטעם שוקולד 200 גר,"שטראוס גרופ בע""מ",IL,וופלים אפיפיות בטעם,גרמים,200.00,100 גרם,false,1,9.40,4.70,true,1,
7290107944472,false,סימפוניה גבינה במרקם שמנת 5% שום שמיר,"שטראוס בריאות בע""מ",IL,סימפוניה שום שמיר 5%,גרמים,200.00,100 גרם,false,1,11.00,5.50,true,1,
7290107945165,false,קונפיטורת יד מרדכי משמש 340 גר,אף.סי תבליני בגליל ב,IL,קונפיטורת יד מרדכי,גרמים,340.00,100 גרם,false,1,13.50,3.97,true,1,
7290107950190,false,מעדן חלב דל קלוריות בטעם שוקולד מריר 0.5% שומן,מיוצר עי קונדיטוריית,IL,מעדן דיאט שוקולד מרי,גרמים,130.00,100 גרם,false,1,3.50,2.69,true,1,
7290107950206,false,מעדן חלב דל קלוריות בטעם שוקולד 0% שומן,מיוצר עי קונדיטוריית,IL,מעדן דיאט שוקולד 0%,גרמים,130.00,100 גרם,false,1,3.50,2.69,true,1,
7290107951104,false,בפלות ופלים ארוכים בטעם שוקולד,"א.ג. גילרו בע""מ",IL,בפלות שוקולד 200 גרם,גרמים,200.00,100 גרם,false,1,4.10,2.05,true,1,
7290107953559,false,קפה טורקי עלית לדרך שקיות 24X7ג',הנסיך- מפעל לייצור ט,IL,מארז טורקי לדרך 168,גרמים,168.00,100 גרם,false,1,18.90,11.25,true,1,
7290107954709,false,קונפיטורת פירות יער 340 גר יד מרדכי,יד מרדכי,IL,קונפיטורת פירות יער,גרמים,340.00,100 גרם,false,1,13.50,3.97,true,1,
7290107954976,false,"משקה יטבתה חלבון פרו קפה 350מ""ל",מחלבת יטבתה,IL,משקה פרו קפה יטבתה 3,מיליליטרים,350.00,"100 מ""ל",false,1,6.50,1.86,true,1,
7290107956901,false,קפסולות בטעם אגוזים למכונות נספרסו 50 גר,שטראוס גרופ,IL,קפסולות בטעם אגוזים,גרמים,50.00,100 גרם,false,1,16.50,33.00,true,1,
7290107956925,false,קפסולות 13 אוגנדה למכונת נספרסו עלית 10יח',שטראוס קפה בי.וי,IL,קפסולות אוגנדה 13 למ,גרמים,50.00,100 גרם,false,1,16.50,33.00,true,1,
7290107956932,false,קפסולות אספרסו אידונזיה למכונות 50 גר,שטראוס קפה בי.וי,IL,קפסולות אספרסו אידונ,גרמים,50.00,100 גרם,false,1,16.50,33.00,true,1,
7290107957069,false,"צנצנת עלמה בטעם אוכמניות לל""ס 66 גרם","שטראוס גרופ בע""מ",IL,צנצנת עלמה בטעם אוכמ,Unknown,0.00,Unknown,false,1,8.90,8.90,true,1,
7290107957076,false,"צנצנת עלמה בטעם ספירמינט לל""ס 66 גרם","שטראוס גרופ בע""מ",IL,צנצנת עלמה בטעם ספיר,Unknown,0.00,Unknown,false,1,8.90,8.90,true,1,
7290107957113,false,סימפוניה 5% זיתים פיקנטיים 200 ג' שטראוס,שטראוס גרופ,IL,סימפוניה 5% זיתים פי,גרמים,200.00,100 גרם,false,1,11.00,5.50,true,1,
7290107957991,false,מילקי CAKE מיניס קרם חלב בציפוי שוקולד חלב שקית 16X9ג',בובארד איטליה אס.פי.,IT,מילקי CAKE מינייס 14,גרמים,144.00,100 גרם,false,1,14.60,10.14,true,1,
7290107958035,false,יוגורט במתיקות מעודנת 2% ללא תוספת סוכר- מארז 8 יח,דנונה - שטראוס,IL,"מארז דנונה ללת""ס",גרמים,1200.00,100 גרם,false,1,17.90,1.49,true,1,
7290107958639,false,מטבוחה אחלה מרוקאית חריפה 400 גר',מיוצר עי קונדיטוריית,IL,מטבוחה מרוקאית חריפה,גרמים,400.00,100 גרם,false,1,18.30,4.58,true,1,
7290107971522,false,חטיף בוטנים ושקדים עם שוקולד מריר ופיסטוק,פרי Free,,פרי חטיף בוטנים ושקד,גרמים,140.00,100 גרם,false,1,17.90,12.79,true,1,
7290107971539,false,חטיף בוטנים וקשיו עם שוקולד מריר ללא גלוטן,פרי Free,,פרי חטיף בוטנים וקשי,גרמים,140.00,100 גרם,false,1,17.90,12.79,true,1,
7290107971751,false,מי פה קולגייט טוטל ללא אלכוהול פפרמינט,יבואן ומשווק: ש. שסט,PL,קולגייט מי פה טוטל כ,מיליליטרים,500.00,"100 מ""ל",false,1,32.90,6.58,true,1,
7290107973014,false,פלמוליב סבון ידיים חלב ודבש 300 מ'ל,הנסיך- מפעל לייצור ט,TR,פלמוליב סבון ידיים ח,מיליליטרים,300.00,"100 מ""ל",false,1,11.40,3.80,true,1,
7290107973038,false,"פלמוליב סבון ידיים אקווריום 300 מ""ל",הנסיך- מפעל לייצור ט,IT,פלמוליב סבון ידיים א,מיליליטרים,300.00,"100 מ""ל",false,1,11.40,3.80,true,1,
7290107973793,false,שימורי עגבניות שלמות 400 ג' מאסטר שף,פראנו אריקו ופיגלי ס,IT,מנה עגבניות שלמות 40,גרמים,400.00,100 גרם,false,1,7.20,1.80,true,1,
7290107973861,false,מאסטר שף - עגבניות קצוצות דק שלישיה 400 גרם * 3,קונסרזיו קאסאלאסקו ד,IT,מנה עגבניות קצוצות ד,קילוגרמים,0.00,"ק""ג",false,1,15.90,15.90,true,1,
7290107974066,false,"עלי טורטיה קמח מלא 20ס""מ 8יח' מאסטר שף 320ג'",אלקאטי קורביישיסי,DE,מנה עלי טורטיה קמח מ,גרמים,320.00,100 גרם,false,1,9.90,3.09,true,1,
7290107974073,false,מנה עלי טורטיה קמח לבן מ.שף 20 סמ 320 גר,הנסיך- מפעל לייצור ט,DE,מנה עלי טורטיה קמח ל,גרמים,320.00,100 גרם,false,1,9.90,3.09,true,1,
7290107974080,false,מנה עלי טורטיה קמח לבן מ.שף 25 סמ 840 גר,הדקלאים אגודת שיתופי,DE,מנה עלי טורטיה קמח ל,גרמים,840.00,100 גרם,false,1,15.90,1.89,true,1,
7290107974806,false,"מאסטר שף - אורז בסמטי 1 ק""ג",מאסטר שף,,"מנה אורז בסמטי 1 ק""ג",גרמים,1000.00,100 גרם,false,1,13.90,1.39,true,1,
7290107974813,false,"אורז יסמין 1 ק""ג מאסטר שף",מאסטר שף,,"מנה אורז יסמין 1 ק""ג",גרמים,1000.00,100 גרם,false,1,12.50,1.25,true,1,
7290107976848,false,רביעיית פלמוליב סבון מוצק קמומיל,קולגייט פלמוליב,,סבון מוצק פלמוליב קמ,Unknown,0.00,Unknown,false,1,16.70,16.70,true,1,
7290107978323,false,מאסטר שף איטריות דקיקות 400 גר,הדקלאים אגודת שיתופי,PL,מאסטר שף איטריות דקי,גרמים,400.00,100 גרם,false,1,6.20,1.55,true,1,
7290107978330,false,מאסטר שף איטריות דקות 400 גרם,הדקלאים אגודת שיתופי,PL,מאסטר שף איטריות דקו,גרמים,400.00,100 גרם,false,1,6.20,1.55,true,1,
7290107978453,false,חטיף קראנצ'וס גריל 5,קראנצ'וס,IL,קראנצוס גריל 55 גרם,גרמים,55.00,100 גרם,false,1,3.50,6.36,true,1,
7290107979191,false,"תבניות אלומיניום פלוס נייר אפיה 40/34 ס""מ XL",HAI PLASTIC,CN,תב.אלומיניום עם נייר,Unknown,0.00,Unknown,false,1,11.40,11.40,true,1,
7290108070309,false,שקית בלונים פסטל מעורב צבעים-100 יח,,,שקית בלונים פסטל מעו,Unknown,0.00,Unknown,false,1,26.50,26.50,true,1,
7290108074437,false,בקבוק לנוער הלו קיטי 700 מל,,,בקבוק לנוער הלו קיטי,Unknown,0.00,Unknown,false,1,30.50,30.50,true,1,
7290108078008,false,פלייסמנט מיני,,,פלייסמנט מיני,Unknown,0.00,Unknown,false,1,13.90,13.90,true,1,
7290108350142,false,שקיות רב שימושיות ענק סנו סושי 270 יח',אשפלסט תעשיות,IL,סנו סושי 270 שקיות ר,Unknown,0.00,Unknown,false,1,16.70,16.70,true,1,
7290108350555,false,נוזל כלים סנו ספארק Spark היפואלרגני פריחת השקד,סנו,IL,ספארק נוזל כלים לעור,מיליליטרים,1000.00,"100 מ""ל",false,1,13.50,1.35,true,1,
7290108350616,false,סנו - מקסימה מרכך כביסה מרוכז פריחה כחולה 1 ליטר,"סנו מפעלי ברונוס בע""",IL,מרכך כביסה מקסימה סו,מיליליטרים,1000.00,"100 מ""ל",false,1,17.90,1.79,true,1,
7290108351552,false,"סנו - ג'ט לניקוי כללי בתוספת חומץ בניחוח לבנדר 750 מ""ל","סנו מפעלי ברונוס בע""",IL,מרסס סנו גט +תוספת ח,מיליליטרים,750.00,"100 מ""ל",false,1,13.90,1.85,true,1,
7290108351804,false,סנו - מקסימה מרכך כביסה מרוכז ג'נטל בריז 1 ליטר,מיוצר עי קונדיטוריית,IL,מר.כביסה סנומקסימה מ,ליטרים,0.00,ליטר,false,1,17.90,17.90,true,1,
7290108352320,false,מבשם אוויר פרש הום נטול גז בניחוח מלון בוטיק,מיוצר עי קונדיטוריית,IL,מטהר אוויר סנו פרש ה,מיליליטרים,350.00,"100 מ""ל",false,1,13.90,3.97,true,1,
7290108352344,false,"סנו - פרש מילוי למטהר אוויר מלון בוטיק 250 מ""ל",מיוצר עי קונדיטוריית,IL,מטהר אוויר סנו פרש א,מיליליטרים,250.00,"100 מ""ל",false,1,14.90,5.96,true,1,
7290108352481,false,"מטהר אוויר סנומוד נרסיסוס 150 מ""ל","סנו מפעלי ברונוס בע""",IL,מטהר אוויר סנומוד נר,מיליליטרים,150.00,"100 מ""ל",false,1,11.90,7.93,true,1,
7290108352641,false,סנו סושי מטלית הפלא לניקוי כללי במארז שלישייה,סנו מפעלי ברונוס.,IL,מטלית הפלא לניקוי כל,Unknown,0.00,Unknown,false,1,14.20,14.20,true,1,
7290108353075,false,סנו סושי מפיות אירוח עבות 3שכבות 50 יח',סנו,IL,מפיות סנו סושי גדולו,יחידה,1.00,יחידה,false,1,13.10,13.10,true,1,
7290108353501,false,סנו סושי שקיות אשפה עם ידיות 25 יח' XXL,טרופיקל דגיל תעשיות,IL,שקיות אשפה סנו סושי,Unknown,0.00,Unknown,false,1,19.50,19.50,true,1,
7290108354706,false,"קרמה - תחליב רחצה מאסק 500 מ""ל",קוסמופארם,IL,קרמה תחליב רחצה מאסק,Unknown,0.00,Unknown,false,1,12.90,12.90,true,1,
7290108354713,false,"קרמה - תחליב רחצה קלאסי 500 מ""ל",קוסמופארם,IL,קרמה תחליב רחצה קלאס,Unknown,0.00,Unknown,false,1,12.90,12.90,true,1,
7290108354751,false,"סנו - ג'ט מרסס לניקוי כללי בתוספת אבקת סודה 750 מ""ל","סנו מפעלי ברונוס בע""",IL,מרסס סנו גט בתוספת ס,מיליליטרים,750.00,"100 מ""ל",false,1,13.90,1.85,true,1,
7290108356052,false,"כיף תחליב רחצה בניחות מנטה קפואה 700 מ""ל",,IL,תחליב רחצה כיף גלידה,מיליליטרים,700.00,"100 מ""ל",false,1,12.90,1.84,true,1,
7290108356199,false,אל סבון כיף בניחוח אפרסק ופלפל שחור 1 ל,טרופיקל דגיל תעשיות,IL,אל סבון כיף בניחוח א,ליטרים,0.00,ליטר,false,1,15.20,15.20,true,1,
7290108357707,false,"כיף שמפו לשיער רגיל-תפוח זרעי צ'יה 700 מ""ל",גוד פוד פרודקטס S.p,IL,שמפו כיף לשיער רגיל,מיליליטרים,700.00,"100 מ""ל",false,1,12.90,1.84,true,1,
7290108357868,false,"כיף - ג'ל רחצה אליקסיר אויל מועשר בשמן מקדמיה 700 מ""ל",קוסמופארם,IL,תחליב רחצה כיף ורד ו,מיליליטרים,700.00,"100 מ""ל",false,1,13.50,1.93,true,1,
7290108358094,false,"קרמה - תחליב רחצה חמאת שיאה וקוקוי 500 מ""ל",קרמה,,קרמה תחליב רחצה שיאה,Unknown,0.00,Unknown,false,1,12.90,12.90,true,1,
7290108359008,false,סושי שקיות זיפר עם סליידר 15 יח לארג',סנו,IL,L סנו שקית זיפר 15 י,יחידה,1.00,יחידה,false,1,15.50,15.50,true,1,
7290108359114,false,סושי חמגשית אלומיניום עם מכסה,סנו,IL,סושי חמגשית + מכסה 1,יחידה,1.00,יחידה,false,1,11.90,11.90,true,1,
7290108359176,false,סופט ממחטות אף צמד בשקית לושן 3 שכבות,סנו,IL,סופט ממחטות אף צמד ב,Unknown,0.00,Unknown,false,1,14.50,14.50,true,1,
7290108359190,false,סושי מגבת הפלא 4 יח' = 12 גליל ארוך פי 3,סנו,IL,מגבות נייר סנו סושי,מטרים,126.90,מטר,false,1,24.90,0.20,true,1,
7290108359213,false,"נייר טואלט סנו סופט גלילים כפולים, 18 יח'",סנו,IL,סנו סופט נייר טואלט,Unknown,0.00,Unknown,false,1,39.90,39.90,true,1,
7290108359985,false,סנו - ז'אוול מרסס קצף לניקוי וחינו בניחוח פריחה לבנה 1 ליטר,סנו ז'אוול Javel,IL,סנו זאוול מרסס פריחה,מיליליטרים,1000.00,"100 מ""ל",false,1,18.50,1.85,true,1,
7290108500264,false,נתחי טונה בהירה בשמן וילי פוד 95 גר,אליאנס סלקט פודס,TH,נתחי טונה בהירה בשמן,גרמים,95.00,100 גרם,false,1,3.90,4.11,true,1,
7290108501346,false,גבינה גאודה מגורדת 28% 500 גר,Euro יורו מחלבות אירופה,DE,גבינה גאודה מגורדת 2,גרמים,500.00,100 גרם,false,1,24.90,4.98,true,1,
7290108501360,false,גבינת צ'דר בשלה 200גרם MATURED ORANGE,Wyke Farms,,גבינת צדר בשלה 200 ג,גרמים,200.00,100 גרם,false,1,20.90,10.45,true,1,
7290108501391,false,פרוסות גבינה חצי קשה מחלב עיזים,,IL,גבינת עיזים חצי קשה,גרמים,150.00,100 גרם,false,1,22.90,15.27,true,1,
7290108501407,false,גבינת צ'דר מיושנת 200גרם VINTAGE,וויקה פארמס אל.טי.די,GB,גבינת צדר מיושנת 200,גרמים,200.00,100 גרם,false,1,20.90,10.45,true,1,
7290108501490,false,גבינה מוצרלה פרוסות ו.פוד 150ג',ליטא,DE,מוצרלה פרוסות 150 גר,גרמים,150.00,100 גרם,false,1,15.60,10.40,true,1,
7290108501964,false,חטיף אגוזים וצימוקים הפי נאטס מארז 35X4ג',ואמראליס,GR,הפי נוטס חטיף אגוזים,גרמים,140.00,100 גרם,false,1,12.90,9.21,true,1,
7290108502329,false,רביעית טונה בשמן זית וילי פוד 4*160 גר,גולדן פרייז,TH,רביעית טונה בשמן זית,גרמים,640.00,100 גרם,false,1,28.50,4.45,true,1,
7290108502336,false,גבינת גורגונזולה איטלקית 150 גרם 29% שומן,איגור SRL,IT,גבינת גורגונזולה איט,גרמים,150.00,100 גרם,false,1,22.90,15.27,true,1,
7290108502381,false,בסיסים להכנת פיצה קוטר 26 וילי פוד 480ג',מוטלוקל גידה סאנאי ט,TR,תחתיות לפיצה מנת השף,גרמים,480.00,100 גרם,false,1,13.90,2.90,true,1,
7290108502725,false,גבינת גאודה פרוסות 400 גר`וילי פוד,Euro יורו מחלבות אירופה,IL,גבינת גאודה פרוסות 4,גרמים,400.00,100 גרם,false,1,18.90,4.73,true,1,
7290108502763,false,גבינת קממבר 200 גרם,פטוראז',FR,גבינה קממבר 200 גר,גרמים,200.00,100 גרם,false,1,20.90,10.45,true,1,
7290108502862,false,מלפפונים כבושים במלח 18-25קטנים מאוד 600ג',וילי פוד,TR,מלפפונים כבושים במלח,גרמים,600.00,100 גרם,false,1,10.40,1.73,true,1,
7290108503067,false,פרמזנו משולש ויליפוד,וילי פוד,IT,פרמזנו משולש 150 גרם,גרמים,150.00,100 גרם,false,1,16.70,11.13,true,1,
7290108503715,false,פיצה זיתים ויליפוד 3,מוטלוקל גידה סאנאי ט,IT,פיצה עם זיתים 385 גר,גרמים,385.00,100 גרם,false,1,15.90,4.13,true,1,
7290108503814,false,גבינה מותכת למריחה 200 גר,,FI,גבינה מותכת ויאולה,גרמים,200.00,100 גרם,false,1,12.50,6.25,true,1,
7290108503999,false,פרוסות גבינה 150גרם בטעם גאודה לכריכים וטוסטים,סנטרל קסרה,ES,פרוסות גבינה גאודה 1,גרמים,150.00,100 גרם,false,1,13.50,9.00,true,1,
7290108504002,false,פרוסות גבינה לייט 9% שומן לכריכים וטוסטים 150 ג',Euro יורו מחלבות אירופה,ES,פרוסות גבינה לייט 9%,גרמים,150.00,100 גרם,false,1,12.90,8.60,true,1,
7290108504699,false,נתחי טונה בשמן קנולה רביעיה * 160 ג' וילי פוד,גולדן פרייז,TH,רביעית טונה בשמן קנו,גרמים,640.00,100 גרם,false,1,21.90,3.42,true,1,
7290108505153,false,יוגורט בטעם טבעי 2% שומן 150 ג',Euro יורו מחלבות אירופה,GR,יוגורט בטעם טבעי,גרמים,150.00,100 גרם,false,1,6.20,4.13,true,1,
7290108505160,false,יוגורט עם אגסים 4% שומן 150 גרם,Euro יורו מחלבות אירופה,GR,יוגורט עם אגסים 4% ש,גרמים,150.00,100 גרם,false,1,6.20,4.13,true,1,
7290108505177,false,יוגורט עם אננס 150 גרם 0% שומן,Euro יורו מחלבות אירופה,GR,יוגורט עם אננס 0% שו,גרמים,150.00,100 גרם,false,1,6.20,4.13,true,1,
7290108505184,false,יוגורט עם קוקוס 5% שומן 150 גרם,Euro יורו מחלבות אירופה,GR,יוגורט עם קוקוס 5% ש,גרמים,150.00,100 גרם,false,1,6.20,4.13,true,1,
7290108505191,false,יוגורט עם פצפוצי שוקולד 5% שומן 150 גרם,Euro יורו מחלבות אירופה,GR,יוגורט עם פצפוצי שוק,גרמים,150.00,100 גרם,false,1,6.20,4.13,true,1,
7290108505207,false,יוגורט ען אוכמניות 0% שומן 150 גרם,Euro יורו מחלבות אירופה,GR,יוגורט עם אוכמניות,גרמים,150.00,100 גרם,false,1,6.20,4.13,true,1,
7290108505214,false,יוגורט עם אפרסק 150 גרם 0% שומן,Euro יורו מחלבות אירופה,GR,יוגורט עם אפרסק,גרמים,150.00,100 גרם,false,1,6.20,4.13,true,1,
7290108505375,false,צהובה פרוסה גולדן 400 גרם,,,צהובה פרוסה גולדן 4,גרמים,400.00,100 גרם,false,1,19.90,4.98,true,1,
7290108505603,false,נתחי טונה בהירה בשמן צמחי שלישיה * 80 ג' וילי פוד,גולדן,TH,שלישיית טונה בהירה ב,גרמים,240.00,100 גרם,false,1,11.90,4.96,true,1,
7290108505689,false,גבינת גרנה פדנו מגורדת 100 גרם,זנאטי,IT,גבינת גרנה פדנו מגור,גרמים,100.00,100 גרם,false,1,11.40,11.40,true,1,
7290108505740,false,גבינת קשקבל חצי קשה25% שומן 200גר,Euro יורו מחלבות אירופה,TR,גבינת קשקבל חצי קשה,גרמים,200.00,100 גרם,false,0,12.90,6.45,true,1,
7290108506037,false,יוגורט בטעם טבעי 5% שומן דלתא 150 ג',Euro יורו מחלבות אירופה,GR,יוגורט בטעם טבעי 5%,גרמים,150.00,100 גרם,false,1,6.20,4.13,true,1,
7290108506495,false,"כנאפה מאפה בצק ""שערות"" קדאיף וגבינה",ארמה גרופ,TR,כנאפה קפוא 192.5 גרם,גרמים,193.00,100 גרם,false,1,16.70,8.65,true,1,
7290108506501,false,אצבעות בצק פילו ממולאות גבינה 500 ג' ויליפוד,סיהאן גידה,TR,אצבעות בצק פילו ממול,גרמים,500.00,100 גרם,false,1,17.90,3.58,true,1,
7290108506969,false,מאפה בורקס מים תורכי - גבינה 300 ג',וילי פוד,TR,בורקס מים תורכי 300,גרמים,300.00,100 גרם,false,1,18.80,6.27,true,1,
7290108507010,false,מאפה בורקס מים תורכי תרד וגבינה 300 גרם,וילי פוד,TR,בורקס מים תורכי תרד,גרמים,300.00,100 גרם,false,1,18.80,6.27,true,1,
7290108507058,false,ביסקויט פריך בשוקולד חלב 100 גרם -קהילות,מודרן צ'יקולטה,TR,ביסקויט פריך בשוקולד,גרמים,100.00,100 גרם,false,1,6.90,6.90,true,1,
7290108507065,false,גבינת פרמג'יאנו רג'יאנו מגורדת 100 גרם,זנאתי,IT,גבינת פרמגיאנו רגיאנ,גרמים,100.00,100 גרם,false,1,16.70,16.70,true,1,
7290108507072,false,שבבי גבינת גרנה פדנו 100 גרם,זנאתי,IT,שבבי גבינת גרנה פדנו,גרמים,100.00,100 גרם,false,1,11.40,11.40,true,1,
7290108507911,false,קינואה עם טונה וירקות - מוכן לאכילה,וילי פוד,TR,קינואה עם טונה וירקו,גרמים,160.00,100 גרם,false,1,13.10,8.19,true,1,
7290108508703,false,טורטיה ללא גלוטן 270 גרם ויליפוד,מוטלוקל גידה סאנאי ט,TR,טורטיה ללא גלוטן 270,גרמים,270.00,100 גרם,false,1,9.90,3.67,true,1,
7290108508772,false,קונכיות פתיתים עם תרד 400 גרם,וילי פוד,TR,קונכיות פתיתים עם תר,גרמים,400.00,100 גרם,false,1,6.90,1.73,true,1,
7290108508888,false,ביסקוויטים פתי בר ויליפוד 500 ג',ארגון ציקולאטה,TR,ביסקוויטים פתי בר וי,גרמים,500.00,100 גרם,false,1,6.50,1.30,true,1,
7290108508901,false,יוגורט עם דובדבנים ושקדים 0.6 %שומן דלתא 150 ג',Euro יורו מחלבות אירופה,GR,יוגורט יווני עם דובד,גרמים,150.00,100 גרם,false,1,6.20,4.13,true,1,
7290108508970,false,וילי פוד תה ג'רבה 50,,,תה גרבה 500 גרם,גרמים,500.00,100 גרם,false,1,23.90,4.78,true,1,
7290108509052,false,מאפה פילו יווני מסורתי ממולא גבינת פטה,וילי פוד,GR,מאפה פילו ממולא גבינ,גרמים,400.00,100 גרם,false,1,20.90,5.23,true,1,
7290108509106,false,"גבינה בולגרית מעודנת בקוביות 13% שומן 200 ג' חת""ס פ""ת",קוליוס,TW,גבינה בולגרית מעודנת,גרמים,200.00,100 גרם,false,1,12.90,6.45,true,1,
7290108509113,false,"גבינה בולגרית מעודנת 18% שומן 250 גרם חת""ס פ""ת",Euro יורו מחלבות אירופה,TR,גבינה בולגרית מעודנת,גרמים,250.00,100 גרם,false,1,12.90,5.16,true,1,
7290108509182,false,גבינת פטה 17% שומן יורו 250 ג',סוטאש,TR,גבינה פטה 17% שומן 2,גרמים,250.00,100 גרם,false,1,12.90,5.16,true,1,
7290108509205,false,ויליפוד חטיף אורז אפוי לתינוקות טבעי 50 גרם,נמצ'או,TH,חטיף אורז אפוי טבעי,גרמים,50.00,100 גרם,false,1,12.90,25.80,true,1,
7290108509212,false,ויליפוד חטיף אורז אפוי בטעם ירקות לתינוקות 50 גר',נמצ'או,TH,חטיף אורז אפוי טעם י,גרמים,50.00,100 גרם,false,1,12.90,25.80,true,1,
7290108509250,false,"אנטיפסטי ארטישוק+עגבניות מיובשות וצלפים בשמן חמניות 380 מ""ל",,,אנטיפסטי ארטישוק בשמ,מיליליטרים,380.00,"100 מ""ל",false,1,24.90,6.55,true,1,
7290108509359,false,פופקורן בציפוי בטעם קרמל 90 ג' ויליפוד,סנרו ס.א,UA,פופקורן בציפוי בטעם,גרמים,90.00,100 גרם,false,1,8.30,9.22,true,1,
7290108509410,false,חלבה טורקית עם קקאו 350 גרם ויליפוד,וילי פוד,,חלבה טורקית עם קקאו,גרמים,350.00,100 גרם,false,1,11.90,3.40,true,1,
7290108509571,false,גבינה מלוחה עם צילי ופפריקה 24% שומן 153,,GR,גבינה מלוחה עם צילי,גרמים,153.00,100 גרם,false,1,17.90,11.70,true,1,
7290108509588,false,גבינה מלוחה עם עשבי תיבול 24% שומן 153 ג,,GR,גבינה מלוחה עם עשבי,גרמים,153.00,100 גרם,false,1,17.90,11.70,true,1,
7290108509595,false,גבינה מלוחה עם עגבניות מיובשות וריחן 24%,,GR,גבינה מלוחה עם עגבני,גרמים,153.00,100 גרם,false,1,17.90,11.70,true,1,
7290108509625,false,זיתים ירוקים ופלפל על הגריל מגולענ 730 ג,,TR,זיתים ירוקים ופלפל ע,גרמים,730.00,100 גרם,false,1,24.90,3.41,true,1,
7290108509700,false,"אורז פרסי דוואט 1 ק""",אל טי פוד,IN,"אורז פרסי 1 ק""ג DAAW",גרמים,1000.00,100 גרם,false,1,10.40,1.04,true,1,
7290108509755,false,גבינה חלומי 250 גרם 23% שומן,,קפריסין,גבינה חלומי 250 גרם,גרמים,250.00,100 גרם,false,1,24.90,9.96,true,1,
7290108509939,false,פרוסות פילה טונה בשמן זית כתית מעולה,וילי פוד,,פרוסות פילה טונה 120,גרמים,120.00,100 גרם,false,1,12.90,10.75,true,1,
7290109351025,false,מלך החומוס חומוסטחינה 40% טחינה גולמית,סלטי צבר,IL,מלך חומוס חומוסטחינה,גרמים,400.00,100 גרם,false,1,14.60,3.65,true,1,
7290109351957,false,פריכיות אורז מלא פיטנס עם שכבת שוקולד חלב,סנורייס בלגיום אן. ו,BE,פיטנס פריכיות גדולות,גרמים,100.00,100 גרם,false,1,8.30,8.30,true,1,
7290109351971,false,פריכיות דגנים פיטנס מצופות שוקולד חלב,נסטלה Nestle,IL,פיטנס בר פריכיות שוק,גרמים,84.00,100 גרם,false,1,11.90,14.17,true,1,
7290109353494,false,פסטה פרפקטו פארפאלה 500ג' אסם,אסם פרפקטו Perfecto,IT,פרפקטו פארפאלה 500,גרמים,500.00,100 גרם,false,1,7.90,1.58,true,1,
7290109358482,false,עוגיות קרמוגית במילוי קרם בטעם חלבה,היינץ צפון אמריקה מק,IL,עוגיות קרמוגית במילו,גרמים,200.00,100 גרם,false,1,11.40,5.70,true,1,
7290109358567,false,פסטה אסם ספגטי פלוס 400 גרם,זארה,IT,אסם ספגטי פלוס 400 ג,גרמים,400.00,100 גרם,false,1,5.70,1.43,true,1,
7290109580050,false,נקניקיות צ'וריסוס וונדרס 0% בשר טבעוני ללא גלוטן,זוגלובק וונדרס Wonders,IL,נקניקיות צוריסוס,גרמים,226.00,100 גרם,false,1,36.50,16.15,true,1,
7290109580227,false,נקניקיות עוף ובקר בסגנון ברלינאי קאריוורסט,זוגלובק,IL,נקניקיות קאריוורסט,גרמים,300.00,100 גרם,false,1,21.90,7.30,true,1,
7290109640761,false,מאפה פילאס במילוי פטה טבעוני 600 גרם,סנו מפעלי ברונוס.,IL,מאפה פילאס במילוי פט,גרמים,600.00,100 גרם,false,1,26.90,4.48,true,1,
7290109920627,false,"אסטוניש קרם ואקונומיקה לניקוי אמבטיות 500 מ""ל",אסטוניש,GB,קרם ניקוי אסטוניש לא,מיליליטרים,500.00,"100 מ""ל",false,1,19.80,3.96,true,1,
7290109920740,false,מרכך כביסה מרוכז לבנדר הפי 1 ליטר,,,מרכך כביסה מרוכז לבנ,מיליליטרים,1000.00,"100 מ""ל",false,1,14.90,1.49,true,1,
7290109920757,false,מרכך כביסה מרוכז ורדים הפי 1 ליטר,,,מרכך כביסה מרוכז ורד,מיליליטרים,1000.00,"100 מ""ל",false,1,14.90,1.49,true,1,
7290109920849,false,"אסטוניש - מרסס לניקוי כללי בניחוח תפוז 750 מ""ל",יעקבי- אסטוניש Astonish,GB,מרסס תפוז לניקוי רב,מיליליטרים,750.00,"100 מ""ל",false,1,18.90,2.52,true,1,
7290109920863,false,גל כביסה הפי מיוחד לכביסת בגדי ספורט,,,גל כביסה הפי מיוחד ל,מיליליטרים,1000.00,"100 מ""ל",false,1,15.30,1.53,true,1,
7290109920870,false,גל כביסה הפי מיוחד לכביסה שחורה וכהה,,,גל כביסה הפי מיוחד ל,מיליליטרים,1000.00,"100 מ""ל",false,1,15.30,1.53,true,1,
7290109920917,false,"הפי גל לאסלות עם כלור 750 מ""ל",,,הפי גל לאסלות עם כלו,מיליליטרים,750.00,"100 מ""ל",false,1,10.90,1.45,true,1,
7290109921075,false,"נוזל דזיטול מחטא בגדים בכביסה 500 מ""ל",מרקה,BE,נוזל דזיטול מחטא בגד,מיליליטרים,500.00,"100 מ""ל",false,1,17.30,3.46,true,1,
7290109921280,false,נוזל ניקוי רצפות הפי גל דה לין 3 ל,,BE,נוזל ניקוי רצפות הפי,ליטרים,0.00,ליטר,false,1,25.90,25.90,true,1,
7290109921389,false,נוזל מקצועי לניקוי רצפות השיפוצניק יעקבי,,TR,נוזל מקצועי לניקוי ר,ליטרים,0.00,ליטר,false,1,21.90,21.90,true,1,
7290109921853,false,אסטוניש המשחה המקורית לניקוי עם עוצמה,יעקבי- אסטוניש Astonish,GB,משחה לניקוי עם עוצמה,גרמים,150.00,100 גרם,false,1,18.50,12.33,true,1,
7290109922881,false,"דורגול מרסס למטבח 600 מ""ל",,IL,דורגול מרסס מרוכז למ,Unknown,1.00,Unknown,false,1,24.90,24.90,true,1,
7290109923093,false,"אסטוניש - קרם כיריים הלוגן ומיקרו 500 מ""ל",,IL,אסטוניש קרם כיריים ה,Unknown,1.00,Unknown,false,1,14.90,14.90,true,1,
7290109923130,false,מדליק לפחמים קוביות הפי 24 יח',,,מדליק פחמים הפי קובי,Unknown,0.00,Unknown,false,1,14.60,14.60,true,1,
7290109923147,false,אסטוניש מהדורה פרימיום פלא של אקונומיקה,יעקבי- אסטוניש Astonish,GB,אסטוניש מהדורה פרימי,Unknown,1.00,Unknown,false,1,14.90,14.90,true,1,
7290110110024,false,"פאנטה תות פחית סליק 330מ""ל",קוקה קולה ישראל,IL,סליק פאנטה תות 330 מ,מיליליטרים,330.00,"100 מ""ל",false,1,5.40,1.64,true,1,
7290110110277,false,"סומרסבי סיידר תפוחים אלכוהולי 4*300 מ""ל","קרלסברג קרואטיה , יב",IL,סומרסבי סיידר תפוחים,מיליליטרים,1320.00,"100 מ""ל",false,1,29.90,2.27,true,1,
7290110110369,false,שישיית בירה קרלסברג LUMA בקבוק 330 מל,מבשלות בירה בינלאומי,IL,שישיית בירה קרלסברג,מיליליטרים,1980.00,"100 מ""ל",false,1,34.90,1.76,true,1,
7290110110574,false,"קוקה קולה זירו לימון פחית 330 מ""ל",החברה המרכזית לייצור,IL,סליק קולה ZERO לימון,מיליליטרים,330.00,"100 מ""ל",false,1,5.40,1.64,true,1,
7290110110635,false,ספרייט בטעם למון ליים,החברה המרכזית לייצור,IL,"ספרייט חדש 500 מ""ל",מיליליטרים,500.00,"100 מ""ל",false,1,7.50,1.50,true,1,
7290110110659,false,"ספרייט לימון ליים פחית 330מ""ל",החברה המרכזית לייצור,IL,ספרייט סליק חדש 330,מיליליטרים,330.00,"100 מ""ל",false,1,5.40,1.64,true,1,
7290110110703,false,מארז ספרייט שישייה פחיות FRIDGE PACK,קוקה קולה ישראל,IL,מארז ספרייט חדש 6*33,ליטרים,0.00,ליטר,false,1,22.90,22.90,true,1,
7290110111557,false,"משקה ספורט איזוטוני בטעם פירות 500 מ""ל פאוורייד",Caslino al Piano pla,IT,פאוור אייד מאונטן בל,מיליליטרים,500.00,"100 מ""ל",false,1,11.90,2.38,true,1,
7290110111564,false,"משקה ספורט איזוטוני בטעם הדרים ליין 500 מ""ל פאוורייד",פאווראייד POWERADE,IT,פאוורייד משקה ספורט,מיליליטרים,500.00,"100 מ""ל",false,1,11.90,2.38,true,1,
7290110111809,false,"מארז פחיות פאנטה אורנג' שישייה 330 מ""ל",החברה המרכזית לייצור,IL,שישיית פאנטה אורנג,ליטרים,0.00,ליטר,false,1,22.90,22.90,true,1,
7290110113261,false,נקטר אושן ספריי 19 קלוריות חמוציות 1 ליטר,פריגת,IL,נקטר אושן ספריי חמוצ,מיליליטרים,1000.00,"100 מ""ל",false,1,11.90,1.19,true,1,
7290110113377,false,מארז רביעיות קוקה קולה 1 ליטר,קוקה קולה,IL,מארז רביעיות קוקה קו,מיליליטרים,4000.00,"100 מ""ל",false,1,28.80,0.72,true,1,
7290110113421,false,"בירה קרלסברג LUMA בקבוק 330 מ""ל",מבשלות בירה בינלאומי,IL,בירה קרלסברג LUMA בק,מיליליטרים,330.00,"100 מ""ל",false,1,7.90,2.39,true,1,
7290110113605,false,בירה שקמה בק איי 330,מבשלות בירה בינלאומי,IL,"בירה שקמה 330 מ""ל",מיליליטרים,330.00,"100 מ""ל",false,1,12.90,3.91,true,1,
7290110113629,false,"בירה שקמה אייל ענברי בק 330 מ""ל",מבשלות בירה בינלאומי,IL,בירה שקמה אייל ענברי,מיליליטרים,330.00,"100 מ""ל",false,1,12.90,3.91,true,1,
7290110113636,false,"בירה שקמה מרצן לאגר בק 330 מ""ל",מבשלות בירה בינלאומי,IL,בירה שקמה מרצן לאגר,מיליליטרים,330.00,"100 מ""ל",false,1,12.90,3.91,true,1,
7290110114725,false,מארז גורדונס לונדון דריי גין + כוס 700 מ,,,מארז גורדונס לונדון,מיליליטרים,700.00,"100 מ""ל",false,1,79.90,11.41,true,1,
7290110114787,false,נביעות + תפוח 1.5 ליטר פיקדון,נביעות טבע הגליל בעמ,IL,מים נביעות בטעם תפו,ליטרים,0.00,ליטר,false,1,9.50,9.50,true,1,
7290110114794,false,נביעות + אפרסק 1.5 ליטר פיקדון,"נביעות טבע הגליל בע""",IL,מים נביעות 1.5 ליטר,ליטרים,0.00,ליטר,false,1,9.50,9.50,true,1,
7290110114800,false,נביעות פלוס בטעם ענבים 1.5 ליטר-,"נביעות טבע הגליל בע""",IL,מים נביעות בטעם ענבי,ליטרים,0.00,ליטר,false,1,9.50,9.50,true,1,
7290110114824,false,נביעות+רכיבי פרי אבטיח 1.5 ליטר פיקדון,"נביעות טבע הגליל בע""",IL,נביעות + רכיבי פרי,ליטרים,0.00,ליטר,false,1,8.90,8.90,true,1,
7290110114855,false,"נביעות מים מינרליים, שישיה 6 * 1.5 ליטר פקדון",נביעות טבע הגליל בעמ,IL,שישיית מים נביעות,ליטרים,0.01,ליטר,false,1,12.70,1270.00,true,1,
7290110114886,false,פריגת סחוט טרי קלמנטינה 2 ליטר,גת,IL,פריגת סחוט טרי קלמנט,ליטרים,0.00,ליטר,false,1,23.90,23.90,true,1,
7290110114893,false,פריגת סחוט טרי תפוז 2 ליטר,פריגת מצוננים,IL,פריגת סחוט טרי תפוז,ליטרים,0.00,ליטר,false,1,23.90,23.90,true,1,
7290110114909,false,100% מיץ תפוחים צלול עשוי מרכז,היינץ צפון אמריקה מק,IL,פריגת טרי תפוח צלול,ליטרים,0.00,ליטר,false,1,23.90,23.90,true,1,
7290110114916,false,פריגת סחוט לימון נענע 2 ליטר,פריגת,IL,פריגת סחוט לימון נענ,ליטרים,0.00,ליטר,false,1,23.90,23.90,true,1,
7290110114954,false,מיץ תפוזים מתקתקים 100% 2 ל' פריגת,"גת,גבעת חיים",IL,מיץ תפוזים מתקתק 100,ליטרים,0.00,ליטר,false,1,22.90,22.90,true,1,
7290110114961,false,מיץ בטעם תפוזים 1.5ל' פריגת,מבשלות בירה בינלאומי,IL,פריגת תפוזים 1.5 ליט,ליטרים,0.00,ליטר,false,1,8.90,8.90,true,1,
7290110114985,false,פריגת אשכולית 1.5 ליטר פיקדון,מבשלות בירה בינלאומי,IL,פריגת אשכוליות 1.5 ל,ליטרים,0.00,ליטר,false,1,8.90,8.90,true,1,
7290110114992,false,פריגת light אשכולית 1.5 ליטר פיקדון,מבשלות בירה בינלאומי,IL,פריגת דיאט אשכוליות,ליטרים,0.00,ליטר,false,1,8.50,8.50,true,1,
7290110115005,false,פריגת ענבים 1.5 ליטר פיקדון,מבשלות בירה בינלאומי,IL,פריגת ענבים 1.5 ליטר,ליטרים,0.00,ליטר,false,1,8.90,8.90,true,1,
7290110115012,false,מיץ ענבים בניחוח מרלו 1.5 ל' פריגת,פריגת,IL,פריגת ענבים מרלו 1.5,ליטרים,0.00,ליטר,false,1,8.90,8.90,true,1,
7290110115029,false,"פריגת משק""ל תפוח 1.5 ליטר פיקדון",מבשלות בירה בינלאומי,IL,פריגת תפוחים 1.5 ליט,ליטרים,0.00,ליטר,false,1,8.90,8.90,true,1,
7290110115036,false,פריגת מנגו 1.5 ליטר פיקדון,מבשלות בירה בינלאומי,IL,פריגת מנגו 1.5 ליטר,ליטרים,0.00,ליטר,false,1,8.90,8.90,true,1,
7290110115043,false,פריגת לימונענע 1.5 ליטר פיקדון,מבשלות בירה בינלאומי,IL,פריגת לימונענע 1.5 ל,ליטרים,0.00,ליטר,false,1,8.90,8.90,true,1,
7290110115050,false,פריגת מיקס תות בננה 1.5 ליטר פיקדון,מבשלות בירה בינלאומי,IL,פריגת מיקס תות בננה,ליטרים,0.00,ליטר,false,1,8.90,8.90,true,1,
7290110115067,false,פריגת אפרסק 1.5 ליטר פיקדון,מבשלות בירה בינלאומי,IL,פריגת אפרסק 1.5 ליטר,ליטרים,0.00,ליטר,false,1,8.90,8.90,true,1,
7290110115074,false,פריגת תפוח דובדבן 1.5 ליטר פיקדון,מבשלות בירה בינלאומי,IL,פריגת תפוח דובדבן 1.,ליטרים,0.00,ליטר,false,1,8.90,8.90,true,1,
7290110115081,false,פריגת צלול ענבים 1.5 ליטר פיקדון,מבשלות בירה לישראל ב,IL,פריגת צלול ענבים 1.5,ליטרים,0.00,ליטר,false,1,8.50,8.50,true,1,
7290110115098,false,פריגת צלול תפוחים 1.5 ליטר פיקדון,מבשלות בירה לישראל ב,IL,פריגת צלול תפוח 1.5,ליטרים,0.00,ליטר,false,1,8.50,8.50,true,1,
7290110115104,false,פריגת צלול אפרסק 1.5 ליטר פיקדון,מבשלות בירה בינלאומי,IL,פריגת צלול אפרסק 1.5,ליטרים,0.00,ליטר,false,1,8.50,8.50,true,1,
7290110115111,false,פריגת צלול אננס 1.5 ליטר פיקדון,מבשלות בירה לישראל ב,IL,פריגת צלול אננס 1.5,ליטרים,0.00,ליטר,false,1,8.50,8.50,true,1,
7290110115128,false,פריגת צלול בטעם לימונענע 1.5 ליטר פיקדון,מבשלות בירה לישראל ב,IL,פריגת צלול לימונענע,ליטרים,0.00,ליטר,false,1,8.50,8.50,true,1,
7290110115203,false,קוקה קולה 1.5 ליטר פיקדון,קוקה קולה Coca Cola,IL,קוקה קולה 1.5 ליטר,ליטרים,0.00,ליטר,false,1,8.90,8.90,true,1,
7290110115210,false,דיאט קוקה קולה 1.5 ליטר פיקדון,קוקה קולה Coca Cola,IL,קוקה קולה דיאט 1.5 ל,ליטרים,0.00,ליטר,false,1,8.50,8.50,true,1,
7290110115227,false,קוקה קולה זירו 1.5 ליטר -,קוקה קולה Coca Cola,IL,קוקה קולה 1.5 ליטר,ליטרים,0.00,ליטר,false,1,8.50,8.50,true,1,
7290110115234,false,קוקה קולה זירו נטול 1.5 ליטר -,החברה המרכזית לייצור,IL,קולה ZERO נטול 1.5 ל,ליטרים,0.00,ליטר,false,1,8.50,8.50,true,1,
7290110115241,false,קוקה קולה זירו לימון 1.5 ליטר -,החברה המרכזית לייצור,IL,קולה ZERO לימון 1.5,ליטרים,0.00,ליטר,false,1,8.50,8.50,true,1,
7290110115296,false,פאנטה אורנג' 1.5 ליטר פיקדון,החברה המרכזית לייצור,IL,פאנטה אורנג 1.5 ליטר,ליטרים,0.00,ליטר,false,1,8.90,8.90,true,1,
7290110115302,false,פאנטה ZERO אורנג' 1.5 ליטר פיקדון,החברה המרכזית לייצור,IL,פאנטה ZERO אורנג 1.5,ליטרים,0.00,ליטר,false,1,8.90,8.90,true,1,
7290110115319,false,פאנטה אקזוטיק 1.5 ליטר פיקדון,החברה המרכזית לייצור,IL,פאנטה אקזוטיק 1.5 לי,ליטרים,0.00,ליטר,false,1,8.90,8.90,true,1,
7290110115333,false,פאנטה תות 1.5 ליטר פיקדון,החברה המרכזית לייצור,IL,פאנטה תות 1.5 ליטר,ליטרים,0.00,ליטר,false,1,8.90,8.90,true,1,
7290110115340,false,פאנטה ענבים 1.5 ליטר פיקדון,קוקה קולה,IL,פאנטה ענבים 1.5 ליטר,ליטרים,0.00,ליטר,false,1,8.90,8.90,true,1,
7290110115364,false,קוקה קולה שישיות 1.5 ליטר פיקדון,החברה המרכזית לייצור,IL,קוקה קולה שישייה 1.5,ליטרים,0.01,ליטר,false,1,49.90,4990.00,true,1,
7290110115388,false,ספרייט ליים שישיות 1.5 ליטר פיקדון,החברה המרכזית לייצור,IL,ספרייט שישייה 1.5 לי,ליטרים,0.01,ליטר,false,1,49.90,4990.00,true,1,
7290110115395,false,ZERO ספרייט שישיות 1.5 ליטר פיקדון,החברה המרכזית לייצור,IL,ספרייט ZERO שישייה 1,ליטרים,0.01,ליטר,false,1,46.90,4690.00,true,1,
7290110115401,false,קינלי סודה שישייה 1.5 ליטר פיקדון,החברה המרכזית לייצור,IL,קינלי סודה שישייה 1,ליטרים,0.01,ליטר,false,1,15.70,1570.00,true,1,
7290110115418,false,מארז שישייה קוקה קולה זירו 1.5 ל',החברה המרכזית לייצור,IL,קוקה קולה דיאט ZERO,ליטרים,0.01,ליטר,false,1,46.90,4690.00,true,1,
7290110115425,false,FUZE TEA גרין לימונענע -נענע 1.5 ליטר פיקדון,מבשלות בירה בינלאומי,IL,תה פיוז לימון-נענע 1,ליטרים,0.00,ליטר,false,1,8.90,8.90,true,1,
7290110115449,false,אייס תה בטעם מנגו אננס 1.5ל' FUZE TEA,מבשלות בירה בינלאומי,IL,תה פיוז מנגו 1.5 ליט,ליטרים,0.00,ליטר,false,1,9.00,9.00,true,1,
7290110115456,false,"תה קר בטעם אפרסק 19 קלוריות ב- 100 מ""ל",מבשלות בירה בינלאומי,IL,תה פיוז אפרסק 90 קל,ליטרים,0.00,ליטר,false,1,8.90,8.90,true,1,
7290110115463,false,אייס תה בטעם אפרסק 1.5ל' FUZE TEA,מבשלות בירה בינלאומי,IL,תה פיוז אפרסק 1.5 לי,ליטרים,0.00,ליטר,false,1,9.00,9.00,true,1,
7290110115494,false,אייס תה בטעם ענבים 1.5ל' FUZE TEA,מבשלות בירה בינלאומי,IL,תה פיוז ענבים 1.5 לי,ליטרים,0.00,ליטר,false,1,9.00,9.00,true,1,
7290110115593,false,פריגת אשכוליות 40% פחות סוכר 1.5 ליטר פיקדון,מבשלות בירה בינלאומי,IL,פריגת אשכוליות 19 קל,ליטרים,0.00,ליטר,false,1,8.50,8.50,true,1,
7290110115609,false,פריגת ענבים 40% פחות סוכר 1.5 ליטר פיקדון,מבשלות בירה בינלאומי,IL,פריגת ענבים 19 קל 1,ליטרים,0.00,ליטר,false,1,8.50,8.50,true,1,
7290110115616,false,FUZE tea zero גרין אננס 1.5 ליטר פיקדון,מבשלות בירה בינלאומי,IL,פיוז טי זירו גרין אנ,ליטרים,0.00,ליטר,false,1,8.90,8.90,true,1,
7290110115623,false,משקה פיוז טי זירו ZERO בטעם אפרסק,מבשלות בירה בינלאומי,IL,פיוז טי זירו אפרסק 1,ליטרים,0.00,ליטר,false,1,8.90,8.90,true,1,
7290110115654,false,"פיוז טי זירו גרין אננס, 500 מ""ל",מבשלות בירה בינלאומי,IL,תה פיוז זירו גרין א,מיליליטרים,500.00,"100 מ""ל",false,1,7.40,1.48,true,1,
7290110115777,false,מים מינרלים נביעות 1.5 ל,נביעות,,נביעות 1.5 ליטר,ליטרים,0.00,ליטר,false,1,3.90,3.90,true,1,
7290110115821,false,"ספרייט לימון, 1.5 ליטר פקדון",כלורוקס אוקלנד,IL,ספרייט לימון- ליים 1,ליטרים,0.00,ליטר,false,1,8.90,8.90,true,1,
7290110115838,false,ספרייט לימון- ליים 1.5 ליטר,"אינסטנטה בע""מ",IL,ספרייט זירו לימון- ל,ליטרים,0.00,ליטר,false,1,8.90,8.90,true,1,
7290110115845,false,קוקה קולה 1.5 ליטר פיקדון,"אינסטנטה בע""מ",IL,קוקה קולה 1.5 ליטר,ליטרים,0.00,ליטר,false,1,8.90,8.90,true,1,
7290110115869,false,קוקה קולה זירו 1.5 ליטר פיקדון,תות תעשיות מזון (201,IL,קוקה קולה 1.5 ליטר,ליטרים,0.00,ליטר,false,1,8.50,8.50,true,1,
7290110115876,false,קינלי סודה 1.5ליטר-,"אינסטנטה בע""מ",IL,קינלי סודה 1.5 ליטר,ליטרים,0.00,ליטר,false,1,3.10,3.10,true,1,
7290110115975,false,קוקה קולה זירו בקבוק,החברה המרכזית לייצור,IL,קוקה קולה זירו 1 ליט,מיליליטרים,1000.00,"100 מ""ל",false,1,6.90,0.69,true,1,
7290110116064,false,פאנטה ZERO פירות ירוק 1.5 ליטר פיקדון,החברה המרכזית לייצור,IL,פאנטה זירו פירות ירו,ליטרים,0.00,ליטר,false,1,8.90,8.90,true,1,
7290110116125,false,סירופ בטעם פטל 750 מל פריגת,סירופ - גבעת חיים,IL,סירופ בטעם פטל 750 מ,מיליליטרים,750.00,"100 מ""ל",false,1,24.90,3.32,true,1,
7290110116132,false,סירופ בטעם לימון 750 מל פריגת,סירופ - גבעת חיים,IL,סירופ בטעם לימון 750,מיליליטרים,750.00,"100 מ""ל",false,1,24.90,3.32,true,1,
7290110116156,false,נביעות+רכיבי פרי מנגו-פסיפלורה 1.5 ליטר-,נביעות,IL,נביעות+ רכיבי פרי מנ,ליטרים,0.00,ליטר,false,1,7.90,7.90,true,1,
7290110116170,false,נביעות+רכיבי פרי אננס-קוקוס 1.5 ליטר-,נביעות,IL,נביעות+ רכיבי פרי אנ,ליטרים,0.00,ליטר,false,1,7.90,7.90,true,1,
7290110116200,false,מים 0 קלוריות בטעם לימון-ליים 0.5 ל נביעות,"נביעות טבע הגליל בע""",IL,נביעות+ סדרת 0 קלורי,מיליליטרים,500.00,"100 מ""ל",false,1,5.50,1.10,true,1,
7290110116392,false,סירופ בטעם תפוזים 750 מל פריגת,סירופ - גבעת חיים,IL,סירופ בטעם תפוזים 7,מיליליטרים,750.00,"100 מ""ל",false,1,24.90,3.32,true,1,
7290110116446,false,מארז גין גורדונס ורוד + כוס בלון 700 מל,,GB,מארז גין גורדונס ורו,מיליליטרים,700.00,"100 מ""ל",false,1,93.90,13.41,true,1,
7290110116484,false,מיץ סחוט תות בננה 1 ל' פריגת,פריגת מצוננים,IL,פריגת מיקס תות בננה,מיליליטרים,1000.00,"100 מ""ל",false,1,15.80,1.58,true,1,
7290110116491,false,מיץ סחוט אפרסק משמש 1 ל' פריגת,פריגת מצוננים,IL,פריגת מיקס אפרסק משמ,מיליליטרים,1000.00,"100 מ""ל",false,1,15.80,1.58,true,1,
7290110116507,false,מיץ מיקס אננה בננה אגס 1 ל' פריגת,פריגת מצוננים,IL,פריגת מיקס אננס בננה,מיליליטרים,1000.00,"100 מ""ל",false,1,15.80,1.58,true,1,
7290110116521,false,"פריגת מיקס אפרסק ומשמש 400 מ""ל",פריגת,IL,פריגת מיקס אפרסק משמ,מיליליטרים,400.00,"100 מ""ל",false,1,9.90,2.48,true,1,
7290110116552,false,ספרייט לימון היט 1.5 ליטר LIME פיקדון,החברה המרכזית לייצור,IL,ספרייט למון היט 1.5,ליטרים,0.00,ליטר,false,1,8.90,8.90,true,1,
7290110320591,false,פיראוס בולגרית מעודנת 16% 250 גר,פיראוס,IL,פיראוס בולגרית מעודנ,גרמים,250.00,100 גרם,false,1,22.90,9.16,true,1,
7290110320683,false,משקה יופלה 360 בטעם תות אריזת שמיניה,מיוצר עי קונדיטוריית,IL,מארז משקה יופלה תות,מיליליטרים,856.00,"100 מ""ל",false,1,19.90,2.32,true,1,
7290110320850,false,פתיתים גבינה חצי קשה מגורדת 28% שומן,תנובה מרכז שיתופי לש,IL,פתיתי עמק 200 גר,גרמים,200.00,100 גרם,false,1,14.90,7.45,true,1,
7290110320867,false,פתיתים גבינה חצי קשה מגורדת 28% שומן,תנובה מרכז שיתופי לש,IL,פתיתי עמק למאפים 28%,גרמים,500.00,100 גרם,false,1,36.90,7.38,true,1,
7290110320935,false,גבינת מוצרלה תנובה 150ג' פרוסות,תנובה מרכז שיתופי לש,IL,פרוסות מוצרלה 150 גר,גרמים,150.00,100 גרם,false,1,15.90,10.60,true,1,
7290110321031,false,מעדן חלב GO יוגורט מועשר בחלבון טבעי 200 ג' יופלה,"תנובה, מחלבת אלון תב",IL,יופלה 200 מל GO,מיליליטרים,200.00,"100 מ""ל",false,1,6.00,3.00,true,1,
7290110321277,false,קוטג' בקטנה % 5 100 ג' תנובה,פארייפאבה אגרואינדוס,IL,קוטג בקטנה 5% 100 גר,גרמים,100.00,100 גרם,false,1,2.60,2.60,true,1,
7290110321284,false,קוטג' בקטנה 9% 100 ג' תנובה,פארייפאבה אגרואינדוס,IL,קוטג בקטנה 9% 100 גר,גרמים,100.00,100 גרם,false,1,2.60,2.60,true,1,
7290110321604,false,קוביות פיראוס בולגרית מעודנת 5% 200 גרם - רבנות,פיראוס,IL,קוביות בולגרית 5% מע,גרמים,200.00,100 גרם,false,1,22.90,11.45,true,1,
7290110321680,false,יוגורט GO בטעם תות 20 גרם חלבון בגביע,מיוצר עי קונדיטוריית,IL,יופלה גו תות חלבון,מיליליטרים,200.00,"100 מ""ל",false,1,6.00,3.00,true,1,
7290110321697,false,יוגורט GO בטעם אפרסק 20 גרם חלבון בגביע,מיוצר עי קונדיטוריית,IL,יופלה אפרסק GO,מיליליטרים,200.00,"100 מ""ל",false,1,6.00,3.00,true,1,
7290110321703,false,יוגורט GO בטעם פירות יער 20 גרם חלבון בגביע,מיוצר עי קונדיטוריית,IL,יופלה GO פירות יער 2,מיליליטרים,200.00,"100 מ""ל",false,1,6.00,3.00,true,1,
7290110321789,false,גבינה מסקרפונה 38% השף הלבן 250 גר,תנובה,IL,גבינה מסקרפונה 38% ה,גרמים,250.00,100 גרם,false,1,21.90,8.76,true,1,
7290110322014,false,טופו בטעם טבעי תנובה ALTERNATIVE,שוורצקוף& הנקל דיסלד,IL,טופו טבעי 300 גר,גרמים,300.00,100 גרם,false,1,12.90,4.30,true,1,
7290110322038,false,טופו פיקנטי תנובה ALTERNATIVE,תנובה Alternative,IL,טופו פיקנטי 300 גר,גרמים,300.00,100 גרם,false,1,12.90,4.30,true,1,
7290110322946,false,יופלה טיוב יוגורט במרקם חלק בטעם תות בננה כשרות רבנות 348 ג',תנובה,IL,יופלה טיוב במרקם חלק,גרמים,348.00,100 גרם,false,1,14.90,4.28,true,1,
7290110323301,false,טל העמק בסגנון אמנטל 32% שומן 200 גרם,עמק - תנובה,IL,גבינה טל העמק 32% 20,גרמים,200.00,100 גרם,false,1,19.80,9.90,true,1,
7290110323585,false,יופלה יוגורט עם דובדבן מופחת קלוריות 200 ג' GO,יופלה Yoplait,IL,יוגורט עם דובדבן מופ,מיליליטרים,200.00,"100 מ""ל",false,1,6.00,3.00,true,1,
7290110323592,false,יופלה יוגורט עם אפרסק מופחת קלוריות 200 ג' GO,יופלה Yoplait,IL,יוגורט עם אפרסק מופח,מיליליטרים,200.00,"100 מ""ל",false,1,6.00,3.00,true,1,
7290110323714,false,משקה קוקוס שקדים תנובה E אלטרנטיב,מיוצר עי קונדיטוריית,IL,משקה קוקוס שקדים 1 ל,מיליליטרים,1000.00,"100 מ""ל",false,1,11.90,1.19,true,1,
7290110324070,false,גבינת חלומי מחלב בקר 22%שומן 200גר,"תנובה בע""מ",IL,חלומי מחלב בקר 22%,גרמים,200.00,100 גרם,false,1,21.90,10.95,true,1,
7290110324353,false,יוגורט GO לייט בטעם אננס 20 גרם חלבון בגביע,"תנובה בע""מ",IL,יופלה גו אננס לייט,מיליליטרים,200.00,"100 מ""ל",false,1,6.00,3.00,true,1,
7290110324551,false,יופלה טיוב יוגורט במרקם חלק בטעם תות 348 ג',יופלה Yoplait,IL,יופלה טיוב במרקם חלק,גרמים,348.00,100 גרם,false,1,14.90,4.28,true,1,
7290110324711,false,"ממרח סויה בסגנון גבינה טעם טבעי בד""צ",מיוצר עי קונדיטוריית,IL,ממרח סויה טבעי 9% 25,גרמים,250.00,100 גרם,false,1,10.90,4.36,true,1,
7290110324728,false,ממרח סויה עם שום שמיר 9% שומן אלטרנטיב,מיוצר עי קונדיטוריית,IL,ממרח סויה שום שמיר 9,גרמים,250.00,100 גרם,false,1,10.90,4.36,true,1,
7290110324872,false,גבינה צהובה גלבוע 5% שומן 200 גרם,גלבוע - תנובה,IL,גלבוע 5% 200 גרם,גרמים,200.00,100 גרם,false,1,18.90,9.45,true,1,
7290110324926,false,משקה סויה ללא תוספת סוכר E אלטרנטיב,תנובה מרכז שיתופי לש,IL,משקה סויה ללא תוספת,מיליליטרים,1000.00,"100 מ""ל",false,1,10.50,1.05,true,1,
7290110325114,false,"משקה יוגורט יופלה גו לייט תות בננה 250 מ""ל - רבנות",מיוצר עי קונדיטוריית,IL,משקה יוגורט גו לייט,מיליליטרים,250.00,"100 מ""ל",false,1,6.50,2.60,true,1,
7290110325121,false,משקה יוגורט יופלה גו לייט מנגו אננס,"תנובה בע""מ",IL,משקה יוגורט גו לייט,מיליליטרים,250.00,"100 מ""ל",false,1,6.50,2.60,true,1,
7290110325312,false,מעדן סויה GO מועשר בחלבון בטעם תות,"תנובה בע""מ",IL,מעדן סויה גו 20 גר ח,גרמים,200.00,100 גרם,false,1,6.00,3.00,true,1,
7290110325510,false,יופלה טיוב יוגורט במרקם חלק בטעם וניל - 348 ג',"תנובה בע""מ",IL,יופלה טיוב יוגורט,גרמים,348.00,100 גרם,false,1,14.90,4.28,true,1,
7290110325619,false,משקה שיבולת שועל תנובה E אלטרנטיב,מיוצר עי קונדיטוריית,IL,משקה שיבולת שועל 1 ל,ליטרים,0.00,ליטר,false,1,12.90,12.90,true,1,
7290110325701,false,פיראוס צזיקי יווני 9% שומן על בסיס יוגורט,גוד פוד פרודקטס S.p,IL,גבינת פיראוס יווני 9,גרמים,250.00,100 גרם,false,1,14.50,5.80,true,1,
7290110325893,false,משקה חלב GO מועשר בחלבון בטעם אייס קפה,מיוצר עי קונדיטוריית,IL,"אייס קפה GO 340 מ""ל",גרמים,340.00,100 גרם,false,1,8.90,2.62,true,1,
7290110326173,false,יולו COOKIES שוקולדלבן בטעם קרם עוגיות+עוגיות ונטיפי שוקולד 120 ג',תנובה,IL,יולו שוקולד לבן קרם,גרמים,120.00,100 גרם,false,1,5.50,4.58,true,1,
7290110326180,false,יולו COOKIES שוקולד חלב נוגט+עוגיות ונטיפי שוקולד 120 ג'.,תנובה,IL,יולו שוקולד חלב קרם,גרמים,120.00,100 גרם,false,1,5.50,4.58,true,1,
7290110326210,false,יופלה און טופ פצפוצים 157 גרם.,מיוצר עי קונדיטוריית,IL,יופלה און טופ פצפוצי,גרמים,157.00,100 גרם,false,1,5.90,3.76,true,1,
7290110326227,false,יוגורט און טופ קורנפלקס 157 ג' יופלה,מיוצר עי קונדיטוריית,IL,יופלה און טופ קורנפל,גרמים,157.00,100 גרם,false,1,5.90,3.76,true,1,
7290110326234,false,יוגורט און טופ כוכבים 157 ג' יופלה,מיוצר עי קונדיטוריית,IL,יופלה און טופ כוכבים,גרמים,157.00,100 גרם,false,1,5.90,3.76,true,1,
7290110326241,false,ייופלה און טופ גרנולה 157 גרם,מיוצר עי קונדיטוריית,IL,יופלה און טופ גרנולה,גרמים,157.00,100 גרם,false,1,5.90,3.76,true,1,
7290110326333,false,פרוסות גבינה בסגנון סקנדינבי 31%,פ.פ.ח. שאביט,IL,גבינה סקנדינבית פרוס,גרמים,170.00,100 גרם,false,0,20.90,12.29,true,1,
7290110326906,false,חלב טרי נטול לקטוז 3% 1 ליטר,מיוצר עי קונדיטוריית,IL,חלב טרי נטול לקטוז 3,מיליליטרים,1000.00,"100 מ""ל",false,1,7.00,0.70,true,1,
7290110327125,false,גבינה פטה 21% מחלב צאן 200 גרם,תנובה בעמ,GR,גבינה פטה 21% מחלב צ,גרמים,200.00,100 גרם,false,1,25.90,12.95,true,1,
7290110327279,false,נפוליאון טוסקנה 24% שומן גביע 225 גרם,תנובה מרכז שיתופי לש,IL,נפוליאון טוסקנה 225,גרמים,225.00,100 גרם,false,1,14.90,6.62,true,1,
7290110327514,false,משקה שיבולת שועל בטעם אגוזי לוז 1 ליטר אלטרנטיב,תנובה מרכז שיתופי לש,IL,משקה שיבולת שועל בטע,מיליליטרים,1000.00,"100 מ""ל",false,1,12.90,1.29,true,1,
7290110327545,false,מעדן און טופ תות פצפוצים מצופים שוקולד 157ג' יופלה,מיוצר עי קונדיטוריית,IL,יופלה און טופ תות עם,גרמים,157.00,100 גרם,false,1,5.90,3.76,true,1,
7290110327637,false,יוגורט דיאט יופלה קיווי 0% שומן 150 ג' יופלה,תנובה מרכז שיתופי לש,IL,יופלה דיאט בטעם קיוו,גרמים,150.00,100 גרם,false,1,5.20,3.47,true,1,
7290110327798,false,חטיף חלבון GO - שוקולד 60 ג' חלב נוכרי - רבנות,"בלמונט קונפקציות בע""",US,GO חטיף חלבון בטעם ש,גרמים,60.00,100 גרם,false,1,11.90,19.83,true,1,
7290110327811,false,חטיף חלבון GO - קוקוס 60 ג' חלב נוכרי - רבנות,"בלמונט קונפקציות בע""",US,GO חטיף חלבון בטעם ק,גרמים,60.00,100 גרם,false,1,11.90,19.83,true,1,
7290110328504,false,טריו - מיקס גבינות מוצרלה סקנדינבית וגאודה 300 גרם,מיוצר עי קונדיטוריית,IL,טריו מיקס- מוצרלה סק,גרמים,300.00,100 גרם,false,1,31.90,10.63,true,1,
7290110328580,false,יוגורט תנובה טבעי 5% גביע 200 גרם,מיוצר עי קונדיטוריית,IL,יוגורט תנובה 5% 200,גרמים,200.00,100 גרם,false,1,3.20,1.60,true,1,
7290110328627,false,יוגורט יופלה GO במרקם סמיך בטעם בננה קרמל 0%,מיוצר עי קונדיטוריית,IL,יוגורט גו סמיך בננה,מיליליטרים,200.00,"100 מ""ל",false,1,6.00,3.00,true,1,
7290110328764,false,יוגורט יופלה GO במרקם סמיך עם תות 0%,מיוצר עי קונדיטוריית,IL,יוגורט גו סמיך תות,מיליליטרים,200.00,"100 מ""ל",false,1,6.00,3.00,true,1,
7290110328771,false,יוגורט יופלה GO במרקם סמיך עם פירות יער 0%,מיוצר עי קונדיטוריית,IL,יוגורט גו סמיך פירות,מיליליטרים,200.00,"100 מ""ל",false,1,6.00,3.00,true,1,
7290110328788,false,יוגורט יופלה GO במרקם סמיך בטעם אפרסק 0%,תנובה מרכז שיתופי לש,IL,יוגורט גו סמיך אפרסק,מיליליטרים,200.00,"100 מ""ל",false,1,6.00,3.00,true,1,
7290110328955,false,קוביות גבינת עזים בשמן מתובל פיראוס 350 גרם,דודוני תעשיית החלב ה,GR,קוביות גבינת עזים בש,גרמים,350.00,100 גרם,false,1,26.90,7.69,true,1,
7290110329136,false,מעדן חלב מעושר בחלבון בטעם שוקולד 120 ג' GO,תנובה מרכז שיתופי לש,IL,מעדן חלב go בטעם שוק,גרמים,120.00,100 גרם,false,1,5.50,4.58,true,1,
7290110329143,false,מעדן חלב מעושר בחלבון בטעם וניל גביע 120 ג' GO,תנובה מרכז שיתופי לש,IL,מעדן חלב go בטעם וני,גרמים,120.00,100 גרם,false,1,5.50,4.58,true,1,
7290110329266,false,יוגורט תנובה מחלב עיזים מלא תנובה 140 ג',תנובה,IL,יוגורט תנובה מחלב עי,גרמים,150.00,100 גרם,false,1,6.90,4.60,true,1,
7290110329686,false,"משקה חלב גו בטעם עוגיות 340 מ""ל",מיוצר עי קונדיטוריית,IL,משקה חלב גו בטעם עוג,מיליליטרים,340.00,"100 מ""ל",false,1,8.90,2.62,true,1,
7290110329709,false,יוגורט תנובה טבעי 0% גביע 200 גרם,מיוצר עי קונדיטוריית,IL,יוגורט תנובה 0% 200,גרמים,200.00,100 גרם,false,1,3.20,1.60,true,1,
7290110329723,false,משקה קפה קר בטעם לאטה 230 ג' תנובה,תנובה מרכז שיתופי לש,IL,משקה קפה קר בטעם לאט,מיליליטרים,230.00,"100 מ""ל",false,1,7.50,3.26,true,1,
7290110329730,false,"משקה חלב עם שוקולד וקפה בסגנון לאטה 2.7%  230 מ""ל תנובה",תנובה מרכז שיתופי לש,IL,משקה חלב עם שוקולד ו,מיליליטרים,230.00,"100 מ""ל",false,1,7.50,3.26,true,1,
7290110329792,false,יוגורט סויה BIO Alternative אפרסק 150 ג' תנובה,מיוצר עי קונדיטוריית,IL,סויה BIO אפרסק גביע,גרמים,150.00,100 גרם,false,1,5.20,3.47,true,1,
7290110329808,false,יוגורט סויה BIO Alternative תות 150 ג' תנובה,מיוצר עי קונדיטוריית,IL,סויה BIO תות גביע 15,גרמים,150.00,100 גרם,false,1,5.20,3.47,true,1,
7290110329815,false,סויה BIO מתיקות מעודנת גביע 150 גרם אלטרנטיב,מיוצר עי קונדיטוריית,IL,מעדן סויה ביו מתיקות,גרמים,150.00,100 גרם,false,1,5.20,3.47,true,1,
7290110329822,false,יוגורט סויה BIO Alternative פירות יער 150 ג' תנובה,מיוצר עי קונדיטוריית,IL,מעדן סויה ביו פירות,גרמים,150.00,100 גרם,false,1,5.20,3.47,true,1,
7290110550202,false,מטבעות שוקולד חלב לאפיה 400 גרם עלית,"פוליבה בע""מ",IL,מטבעות שוקולד חלב לא,גרמים,400.00,100 גרם,false,1,33.90,8.48,true,1,
7290110552121,false,יוגורט בתוספת סידן וויטמין ד 100 ג' דנונה,תנובה מרכז שיתופי לש,IL,היוגורט הראשון שלי 1,גרמים,100.00,100 גרם,false,1,2.50,2.50,true,1,
7290110552237,false,יוגורט פרו בטעם אפרסק מנגו ללא סוכר 200 ג' דנונה,"שטראוס בריאות בע""מ",IL,דנונה פרו אפרסק מנגו,גרמים,200.00,100 גרם,false,1,5.90,2.95,true,1,
7290110553029,false,"אנרג'י קריספס-פריכיות חומוס, עדשים ואפונה עם קייל וסלק","פרח תעשיו מזון בע""מ",IL,פריכיות חלבון קייל ח,גרמים,60.00,100 גרם,false,1,12.10,20.17,true,1,
7290110553098,false,מאגדת חטיפים אנרג'י מיקס צימוקים אגוזים 100X4 גרם,אנרג'י Energy - שטראוס,GB,אנרגי מיקס צימוקים א,גרמים,100.00,100 גרם,false,1,18.90,18.90,true,1,
7290110553104,false,נסקפה קפוצ'ינו סטיק קלאסי 130 ג' עלית,שטראוס,IL,קפוצינו סטיק קלאסי 1,גרמים,130.00,100 גרם,false,1,17.90,13.77,true,1,
7290110553135,false,נסקפה קפוצ'ינו סטיק וניל 130 ג' עלית,שטראוס,IL,קפוצינו סטיק וניל 13,גרמים,130.00,100 גרם,false,1,17.90,13.77,true,1,
7290110553623,false,צ'יטוס קראנצ'י בטעם צ'דר חלפיניו - חלבי,"שטראוס פריטו ליי בע""",IL,ציטוס קראנץ צדר חלפי,גרמים,80.00,100 גרם,false,1,4.20,5.25,true,1,
7290110554262,false,חלבית מלבין קפה חלבי 350 ג' עלית,עלית,,חלבית חדש 350 גרם 20,גרמים,350.00,100 גרם,false,1,25.50,7.29,true,1,
7290110554583,false,מארז חטיפי צ'יטוס פאפס בטעם גבינה - 10 יחידות,שטראוס פריטו ליי (מל,IL,מארז ציטוס פאפס גבינ,גרמים,200.00,100 גרם,false,1,15.60,7.80,true,1,
7290110554699,false,"קפה עולה קפסולות אספרסו קלייה איטית וכהה מאוד, 10 * 50 ג'",שטראוס קפה בי.וי.,IL,"קפסולות שת""פ קפה עול",גרמים,50.00,100 גרם,false,1,19.90,39.80,true,1,
7290110554705,false,"קפסולות קפה יונילקו אספרסו קלוי וטחון, 10 * 50 ג'",שטראוס קפה בי.וי.,IL,"קפסולות שת""פ קפה יונ",גרמים,50.00,100 גרם,false,1,19.90,39.80,true,1,
7290110554712,false,"קפסולות קפה אספרסו קלייה איטית ובהירה, 10 * 50 ג'",שטראוס קפה בי.וי,IL,"קפסולות שת""פ קפה נחת",גרמים,50.00,100 גרם,false,1,19.90,39.80,true,1,
7290110554729,false,קפסולות עלית אספרסו 04 תואמות למכונות NESPRESSO,שטראוס קפה בי.וי,IL,קפסולות אספרסו 04 ל,גרמים,50.00,100 גרם,false,1,16.50,33.00,true,1,
7290110554798,false,פולי אספרסו עשירים וארומטיים עוצמה 08 250 ג' עלית,שטראוס קפה בי.וי,IL,פולי אספרסו עשירים ו,גרמים,250.00,100 גרם,false,1,24.90,9.96,true,1,
7290110555078,false,לאבנה עם שמן זית ועשבי תיבול 250 גרם,"מחלבות בר בכפר בע""מ",IL,לאבנה עם שמן זית ועש,גרמים,250.00,100 גרם,false,1,11.90,4.76,true,1,
7290110555092,false,לאבנה עם שמן זית וצ'ילי 250 גרם,"מחלבות בר בכפר בע""מ",IL,לאבנה עם שמן זית וצי,גרמים,250.00,100 גרם,false,1,11.90,4.76,true,1,
7290110555665,false,אבקת קקאו דל שומן 220 גרם עלית,גיאלוסיס,GR,קקאו דל שומן - קופסא,גרמים,220.00,100 גרם,false,1,20.90,9.50,true,1,
7290110555788,false,נסקפה קפוצ'ינו פחית וניל 200 ג' עלית,שטראוס,IL,קפוצינו פחית וניל 20,גרמים,200.00,100 גרם,false,1,21.90,10.95,true,1,
7290110556150,false,דבש טהור מפרחי בר עם ברכות באריזות אישיות 10 * 20 ג יד מרדכי,מכוורת יד מרדכי,IL,דבש ברכות במאגדת 20,גרמים,200.00,100 גרם,false,1,16.90,8.45,true,1,
7290110556242,false,"שוקולד מריר פרווה 100 גר' בד""ץ תוצרת חוץ","שטראוס גרופ בע""מ.",IL,שוקולד מריר פרווה ח,גרמים,100.00,100 גרם,false,1,5.20,5.20,true,1,
7290110557027,false,חומוס עשיר 50% טחינה גולמית 400 ג' אחלה,מיוצר עי קונדיטוריית,IL,חומוס 50% טחינה 400,גרמים,400.00,100 גרם,false,1,13.90,3.48,true,1,
7290110557102,false,מעדן חלב עם שוקולד מועשר בחלבון 150 ג' שטראוס,מיוצר עי קונדיטוריית,IL,מעדן חלב עם שוקולד,גרמים,150.00,100 גרם,false,1,5.50,3.67,true,1,
7290110557133,false,מעדן הגולן וניל 125 ג' שטראוס,מיוצר עי קונדיטוריית,IL,מעדן הגולן וניל 125,גרמים,125.00,100 גרם,false,1,3.30,2.64,true,1,
7290110557478,false,חומוס גלילי במרקם מעודן 600 גרם,שטראוס גרופ,IL,חומוס גלילי אחלה 600,גרמים,600.00,100 גרם,false,1,12.90,2.15,true,1,
7290110557645,false,מאגדת חטיפים אנרג'י מיקס צימוקים חמוציות 100X4 גרם,וויטוורטס,GB,אנרגי מיקס צימוקים ח,גרמים,100.00,100 גרם,false,1,18.90,18.90,true,1,
7290110558130,false,יוגורט אקטיביה שיבולת שועל ודבש 150 גרם,"שטראוס בריאות בע""מ",IL,יוגורט אקטיביה שיבול,גרמים,150.00,100 גרם,false,1,4.60,3.07,true,1,
7290110558154,false,דנונה לייט אנד פרי עוגת תפוחים 150ג דנונה,"שטראוס בריאות בע""מ",IL,דנונה לייט אנד פריי,גרמים,150.00,100 גרם,false,1,5.40,3.60,true,1,
7290110558215,false,"דנונה קראנצ`פיסטוק עם פיצפוץ לבן קראנצי פיסטוק, 173 גרם","שטראוס בריאות בע""מ",IL,דנונה בר קראנץ פיסטו,גרמים,180.00,100 גרם,false,1,4.60,2.56,true,1,
7290110558222,false,"וואו יוגורט עם שכבה בטעם בנופי פאי 5.4%, 150ג דנונה","שטראוס בריאות בע""מ",IL,דנונה WOW בנופי שומן,גרמים,150.00,100 גרם,false,1,4.60,3.07,true,1,
7290110558253,false,"דנונה ריפרש בננה אננס וצ`יה, 250 גרם","שטראוס בריאות בע""מ",IL,דנונה ריפרש בננה אננ,מיליליטרים,250.00,"100 מ""ל",false,1,6.50,2.60,true,1,
7290110558284,false,יוגורט ביו מולטי 200 ג' דנונה,"שטראוס בריאות בע""מ",IL,דנונה ביו מולטי 200,גרמים,200.00,100 גרם,false,1,4.50,2.25,true,1,
7290110558307,false,יוגורט דנונה PRO עם שיבולת שועל במתיקות מעודנת,"שטראוס בריאות בע""מ",IL,דנונה פרו 20 ג חלבון,גרמים,200.00,100 גרם,false,1,6.40,3.20,true,1,
7290110558314,false,דנונה פרו 20 ג' חלבון ללא סוכר פיסטוק 200 גרם,"שטראוס בריאות בע""מ",IL,דנונה פרו פיסטוק 20,גרמים,200.00,100 גרם,false,1,5.90,2.95,true,1,
7290110558338,false,יוגורט PRO בטעם מתיקות מעודנת 1.5% שומן,"שטראוס בריאות בע""מ",IL,דנונה פרו 25 ג חלבון,גרמים,200.00,100 גרם,false,1,5.90,2.95,true,1,
7290110558741,false,"גמדים פאוץ תפוח בננה, 100 ג' שטראוס","שטראוס בריאות בע""מ",IL,גמדים פאוץ תפוח בננה,גרמים,100.00,100 גרם,false,1,5.90,5.90,true,1,
7290110559748,false,ריל - מאגדת שקדים קוקוס ושוקולד מריר 35 גרם * 3,ואמואליס פודס,GR,ריל מאגדת שקדים קוקו,גרמים,105.00,100 גרם,false,1,18.90,18.00,true,1,
7290110560300,false,"הפריכיות הטעימות חומוס, עדשים שחורות, קינואה ופלפל שחור",אנרג'י Energy - שטראוס,IL,פריכיות משולשות אנרג,גרמים,30.00,100 גרם,false,1,4.90,16.33,true,1,
7290110560317,false,"הפריכיות הטעימות חומוס, עדשים שחורות, קינואה ומלח ים","פרח תעשיו מזון בע""מ",IL,פריכיות משולשות אנרג,גרמים,30.00,100 גרם,false,1,4.90,16.33,true,1,
7290110560324,false,"הפריכיות הטעימות תפו""א, אורז, אפונה ומלח ים","פרח תעשיו מזון בע""מ",IL,פריכיות משולשות אנרג,גרמים,30.00,100 גרם,false,1,4.90,16.33,true,1,
7290110560836,false,מילקי פסק זמן מהדרין 133ג',מיוצר עי קונדיטוריית,IL,מילקי פסק זמן 133 גר,גרמים,133.00,100 גרם,false,1,2.90,2.18,true,1,
7290110561352,false,דנונה יוגורט ביו פרוביוטי 3% דל לקטוז 150ג',"שטראוס בריאות בע""מ",IL,דנונה דל לקטוז,גרמים,200.00,100 גרם,false,1,3.50,1.75,true,1,
7290110561604,false,מארז 8 יחידות מעדן גמדים בטעם תות בננה,שטראוס גרופ,IL,מארז שמינייה גמדים,גרמים,800.00,100 גרם,false,1,19.90,2.49,true,1,
7290110563431,false,"משקה קפה קר בסגנון קלאסי 230 מ""ל 1.6% יוטבתה",האי נאם סי או אל.טי.,AT,משקה קפה קר 1.6% קלא,מיליליטרים,230.00,"100 מ""ל",false,1,8.30,3.61,true,1,
7290110563448,false,"משקה קפה קר בסגנון מעודן 230 מ""ל 1.6% יוטבתה",האי נאם סי או אל.טי.,AT,משקה קפה קר 1.6% מעו,מיליליטרים,230.00,"100 מ""ל",false,1,8.30,3.61,true,1,
7290110563462,false,חלב בבקבוק נטול לקטוז 2% יטבתה 1 ל',מחלבת יטבתה,IL,חלב נטול לקטוז 2% בב,ליטרים,0.00,ליטר,false,1,8.20,8.20,true,1,
7290110564339,false,חומוס אחלה הסידרה המובחר 30% טחינה 400 גר',מיוצר עי קונדיטוריית,IL,חומוס עשיר ב-30% טחי,גרמים,400.00,100 גרם,false,1,13.90,3.48,true,1,
7290110564360,false,חומוס אחלה הסידרה המובחר 40% טחינה 400 גר',מיוצר עי קונדיטוריית,IL,חומוס עשיר ב-40% טחי,גרמים,400.00,100 גרם,false,1,13.90,3.48,true,1,
7290110564742,false,"משקה קפה קר בסגנון חזק 230 מ""ל 1.2% יוטבתה",האי נאם סי או אל.טי.,AT,משקה קפה קר 1.2% חזק,מיליליטרים,230.00,"100 מ""ל",false,1,8.30,3.61,true,1,
7290110565435,false,ג'לי לימבו פטל חלבי שטראוס 125ג',שטראוס גרופ,IL,לימבו פטל 125 גרם,גרמים,125.00,100 גרם,false,1,2.20,1.76,true,1,
7290110565527,false,יוגורט PRO פרו 1.5% 20 גרם חלבון בגביע,"שטראוס בריאות בע""מ",IL,דנונה פרו 20 גרם חלב,גרמים,200.00,100 גרם,false,1,5.90,2.95,true,1,
7290110565572,false,מנות אישיות קפה טורקי לדרך עם הל,שטראוס קפה בי.וי,IL,מארז טורקי לדרך עם ה,גרמים,168.00,100 גרם,false,1,18.90,11.25,true,1,
7290110566623,false,קפסולות קולומביה עלית 08 למכונת נספרסו מארז 5X10ג',שטראוס קפה בי.וי,IL,קפסולות קולומביה 08,גרמים,50.00,100 גרם,false,1,16.50,33.00,true,1,
7290110566975,false,דנונה פרו יוגורט 0% תות עשיר בחלבון 200ג',"שטראוס בריאות בע""מ",IL,דנונה פרו תות 20 גרם,גרמים,200.00,100 גרם,false,1,5.90,2.95,true,1,
7290110567057,false,צנצנת מסטיק מאסט קוביות מנטה חזקה 66 ג' עלית,שטראוס גרופ,IL,בוקסי מנטה חזקה 66 ג,גרמים,66.00,100 גרם,false,1,8.90,13.48,true,1,
7290110568238,false,"קצפת צמחית 21% שומן 250 מ""ל יוטבתה",מחלבת יטבתה,IL,קצפת צמחית 21% 250 ג,גרמים,250.00,100 גרם,false,1,8.60,3.44,true,1,
7290110568276,false,משקה וניל פרו Pro מועשר בחלבון 1.5%,מחלבת יטבתה,IL,משקה פרו וניל יטבתה,מיליליטרים,350.00,"100 מ""ל",false,1,6.50,1.86,true,1,
7290110568627,false,עלית - פסק זמן רול שוקולד חלב עם קרם אגוזים 26 גרם,עלית,TR,פסק זמן רול שוקולד ח,גרמים,28.00,100 גרם,false,1,3.90,13.93,true,1,
7290110568924,false,עלית - פסק זמן רול שוקולד חלב עם קרם חלב וקוקוס 26 גרם,עלית,IL,פסק זמן רול שוקולד ח,גרמים,28.00,100 גרם,false,1,3.90,13.93,true,1,
7290110570125,false,"משקה קפה קר בטעם אייריש קרים230 מ""ל יוטבתה",אנסטל מילק kg,AT,משקה קפה קר 1.6% בטע,מיליליטרים,230.00,"100 מ""ל",false,1,8.30,3.61,true,1,
7290110570569,false,"פולי אספרסו עשירים וארומטיים עוצמה 08 1 ק""ג עלית",,,פולי אספרסו עשירים ו,גרמים,1000.00,100 גרם,false,1,89.90,8.99,true,1,
7290110570880,false,פולי אספרסו עשירים וארומטיים עוצמה 14 250 ג' עלית,,IL,פולי אספרסו עשירים ו,גרמים,250.00,100 גרם,false,1,24.90,9.96,true,1,
7290110570897,false,"פולי אספרסו עשירים וארומטיים עוצמה 14 1 ק""ג עלית",,IL,פולי אספרסו עשירים ו,גרמים,1000.00,100 גרם,false,1,89.90,8.99,true,1,
7290110571382,false,מעדן חלב בטעם וניל מעושר בחלבון 150 ג' שטראוס,"שטראוס בריאות בע""מ",IL,מעדן חלב בטעם וניל מ,גרמים,150.00,100 גרם,false,1,5.50,3.67,true,1,
7290110571412,false,מיני פינוקיות - פאדג' שוקולד בגביע 180 גרם,הגביע מוצרי ופלים בע,IL,מיני פינוקיות בגביע,גרמים,180.00,100 גרם,false,1,12.50,6.94,true,1,
7290110571535,false,מארז קפה טורקי הל 3*100 ג' עלית,שטראוס קפה בי.וי,IL,מארז טורקי הל 3*100,גרמים,300.00,100 גרם,false,1,24.90,8.30,true,1,
7290110572969,false,כיף כף פצפצים עקרם לבן 40ג' עלית,שולן צ'יקולטה גידה ס,TR,כיף כף פצפצים קרם לב,גרמים,40.00,100 גרם,false,1,6.20,15.50,true,1,
7290110572976,false,כיף כף פצפצים בגביע במילוי קרם בטעם שוקולד לבן,שולן צ'יקולטה גידה ס,TR,כיף כף פצפצים קרם לב,גרמים,135.00,100 גרם,false,1,11.80,8.74,true,1,
7290110576356,false,"שוקולד ספלנדיד מריר 64% - חלבי , מפולי קקאו מפרו",קימ'ס גריפלנן,BE,ספלנדיד שוקולד מריר,גרמים,100.00,100 גרם,false,1,8.90,8.90,true,1,
7290110576363,false,"שוקולד ספלנדיד מריר 80% חלבי ,פולי קקאו מאוגנדה",קימ'ס גריפלנן,BE,ספלנדיד שוקולד מריר,גרמים,100.00,100 גרם,false,1,8.90,8.90,true,1,
7290110576370,false,מארז שלישייה שוקולד מריר חלבי עם אגוזי לוז,סמואה,FR,מארז שלישיית אגוז מר,גרמים,300.00,100 גרם,false,1,26.90,8.97,true,1,
7290110576387,false,מאגדת שלישיית שוקולד אגוז חלב 300 ג' עלית,שטראוס,FR,מארז שלישיית אגוז חל,גרמים,300.00,100 גרם,false,1,26.90,8.97,true,1,
7290110576752,false,טבלאות שוקולד ספלנדיד מריר 70% 100 ג' עלית,קימ'ס גריפלנן,BE,ספלנדיד מריר 70% 22,גרמים,100.00,100 גרם,false,1,9.90,9.90,true,1,
7290110576776,false,טבלאות שוקולד ספלנדיד מריר 85% 100 ג' עלית,קימ'ס גריפלנן,BE,ספלנדיד מריר 85% 100,גרמים,100.00,100 גרם,false,1,9.90,9.90,true,1,
7290110576790,false,סקי בטעם מוקה 125 ג' שטראוס,"שטראוס בריאות בע""מ",IL,סקי בטעם מוקה 125 גר,גרמים,125.00,100 גרם,false,1,3.70,2.96,true,1,
7290110576851,false,מארז 8 גמדים שתיה סלט פירות 864 גרם,שטראוס גרופ,IL,מארז 8 גמדים שתיה סל,גרמים,864.00,100 גרם,false,1,21.50,2.49,true,1,
7290110576868,false,רבעיית גמדים סלט פירוט * 100 ג' שטראוס,שטראוס גרופ,IL,גמדים רביעיית סלט פי,גרמים,200.00,100 גרם,false,1,11.70,5.85,true,1,
7290110577711,false,"משקה שייק חלבון מי גבינה עם אפרסק ומנגו350מ""ל יטבתה",מחלבת יטבתה,IL,שייק חלבון מי גבינה,מיליליטרים,350.00,"100 מ""ל",false,1,7.90,2.26,true,1,
7290110577728,false,"משקה שייק חלבון מי גבינה עם פירות יער 350מ""ל יטבתה",מחלבת יטבתה,IL,שייק חלבון מי גבינה,מיליליטרים,350.00,"100 מ""ל",false,1,7.90,2.26,true,1,
7290110730109,false,נוטרילון קומפורט תרכובת מזון מגיל לידה,נוטרילון Nutrilon,,נוטרילון קומפורט 900,גרמים,900.00,100 גרם,false,1,89.90,9.99,true,1,
7290111090127,false,CENTRUMנשים - מולטיויטמין המכיל ויטמינים ומינרלים לנשים,,,צנטרום נשים 60 טבליו,Unknown,0.00,Unknown,false,1,149.90,149.90,true,1,
7290111093470,false,"קוויק מסיר הפלא ספוגית להסרת כתמים, 3 יחידות",,CN,קוויק מסיר הפלא ספוג,יחידה,1.00,יחידה,false,1,12.90,12.90,true,1,
7290111094248,false,"קוויק שקית אשפה חזקה וגדולה במיוחד (90*78), 20 יח'",,TR,שקיות אשפה קוויק XL,יחידה,1.00,יחידה,false,1,23.90,23.90,true,1,
7290111094651,false,שקיות אשפה L עם ידית 40 יח' קוייק,,TR,L קוויק שקיות אשפה ע,יחידה,1.00,יחידה,false,1,13.90,13.90,true,1,
7290111340178,false,מטליות לחות ניקול לניקוי כללי בניחוח מרכך כביסה 50 יח',ניקול,IL,מטל.לחות לניקוי כללי,Unknown,0.00,Unknown,false,1,10.90,10.90,true,1,
7290111340185,false,מטליות לחות ניקול לניקוי רצפות בניחוח מרכך 10 יח',ניקול,IL,מטליות לחות לנ.רצפה,Unknown,0.00,Unknown,false,1,10.90,10.90,true,1,
7290111340925,false,מטליות לחות ניקול XL לניקוי כללי בניחוח פריחה 40 יח',,IL,מט.לחות ניקול לנ.כלל,Unknown,0.00,Unknown,false,1,10.90,10.90,true,1,
7290111340956,false,ניקול מטליות לחות לרצפה בניחוח פריחה לבנה,,IL,מט.לחות ניקול לנ.רצפ,Unknown,0.00,Unknown,false,1,10.90,10.90,true,1,
7290111341366,false,מפיות אירוח חד שכבתי 150 יחידות,shp slavosovce,IL,מפיות ניקול חד שכבתי,Unknown,0.00,Unknown,false,1,7.90,7.90,true,1,
7290111341984,false,לילי - מגבוני נייר טואלט לח פיור רביעייה,קימברלי,IL,נייר טואלט לילי לח מ,Unknown,0.00,Unknown,false,1,20.00,20.00,true,1,
7290111342004,false,נייר טואלט לח לילי קידס 56 דפים,על בד,IL,נייר טואלט לח לילי ק,Unknown,0.00,Unknown,false,1,7.50,7.50,true,1,
7290111342042,false,כריות יפניות ניקול לניקוי אנטיבקטריאלי 4,פלסטו פוליש,IL,כריות יפניות ניקול ל,Unknown,0.00,Unknown,false,1,12.50,12.50,true,1,
7290111342059,false,מט.לחות ניקול לחיט משטחים אנטיבקטריאלי50,ניקול,IL,מט.לחות ניקול לחיט מ,Unknown,0.00,Unknown,false,1,14.90,14.90,true,1,
7290111342073,false,מטליות מקרופייבר למשטחים אנטיבקטריאלי ניקול,סנו,CN,מט.ניקול מיקרופיבר ל,Unknown,0.00,Unknown,false,1,17.70,17.70,true,1,
7290111342523,false,מפיות אירוח לשימוש יומיומי ניקול 100 יח,,IL,מפיות ניקול חד שכבתי,יחידה,1.00,יחידה,false,1,8.90,8.90,true,1,
7290111342738,false,לילי - מגבוני נייר טואלט לח קידס רביעייה,,IL,נייר טואלט לילי לח ק,Unknown,0.00,Unknown,false,1,20.00,20.00,true,1,
7290111343117,false,ממחטות אף קלינקס לושן סופט פק 140 דף,קימברלי קלארק,IL,ממחטות אף קלינקס לוש,Unknown,0.00,Unknown,false,1,14.90,14.90,true,1,
7290111343797,false,מטליות לחות לניקוי חלונות 48 יח' ניקול,על בד,IL,מטליות לחות ניקול לנ,יחידה,1.00,יחידה,false,1,11.90,11.90,true,1,
7290111343858,false,מטליות לחות ניקול לרצפה אנטיבקטריאלי 10,עלבד משואות יצחק,IL,מטליות לחות ניקול לר,Unknown,0.00,Unknown,false,1,13.90,13.90,true,1,
7290111344145,false,מטילות מיקרופייבר אנטיבקטריאליות לרצפה 2 יחי',,CN,מטליות ניקול מיקרופי,יחידה,1.00,יחידה,false,1,29.90,29.90,true,1,
7290111344206,false,האגיס נטורל קר מגבונים לחים בבישום עדין רביעייה,חוגלה קימברלי,IL,מגבוני האגיס רביעייה,Unknown,0.00,Unknown,false,1,19.90,19.90,true,1,
7290111344510,false,נייר אפייה ניקול בשקית 100 יח,,,נייר אפייה ניקול בשק,Unknown,0.00,Unknown,false,1,22.90,22.90,true,1,
7290111344527,false,זוג שקיות אשפה ניקול שחורות XXL 10 יח,,IL,זוג שקיות אשפה ניקול,Unknown,0.00,Unknown,false,1,24.90,24.90,true,1,
7290111344824,false,מגן תחתון קוטקס אקסטרא אנטיבקטריאלי לארג',KC China,CN,מגן תחתון קוטקס לארג,Unknown,0.00,Unknown,false,1,23.90,23.90,true,1,
7290111344831,false,קוטקס - מגיני יום אקסטרא פרוטקט נורמל ביג 60 יח',חוגלה קימברלי,CN,מגן תחתון קוטקס אקסט,Unknown,0.00,Unknown,false,1,23.90,23.90,true,1,
7290111344855,false,קוטקס - מגיני יום אקסטרא פרוטקט לארג' ביג 52 יח',חוגלה קימברלי,CN,מגן תחתון אקסטרא פרו,Unknown,0.00,Unknown,false,1,23.90,23.90,true,1,
7290111344930,false,מטליות לחות לרצפה בניחוח מרכך כביסה 10 יח' ניקול,,IL,מט.לחות ניקול לנ.רצפ,Unknown,0.00,Unknown,false,1,10.90,10.90,true,1,
7290111345777,false,תחבושת קוטקס כותנה לילה 16 יח' קוטקס,KC Turkey,CZ,תחבושות קוטקס כותנה,Unknown,0.00,Unknown,false,1,18.90,18.90,true,1,
7290111345821,false,נייר טואלט נטורל קר - מארז 16 גלילי ג'מבו,קימברלי,IL,נייר טואלט לילי לבן,מטרים,588.80,מטר,false,1,34.90,0.06,true,1,
7290111346125,false,מארז שלישייה מגבוני דיילי קר ללא בישום *56 יח' האגיס,קימברלי,IL,מגבוני האגיס שלישייה,Unknown,0.00,Unknown,false,1,21.90,21.90,true,1,
7290111346132,false,מארז שלישייה מגבוני סנסטיב קר ללא בישום *56 יח' האגיס,עלבד,IL,מגבוני האגיס שלישייה,Unknown,0.00,Unknown,false,1,21.90,21.90,true,1,
7290111350092,false,מארז מיקס חטיפי מיני לואקר בסט 200 גר,ליימן מותגים,,מארז מיקס חטיפי מיני,גרמים,200.00,100 גרם,false,1,23.90,11.95,true,1,
7290111350719,false,חטיף נאצוס הוטפופ בסגנון מסעדות 322 גר,ליימן מותגים,US,חטיף נאצוס הוטפופ בס,גרמים,322.00,100 גרם,false,1,15.90,4.94,true,1,
7290111352973,false,יוגוטה קוביות חמוצות ממולאות בטעם פירות,יוגטה yogueta,TR,קוביות חמוצות יוגטה,גרמים,220.00,100 גרם,false,1,7.30,3.32,true,1,
7290111353079,false,יוגטה סוכריות גומי דובונים 180 ג' קופסא,סאדת,TR,סוכריות גומי דובונים,גרמים,180.00,100 גרם,false,1,9.90,5.50,true,1,
7290111354243,false,"טורטייה מרקדו קמח חיטה 30 ס""מ 540 גר",,,טורטייה מרקדו קמח חי,גרמים,540.00,100 גרם,false,1,13.90,2.57,true,1,
7290111354335,false,מיני מרשמלו יוגטה בטעם וניל 30 גר,,IL,מיני מרשמלו יוגטה בט,גרמים,30.00,100 גרם,false,1,2.20,7.33,true,1,
7290111564239,false,שלגוני קראנץ' Crunch בטעם וניל - 5 יח',גלידות נסטלה (נגה גל,IL,מאגדת מיני קראנץ,גרמים,275.00,100 גרם,false,1,33.50,12.18,true,1,
7290111564277,false,פריכיות דקות ונימוחות 3 דגנים פיטנס Fitness,פרח תעשיות,IL,פריכיות פיטנס שלושה,גרמים,120.00,100 גרם,false,1,10.50,8.75,true,1,
7290111564291,false,פריכיות דקות ונימוחות 3 דגנים וקינואה פיטנס Fitness,פרח תעשיות,IL,פריכיות פיטנס דקות ע,גרמים,120.00,100 גרם,false,1,10.50,8.75,true,1,
7290111564666,false,כדורי בשר צמחוניים עם המון חלבון,עיצובים 2020 (4.8),IL,כדורי בשר מן הצומח ט,גרמים,500.00,100 גרם,false,1,31.50,6.30,true,1,
7290111564727,false,עוגיות אסם קרמוגית וקרם אגוזים אסם 200ג',מיוצר עי קונדיטוריית,IL,אסם קרמוגית במילוי ק,גרמים,200.00,100 גרם,false,1,11.40,5.70,true,1,
7290111564956,false,ביסלי במבה מיקס 200 ג' אסם,פרו מן יו פתרונות אר,IL,ביסלי במבה מיקס 200,גרמים,200.00,100 גרם,false,1,8.90,4.45,true,1,
7290111565038,false,"לה קרמריה וניל קוקילידה בד""צ 1.4 ל'",המאפיה של הרמן,IL,לה קרמריה קוקילידה 1,ליטרים,0.00,ליטר,false,1,18.90,18.90,true,1,
7290111566240,false,שניצל דק מן הצומח בטעם צ'ילי חריף 700 גרם,עיצובים 2020 (4.8),IL,שניצל דק בטעם צילי,גרמים,564.00,100 גרם,false,1,31.50,5.59,true,1,
7290111566271,false,טבעול חטיפי תירס 657 גר',עיצובים 2020 (4.8),IL,חטיפי תירס טבעול 657,גרמים,657.00,100 גרם,false,1,29.90,4.55,true,1,
7290111566318,false,שניצל דק מן הצומח בטעם ביתי 700 גרם,עיצובים 2020 (4.8),IL,שניצל דק טבעול 564 ג,גרמים,564.00,100 גרם,false,1,31.90,5.66,true,1,
7290111566417,false,טחון צמחוני עם המון חלבון,עיצובים 2020 (4.8),IL,טחון צמחוני טבעול 50,גרמים,500.00,100 גרם,false,1,31.50,6.30,true,1,
7290111566547,false,טבעול חזה בגריל צמחוני 99 קלוריות 560ג',עיצובים 2020 (4.8),IL,חזה בגריל צמחוני טבע,גרמים,560.00,100 גרם,false,1,31.90,5.70,true,1,
7290111566561,false,שניצל ברוקולי 99 קלוריות טבעול 560 גר,עיצובים 2020 (4.8),IL,שניצל ברוקולי 99 קלו,גרמים,560.00,100 גרם,false,1,31.50,5.63,true,1,
7290111566585,false,טבעול שניצל צמחוני 99 קלוריות 650 גר',עיצובים 2020 (4.8),IL,שניצל צמחוני 99 קלור,גרמים,650.00,100 גרם,false,1,31.50,4.85,true,1,
7290111566691,false,טבעול שניצל תרד 99 קלוריות 560 גר',עיצובים 2020 (4.8),IL,שניצל תרד 99 קלוריות,גרמים,560.00,100 גרם,false,1,31.50,5.63,true,1,
7290111566752,false,טבעול שניצל תירס 99 קלוריות 693 גר',עיצובים 2020 (4.8),IL,שניצל תירס 99 קלוריו,גרמים,693.00,100 גרם,false,1,31.90,4.60,true,1,
7290111566776,false,טבעול נקניקיות קוקטייל צמחוניות 680 גר',עיצובים 2020 (4.8),IL,נקניקיות קוקטייל צמח,גרמים,680.00,100 גרם,false,1,31.50,4.63,true,1,
7290111568206,false,"מיקס ביסלי, אפרופו ופיצוחים מתובלים",פרו מן יו פתרונות אר,IL,ביסלי פארטי מיקס 150,גרמים,150.00,100 גרם,false,1,7.50,5.00,true,1,
7290111568251,false,אטריות נודלס להקפצה אסם אסייתי 350 גר',תאי פרזידנטפוד,TH,נודלס אטריות להקפצה,גרמים,350.00,100 גרם,false,1,10.40,2.97,true,1,
7290111568466,false,רוטב אסייתי למוקפץ הסדרה האסייתית,אסיף תעשיות מזון בעמ,IL,רוטב אסייתי למוקפץ א,מיליליטרים,290.00,"100 מ""ל",false,1,14.60,5.03,true,1,
7290111568961,false,בייגלה טבעות מלח 400 ג' אסם,אסם,IL,בייגלה טבעות מלח 400,גרמים,400.00,100 גרם,false,1,9.90,2.48,true,1,
7290111870965,false,פסי טופי 10 גר(25 יח בשקית) - LOL,,,פסי טופי 10 גר(25 יח,גרמים,10.00,100 גרם,false,1,18.90,189.00,true,1,
7290111874338,false,שרשרת דגלים כוח פי ג,,,שרשרת דגלים כוח פי ג,Unknown,0.00,Unknown,false,1,9.90,9.90,true,1,
7290111930805,false,קראנצ'וס טעם ברביקיו 55 גר',חברת מנה בעמ,IL,קראנצוס ברביקיו 55 ג,גרמים,55.00,100 גרם,false,1,3.50,6.36,true,1,
7290111930898,false,חטיף פוף כוכבים גריל אמריקאי 40 גרם,פוף POOF,IL,חטיף פוף כוכבים גריל,גרמים,40.00,100 גרם,false,1,4.60,11.50,true,1,
7290111930904,false,חטיף פוף כוכבים בצל 40 גרם,פוף POOF,IL,חטיף פוף כוכבים בצל,גרמים,40.00,100 גרם,false,1,4.60,11.50,true,1,
7290111930911,false,חטיף פוף לבבות קלאסי 40 גרם,פוף POOF,IL,חטיף פוף לבבות קלאסי,גרמים,40.00,100 גרם,false,1,4.60,11.50,true,1,
7290111930928,false,חטיף פוף לבבות גריל 40 גרם,פוף POOF,IL,חטיף פוף לבבות גריל,גרמים,40.00,100 גרם,false,1,4.60,11.50,true,1,
7290111930935,false,חטיף פוף טבעות קלאסי 40 גרם,פוף POOF,IL,חטיף פוף טבעות קלאסי,גרמים,40.00,100 גרם,false,1,4.60,11.50,true,1,
7290111932380,false,"מרידול משחת שיניים 75 מ""ל זוג כשל""פ",GABA LOER GER,DE,משחת שיניים מרידול מ,מיליליטרים,150.00,"100 מ""ל",false,1,35.50,23.67,true,1,
7290111932502,false,"קולגייט משחת שיניים אופטיק וייט אקספרט 75 מ""ל",קולגייט Colgate,MX,מש.שיניים קולגייט או,Unknown,0.00,Unknown,false,1,24.90,24.90,true,1,
7290111933462,false,"רוטב צ'ילי מתוק מאסטר שף 300 מ""ל",סיטי פוד,TH,רוטב צילי מתוק מאסטר,מיליליטרים,300.00,"100 מ""ל",false,1,10.90,3.63,true,1,
7290111933554,false,עגבניות איטלקיות קוביות - מארז שלישיה,קונסוריזיו קאסאלסקו,IT,מנה עגבניות קוביות ש,קילוגרמים,0.00,"ק""ג",false,1,17.70,17.70,true,1,
7290111933561,false,מאסטר שף תערובת ציפוי נגטס 250 גרם,טסט וסנט קו.לטד,TH,מאסטר שף תערובת ציפו,גרמים,250.00,100 גרם,false,1,10.40,4.16,true,1,
7290111935992,false,אטריות להקפצה מאסטר שף 350 גרם,לינגהאנג פוד,CN,אטריות להקפצה מאסטר,גרמים,350.00,100 גרם,false,1,9.90,2.83,true,1,
7290111938481,false,"רוטב סויה בהירה מאסטר שף 300 מ""ל",מאסטר שף,TH,רוטב סויה בהירה מאסט,מיליליטרים,300.00,"100 מ""ל",false,1,10.90,3.63,true,1,
7290111938498,false,"מנה אסייאתי רוטב סויה בהירה 700 מ""ל מ.שף",קי.אר.אס. ספייסי פוד,TH,מנה אסייאתי רוטב סוי,מיליליטרים,700.00,"100 מ""ל",false,1,17.70,2.53,true,1,
7290112000132,false,מפזר אדים אוטומטי + מילוי בניחוח לבנדר ופריחת השקד,איירוויק Air Wick,HU,מפזר אדים אוטומטי אי,Unknown,0.00,Unknown,false,1,49.90,49.90,true,1,
7290112000156,false,"איירוויק מילוי מפיץ אדים אוטמטי לבנדר 20 מ""ל",איירוויק Air Wick,HU,מילוי אירוויק למפזר,Unknown,0.00,Unknown,false,1,22.90,22.90,true,1,
7290112000286,false,"גל לניקוי אסלות סיליט באנג לימון 750 מ""ל",סיליט באנג Cillit Bang,PL,גל לניקוי אסלות סילי,מיליליטרים,750.00,"100 מ""ל",false,1,11.20,1.49,true,1,
7290112000293,false,"סיליט באנג ג'ל לחיטוי וניקוי האסלה פרש, 750 מ""ל",סיליט באנג Cillit Bang,PL,גל לניקוי אסלות סילי,מיליליטרים,750.00,"100 מ""ל",false,1,10.90,1.45,true,1,
7290112000736,false,AIO טבליות פיניש 80 יחידות,רקיט בנקיזר,PL,פיניש הכל באחד,Unknown,0.00,Unknown,false,1,59.90,59.90,true,1,
7290112001023,false,"אירוויק ספרי אוטמטי מילוי תענוגות האביב 250 מ""ל",איירוויק Air Wick,GB,מילוי אוטומטי אירווי,מיליליטרים,250.00,"100 מ""ל",false,1,22.90,9.16,true,1,
7290112001030,false,"אירוויק ספרי אוטמטי מילוי פריחת הדובדבן 250 מ""ל",איירוויק Air Wick,GB,מילוי אוטומטי אירווי,מיליליטרים,250.00,"100 מ""ל",false,1,22.90,9.16,true,1,
7290112001870,false,"סיליט באנג ספריי ניקוי אמבטיה 750 מ""ל",רקיט בנקיזר,PL,מרסס סיליט לניקוי אמ,מיליליטרים,750.00,"100 מ""ל",false,1,12.90,1.72,true,1,
7290112002099,false,גל כביסה קולון מרוכז כחול 2.5 ל,רקיט בנקיזר,IL,גל כביסה קולון מרוכז,ליטרים,0.00,ליטר,false,1,27.50,27.50,true,1,
7290112002105,false,ג'ל כביסה מרוכז קולון 101 בניחוח לילך,זוהר דליה,IL,גל כביסה קולון מרוכז,ליטרים,0.00,ליטר,false,1,27.50,27.50,true,1,
7290112002129,false,ג'ל כביסה מרוכז קולון 101 בניחוח פריחה מרענן,קולון Colon,IL,גל כביסה קולון מרוכז,ליטרים,0.00,ליטר,false,1,27.50,27.50,true,1,
7290112003096,false,קולון מבשם כביסה טבעי רענן (ירוק),,ES,מבשם בדים קולון טבעי,מיליליטרים,300.00,"100 מ""ל",false,1,26.90,8.97,true,1,
7290112003522,false,איירוויק נר ריחני אננס ורוזמרין 205 גר',,CN,איירוויק בוטניקה נר,גרמים,205.00,100 גרם,false,1,29.90,14.59,true,1,
7290112003843,false,"קלגון גל אנטי בקטריאלי 750 מ""ל",RECKITT BENCKISER It,IT,קלגון גל אנטי,מיליליטרים,750.00,"100 מ""ל",false,1,31.50,4.20,true,1,
7290112003959,false,וניש מסיר כתמים אבקה לכביסה צבעונית 470 גרם,רקיט בנקיזר,IT,וניש מסיר כתמים לכבי,גרמים,470.00,100 גרם,false,1,18.80,4.00,true,1,
7290112005083,false,וניש תוסף כביסה רב תכליתי לכביסה צבעונית,קליה וניש Kalia Vanish,IT,וניש אבקת כביסה לצבע,יחידה,1.00,יחידה,false,1,36.50,36.50,true,1,
7290112190116,false,וופל הולנדי במילוי קרמל 224 גרם,,,וופל הולנדי במילוי ק,גרמים,224.00,100 גרם,false,1,10.90,4.87,true,1,
7290112192158,false,"ניוקי תפו""א לל""ג 500 גר GFREE",,IT,"ניוקי תפו""א לל""ג 500",גרמים,500.00,100 גרם,false,1,10.90,2.18,true,1,
7290112192875,false,"סנסודיין - משחת שיניים רגישות וחניכיים 75 מ""ל",סנסודיין Sensodyne,GB,מש.שיניים סנסודיין ר,מיליליטרים,75.00,"100 מ""ל",false,1,37.90,50.53,true,1,
7290112192882,false,"סנסודיין - משחת שיניים רגישות וחניכיים מלבינה 75 מ""ל",ג'י.אס.קיי קונסיומר,DE,מש.שיניים סנסודיין ר,מיליליטרים,75.00,"100 מ""ל",false,1,37.90,50.53,true,1,
7290112193278,false,"סטייל - שמפו מתולתלות לניקוי יסודי 600 מ""ל",א.ל ארמן,IL,שמפו סטייל מתולתלות,מיליליטרים,600.00,"100 מ""ל",false,1,24.90,4.15,true,1,
7290112193674,false,שניצלונים Soy Joy 480 גרם,,,שניצלונים Soy Joy 48,גרמים,480.00,100 גרם,false,1,29.90,6.23,true,1,
7290112197191,false,דגני בוקר כהים במילוי קרם וניל ללא גלוטן 375 ג' G FREE,נטורל קייקס,IL,דגני בוקר קרם וניל 3,גרמים,375.00,100 גרם,false,1,21.90,5.84,true,1,
7290112197207,false,מיני כריות שוקולד חלב 65 גר G FREE,נטורל קייקס,IL,מיני כריות שוקולד חל,גרמים,65.00,100 גרם,false,1,7.90,12.15,true,1,
7290112330352,false,"יוגורט PRO בטעם וניל 0% , 20 גרם חלבון בגביע","שטראוס בריאות בע""מ",IL,דנונה פרו וניל 20 גר,גרמים,200.00,100 גרם,false,1,5.90,2.95,true,1,
7290112330390,false,יוגורט PRO בטעם פירות יער 0% 20 גרם חלבון בגביע,"שטראוס בריאות בע""מ",IL,דנונה פרו פירות יער,גרמים,200.00,100 גרם,false,1,5.90,2.95,true,1,
7290112330420,false,דנונה פרו לבן 2.9% שומן 150 ג',מיוצר עי קונדיטוריית,IL,דנונה פרו 2.9% לבן 1,גרמים,150.00,100 גרם,false,1,4.60,3.07,true,1,
7290112332585,false,"פריכיות תפו""א, אורז בתיבול סלק ומלח חי 30 גר'","פרח תעשיו מזון בע""מ",IL,"פריכיות תפו""א, אורז,",גרמים,30.00,100 גרם,false,1,4.90,16.33,true,1,
7290112332691,false,פינוקיות עוגיות קרם פסק זמן אגוזים 200 גרם,הגביע מוצרי ופלים בע,IL,עוגיית קרם פסק זמן א,גרמים,200.00,100 גרם,false,1,12.50,6.25,true,1,
7290112335111,false,מסטיק מאסט קוביות בזוקה ללא גלוטן 86 גר,שטראוס עלית,DE,מסטיק מאסט קוביות בז,גרמים,86.00,100 גרם,false,1,14.90,17.33,true,1,
7290112335494,false,הפריכיות הטעימות תפוחי אדמה בטעם פוטטוס,"פרח תעשיות מזון בע""מ",IL,פריכיות הטעימות פוטט,גרמים,135.00,100 גרם,false,1,10.90,8.07,true,1,
7290112336712,false,יוגורט PRO לבן 0% 21 גרם חלבון בגביע,"שטראוס בריאות בע""מ",IL,דנונה פרו 21 גרם חלב,גרמים,200.00,100 גרם,false,1,5.90,2.95,true,1,
7290112337481,false,סוכריות מאסט ללא סוכר קפצ''ינו 80 ג' עלית,שטראוס גרופ,PL,"סוכריות מאסט לל""ס קפ",גרמים,80.00,100 גרם,false,1,10.40,13.00,true,1,
7290112339171,false,מילקי מוס עם שוקולד וקצפת,מיוצר עי קונדיטוריית,IL,מילקי מוס 133 גרם,גרמים,133.00,100 גרם,false,1,3.50,2.63,true,1,
7290112339362,false,דנונה לייט אנד פריי בטעם קפוצינו 150 גר',דנונה - שטראוס,IL,דנונה לייט אנד פריי,גרמים,150.00,100 גרם,false,1,5.40,3.60,true,1,
7290112339867,false,גמדים לדרך גבינה לבנה עם מחית תות,שטראוס,IL,גמדים סקוויז תות 100,גרמים,100.00,100 גרם,false,1,5.90,5.90,true,1,
7290112339874,false,גמדים לדרך גבינה לבנה עם מחיות תות ובננה,שטראוס,IL,גמדים סקוויז תות,גרמים,100.00,100 גרם,false,1,5.90,5.90,true,1,
7290112340122,false,פריכיות טעימות 3 דגנים אנרגי 135 גר,אנרג'י Energy - שטראוס,IL,פריכיות טעימות 3 דגנ,גרמים,135.00,100 גרם,false,1,10.90,8.07,true,1,
7290112340276,false,פינוקיות עוגיות קרם קפה 200 גרם,הגביע מוצרי ופלים בע,IL,עוגית קרם קפה נמס 20,גרמים,200.00,100 גרם,false,1,12.50,6.25,true,1,
7290112341556,false,אקטיביה עם צ'יה ותות 150 ג' דנונה,דנונה - שטראוס,IL,יוגורט אקטיביה ציה ו,גרמים,150.00,100 גרם,false,1,4.60,3.07,true,1,
7290112341679,false,דנונה אקטיביה 3% שומן 200 גרם,מיוצר עי קונדיטוריית,IL,יוגורט אקטיביה 3% 2,גרמים,200.00,100 גרם,false,1,3.90,1.95,true,1,
7290112341686,false,מארז אקטיביה שמיניה 3% 150 גר*8,מיוצר עי קונדיטוריית,IL,מארז אקטיביה שמיניה,גרמים,1200.00,100 גרם,false,1,19.90,1.66,true,1,
7290112342508,false,דוריטוס ציזי טוויסט 70 גר,שטראוס פריטו ליי (מל,IL,דוריטוס קול ראנצ 70,גרמים,70.00,100 גרם,false,1,3.60,5.14,true,1,
7290112343260,false,"יטבתה רוטב שמנת קלאסי 9% שומן 260 מ""ל",שטראוס גרופ,IL,יטבתה רוטב שמנת עם פ,גרמים,260.00,100 גרם,false,1,10.90,4.19,true,1,
7290112343420,false,"משקה חלב עם דגנים מלאים ובננה פרו יטבתה 350מ""ל",מחלבת יטבתה,IL,משקה חלב עם דגנים וב,מיליליטרים,350.00,"100 מ""ל",false,1,7.50,2.14,true,1,
7290112343499,false,חטיף צ'יטוס פאפס אפוי בטעם גבינה,"שטראוס פריטו ליי בע""",IL,ציטוס 55 גרם 48 יחיד,גרמים,55.00,100 גרם,false,1,3.50,6.36,true,1,
7290112343512,false,ציטוס 160 גרם 9 יחידות puffs,"שטראוס פריטו ליי בע""",IL,ציטוס 160 גרם 9 יחי,גרמים,160.00,100 גרם,false,1,7.90,4.94,true,1,
7290112344564,false,רביולי גבינה קלאסי שטראוס 400 ג',"שטראוס גרופ בע""מ",IL,רביולי גבינה קידס 4,גרמים,400.00,100 גרם,false,1,19.90,4.98,true,1,
7290112344724,false,מעדן בטעם שוקולד בלונדי 170 ג' מילקי,מיוצר עי קונדיטוריית,IL,מילקי מוס 133 גרם,גרמים,81.00,100 גרם,false,1,3.70,4.57,true,1,
7290112344755,false,מילקי שוקולד 26% פחות סוכר 135 גרם,מיוצר עי קונדיטוריית,IL,מילקי מופחת סוכר 133,גרמים,133.00,100 גרם,false,1,2.90,2.18,true,1,
7290112344786,false,קפה פלטינום קלאסיק 200 ג' עלית,שטראוס קפה בי.וי.,IL,קפה פלטינום קלאסיק 2,גרמים,200.00,100 גרם,false,1,25.90,12.95,true,1,
7290112344953,false,סימפוניה חציל קלוי גבינה במקרם שמנת 5%,"שטראוס בריאות בע""מ",IL,סימפוניה חציל קלוי 5,גרמים,200.00,100 גרם,false,1,11.00,5.50,true,1,
7290112346360,false,בפלות אחת אחת ופל בטעם שוקולד מצופה שוקולד,טוטיז-בינגו סיאי,GR,בפלות אחת אחת בציפוי,גרמים,180.00,100 גרם,false,1,15.50,8.61,true,1,
7290112346537,false,עוגיות פינוקיות בטעם טורטית 200 ג' עלית,הגביע מוצרי ופלים בע,IL,עוגיות פינוקיות בטעם,גרמים,200.00,100 גרם,false,1,12.50,6.25,true,1,
7290112346629,false,דנונה בר יוגורט+קורנפלקס מצופה שוקולד חלב ולבן 172 גרם,דנונה - שטראוס,IL,יוגורט עם קורנפלקס מ,גרמים,172.00,100 גרם,false,1,4.30,2.50,true,1,
7290112346797,false,יוגורט אקטיביה שיבולת שועל ושזיף 150 גרם,מיוצר עי קונדיטוריית,IL,יוגורט אקטיביה שיבול,גרמים,150.00,100 גרם,false,1,4.60,3.07,true,1,
7290112346827,false,אקטימל פטל ויטמין C שמינייה,שטראוס גרופ,IL,אקטימל ויטמין c פטל,מיליליטרים,800.00,"100 מ""ל",false,1,20.90,2.61,true,1,
7290112347008,false,גמדים לדרך גבינה לבנה עם מחית תות ושיבולת שועל,מיוצר עי קונדיטוריית,IL,גמדים סקוויז תות בננ,גרמים,100.00,100 גרם,false,1,5.90,5.90,true,1,
7290112348142,false,שעועית לבנה 380 גר' בקופסה טעם הטבע,שטראוס טעם הטבע,IT,שעועית לבנה טעם הטבע,גרמים,380.00,100 גרם,false,1,7.30,1.92,true,1,
7290112348616,false,עלית - קפה נמס אגוזי לוז 100 גרם,עלית,IL,קפה נמס עלית אגוזי ל,גרמים,100.00,100 גרם,false,1,15.50,15.50,true,1,
7290112349606,false,מעדן גבינה ויוגורט תות בננה 88 ג' דניאלה,"שטראוס בריאות בע""מ",IL,דניאלה תות בננה 88 ג,גרמים,88.00,100 גרם,false,1,3.90,4.43,true,1,
7290112349705,false,פומודורו רוטב עגבניות קלאסי לפסטה 350 גר' יד מרדכי,אמיליאנה קונסרב סוסי,IT,רוטב עגבניות לפסטה ק,גרמים,350.00,100 גרם,false,1,13.50,3.86,true,1,
7290112349736,false,בזיליקום רוטב עגבניות לפסטה 350 גר' יד מרדכי,אמיליאנה קונסרב סוסי,IT,רוטב עגבניות לפסטה ב,גרמים,350.00,100 גרם,false,1,13.50,3.86,true,1,
7290112349750,false,פיצה רוטב עגבניות לפיצה 350 גר' יד מרדכי,אמיליאנה קונסרב,IT,רוטב עגבניות לפיצה י,גרמים,350.00,100 גרם,false,1,13.50,3.86,true,1,
7290112349897,false,מסטיק מאסט Must קוביות בטעם מנטה ללא סוכר,רוג'ר אנד רוג'ר,DE,מסטיק מאסט קוביות מנ,גרמים,86.00,100 גרם,false,1,14.90,17.33,true,1,
7290112350312,false,קפסולות 15 קפה יותר למכונות נספרסו עלית 10יח',הנסיך- מפעל לייצור ט,IL,קפסולות 15 למכונות נ,גרמים,50.00,100 גרם,false,1,16.50,33.00,true,1,
7290112351067,false,סילאן טבעי 100% תמר מג'הול ללא תוספת סוכר,יד מרדכי,IL,סילאן טבעי לחיץ יד מ,גרמים,630.00,100 גרם,false,1,30.50,4.84,true,1,
7290112351104,false,שוקולד פרה ממולא פיצפוצי אורז 100 ג' עלית,שטראוס,IL,שוקולד פרה חלב פיצפו,גרמים,100.00,100 גרם,false,1,5.50,5.50,true,1,
7290112351128,false,שוקולד פרה סוכריות קופצות 100 ג' עלית,"שטראוס גרופ בע""מ",IL,שוקולד פרה סוכריות ק,גרמים,90.00,100 גרם,false,1,5.50,6.11,true,1,
7290112351463,false,שלישיית סוכריות מאסט FRESH פטל לימון 45 ג' עלית,עלית,,שלישיית סוכריות פטל,גרמים,45.00,100 גרם,false,1,9.50,21.11,true,1,
7290112351470,false,סוכריות ללא סוכר בטעם תות רימון מאסט פרש,עלית,,שלישיית סוכריות רימו,גרמים,45.00,100 גרם,false,1,9.50,21.11,true,1,
7290112353887,false,"משקה קפה קר בטעם אגוזים יטבתה 230 מ""ל",אנסטל מילק kg,AT,משקה קפה קר בטעם,מיליליטרים,230.00,"100 מ""ל",false,1,8.30,3.61,true,1,
7290112354228,false,פיצה מרגריטה זיתים דלישס 400 גרם,סקרלינפיצה אס.אר.אל,IT,פיצה מרגריטה זיתים ד,קילוגרמים,0.28,"ק""ג",false,1,27.50,98.21,true,1,
7290112354242,false,קונוס פיצה דלישס 280 גרם,,IT,קונוס פיצה דלישס 280,קילוגרמים,0.28,"ק""ג",false,1,27.50,98.21,true,1,
7290112354945,false,תפוצ'יפס wavy טבעי 50ג היתר מכירה,שטראוס פריטו ליי בע”,IL,תפוציפס טבעי 50 גר W,גרמים,50.00,100 גרם,false,1,3.90,7.80,true,1,
7290112354952,false,"תפוציפס WAVY בטעם פפריקה , 50 גרם",שטראוס פריטו ליי בע”,IL,תפוציפס פפריקה 50 גר,גרמים,50.00,100 גרם,false,1,3.90,7.80,true,1,
7290112355027,false,דנונה פרו 20 גרם חלבון קרמל מלוח 200 גרם,"שטראוס בריאות בע""מ",IL,דנונה פרו 20 גרם חלב,גרמים,200.00,100 גרם,false,1,5.90,2.95,true,1,
7290112355102,false,גמדים סקוויז 100 גרם פאוץ סלט פירות 100 גרם,"שטראוס בריאות בע""מ",IL,גמדים פאוץ סלט פירות,גרמים,100.00,100 גרם,false,1,5.90,5.90,true,1,
7290112355393,false,"יטבתה רוטב שמנת+בטטה 9% שומן 250 מ""ל",שטראוס גרופ,IL,יטבתה רוטב שמנת עם ב,גרמים,250.00,100 גרם,false,1,10.90,4.36,true,1,
7290112355812,false,מעדן מילקי עם טופ קורנפלקס מצופה שוקולד,"שטראוס גרופ בע""מ",IL,מילקי טופ קורנפלקס 1,גרמים,141.00,100 גרם,false,1,4.90,3.48,true,1,
7290112355867,false,מילקי קצפת טופ פיצפוץ 86 גרם,"שטראוס גרופ בע""מ",IL,מילקי קצפת טופ פיצפו,גרמים,86.00,100 גרם,false,1,4.40,5.12,true,1,
7290112357045,false,עגבניות איטלקיות מרוסקות 390 גר' בקופסה טעם הטבע,שטראוס טעם הטבע,IT,עגבניות איטלקיות מרו,גרמים,390.00,100 גרם,false,1,6.90,1.77,true,1,
7290112357083,false,אפונת גינה טעם הטבע 380 גר' בקופסה,שטראוס טעם הטבע,IT,אפונת גינה טעם הטבע,גרמים,380.00,100 גרם,false,1,7.30,1.92,true,1,
7290112357106,false,שעועית אדומה 380 גר' בקופסה טעם הטבע,שטראוס טעם הטבע,IT,שעועית אדומה טעם הטב,גרמים,380.00,100 גרם,false,1,7.30,1.92,true,1,
7290112357113,false,גרגרי חומוס בקופסה 380 גר' טעם הטבע,שטראוס טעם הטבע,IT,גרגרי חומוס טעם הטבע,גרמים,380.00,100 גרם,false,1,7.30,1.92,true,1,
7290112357175,false,קפסולות בוסט למכונות נספרסו 50 גר,שטראוס קפה בי.וי,IL,קפסולות בוסט למכונות,גרמים,50.00,100 גרם,false,1,16.50,33.00,true,1,
7290112357892,false,סוכריות ללא סוכר בטעם מנטה מאסט פרש,הליקון גידה,TR,שלישיית סוכריות מנטה,גרמים,45.00,100 גרם,false,1,9.50,21.11,true,1,
7290112358127,false,דנונה פרו חלבון+מגנזיום- וניל ועוגיות 200 גרם,מיוצר עי קונדיטוריית,IL,דנונה פרו 20 ג חלבון,גרמים,200.00,100 גרם,false,1,6.40,3.20,true,1,
7290112358219,false,יד מרדכי רוטב צ'ילי מתוק 300 גרם,אף.סי תבליני בגליל ב,IL,רוטב צילי מתוק יד מר,גרמים,300.00,100 גרם,false,1,14.60,4.87,true,1,
7290112358233,false,יד מרדכי רוטב צילי חריף 300גרם,"בית אל מזון בע""מ",IL,רוטב צילי חריף יד מר,גרמים,300.00,100 גרם,false,1,14.60,4.87,true,1,
7290112358431,false,עד חצות דאבל ביסקוויט עם שוקולד חלב -8 אריזות אישיות,הדקלאים אגודת שיתופי,IL,ביסקוויט עד חצות דאב,גרמים,180.00,100 גרם,false,1,12.90,7.17,true,1,
7290112358554,false,מארז קפה נמס מנות אישיות לדרך 50.4 גר,שטראוס רומניה,RO,מארז קפה נמס מנות אי,גרמים,50.00,100 גרם,false,1,11.50,23.00,true,1,
7290112359353,false,קפה טורקי קלוי וטחון אלדין,שטראוס,IL,קפה טורקי אלדין 200,גרמים,200.00,100 גרם,false,1,20.80,10.40,true,1,
7290112359384,false,עלית - קפה נמס אלפחורס ריבת חלב 100 גרם,שטראוס,IL,קפה נמס עלית אלפחורס,גרמים,100.00,100 גרם,false,1,15.50,15.50,true,1,
7290112490032,false,"נמס בכוס תירס קנור בד""ץ, זוגי 22.5X2 גרם,",אתר חיפה אבקות - Foo,IL,מרק קנור נמס בכוס תי,גרמים,45.00,100 גרם,false,1,6.50,14.44,true,1,
7290112490209,false,נמס בכוס מרק עגבניות עם קרוטונים רכיבים טבעיים,אתר חיפה אבקות - Foo,IL,מרק נמס בכוס עגבניות,גרמים,56.00,100 גרם,false,1,6.50,11.61,true,1,
7290112490216,false,נמס בכוס מרק עוף עם קרוטונים רכיבים טבעיים,אתר חיפה אבקות - Foo,IL,מרק קנור נמס בכוס עו,גרמים,48.00,100 גרם,false,1,6.50,13.54,true,1,
7290112490230,false,קנור מרק נמס בכוס אפונה רכיבים טבעיים,אתר חיפה אבקות - Foo,IL,מרק נמס בכוס אפונה 5,גרמים,50.00,100 גרם,false,1,6.50,13.00,true,1,
7290112490582,false,חרדל דיזון צרפתי 350 ג' הלמנס,הלמנס hellmann's,FR,הלמנס חרדל דיזון 350,גרמים,350.00,100 גרם,false,1,15.90,4.54,true,1,
7290112490650,false,קונפיטורה תות שדה 340 גרם-צנצנת,קונפיטורות לה-ארדניי,FR,קונפיטורה תות שדה 34,גרמים,340.00,100 גרם,false,1,15.60,4.59,true,1,
7290112490728,false,מרק עשיר ירקות עם בורגול רכיבים טבעיים 95 ג' קנור,יוניליוור ישראל מזון,IL,מרק עשיר ירקות עם בו,גרמים,72.00,100 גרם,false,1,12.50,17.36,true,1,
7290112490742,false,מרק עשיר פטריות עם גריסים רכיבים טבעיים 104 ג' קנור,יוניליוור,IL,מרק פטריות עם גריסים,גרמים,104.00,100 גרם,false,1,12.50,12.02,true,1,
7290112491701,false,ברנפלקס אקסטרה פרוטאין 375 גרם,יוניליוור ישראל מזון,IL,ברנפלקס אקסטרה פרוטא,גרמים,375.00,100 גרם,false,1,21.90,5.84,true,1,
7290112491787,false,בייגלה דקים דקים שומשום ב.בייגל 300 גר',בייגל בייגל BB,IL,בייגלה דקים דקים שומ,גרמים,300.00,100 גרם,false,1,13.50,4.50,true,1,
7290112491794,false,בייגלה דקים דקים בטעם שמנת בצל 300 גרם,בייגל בייגל BB,IL,בייגלה דקים דקים בטע,גרמים,400.00,100 גרם,false,1,13.50,3.38,true,1,
7290112492449,false,"פינוק - שמפו לשיער רגיל 700 מ""ל",יוניליוור ישראל טיפו,IL,שמפו פינוק לשיער רגי,מיליליטרים,700.00,"100 מ""ל",false,1,11.90,1.70,true,1,
7290112492487,false,"שמפו שמן מרוקאי 700 מ""ל פינוק",יוניליוור ישראל טיפו,IL,שמפו פינוק שמן מרוקא,מיליליטרים,700.00,"100 מ""ל",false,1,11.90,1.70,true,1,
7290112492531,false,"פינוק מרכך לשיער רגיל 700 מ""ל",אתר ליוור - HPC,IL,מרכך פינוק לשיער רגי,מיליליטרים,700.00,"100 מ""ל",false,1,11.90,1.70,true,1,
7290112492593,false,תחליב רחצה פינוק בניחוח פינוק קלאסי 700,אתר ליוור - HPC,IL,תחליב רחצה פינוק בני,מיליליטרים,700.00,"100 מ""ל",false,1,15.60,2.23,true,1,
7290112492609,false,"תחליב רחצה פינוק 700 מ""ל לבנדר ווניל",אתר ליוור - HPC,IL,תחליב רחצה פינוק לבנ,מיליליטרים,700.00,"100 מ""ל",false,1,15.60,2.23,true,1,
7290112492630,false,"שמפו וג'ל רחצה וסבון פנים לגבר 700 מ""ל פינוק",,IL,שמפו פינוק 3 ב-1 לגב,מיליליטרים,700.00,"100 מ""ל",false,1,11.90,1.70,true,1,
7290112492982,false,"אבקת מרק פטריות כשל""פ 100% רכיבים טבעיים 400 גרם",יוניליוור ישראל מזון,IL,קנור מרק פטריות רכיב,גרמים,400.00,100 גרם,false,1,23.90,5.98,true,1,
7290112493088,false,נמס בכוס עדשים מרק רכיבים טבעיים קנור 54 ג',אתר חיפה אבקות - Foo,IL,מרק קנור נמס בכוס עד,גרמים,54.00,100 גרם,false,1,6.50,12.04,true,1,
7290112493095,false,נמס בכוס מרק עגבניות חריף רכיבים טבעיים קנור 48 ג',אתר חיפה אבקות - Foo,IL,מרק קנור נמס בכוס עג,גרמים,48.00,100 גרם,false,1,6.50,13.54,true,1,
7290112493293,false,קנור - נמס ירקות וקרוטונים ר.טבעי 44 גרם,אתר חיפה אבקות - Foo,IL,מרק קנור נמס בכוס יר,גרמים,44.00,100 גרם,false,1,6.50,14.77,true,1,
7290112493316,false,מרק אפונה רכיבים טבעיים 117 ג' קנור,יוניליוור,IL,מרק היום אפונה 117 ג,גרמים,117.00,100 גרם,false,1,12.50,10.68,true,1,
7290112493927,false,גלידה בטעם ריבת חלב 1.33ל' קרמיסימו,"גלידת שטראוס בע""מ, ר",IL,קרמיסימו ריבת חלב 1.,ליטרים,0.00,ליטר,false,1,21.90,21.90,true,1,
7290112493934,false,גלידה וניל צרפתי 1.33ל' קרמיסימו,"גלידת שטראוס בע""מ, ר",IL,קרמיסימו וניל 1.33 ל,ליטרים,0.00,ליטר,false,1,21.90,21.90,true,1,
7290112493965,false,קרמיסימו חלבית בטעם מסטיק וניל 665 גר,"גלידת שטראוס בע""מ, ר",IL,קרמיסימו חלבית בטעם,גרמים,665.00,100 גרם,false,1,21.90,3.29,true,1,
7290112494016,false,מיונז מופחת שומן תלמה 500 גר',תלמה,IL,מיונז מופחת שומן 500,גרמים,500.00,100 גרם,false,1,12.90,2.58,true,1,
7290112494153,false,תיבולית ניחוח צלי קנור 72 גרם,יוניליוור ישראל מזון,IL,תיבולית ניחוח צלי קנ,גרמים,72.00,100 גרם,false,1,11.40,15.83,true,1,
7290112494221,false,קליק - ביסקויט תפזורת 65 גרם,יוניליוור ישראל מזון,IL,קליק ביסקוויט 65 גרם,גרמים,65.00,100 גרם,false,1,5.70,8.77,true,1,
7290112494238,false,קליק - כדורים חלב תפזורת 65 גרם,יוניליוור ישראל מזון,IL,קליק כדורי חלב 65 גר,גרמים,65.00,100 גרם,false,1,5.70,8.77,true,1,
7290112494276,false,קליק כריות תפזורת 65 גר,יוניליוור ישראל מזון,IL,קליק כריות 65 גר,גרמים,65.00,100 גרם,false,1,5.70,8.77,true,1,
7290112494283,false,קליק - מעורב חום לבן תפזורת 65 גרם,יוניליוור ישראל מזון,IL,קליק חום לבן 65 גרם,גרמים,65.00,100 גרם,false,1,5.70,8.77,true,1,
7290112494313,false,קליק - קורנפלקס תפזורת 65 גרם,יוניליוור ישראל מזון,IL,קליק קורנפלקס 65 גרם,גרמים,65.00,100 גרם,false,1,5.70,8.77,true,1,
7290112494344,false,קורנפלקס כספי אלופים תלמה850 גר',יוניליוור שפע ישראל,IL,קורנפלקס של אלופים כ,גרמים,850.00,100 גרם,false,1,16.90,1.99,true,1,
7290112494351,false,תלמה קורנפלקס של אלופים 850 ג',יוניליוור שפע ישראל,IL,קורנפלקס של אלופים 8,גרמים,850.00,100 גרם,false,1,16.90,1.99,true,1,
7290112494382,false,פירה בטעם ביתי 260 גרם-קופסא,יוניליוור ישראל מזון,IL,פירה בטעם ביתי 260 ג,גרמים,260.00,100 גרם,false,1,11.90,4.58,true,1,
7290112494610,false,קנור רוטב עגבניות פיקנטי לדג 415 גרם,קונסורזיו קאסאלאסקו,IT,קנור רוטב עגבניות פי,גרמים,415.00,100 גרם,false,1,12.90,3.11,true,1,
7290112494801,false,ג'ל לכביסה לבנה וצבעונית ורוד 2.5 ל' בדין,אתר ליוור - HPC,IL,גל כביסה בדין בניחוח,קילוגרמים,0.00,"ק""ג",false,1,36.50,36.50,true,1,
7290112494825,false,תרחיץ פנים לעור רגיש מכיל 25% קרם לחות,אתר ליוור - HPC,IL,תרחיץ פנים דאב לעור,מיליליטרים,180.00,"100 מ""ל",false,1,16.90,9.39,true,1,
7290112495006,false,כריות נוגט 686 גרם - קופסא,יוניליוור שפע ישראל,IL,כריות נוגט 686 גרם -,גרמים,686.00,100 גרם,false,1,24.90,3.63,true,1,
7290112495020,false,כריות צוקולדה 686 גרם קופסא,יוניליוור שפע ישראל,IL,כריות צוקולדה 686 ג,גרמים,686.00,100 גרם,false,1,24.90,3.63,true,1,
7290112495037,false,דגני בוקר בטעם שוקולד כדורים 375 ג' קוקומן,יוניליוור שפע ישראל,IL,קוקומן כדורים פחות ס,גרמים,375.00,100 גרם,false,1,18.50,4.93,true,1,
7290112495044,false,קוקומן פצפוצים בטעם שוקולד,יוניליור שפע ישראל ב,IL,קוקומן פצפוצים 375 ג,גרמים,375.00,100 גרם,false,1,18.50,4.93,true,1,
7290112495105,false,נשנושים חטיף בטעם שמנת בצל,בייגל את בייגל מזון,IL,נשנושים תפוא בצל 260,גרמים,260.00,100 גרם,false,1,12.70,4.88,true,1,
7290112495167,false,נישנושים קרקר משולשי שומשום 300 גרם,בייגל את בייגל מזון,IL,נישנושים משולש שומשו,גרמים,300.00,100 גרם,false,1,12.90,4.30,true,1,
7290112495174,false,נשנושים קוקטייל שומשום 300ג' ב.בייגל,בייגל את בייגל מזון,IL,קרקרים קוקטייל שומשו,גרמים,300.00,100 גרם,false,1,12.90,4.30,true,1,
7290112495228,false,"קורנפלקס דבש תלמה 448 ג' בד""צ",יוניליוור שפע ישראל,IL,קורנפלקס דבש 448 גרם,גרמים,448.00,100 גרם,false,1,17.90,4.00,true,1,
7290112495280,false,ריבועי ברנפלקס קינמון 400 גרם,אתר שפע - Food,IL,ריבועי ברנפלקס קינמו,גרמים,400.00,100 גרם,false,1,20.90,5.23,true,1,
7290112495433,false,דגני דליפקאן תוספת אגוזי פקאן ושקדים 400 גר,יוניליור שפע ישראל ב,IL,דליפקאן 400 גרם,גרמים,400.00,100 גרם,false,1,20.90,5.23,true,1,
7290112495556,false,חטיף שוקולד נוגט שוקולד חלב 105 גרם,,IL,חטיף שוקולד נוגט שוק,גרמים,105.00,100 גרם,false,1,14.90,14.19,true,1,
7290112495662,false,קרקר חיטה מלאה ופשתן בייגל בייגל 300 גרם,"מיוצר ע""י קוד יצרן A",IL,קרקר חיטה מלאה עם פש,גרמים,300.00,100 גרם,false,1,11.40,3.80,true,1,
7290112495686,false,קרקר שומשום בייגל בייגל 220 גרם,,IL,קרקר שומשום 220 גרם,גרמים,220.00,100 גרם,false,1,10.90,4.95,true,1,
7290112495754,false,"רטבי הלמנס לסלט 300 מ""ל אלף האיים",יוניליוור ישראל מזון,IL,הלמנס לסלט אלף האיים,מיליליטרים,305.00,"100 מ""ל",false,1,12.50,4.10,true,1,
7290112495761,false,רוטב אלף האיים לייט חמץ הלמנס 305 ג',יוניליוור ישראל מזון,IL,הלמנס לסלט אלף האיים,מיליליטרים,305.00,"100 מ""ל",false,1,12.50,4.10,true,1,
7290112495785,false,רוטב לסלט שום הלמנס 300ג,יוניליוור ישראל מזון,IL,הלמנס רוטב שום 300 ג,גרמים,300.00,100 גרם,false,1,12.50,4.17,true,1,
7290112495792,false,הלמנס רוטב לסלט שום לייט 300 גר',יוניליוור ישראל מזון,IL,הלמנס לסלט שום לייט,מיליליטרים,300.00,"100 מ""ל",false,1,12.50,4.17,true,1,
7290112495938,false,קרקר 6 דגנים בייגל בייגל 250 גרם,"מיוצר ע""י קוד יצרן A",IL,קרקר 6 דגנים 250 גרם,גרמים,250.00,100 גרם,false,1,11.40,4.56,true,1,
7290112496034,false,סירופ מייפל אפיכל 580 גרם,יוניליוור ישראל מזון,IL,סירופ מייפל 580 גרם-,גרמים,580.00,100 גרם,false,1,16.70,2.88,true,1,
7290112496218,false,קנור רוטב טריאקי הפחתה של מעל 50% סוכר ונתרן 310 ג',אתר חיפה 778 - Food,IL,רוטב קנור טריאקי 34,גרמים,340.00,100 גרם,false,1,10.90,3.21,true,1,
7290112496430,false,קנור נמס בכוס אקסטרה עגבניות+אטריות 37 גרם - רבנות,יוניליוור ישראל מזון,IL,נמס בכוס אקסטרה עגבנ,גרמים,37.00,100 גרם,false,1,4.20,11.35,true,1,
7290112496447,false,נמס בכוס אקסטרה טעם עוף עם המון אטריות 27ג',יוניליוור ישראל מזון,IL,נמס בכוס אקסטרה טעם,גרמים,27.00,100 גרם,false,1,4.20,15.56,true,1,
7290112496461,false,נמס בכוס אקסטרה מרק ירקות עם המון אטריות,יוניליוור ישראל מזון,IL,מרק נמס בכוס אקסטרה,גרמים,32.00,100 גרם,false,1,3.90,12.19,true,1,
7290112497000,false,נוזל ניקוי כללי סיף פנטסטיק לימון 1 ל,"זוהר דליה, קיבוץ דלי",IL,נוזל ניקוי כללי סיף,ליטרים,0.00,ליטר,false,1,13.90,13.90,true,1,
7290112497727,false,"פינוק - אל סבון בייבי 700 מ""ל",,,אל סבון אל דמע לתינו,Unknown,0.00,Unknown,false,1,16.90,16.90,true,1,
7290112497864,false,אבקת מרק בטעם עוף רכיבים טבעיים 33% פחות נתרן 400 גרם,יוניליוור,IL,מרק עוף אמיתי פחות נ,גרמים,400.00,100 גרם,false,1,24.90,6.23,true,1,
7290112497994,false,גרנולה פרוטאין בתוספת חלבון ואגוזים תלמה 300 ג',תלמה,IL,גרנולה פרוטאין בתוספ,גרמים,300.00,100 גרם,false,1,19.80,6.60,true,1,
7290112498069,false,#קוקומן ללא גלוטן כשלפ 375ג - חדש,אתר שפע - Food,IL,קוקומן ללא גלוטן 375,גרמים,375.00,100 גרם,false,1,21.90,5.84,true,1,
7290112498281,false,"אל סבון לידיים בתוספת שמן קוקוס פינוק 950 מ""ל",יוניליוור ישראל טיפו,IL,סבון ידיים בתוספת שמ,מיליליטרים,950.00,"100 מ""ל",false,1,12.90,1.36,true,1,
7290112498441,false,רוטב אסייתי למוקפץ קנור 370 גרם,אתר חיפה 778 - Food,IL,רוטב קנור אסייתי למו,מיליליטרים,370.00,"100 מ""ל",false,1,10.90,2.95,true,1,
7290112498915,false,מאגדת מיני מגנום שקדים מובחרים 250 ג',"מיוצר ע""י גלידת שטרא",IL,מאגדת מיני מגנום שקד,גרמים,250.00,100 גרם,false,1,26.90,10.76,true,1,
7290112498922,false,מאגדת מיני מגנום שוקולד לבן 250 ג',"מיוצר ע""י גלידת שטרא",IL,מאגדת מיני מגנום לבן,גרמים,250.00,100 גרם,false,1,26.90,10.76,true,1,
7290112499097,false,מאגדת מיני מגנום מריר INTENSE DARK,"מיוצר ע""י גלידת שטרא",IL,מאגדת מיני מגנום מרי,גרמים,310.00,100 גרם,false,1,26.90,8.68,true,1,
7290112499189,false,"גלידת קרמיסימו חד קרן וניל תות, 1.33 ליטר","גלידת שטראוס בע""מ, ר",IL,קרמיסימו חד קרן וניל,ליטרים,0.00,ליטר,false,1,21.90,21.90,true,1,
7290112499196,false,גלידה בטעם החלב של הקורנפלקס 1.33 ל' קרמיסימו,"גלידת שטראוס בע""מ, ר",IL,קרמיסימו בטעם חלב וק,ליטרים,0.00,ליטר,false,1,21.90,21.90,true,1,
7290112499455,false,"תחליב רחצה שמן מרוקאי פינוק 700 מ""ל",יוניליוור ישראל טיפו,IL,תחליב רחצה פינוק שמן,מיליליטרים,700.00,"100 מ""ל",false,1,15.60,2.23,true,1,
7290112499493,false,"רקסונה - דאודורנט ספריי לאישה אלוורה 150 מ""ל",יונילוור ארגנטינה -,AR,דאו רקסונה ספריי במב,מיליליטרים,150.00,"100 מ""ל",false,1,20.90,13.93,true,1,
7290112499509,false,"רקסונה - דאודורנט ספריי לאישה בניחוח אפרסק ולמון גראס 150 מ""ל",קוסטר - תורכיה,TR,דאו ספריי ניחוח אפרס,מיליליטרים,150.00,"100 מ""ל",false,1,20.90,13.93,true,1,
7290112499776,false,מאגדת גלידת גודיז שלגון אישי  240 ג',"גלידת שטראוס בע""מ, ר",IL,גודיז 3 שוקולדים,גרמים,240.00,100 גרם,false,1,28.50,11.88,true,1,
7290112499844,false,מאגדת מיני מגנום דואט שוקולד עם נוגט 5 יח' שטראוס,"מיוצר ע""י גלידת שטרא",IL,מאגדת מיני מגנום דאב,גרמים,310.00,100 גרם,false,1,26.90,8.68,true,1,
7290112499943,false,מיני מאגדת מיני מגנום טעמים שונים וניל+שוקו,"מיוצר ע""י גלידת שטרא",IL,מיני מגנום וניל+שוקו,גרמים,270.00,100 גרם,false,1,26.90,9.96,true,1,
7290112707482,false,זיקוק 15 סמ 6 יח 80 בקרטון 5גר כסף,,CN,זיקוק 15 כסוף,Unknown,0.00,Unknown,false,1,15.90,15.90,true,1,
7290112960115,false,אסם שקדי מרק 30% קמח חיטה מלא 12*350גרם,אסם,IL,שקדי מרק 30% קמח חי,גרמים,350.00,100 גרם,false,1,10.00,2.86,true,1,
7290112961266,false,בייגלה כפיות פיזור איטלקי 300 ג' אסם,אסם,IL,בייגלה כפיות פיזור א,גרמים,300.00,100 גרם,false,1,10.90,3.63,true,1,
7290112961372,false,פיטנס חטיפי פריכיות דקות קינמון 60 גרם,"פרח תעשיות מזון בע""מ",IL,פיטנס חטיפי פריכיות,גרמים,60.00,100 גרם,false,1,8.90,14.83,true,1,
7290112961440,false,פיטנס חטיפי פריכיות שוקולד מריר 84 גרם,כרמית,IL,פיטנס בר פריכיות שוק,גרמים,84.00,100 גרם,false,1,11.90,14.17,true,1,
7290112961464,false,פיטנס חטיפי פריכיות דגנים וחומוס מתובלות,"פרח תעשיות מזון בע""מ",IL,פיטנס חטיפי פריכיות,גרמים,60.00,100 גרם,false,1,8.90,14.83,true,1,
7290112962287,false,טבעול שווארמה טבעונית 6*450 גרם,מיוצר עי קונדיטוריית,IL,טבעול שווארמה טבעוני,גרמים,450.00,100 גרם,false,1,31.90,7.09,true,1,
7290112963321,false,גרטיפי בייגלה שטוח הכל ללא גלוטן 300 גר,מיוצר עי קונדיטוריית,IL,גרטיפי בייגלה שטוח ה,גרמים,300.00,100 גרם,false,1,19.80,6.60,true,1,
7290112963918,false,פיטנס חטיפי קרקר דק רוזמרין 140 גרם,נסטלה Nestle,IL,פיטנס קרקר דק רוזמרי,גרמים,140.00,100 גרם,false,1,11.90,8.50,true,1,
7290112964410,false,רוטב אוסם אלף האיים לסלט 290 ג' אסם,אסם,IL,רוטב אלף האיים לסלט,מיליליטרים,290.00,"100 מ""ל",false,1,12.50,4.31,true,1,
7290112964434,false,"רוטב לסלט קיסר 295 מ""ל אסם",אסם,IL,רוטב לסלט קיסר 295 מ,מיליליטרים,295.00,"100 מ""ל",false,1,12.50,4.24,true,1,
7290112964458,false,רוטב ויניגרט חדש לסלט 295 גרם אסם,אסם,IL,רוטב ויניגרט חדש לסל,מיליליטרים,295.00,"100 מ""ל",false,1,12.50,4.24,true,1,
7290112964472,false,"רוטב שום לסלט 290 מ""ל אסם",אסם,IL,"רוטב שום לסלט 290 מ""",מיליליטרים,290.00,"100 מ""ל",false,1,12.50,4.31,true,1,
7290112964601,false,רוטב בנוסח סצ'ואן הסדרה האסייתית,"אסם השקעות בע""מ",IL,רוטב בנוסח סצואן אסם,מיליליטרים,290.00,"100 מ""ל",false,1,14.60,5.03,true,1,
7290112964625,false,רוטב שום לייט לסלט 310 גרם אסם,אסם,IL,רוטב שום לייט לסלט 3,מיליליטרים,310.00,"100 מ""ל",false,1,12.50,4.03,true,1,
7290112964724,false,טבעול המבורגר טבעוני 580 גרם,מיוצר עי קונדיטוריית,IL,טבעול המבורגר טבעוני,גרמים,580.00,100 גרם,false,1,36.50,6.29,true,1,
7290112965103,false,תבשיל קוסקוס עם ירקות 146 גרם אסם,אסם,IL,תבשיל קוסקוס עם ירקו,גרמים,146.00,100 גרם,false,1,11.90,8.15,true,1,
7290112965240,false,מרק נמס בטעם עגבניות זוג * 44 ג' אסם,אסם,IL,זוג מרק נמס עגבניות,גרמים,60.00,100 גרם,false,1,5.90,9.83,true,1,
7290112965264,false,אוסם - מרק נמס אפונה זוג 26 גרם * 2,אסם,IL,זוג מרק נמס סוף אפונ,גרמים,52.00,100 גרם,false,1,5.90,11.35,true,1,
7290112965363,false,קציצות קינואה וברוקולי טבעול 525 גר,מיוצר עי קונדיטוריית,IL,קציצות קינואה וברוקו,גרמים,525.00,100 גרם,false,1,36.50,6.95,true,1,
7290112965660,false,פיטנס - חטיף מולטיגריין מלח פלפל 25 גרם,מיוצר עי קונדיטוריית,IL,פיטנס חטיף מולטיגריי,גרמים,25.00,100 גרם,false,1,4.90,19.60,true,1,
7290112965684,false,פיטנס - חטיף מולטיגריין עשבי תיבול 25 גרם,מיוצר עי קונדיטוריית,IL,פיטנס חטיף מולטיגריי,גרמים,25.00,100 גרם,false,1,4.90,19.60,true,1,
7290112965707,false,פיטנס - חטיף מולטיגריין צילי מעודן 25 גרם,"אסם השקעות בע""מ",IL,פיטנס חטיף מולטיגריי,גרמים,25.00,100 גרם,false,1,4.90,19.60,true,1,
7290112965745,false,אוסם - ביסלי פריסטייל בצל מעושן 60 גרם,"אסם השקעות בע""מ",IL,ביסלי פריסטייל בצל מ,גרמים,60.00,100 גרם,false,1,4.20,7.00,true,1,
7290112965783,false,אוסם - ביסלי פריסטייל על האש 60 גרם,"אסם השקעות בע""מ",IL,ביסלי פריסטייל על הא,גרמים,60.00,100 גרם,false,1,4.20,7.00,true,1,
7290112965806,false,אוסם - ביסלי פריסטייל חמוץ חריף 60 גרם,אסם,IL,ביסלי פריסטייל חמוץ,גרמים,60.00,100 גרם,false,1,4.20,7.00,true,1,
7290112965905,false,בייגלה שמיניות במליחות מעודנת אסם 400 גר',מיוצר עי קונדיטוריית,IL,בייגלה שמיניות במליח,גרמים,400.00,100 גרם,false,1,9.90,2.48,true,1,
7290112966001,false,טבעול גורמה ארוחת ירוקים 450 גרם,טבעול (מקבוצת אסם הש,IL,טבעול גורמה ארוחת יר,גרמים,450.00,100 גרם,false,1,34.90,7.76,true,1,
7290112966094,false,הבית עוגת תפוז מופחתת סוכר 400 גרם,מיוצר עי קונדיטוריית,IL,הבית עוגת תפוז מופחת,גרמים,400.00,100 גרם,false,1,12.50,3.13,true,1,
7290112966247,false,לחמית כוסמין 200 ג' אסם,אסם יקנעם,IL,לחמית כוסמין 200 גרם,גרמים,200.00,100 גרם,false,1,9.90,4.95,true,1,
7290112966766,false,צבר טחינה בלאדי חציל עגבניות ושום 350 גרם,שוורצקוף& הנקל דיסלד,IL,טחינה בלאדי חציל עגב,גרמים,350.00,100 גרם,false,1,18.80,5.37,true,1,
7290112966780,false,צבר טחינה בלאדי עם חציל קלוי 350 גרם,שוורצקוף& הנקל דיסלד,IL,טחינה בלאדי עם חציל,גרמים,350.00,100 גרם,false,1,18.80,5.37,true,1,
7290112967381,false,פיטנס חטיפי פריכיות קטניות ומלח ים 60 גר',"פרח תעשיות מזון בע""מ",IL,פיטנס חטיפי פריכיות,גרמים,60.00,100 גרם,false,1,8.90,14.83,true,1,
7290112967572,false,"אסם רוטב ברביקיו 290 מ""ל אסם",אסם,IL,"רוטב ברביקיו 290 מ""ל",גרמים,290.00,100 גרם,false,1,12.50,4.31,true,1,
7290112967848,false,אסם גלי תות שדה מופחת סוכר 90 גרם,מיוצר עי קונדיטוריית,IL,אסם גלי תות שדה מופח,גרמים,90.00,100 גרם,false,1,6.80,7.56,true,1,
7290112968203,false,צבר סלט טחינה בלאדי 6*250גרם,שוורצקוף& הנקל דיסלד,IL,סלט טחינה בלדי 250 ג,גרמים,250.00,100 גרם,false,1,12.10,4.84,true,1,
7290112968524,false,צבר סלט חומוס גרגירים רכים 6*250גרם,שוורצקוף& הנקל דיסלד,IL,סלט חומוס סמיר 250 ג,גרמים,250.00,100 גרם,false,1,12.10,4.84,true,1,
7290112968685,false,חומוס גרגרים רכים בטבילה צבר 400 גרם,שוורצקוף& הנקל דיסלד,IL,חומוס גרגרים רכים בח,גרמים,400.00,100 גרם,false,1,16.70,4.18,true,1,
7290112968807,false,פיטנס - קרקר דק סלק 140 גרם,מפעל אסם יקנעם,IL,פיטנס קרקר דק סלק 14,גרמים,140.00,100 גרם,false,1,11.90,8.50,true,1,
7290112968821,false,פיטנס - קרקר דק בטטה 140 גרם,מפעל אסם יקנעם,IL,פיטנס קרקר דק בטטה 1,גרמים,140.00,100 גרם,false,1,11.90,8.50,true,1,
7290112969286,false,אסם בישולים רוטב חרדל ודבש 330 גרם,"אסם השקעות בע""מ",IL,אסם בישולים רוטב חרד,גרמים,330.00,100 גרם,false,1,17.90,5.42,true,1,
7290112969903,false,טבעול נאגטס ירקות לבנים 6*500גרם,טבעול תעשיות מזון בע,IL,טבעול נאגטס ירקות לב,גרמים,500.00,100 גרם,false,1,31.50,6.30,true,1,
7290113130821,false,צלחת דגים אינגליש,,,צלחת דגים אינגליש,Unknown,0.00,Unknown,false,1,119.00,119.00,true,1,
7290113190375,false,סילאן טבעי שקדיה 900 גרם,שקדיה,TR,סילאן טבעי שקדיה 900,גרמים,900.00,100 גרם,false,1,20.90,2.32,true,1,
7290113190771,false,חלבה מסולסלת בטעם שוקו וניל 300 גרם,חיאל עמר שומרון,IL,חלבה מסולסלת בטעם שו,גרמים,300.00,100 גרם,false,1,14.90,4.97,true,1,
7290113192164,false,אגוזי קשיו קלופים ששון הקולה 150 ג',דין שיווק,IL,אגוזי קשיו קלופים 15,גרמים,150.00,100 גרם,false,1,16.90,11.27,true,1,
7290113192201,false,תערובת להכנת סחלב 500 גרם,דין שיווק,IL,תערובת להכנת סחלב 50,גרמים,500.00,100 גרם,false,1,15.90,3.18,true,1,
7290113192225,false,תערובת להכנה מהירה סופלה שוקולד 200 גר',,IL,תערובת להכנת סופלה ש,גרמים,200.00,100 גרם,false,1,15.90,7.95,true,1,
7290113192300,false,זיתים מושחרים חרוזית 275 גרם בית השיטה,בית השיטה,IL,זיתים מושחרים חרוזית,גרמים,275.00,100 גרם,false,1,12.10,4.40,true,1,
7290113192317,false,טבעות זיתים מושחרים 280 גרם בית השיטה,בית השיטה,IL,טבעות זיתים מושחרים,גרמים,280.00,100 גרם,false,1,11.90,4.25,true,1,
7290113192331,false,בית השיטה זית ירוק גדול א2 12*340ג חדש,בית השיטה,IL,זית ירוק גדול A2 בית,גרמים,340.00,100 גרם,false,1,11.90,3.50,true,1,
7290113192355,false,חרוזית זיתים ירוקים ללא גלעין 275 ג' בית השיטה,בית השיטה,IL,זית חרוזית ירוק A2 ב,גרמים,275.00,100 גרם,false,1,10.30,3.75,true,1,
7290113192362,false,זיתים ירוקים טבעות A2 בית השיטה 280 גרם,בית השיטה,IL,זיתים ירוקים טבעות A,גרמים,280.00,100 גרם,false,1,10.60,3.79,true,1,
7290113192379,false,בית השיטה זיתים ירוקים מבוקעים א2 340גר',בית השיטה,IL,זיתים ירוקים מבוקעים,גרמים,340.00,100 גרם,false,1,11.50,3.38,true,1,
7290113192393,false,קוקטייל זיתים A2 בית השיטה 336 גרם,בית השיטה,IL,קוקטייל זיתים A2 בית,גרמים,336.00,100 גרם,false,1,11.90,3.54,true,1,
7290113192478,false,בית השיטה מלפפונים במלח בינוני 10-12 320 גרם,בית השיטה,IL,מלפפונים במלח 10-12,גרמים,320.00,100 גרם,false,1,7.60,2.38,true,1,
7290113192485,false,בית השיטה מלפפונים בחומץ בינוני 10-12 290 גרם,בית השיטה,IL,מלפפונים בחומץ 10-12,גרמים,320.00,100 גרם,false,1,7.60,2.38,true,1,
7290113192492,false,בית השיטה מלפפונים בחומץ קטנים 1317 290 גרם,בית השיטה,IL,מלפפון בחומץ 17-13 ב,גרמים,290.00,100 גרם,false,1,10.50,3.62,true,1,
7290113192508,false,בית השיטה מלפפונים במלח קטן 1317 320 גרם,בית השיטה,IL,מלפפון במלח 17-13 בי,גרמים,320.00,100 גרם,false,1,10.50,3.28,true,1,
7290113192515,false,בית השיטה מלפפונים במלח קטן מאוד 1825 320 גרם,בית השיטה,IL,מלפפון במלח 18-25 32,גרמים,320.00,100 גרם,false,1,12.50,3.91,true,1,
7290113192522,false,בית השיטה מלפפונים בחומץ קטן מאוד 1825 290 גרם,בית השיטה,IL,מלפפון בחומץ 18-25 2,גרמים,290.00,100 גרם,false,1,12.50,4.31,true,1,
7290113192539,false,בית השיטה מלפפונים במלח גדול 79 320 גרם,בית השיטה,IL,מלפפון במלח 7-9 בית,גרמים,320.00,100 גרם,false,1,6.90,2.16,true,1,
7290113192546,false,בית השיטה מלפפונים בחומץ גדול 79 290 גרם,בית השיטה,IL,מלפפון בחומץ 7-9 בי,גרמים,290.00,100 גרם,false,1,6.90,2.38,true,1,
7290113192553,false,בית השיטה מלפפונים במלח 13-17 בלדי 320 גר',בית השיטה,IL,מלפפונים במלח באלדי,גרמים,320.00,100 גרם,false,1,10.50,3.28,true,1,
7290113192560,false,בית השיטה פלפל שיפקה חריף כבוש 230 גרם,בית השיטה,IL,פלפל שיפקה A2 בית ה,גרמים,230.00,100 גרם,false,1,7.90,3.43,true,1,
7290113192577,false,בית השיטה כרוב כבוש חתוך 430 גרם,בית השיטה,IL,כרוב כבוש A2 בית השי,גרמים,430.00,100 גרם,false,1,8.20,1.91,true,1,
7290113192881,false,"טורטיה חיטה מופחת קלוריות, קוטר 20 ס""מ - 6 יח'",דין שיווק,TR,טורטיה חיטה מופחתת ק,גרמים,270.00,100 גרם,false,1,10.00,3.70,true,1,
7290113192997,false,זית מרוקאי 340 גרם בית השיטה,בית השיטה,IL,זית מרוקאי 340 גרם,גרמים,340.00,100 גרם,false,1,13.90,4.09,true,1,
7290113193000,false,פלפל שיפקונית 230 גרם בית השיטה,שוורצקוף& הנקל דיסלד,IL,פלפל שיפקונית 230 גר,גרמים,230.00,100 גרם,false,1,13.50,5.87,true,1,
7290113193031,false,חרוזית קלמטה - זיתים שחורים ללא גלעין קלמטה,שוורצקוף& הנקל דיסלד,IL,חרוזית קלמטה 275 גרם,גרמים,275.00,100 גרם,false,1,13.90,5.05,true,1,
7290113193321,false,"שמן זית כתית מעולה בית השיטה 750 מ""ל",בית השיטה,IL,בית השיטה שמן זית כת,מיליליטרים,750.00,"100 מ""ל",false,1,34.50,4.60,true,1,
7290113193406,false,"קוקטייל טבעות זיתים - זיתים ירוקים, שחורים מרינד",בית השיטה,IL,בית השיטה טבעות קוקט,גרמים,280.00,100 גרם,false,1,10.70,3.82,true,1,
7290113194649,false,בית השיטה מלפפונים במלח קוביות 320 גרם,בית-השיטה עסיס תעשיו,IL,בית השיטה מלפפונים ב,גרמים,320.00,100 גרם,false,1,9.90,3.09,true,1,
7290113195042,false,מלפפון חמוץ במלח כבישה ביתית בית השיטה 750 גר',שוורצקוף& הנקל דיסלד,IL,מלפפפון מלח כבישה בי,גרמים,750.00,100 גרם,false,1,31.50,4.20,true,1,
7290113195066,false,חלבה טורקית בטעם וניל 400 גרם,,,חלבה טורקית בטעם וני,גרמים,400.00,100 גרם,false,1,12.90,3.23,true,1,
7290113195196,false,"רסק תפוחי עץ ללת""ס 710 גרם",,PL,"רסק תפוחי עץ ללת""ס 7",גרמים,710.00,100 גרם,false,1,10.90,1.54,true,1,
7290113195271,false,ממרח פלפלים פיקנטיים 360 גרם,דין שיווק,MK,ממרח פלפלים פיקנטיים,גרמים,360.00,100 גרם,false,1,11.90,3.31,true,1,
7290113195356,false,שמן קנולה מזוכך זית השיטה 1 ליטר,בית השיטה,IL,שמן קנולה מזוכך זית,מיליליטרים,1000.00,"100 מ""ל",false,1,13.90,1.39,true,1,
7290113195363,false,שמן חמניות מזוכך זית השיטה 1 ליטר,בית השיטה,IL,שמן חמניות מזוכך זית,מיליליטרים,1000.00,"100 מ""ל",false,1,14.90,1.49,true,1,
7290113196414,false,"אורז בסמטי 1 ק""ג כחול מטאלי שקדיה",דאבה סינג שאם סינג,IN,אורז בסמטי שקדיה 1 ק,גרמים,1000.00,100 גרם,false,1,12.50,1.25,true,1,
7290113196513,false,פריכיות כוסמת בתוספת שקדים שקדיה 150 ג',זנבר המכללה לטבעונות,IL,פריכיות כוסמת בתוספת,גרמים,150.00,100 גרם,false,1,11.40,7.60,true,1,
7290113196896,false,תרסיס שמן זית 170 ג' שקדיה,שקדיה,IL,"תרסיס שמן זית 170 מ""",מיליליטרים,170.00,"100 מ""ל",false,1,12.50,7.35,true,1,
7290113198067,false,פקאן מצופה שוקולד לבן 150 גרם,"דין שיווק וקליה בע""מ",IL,פקאן מצופה שוקולד לב,גרמים,150.00,100 גרם,false,1,14.90,9.93,true,1,
7290113199637,false,חטיף בוטנים עם גרעיני דלעת ללא סוכר 220 ג' שקדיה,שקדיה,IL,חטיף בוטנים גרנולה ל,גרמים,220.00,100 גרם,false,1,14.90,6.77,true,1,
7290113302259,false,חטיף בונזו נאגטס בקר,שינייה פט פוד,CN,חטיף בונזו נאגטס בקר,Unknown,0.00,Unknown,false,1,12.90,12.90,true,1,
7290113302273,false,חטיף עוף קלציום כתום בונזו 80 ג',שינייה פט פוד,CN,חטיף בונזו עצם קלציו,Unknown,0.00,Unknown,false,1,12.90,12.90,true,1,
7290113302280,false,חטיף נקניקיות אדום בונזו 80 ג',שינייה פט פוד,CN,חטיף בונזו בצורת קני,Unknown,0.00,Unknown,false,1,12.90,12.90,true,1,
7290113302297,false,חטיף אנרגיה בונזו עו,,,חטיף אנרגיה בונזו עו,Unknown,0.00,Unknown,false,1,12.90,12.90,true,1,
7290113302303,false,חטיף בונזו סטיקים תר,שינייה פט פוד,CN,חטיף בונזו סטיקים עם,Unknown,0.00,Unknown,false,1,12.90,12.90,true,1,
7290113302334,false,חטיף עוף פריכים כתום בונזו 80 ג',לנגי,CN,חטיפי עוף פריכים בצו,Unknown,0.00,Unknown,false,1,12.90,12.90,true,1,
7290113302358,false,חטיפי בנוזו עוף צורת,לנגי,CN,חטיפי בונזו עוף בצור,Unknown,0.00,Unknown,false,1,12.90,12.90,true,1,
7290113302389,false,שיפוד סלמון ודג בקלה,שינייה פט פוד,CN,שיפוד סלמון ודג בקלה,Unknown,0.00,Unknown,false,1,12.90,12.90,true,1,
7290113302396,false,שיפוד כבש ודג בקלה 8,שינייה פט פוד,CN,שיפוד כבש ודג בקלה 8,Unknown,0.00,Unknown,false,1,12.90,12.90,true,1,
7290113317116,false,שלישיית ביצי שוקולד מפרץ 60 גר,,IT,שלישיית ביצי שוקולד,גרמים,65.00,100 גרם,false,1,14.50,22.31,true,1,
7290113560055,false,"מי פה פרודונטקס לטיפול יום יומי 500 מ""ל",פרודונטקס Parodontax,GB,מי פה פרודונטקס,מיליליטרים,500.00,"100 מ""ל",false,1,29.90,5.98,true,1,
7290113560109,false,"משחת שיניים פרודונטקס הרבל 75 מ""ל",פרודונטקס Parodontax,SK,משחת שיניים פרודונטק,Unknown,0.00,Unknown,false,1,29.90,29.90,true,1,
7290113622517,false,"פסטה אורז מלא לל""ג 250 גרם",,BG,"פסטה אורז מלא לל""ג 2",גרמים,250.00,100 גרם,false,1,13.90,5.56,true,1,
7290113622524,false,"פסטה כוסמת לל""ג 250 גרם",,BG,"פסטה כוסמת לל""ג 250",גרמים,250.00,100 גרם,false,1,13.90,5.56,true,1,
7290114310215,false,"**טרה שמנת מתוקה 38% 250 מ""ל בקבוק.",מילקו תעשיות בעמ,IL,שמנת מתוקה 38% 250 מ,גרמים,250.00,100 גרם,false,1,6.47,2.59,true,1,
7290114310222,false,חלב 1.5 ליטר 3% מועשר בסידן וויטמין D.,מילקו תעשיות בעמ,IL,חלב מועשר בסידן וויט,מיליליטרים,1500.00,"100 מ""ל",false,1,12.50,0.83,true,1,
7290114310338,false,צפתית מעודנת 5% 225 גר' משק צוריאל,מחלבת משק צוריאל,IL,גבינה צפתית מעודנת 5,גרמים,225.00,100 גרם,false,1,19.10,8.49,true,1,
7290114310383,false,Muller Froop מולר יוגורט מוקצף בטעם וניל 90 גרם,מולר Muller,IL,מולר יוגורט מוקצף בט,גרמים,97.00,100 גרם,false,1,5.80,5.98,true,1,
7290114310390,false,"מולר פרופ קציפת יוגורט בננה לוטי 5% 150 מ""ל",מולר Muller,IL,מולר WIP- יוגורט מוק,גרמים,97.00,100 גרם,false,1,5.80,5.98,true,1,
7290114310406,false,מולר פרופ יוגורט מוקצף בטעם תות 97 גרם,מולר Muller,IL,מולר WIP- יוגורט מוק,גרמים,97.00,100 גרם,false,1,5.80,5.98,true,1,
7290114310536,false,יוגורט לייט מעושר בחלבון בטעם וניל מולר 200 ג',מולר Muller,IL,מולר אקטיב לייט,גרמים,200.00,100 גרם,false,1,6.50,3.25,true,1,
7290114310611,false,"משקה חלב בננה בבקבוק פקק ספורט טרה 250 מ""ל",טרה,IL,משקה חלב בננה טרה 25,מיליליטרים,250.00,"100 מ""ל",false,1,5.90,2.36,true,1,
7290114310628,false,משקה חלב בטעם וניל עוגיות 1.5% שומן,מילקו תעשיות בעמ,IL,משקה חלב וניל עוגיות,מיליליטרים,1000.00,"100 מ""ל",false,1,12.50,1.25,true,1,
7290114310895,false,סימפלי מולר מאגדת שמינייה מנגו תות 1.5% 150X8 גר',מולר Muller,IL,מאגדת שמינייה סימפלי,גרמים,1200.00,100 גרם,false,1,31.90,2.66,true,1,
7290114310963,false,יוגורט מחלב עיזים מלא כ3.8% שומן מועשר 500 גר',משק צוריאל,IL,יוגורט עיזים בדלי 3.,גרמים,500.00,100 גרם,false,1,14.90,2.98,true,1,
7290114311014,false,"משקה חלב אייס קפוצינו יטבתה 250 מ""ל פקק",טרה,IL,משקה חלב אייס קפוצינ,גרמים,200.00,100 גרם,false,1,5.90,2.95,true,1,
7290114311021,false,"משקה חלב וניל עוגיות טרה 250 מ""ל פקק ספו",טרה,IL,משקה חלב וניל עוגיות,מיליליטרים,250.00,"100 מ""ל",false,1,5.90,2.36,true,1,
7290114311038,false,שמנת מתוקה עמידה 32% 250מל בקבוק,טרה,IL,שמנת מתוקה 32% 250 מ,מיליליטרים,250.00,"100 מ""ל",false,1,6.90,2.76,true,1,
7290114311069,false,יוגורט לבן מועשר בחלבון 0% שומן 200 גרם muller active,מולר Muller,IL,מולר אקטיב 25 ג חלבו,גרמים,150.00,100 גרם,false,1,5.90,3.93,true,1,
7290114311076,false,"חמאת מולר צהובה עם שום, 200 גרם",מולר Muller,IL,מולר חמאה צהובה עם ש,גרמים,200.00,100 גרם,false,1,12.90,6.45,true,1,
7290114311236,false,קופון 35% הנחה גבינות צהוהות נועם,,,קופון 35% הנחה גבינו,Unknown,0.00,Unknown,false,1,0.10,0.10,true,1,
7290114311298,false,יוגורט מולר פרופ בטעם תות בננה מלון 150,מולר Muller,IL,יוגורט מולר פרופ בטע,גרמים,150.00,100 גרם,false,1,5.80,3.87,true,1,
7290114311304,false,יוגורט קציפת מנגו פסיפלורה בננה 150 ג' מולר,מולר Muller,IL,יוגורט מולר פרופ בטע,גרמים,150.00,100 גרם,false,1,5.80,3.87,true,1,
7290114311328,false,חלב נטול לקטוז 2% שומן מועשר בויטמין D,ג'י.אר.אמ.גרופו אלימ,IL,חלב דל לקטוז מועשר ב,מיליליטרים,1000.00,"100 מ""ל",false,1,8.50,0.85,true,1,
7290114311359,false,יוגורט עם קציפת מנגו 3% שומן פרופ 150 ג' מולר,מולר Muller,IL,יוגורט מולר פרופ בטע,גרמים,150.00,100 גרם,false,1,5.80,3.87,true,1,
7290114311434,false,מולר אקטיב יוגורט בטעם קרמל מלוח 200 גרם,מולר Muller,IL,מולר אקטיב יוגורט בט,גרמים,200.00,100 גרם,false,1,6.20,3.10,true,1,
7290114311441,false,"מולר אקטיב בטעם עוגיות חמאה 0% שומן, 200 גרם",מולר Muller,IL,מולר אקטיב יוגורט בט,גרמים,200.00,100 גרם,false,1,6.20,3.10,true,1,
7290114311502,false,"משקה חלב בקבוק בטעם סחלב, 1 ליטר",מילקו תעשיות בעמ,IL,משקה חלב בטעם סחלב ט,מיליליטרים,1000.00,"100 מ""ל",false,1,12.50,1.25,true,1,
7290114600927,false,עלי טורטיה חיטה מלאה מאסטר שף 320 גרם,אלקאטי קורביישיסי,TR,מנה עלי טורטיה חיט מ,גרמים,320.00,100 גרם,false,1,9.90,3.09,true,1,
7290114600941,false,מיונז מאסטר שף מיונז לחיץ 435 ג',רמיה סי.וי,NL,מיונז לחיץ מאסטר שף,גרמים,435.00,100 גרם,false,1,13.50,3.10,true,1,
7290114600989,false,"רוטב אלף האיים מאסטר שף 250 מ""ל",מאסטר שף,NL,רוטב אלף האיים מאסטר,מיליליטרים,250.00,"100 מ""ל",false,1,9.90,3.96,true,1,
7290114600996,false,"רוטב שום מאסטר שף 250 מ""ל",מאסטר שף,NL,רוטב שום מאסטר שף 25,מיליליטרים,250.00,"100 מ""ל",false,1,9.90,3.96,true,1,
7290114602778,false,פרי סלייסים ציפס ירקות שורש 90 גרם,פלפר אפרטיבוס,ES,פרי סלייסים ציפס ירק,גרמים,90.00,100 גרם,false,1,14.60,16.22,true,1,
7290114603508,false,"רוטב להקצפה מאסטר שף 300 מ""ל",סיטי פוד,TH,רוטב להקפצה מאסטר שף,מיליליטרים,300.00,"100 מ""ל",false,1,10.90,3.63,true,1,
7290114603768,false,"מארז אג'קס כלורון נוזל לניקוי אסלות 750 מ""ל*2 יח'",cp,FR,נוזל ניקוי שירותים א,ליטרים,0.00,ליטר,false,1,30.50,30.50,true,1,
7290114604857,false,"דפי אורז מאסטר שף קוטר 22 ס""מ 400 גרם",לוק הונג טריידינג פר,VN,"דפי אורז 22 ס""מ 400",גרמים,400.00,100 גרם,false,1,10.90,2.73,true,1,
7290114604895,false,ממרח ספייסי לחיץ מאסטר שף 446 גרם,מאסטר שף,NL,ממרח ספייסי לחיץ מאס,גרמים,446.00,100 גרם,false,1,13.50,3.03,true,1,
7290114604901,false,ממרח שום לחיץ מאסטר שף 444 גרם,מאסטר שף,NL,ממרח שום לחיץ מאסטר,גרמים,444.00,100 גרם,false,1,12.90,2.91,true,1,
7290114604925,false,מאסטר שף קרם קוקוס לייט 400 גרם,"תאי קוקונאט חברה בע""",TH,קרם קוקוס לייט מאסטר,מיליליטרים,400.00,"100 מ""ל",false,1,9.10,2.28,true,1,
7290114604963,false,פירורי לחם מתובלים מאסטר שף 230 גרם,מאסטר שף,IL,מאסטר שף פירורי לחם,גרמים,230.00,100 גרם,false,1,8.20,3.57,true,1,
7290114606547,false,מיונז פטריות כמהין לחיץ מאסטר שף 242 גרם,מאסטר שף,NL,מיונז פטריות כמהין ל,גרמים,242.00,100 גרם,false,1,13.50,5.58,true,1,
7290114606554,false,מיונז מופחת קלוריות בקבוק לחיץ,מאסטר שף,NL,מיונז לייט לחיץ מאסט,גרמים,470.00,100 גרם,false,1,13.50,2.87,true,1,
7290114606561,false,מאסטר שף אטריות אורז דקות ורמיצ'לי 400 ג,ליינג טונג רייס פלוו,TH,מנה אסייאתי אטריות א,גרמים,400.00,100 גרם,false,1,9.90,2.48,true,1,
7290114606578,false,שקדי מרק מאסטר שף 400 גרם,מנה,IL,שקדי מרק מאסטר שף 40,גרמים,400.00,100 גרם,false,1,9.90,2.48,true,1,
7290114606592,false,רוטב סויה מסורתי מכיל 46% פולי סויה,קריניציה ויטמינה אס,TH,רוטב סויה מסורתי מאס,גרמים,620.00,100 גרם,false,1,19.80,3.19,true,1,
7290114606608,false,רוטב סויה מסורתי מאסטר שף 620 גר,קריניציה ויטמינה אס,TH,רוטב סויה מסורתי מאס,גרמים,620.00,100 גרם,false,1,19.80,3.19,true,1,
7290114607391,false,"קולגייט משחת לילדים ברבי 2-5 שנים, 75 מ""ל",קולגייט פלמוליב,MX,קולגייט מ. שיניים בר,Unknown,0.00,Unknown,false,1,15.90,15.90,true,1,
7290114608657,false,סילאן מאסטר שף 700 גרם,,AE,סילאן מאסטר שף 700,גרמים,700.00,100 גרם,false,1,18.90,2.70,true,1,
7290114655354,false,מסכה לפנים חד פעמי מארז 10 יח,,,מסכה לפנים חד פעמי מ,יחידה,1.00,יחידה,false,1,3.90,3.90,true,1,
7290114659949,false,מארז מסיכות שמחה זה אנחנו,נ'יאנג יונג,CN,מסכה לפנים חד פעמי 5,יחידה,1.00,יחידה,false,1,9.90,9.90,true,1,
7290114821469,false,כבד דג שיבוט מעושן במיץ טבעי 120 גרם,אופיסר Officer,DK,כבד דג שיבוט מעושן ב,גרמים,120.00,100 גרם,false,1,15.60,13.00,true,1,
7290115072235,false,פרליני שוקולד במארז סוכריה 57.5 גר -מינ,,CN,פרליני שוקולד במארז,גרמים,58.00,100 גרם,false,1,11.90,20.52,true,1,
7290115073683,false,מסכה לפנים חד פעמי מארז 10 יח צבעוניות,,,מסכה לפנים חד פעמי מ,יחידה,1.00,יחידה,false,1,4.90,4.90,true,1,
7290115180251,false,יחידות טבק לחימום אמבר PP קרטוש,פיליפ מוריס,,יחידות טבק לחימום אמ,Unknown,0.00,Unknown,false,1,26.50,26.50,true,1,
7290115180268,false,יחידות טבק לחימום צהוב PP,פיליפ מוריס,IL,יחידות טבק לחימום צה,Unknown,0.00,Unknown,false,1,26.50,26.50,true,1,
7290115180275,false,יחידות טבק לחימום טורקיז PP,פיליפ מוריס,IL,יחידות טבק לחימום טו,Unknown,0.00,Unknown,false,1,26.50,26.50,true,1,
7290115180282,false,יחידות טבק לחימום ברונז PP,פיליפ מוריס,IL,יחידות טבק לחימום בר,Unknown,0.00,Unknown,false,1,26.50,26.50,true,1,
7290115180299,false,יחידות טבק לחימום סיינה PP,פיליפ מוריס,IL,יחידות טבק לחימום סי,Unknown,0.00,Unknown,false,1,26.50,26.50,true,1,
7290115180688,false,יחידות טבק לחימום סגול PP,,,יחידות טבק לחימום סג,Unknown,0.00,Unknown,false,1,26.50,26.50,true,1,
7290115190014,false,סיגריות מרלבורו רד קצר בוקס,פיליפ מוריס,,מרלבורו רד קצר בוקס,Unknown,0.00,Unknown,false,1,35.90,35.90,true,1,
7290115190076,false,סיגריות מרלבורו גולד ארוך 100 בוקס,פיליפ מוריס,,מרלבורו גולד 100 חפי,Unknown,0.00,Unknown,false,1,35.90,35.90,true,1,
7290115190083,false,מרלבורו גולד קצר פאקט,פיליפ מוריס,,מרלבורו גולד PP קרטו,Unknown,0.00,Unknown,false,1,355.00,355.00,true,1,
7290115190090,false,סיגריות מרלבורו גולד קצר בוקס,פיליפ מוריס,,מרלבורו גולד קצר,Unknown,0.00,Unknown,false,1,35.90,35.90,true,1,
7290115190137,false,מלבורו פיין טאצ 7.1 חפיסה,פיליפ מוריס,,מלבורו פיין טאצ 7.1,יחידה,1.00,יחידה,false,1,31.90,31.90,true,1,
7290115190151,false,מלבורו גולד טאצ 7.1 חפיסה,פיליפ מוריס,,מלבורו גולד טאצ 7.1,יחידה,1.00,יחידה,false,1,31.90,31.90,true,1,
7290115190199,false,סיגריות פרלמנט (חפיס,פיליפ מוריס,,פרלמנט ארוך RCB חפיס,Unknown,0.00,Unknown,false,1,41.00,41.00,true,1,
7290115190212,false,פרלמנט ארוך בלו RCB קופסא,פיליפ מוריס,,פרלמנט ארוך בלו RCB,Unknown,0.00,Unknown,false,1,41.00,41.00,true,1,
7290115190236,false,סיגריות פרלמנט קצר בלו,פיליפ מוריס,,פרלמנט קצר בלו חפיסה,Unknown,0.00,Unknown,false,1,41.00,41.00,true,1,
7290115190250,false,סיגריות פרלמנט נייטP,פיליפ מוריס,,פרלמנט נייט PP חפיסה,Unknown,0.00,Unknown,false,1,41.00,41.00,true,1,
7290115190274,false,סיגריות פרלמנט סילבר,פיליפ מוריס,,פרלמנט סילבר חפיסה,Unknown,0.00,Unknown,false,1,41.00,41.00,true,1,
7290115190335,false,ל.מ.בלו לייבל ארוך בוקס חפיסה,פיליפ מוריס,,ל.מ.בלו לייבל ארוך ב,Unknown,0.00,Unknown,false,1,31.90,31.90,true,1,
7290115190359,false,L&M בלו לייבל קצר-חפיסה,פיליפ מוריס,,L&M בלו לייבל קצר-חפ,Unknown,0.00,Unknown,false,1,31.90,31.90,true,1,
7290115190380,false,ל.מ רדPP פאקט סיגריו,פיליפ מוריס,,ל.מ רד PP קרטוש,Unknown,0.00,Unknown,false,1,315.00,315.00,true,1,
7290115190397,false,סיגריות LM רד לייבל קצר,פיליפ מוריס,,ל.מ רדPP חפיסה,Unknown,0.00,Unknown,false,1,31.90,31.90,true,1,
7290115190434,false,סיגריות LM לייט וייב סלימס,פיליפ מוריס,IL,ל.מ וייב PP חפיסה,Unknown,0.00,Unknown,false,1,31.90,31.90,true,1,
7290115190458,false,סיגריות נקסט אדג בוד,פיליפ מוריס,,נקסט ארג חפיסה,Unknown,0.00,Unknown,false,1,24.90,24.90,true,1,
7290115190472,false,סיגריות נקסט פיין אדג',פיליפ מוריס,,נקסט פיין ארג חפיסה,Unknown,0.00,Unknown,false,1,24.90,24.90,true,1,
7290115190496,false,סיגריות נקסט פיין 10,פיליפ מוריס,IL,נקסט פיין 100 חפיסה,Unknown,0.00,Unknown,false,1,29.90,29.90,true,1,
7290115190519,false,סיגריות נקסט פיין חפ,פיליפ מוריס,,נקסט חפיסה,Unknown,0.00,Unknown,false,1,29.90,29.90,true,1,
7290115190533,false,סיגריות נקסט כחול ארוך,פיליפ מוריס,,נקסט 100 ריסס חפיסה,Unknown,0.00,Unknown,false,1,25.90,25.90,true,1,
7290115190564,false,נקסט סלימס לילך פאקט,פיליפ מוריס,,נקסט לילך PP קרטוש,Unknown,0.00,Unknown,false,1,295.00,295.00,true,1,
7290115190595,false,סיגריות נקסט אוריגינ,פיליפ מוריס,,נקסט FF חפיסה,Unknown,0.00,Unknown,false,1,29.90,29.90,true,1,
7290115190892,false,מרלבורו פיוזן קפסולה חפיסה,פיליפ מוריס,IL,מרלבורו פיוזן קפסולה,Unknown,0.00,Unknown,false,1,26.90,26.90,true,1,
7290115200027,false,פתי בר פינוקי שוקו 220 גר' אסם.,DR GERARD,PL,אסם פתי בר פינוקי שו,גרמים,220.00,100 גרם,false,1,10.90,4.95,true,1,
7290115200676,false,עוגיות קרמוגית במילוי קרם בטעם קרמל מלוח,היינץ צפון אמריקה מק,IL,קרמוגית קרמל מלוח 20,גרמים,200.00,100 גרם,false,1,11.40,5.70,true,1,
7290115200881,false,בייגלה אסם שטוחים שומשום במליחות מעודנת 300 גר,,IL,בייגלה שטוחים שומשום,גרמים,300.00,100 גרם,false,1,10.90,3.63,true,1,
7290115201031,false,אסם פתי בר דובי שוקולד 175 גרם,טרופיקל דגיל תעשיות,PL,אסם פתיבר דובי שוקול,גרמים,175.00,100 גרם,false,1,10.90,6.23,true,1,
7290115201451,false,טבעול גורמה לביבות בטטה קארי 455 גרם,טבעול (מקבוצת אסם הש,IL,טבעול גורמה לביבות ב,גרמים,455.00,100 גרם,false,1,34.90,7.67,true,1,
7290115201536,false,טבעול גורמה לביבות כרובית ותפוא 442 גרם,עיצובים 2020 (4.8),IL,טבעול גורמה לביבות כ,גרמים,442.00,100 גרם,false,1,34.90,7.90,true,1,
7290115201680,false,ביסלי ברביקיו 70 גרם,"אסם השקעות בע""מ",IL,ביסלי ברביקיו 70 גרם,גרמים,70.00,100 גרם,false,1,4.20,6.00,true,1,
7290115201703,false,ביסלי בטעם ברביקיו 200 ג' אסם,מיוצר עי קונדיטוריית,IL,ביסלי ברביקיו 200 גר,גרמים,200.00,100 גרם,false,1,7.50,3.75,true,1,
7290115201727,false,ביסלי בטעם בצל 200 ג' אסם,מיוצר עי קונדיטוריית,IL,ביסלי בצל 200 גרם,גרמים,200.00,100 גרם,false,1,7.50,3.75,true,1,
7290115201741,false,ביסלי בטעם בצל 70 גרם,"אסם השקעות בע""מ",IL,ביסלי בטעם בצל 70 גר,גרמים,70.00,100 גרם,false,1,4.20,6.00,true,1,
7290115202236,false,טבעול טופו קראנצים 470 גרם,עיצובים 2020 (4.8),IL,טופו קראנצ טבעול 470,גרמים,470.00,100 גרם,false,1,36.50,7.77,true,1,
7290115202250,false,טבעול טופו קראנצים צ'ילי פיקנטי 470 גרם,טבעול ישראל,IL,טבעול טופו קראנצי,גרמים,470.00,100 גרם,false,1,36.50,7.77,true,1,
7290115202434,false,צבר סלט חומוס עם זעתר 375 גרם,ג'נרל מילס סאן אדריא,IL,חומוס עם זעתר צבר 37,גרמים,375.00,100 גרם,false,1,11.90,3.17,true,1,
7290115202786,false,מנה חמה פאוצ נדלס.אטר.טעם בקר 70 גרם,אסם,IL,מנה חמה פאוצ נדלס.אט,גרמים,70.00,100 גרם,false,1,5.20,7.43,true,1,
7290115202816,false,מנה חמה פאוצ נדלס.אטר.טעם עוף 70 גרם,אסם,IL,מנה חמה פאוצ נדלס.אט,גרמים,70.00,100 גרם,false,1,5.20,7.43,true,1,
7290115202847,false,מנה חמה פאוצ' נדלס ספייסי אסם 70 ג',אסם,IL,מנה חמה פאוצ נודלס ס,גרמים,70.00,100 גרם,false,1,5.20,7.43,true,1,
7290115202939,false,מנה חמה רייס נודלס עוף פטריות 50 ג' אסם,מיוצר עי קונדיטוריית,TH,מנה חמה רייס נודלס ע,גרמים,50.00,100 גרם,false,1,9.40,18.80,true,1,
7290115203134,false,פופקו פופקורן במבה - פופקורן בציפוי קרמל ובוטנים,"אסם השקעות בע""מ",IL,פופקו פופקורן במבה 8,גרמים,80.00,100 גרם,false,1,5.20,6.50,true,1,
7290115203172,false,במבה PRO מכיל 18 גרם חלבון בשקית,"אסם השקעות בע""מ",IL,במבה פרו 80 גרם,גרמים,80.00,100 גרם,false,1,4.30,5.38,true,1,
7290115203486,false,אסם פירורית בטעם ביסלי גריל 200 גרם,עינת תעשיות מזון אגו,IL,אסם פירורית בטעם ביס,גרמים,200.00,100 גרם,false,1,6.40,3.20,true,1,
7290115203806,false,"רוטב בסיס לבישול אסם 290 מ""ל","אסם השקעות בע""מ",IL,"אסם רוטב בסיס 290 מ""",מיליליטרים,290.00,"100 מ""ל",false,1,14.60,5.03,true,1,
7290115204018,false,מנה חמה איטלקי פסטה בסגנון אלפרדו 60 ג' אסם,נסטלה,IL,מנה חמה איטלקי פסטה,גרמים,60.00,100 גרם,false,1,7.30,12.17,true,1,
7290115204056,false,אסם קטשופ 56% פחות סוכר 690 גרם,אסם,IL,קטשופ אסם מופחת סוכר,גרמים,690.00,100 גרם,false,1,10.90,1.58,true,1,
7290115204131,false,צבר סחוג ירוק 6*190גרם חדש,צבר,IL,צבר סחוג ירוק 190 גר,יחידה,1.00,יחידה,false,1,12.90,12.90,true,1,
7290115204155,false,צבר סחוג אדום 6*190גרם חדש,צבר,IL,צבר סחוג אדום 190 גר,יחידה,1.00,יחידה,false,1,12.90,12.90,true,1,
7290115204261,false,אריסה חריפה המעדנייה,צבר,IL,צבר אריסה 190 גרם,יחידה,1.00,יחידה,false,1,12.90,12.90,true,1,
7290115205176,false,פיטנס - קרקר דק כפרי פיטנס 140 גרם,נסטלה Nestle,IL,פיטנס קרקר כפרי 140,גרמים,140.00,100 גרם,false,1,11.90,8.50,true,1,
7290115205251,false,פיטנס בר פריכיות קרמל מלוח 84 גרם,אסם,IL,פיטנס בר פריכיות קרמ,גרמים,84.00,100 גרם,false,1,11.90,14.17,true,1,
7290115205312,false,קרקר פיטנס דק עם זיתי קלמטה ועשבי תיבול,"אסם השקעות בע""מ",IL,פיטנס קרקר זיתים 140,גרמים,140.00,100 גרם,false,1,11.90,8.50,true,1,
7290115205527,false,חטיף פיטנס מולטיגריין עם עדשים 25 גרם,פיטנס,IL,פיטנס חטיף מולטגריין,גרמים,25.00,100 גרם,false,1,4.90,19.60,true,1,
7290115205541,false,חטיף פיטנס מולטיגריין עם חומוס 25 גרם,"אסם השקעות בע""מ",IL,פיטנס חטיף מולטיגריי,גרמים,25.00,100 גרם,false,1,4.90,19.60,true,1,
7290115205633,false,טבעול סנסשיונל/גורמה נקנקיות 350 גר',עיצובים 2020 (4.8),IL,טבעול סנסשיונל נקניק,גרמים,350.00,100 גרם,false,1,27.90,7.97,true,1,
7290115205695,false,אסם בונזור בצק מצונן לפיצה 460 גרם,נסטלה סוויס (שוויץ),IL,אסם בונזור בצק מצונן,גרמים,0.00,100 גרם,false,1,17.70,17.70,true,1,
7290115205718,false,אסם בונזור בצק מצונן עלים 230 גרם,נסטלה סוויס (שוויץ),IL,אסם בונזור בצק מצונן,גרמים,0.00,100 גרם,false,1,15.60,15.60,true,1,
7290115205978,false,פתיבר ואצבעות שוקולד 180 גרם - רבנות,"ד""ר ג'רארד בע""מ",PL,אסם פתי בר אצבעות שו,גרמים,180.00,100 גרם,false,1,10.90,6.06,true,1,
7290115206135,false,טבעול גורמה ארוחת קינואה 450 גרם,טבעול (מקבוצת אסם הש,IL,טבעול גורמה ארוחת קי,גרמים,450.00,100 גרם,false,1,34.90,7.76,true,1,
7290115206531,false,אסם קרמוגית במילוי קרם בייגלה 12*200 גרם,אסם-נסטלה,IL,קרמוגית במילוי קרם ב,גרמים,200.00,100 גרם,false,1,11.40,5.70,true,1,
7290115207484,false,"""המעדניה"" צבר חציל על האש 400 גרם",ג'נרל מילס סאן אדריא,IL,צבר סלט חציל על האש,גרמים,360.00,100 גרם,false,1,18.30,5.08,true,1,
7290115207620,false,"רוטב בסגנון סויה קלאסי 290 מ""ל אסם",אסם,IL,אסם רוטב בסגנון סויה,מיליליטרים,290.00,"100 מ""ל",false,1,14.60,5.03,true,1,
7290115207668,false,"אסם רוטב בסגנון סויה סיני 600 מ""ל",אסם,IL,אסם רוטב בסגנון סויה,מיליליטרים,600.00,"100 מ""ל",false,1,21.90,3.65,true,1,
7290115207682,false,"אסם רוטב בסגנון סויה סיני 290 מ""ל",אסם,IL,אסם רוטב בסגנון סויה,מיליליטרים,290.00,"100 מ""ל",false,1,12.50,4.31,true,1,
7290115207811,false,"טבעול נקניקיות טבעוניות, 418 גרם",עיצובים 2020 (4.8),IL,טבעול נקניקיות טבעונ,גרמים,418.00,100 גרם,false,1,36.50,8.73,true,1,
7290115207880,false,סירופ ויטמינציק פטל 2 ליטר,בית השיטה עסיס תעשיו,IL,סירופ ויטמינציק פטל,ליטרים,0.00,ליטר,false,1,44.90,44.90,true,1,
7290115207941,false,ויטמינצ'יק תרכיז אננס 1 ליטר,בית-השיטה עסיס תעשיו,IL,סירופ ויטמינציק אננס,מיליליטרים,1000.00,"100 מ""ל",false,1,21.90,2.19,true,1,
7290115207989,false,ויטמינצ'יק תרכיז לימון 1 ליטר,בית-השיטה עסיס תעשיו,IL,סירופ ויטמינציק לימו,מיליליטרים,1000.00,"100 מ""ל",false,1,21.90,2.19,true,1,
7290115208009,false,ויטמינצ'יק תרכיז ענבים 1 ליטר,בית-השיטה עסיס תעשיו,IL,סירופ ויטמינציק ענבי,מיליליטרים,1000.00,"100 מ""ל",false,1,21.90,2.19,true,1,
7290115208047,false,ויטמינצ'יק תרכיז פטל 1 ליטר,בית-השיטה עסיס תעשיו,IL,סירופ ויטמינציק פטל,מיליליטרים,1000.00,"100 מ""ל",false,1,21.90,2.19,true,1,
7290115208061,false,ויטמינצ'יק תרכיז תפוח 1 ליטר,בית השיטה עסיס תעשיו,IL,סירופ ויטמינציק תפוח,מיליליטרים,1000.00,"100 מ""ל",false,1,21.90,2.19,true,1,
7290115208320,false,אפרופו חטיף בטעם ביסלי בצל 50 גרם,"אסם השקעות בע""מ",IL,אפרופו בטעם ביסלי בצ,גרמים,50.00,100 גרם,false,1,5.00,10.00,true,1,
7290115208344,false,אסם בייגלה כפיות שמנת בצל 300 גרם,אסם,IL,אסם בייגלה כפיות שמנ,גרמים,300.00,100 גרם,false,1,10.90,3.63,true,1,
7290115208849,false,"מנה חמה פסטה מוקרמת ט.עוף בד""צ 55גר",נסטלה,IL,מנה חמה פירה עם בטטה,גרמים,51.00,100 גרם,false,1,7.30,14.31,true,1,
7290115209198,false,במבה אורירית 80 ג' אסם,אסם השקעות בעמ,IL,במבה אורירית 80 גרם,גרמים,80.00,100 גרם,false,1,4.30,5.38,true,1,
7290115209235,false,פתי בר קפה 500 גרם אסם,אסם,IL,אסם פתי בר קפה 500 ג,גרמים,500.00,100 גרם,false,1,13.90,2.78,true,1,
7290115250503,false,קרקר כוסמין שום ועשבי תיבול שקית 225 גרם,פת במלח,IL,קרקר כוסמין שום ועשב,גרמים,225.00,100 גרם,false,1,26.50,11.78,true,1,
7290115250527,false,קרקר חומוס 225 גרם,,IL,קרקר חומוס 225 גרם,גרמים,225.00,100 גרם,false,1,26.50,11.78,true,1,
7290115405088,false,קינוח אישי קדאיף קפולסקי 200 גרם,קפולסקי אדל בעמ,IL,קינוח אישי קדאיף קפו,גרמים,200.00,100 גרם,false,1,15.90,7.95,true,1,
7290115405118,false,קינוח אישי גבינה תענוג תות קפולסקי 200 ג,קפולסקי אדל בעמ,IL,קינוח אישי גבינה תענ,גרמים,200.00,100 גרם,false,1,15.90,7.95,true,1,
7290115405774,false,פחזניות ממולאות בטעם וניל קפולסקי 180 גר,תופינים מקבוצת קפולס,IL,פחזניות ממולאות בטעם,גרמים,180.00,100 גרם,false,1,15.90,8.83,true,1,
7290115405811,false,גבינה עוגיות קפולסקי 200 גרם,קפולסקי אדל בעמ,IL,גבינה עוגיות קפולסקי,גרמים,200.00,100 גרם,false,1,15.90,7.95,true,1,
7290115405828,false,קינוח אישי גבינה אוכמניות קפולסקי 200 גר,קפולסקי אדל בעמ,IL,קינוח אישי גבינה אוכ,גרמים,200.00,100 גרם,false,1,15.90,7.95,true,1,
7290115671155,false,שלישיית סוכריות FRESH ענבים 45 ג' בזוקה,הליקון גידה,TR,שלישיית סוכריות ענבי,גרמים,45.00,100 גרם,false,1,9.50,21.11,true,1,
7290115671223,false,מסטיק מאסט פאן בצנצנת אבטיח מנגו,אסקום קונפקשיין,DE,מאסט פאן אבטיח מנגו,גרמים,58.00,100 גרם,false,1,8.90,15.34,true,1,
7290115671339,false,מיני פינוקיות בראוניז בייגל בוטן עלית 180 ג' עלית,הגביע מוצרי ופלים בע,IL,מיני פינוקיות בראוני,גרמים,180.00,100 גרם,false,1,12.50,6.94,true,1,
7290115671421,false,פולי אספרסו עשירים וארומטיים עוצמה 10 250 ג' עלית,שטראוס קפה בי.וי,IL,פולי אספרסו עשירים ו,גרמים,250.00,100 גרם,false,1,24.90,9.96,true,1,
7290115675559,false,מארז קפה טורקי לדרך 70ג' עלית,שטראוס קפה בי.וי.,IL,מארז טורקי לדרך 70 ג,גרמים,70.00,100 גרם,false,1,9.40,13.43,true,1,
7290115675702,false,דגני בוקר קראנצ'ים שיבולת שועל עם פירות מיובשים,גלידות שטראוס,IL,קוואקר פירות 375 גר,גרמים,375.00,100 גרם,false,1,17.90,4.77,true,1,
7290115675719,false,דגני בוקר קראנצ'ים שיבולת שועל וחתיכות שוקולד מריר,BEVERAGES FOODS & SE,US,קוואקר שוקולד 375 גר,גרמים,375.00,100 גרם,false,1,17.90,4.77,true,1,
7290115675986,false,יוגורט עם אגוזי לוז ושקדים בקרמל מלוח 4.5%,"שטראוס בריאות בע""מ",IL,דנונה בר אגוזים מקור,גרמים,180.00,100 גרם,false,1,4.30,2.39,true,1,
7290115676037,false,דנונה ריפרש יוגורט עם תות ודומדמניות 1.6% שומן,מיוצר עי קונדיטוריית,IL,דנונה ריפרש תות דומד,מיליליטרים,250.00,"100 מ""ל",false,1,6.50,2.60,true,1,
7290115676051,false,"אקטיביה משקה+שיבולת שועל במתיקות מעודנת 250 מ""ל",מיוצר עי קונדיטוריית,IL,משקה אקטיביה ש. שועל,גרמים,265.00,100 גרם,false,1,6.00,2.26,true,1,
7290115676082,false,משקה דנונה פרו 20 יוגורט תות 255 ג' רבנות,"שטראוס בריאות בע""מ.",IL,משקה דנונה פרו 20 תו,מיליליטרים,265.00,"100 מ""ל",false,1,7.90,2.98,true,1,
7290115676273,false,אבקת קקאו 500 גרם +10% עלית,שטראוס גרופ,IL,קקאו 500 גרם +10% 55,גרמים,550.00,100 גרם,false,1,23.90,4.35,true,1,
7290115677089,false,קונפיטורת יד מרדכי תפוח וקינמון 340 גרם,"בית אל מזון בע""מ",IL,קונפיטורת יד מרדכי ת,גרמים,340.00,100 גרם,false,1,13.50,3.97,true,1,
7290115677140,false,תפוצ'יפס WAVY פפריקה 200 גרם,שטראוס פריטו ליי בע”,IL,תפוציפס פפריקה 200 ג,גרמים,200.00,100 גרם,false,1,9.90,4.95,true,1,
7290115677362,false,נודלס טריאקי דלישס 350 גרם,"טרופיקל דגיל בע""מ אז",IL,נודלס טריאקי דלישס 3,גרמים,350.00,100 גרם,false,1,28.50,8.14,true,1,
7290115678222,false,מארז 8 גביעים יוגורט Greek בסגנון יווני 6.5% שומן,דנונה - שטראוס,IL,מארז שמיניית דנונה י,גרמים,1000.00,100 גרם,false,1,25.90,2.59,true,1,
7290115678376,false,מעדן הגולן שוקולד 125 גרם,מיוצר עי קונדיטוריית,IL,מעדן הגולן שוקולד,גרמים,125.00,100 גרם,false,1,3.30,2.64,true,1,
7290115678383,false,מעדן הגולן שוקולד מריר 125 גרם,מיוצר עי קונדיטוריית,IL,מעדן הגולן שוקולד,גרמים,125.00,100 גרם,false,1,3.30,2.64,true,1,
7290115678635,false,נשנושי גבינה -גבינת שמנת 16%+כעכים שטוחים עם מלח,"מחלבת טבע עז בע""מ",IL,נשנושי גבינה 25% עם,גרמים,67.00,100 גרם,false,1,11.90,17.76,true,1,
7290115678642,false,נשנושי גבינה 16% עם חטיף אפוי עם זיתים 67 ג' שטראוס,"מחלבת טבע עז בע""מ",IL,נשנושי גבינה 25% חטי,גרמים,67.00,100 גרם,false,1,11.90,17.76,true,1,
7290115678970,false,מארז סוכריות FRESH בטעם בזוקה עלית 3*15 ג',הליקון גידה,TR,שלישיית סוכריות בזוק,גרמים,45.00,100 גרם,false,1,9.50,21.11,true,1,
7290115679878,false,פיצה מבצק עם סלק דלישס 320 גרם,גסטרונומיה פרוסט אס.,IT,פיצה מבצק עם סלק דלי,גרמים,320.00,100 גרם,false,1,27.90,8.72,true,1,
7290116244044,false,מיניונים אצבעות שוקולד חלב 84 גרם,,NL,מיניונים אצבעות שוקו,יחידה,1.00,יחידה,false,1,7.90,7.90,true,1,
7290116530000,false,"דאב - תרחיץ פנים מרענן בניחוח מלפפון ותה ירוק 180 מ""ל",אתר ליוור - HPC,IL,תרחיץ פנים דאב מרענן,מיליליטרים,180.00,"100 מ""ל",false,1,16.90,9.39,true,1,
7290116530161,false,"תחליב רחצה שייק אננס , מלון וחלב פינוק 700 מ""ל",יוניליוור ישראל טיפו,IL,תחליב רחצה פינוק אנס,מיליליטרים,700.00,"100 מ""ל",false,1,15.60,2.23,true,1,
7290116530185,false,דגני בוקר דלישקד קרמל מלוח 400 ג' תלמה,יוניליוור שפע ישראל,IL,דלישקד קרמל מלוח 400,גרמים,400.00,100 גרם,false,1,20.90,5.23,true,1,
7290116530222,false,דאודרנט סטיק לגבר אנרכי 76 ג' אקס,אקס Axe,US,דאו סטיק לגבר אנרכי,גרמים,77.00,100 גרם,false,1,18.90,24.55,true,1,
7290116530239,false,אקס דאו סטיק לגבר בלאק 7 גרם,אקס Axe,US,דאו סטיק לגבר בלאק,גרמים,77.00,100 גרם,false,1,18.90,24.55,true,1,
7290116530871,false,מיקס נשנושים 240 ג' בייגל בייגל,בייגל בייגל BB,IL,נשנושים חטיף מיקס 24,גרמים,240.00,100 גרם,false,1,12.70,5.29,true,1,
7290116531021,false,"שוקולד חלב ורד הגליל 100 גרם כשל""פ",יוניליוור ישראל מזון,IL,ורד הגליל שוקולד חלב,גרמים,100.00,100 גרם,false,1,5.50,5.50,true,1,
7290116531250,false,שמפו פינוק למניעת קשקשים תמציות צמחים700,,IL,שמפו פינוק למניעת קש,מיליליטרים,700.00,"100 מ""ל",false,1,14.30,2.04,true,1,
7290116531557,false,"פריכיות פתית תירס עם מלח 150 גרם כשל""פ",גוד פוד פרודקטס,PL,מאגדת פתית פריכיות ת,גרמים,150.00,100 גרם,false,1,13.90,9.27,true,1,
7290116531588,false,מגבונים סיף לניקוי בניחוח מרכך כביסה 50 יח',,IL,מט.לחות סיף לנ.כללי,Unknown,0.00,Unknown,false,1,10.90,10.90,true,1,
7290116531595,false,מגבונים סיף לניקוי בניחוח מאסק 50 יח',,IL,מט.לחות סיף לנ.כללי,Unknown,0.00,Unknown,false,1,10.90,10.90,true,1,
7290116531762,false,בדין - דפים למייבש כביסה ורוד 40 יחידות,"קלינטסט - 3p ארה""ב",US,בדין נייר למייבש ורו,Unknown,0.00,Unknown,false,1,17.90,17.90,true,1,
7290116531885,false,מיונז טבעוני הלמנס 500 גרם,יוניליוור ישראל מזון,IL,מיונז טבעוני הלמנס 5,גרמים,500.00,100 גרם,false,1,15.50,3.10,true,1,
7290116531977,false,"דאו ספריי סקייט וורדים 150 מ""ל אקס",יוניליוור,GB,דאו אקס ספריי סקייט,מיליליטרים,150.00,"100 מ""ל",false,1,20.90,13.93,true,1,
7290116532264,false,מאגדת גודיז פרי אפרסק יוגורט בציפוי 300 ג' שטראוס,"גלידת שטראוס בע""מ, ר",IL,גודיז פרי אפרסק 300,גרמים,300.00,100 גרם,false,1,28.50,9.50,true,1,
7290116532585,false,ברנפלקס קרנצים דבש וקינמון 375 גרם,יוניליוור שפע ישראל,IL,ברנפלקס קרנצים דבש ו,גרמים,375.00,100 גרם,false,1,20.90,5.57,true,1,
7290116532738,false,רוטב לסלט הלמנס איטלקי בז' ואורגנו 305 ג,אתר חיפה ממרחים - Fo,IL,הלמנס רוטב איטלקי 29,גרמים,295.00,100 גרם,false,1,12.50,4.24,true,1,
7290116532769,false,"גרנולה פרוטאין בתוספת חלבון, תפוח וקינמון",תלמה,IL,גרנולה פרוטאין ת.חלב,גרמים,300.00,100 גרם,false,1,19.80,6.60,true,1,
7290116532882,false,נישנושים איירביס בצל 155 גרם,אתר בייגל - Food,IL,נשנושים איירביס בצל,גרמים,155.00,100 גרם,false,1,12.70,8.19,true,1,
7290116532899,false,נישנושים איירביס פלאפל 155 גרם,אתר בייגל - Food,IL,נשנושים איירביס פלאפ,גרמים,155.00,100 גרם,false,1,12.70,8.19,true,1,
7290116533063,false,דגני בוקר שוגי קרטיב ענבים 400 גרם,אתר שפע - Food,IL,דגני בוקר שוגי קרטיב,גרמים,400.00,100 גרם,false,1,20.90,5.23,true,1,
7290116533216,false,"קנור מרק תיבול ירקות 235 מ""ל",יוניליוור,IL,מרק ירקות קנור 235 ג,גרמים,235.00,100 גרם,false,1,19.80,8.43,true,1,
7290116930015,false,חטיף חלבון GO קרמל ח.בוטנים קריספי 20 גרם חלבון,בלמונט קונפקציות,IL,GO חטיף חלבון קרמל מ,גרמים,60.00,100 גרם,false,1,11.90,19.83,true,1,
7290116930022,false,חטיף חלבון GO קרם עוגיות ציפוי קריספי 20 גרם,בלמונט קונפקציות,IL,GO חטיף חלבון קרם עו,גרמים,60.00,100 גרם,false,1,11.90,19.83,true,1,
7290116930282,false,ארוחה בקטנה לאבנה עם קרקרים 150ג' תנובה,תנובה,IL,ארוחה בקטנה לאבנה עם,גרמים,150.00,100 גרם,false,1,7.90,5.27,true,1,
7290116930435,false,יוגורט יופלה GO במרקם סמיך עם דובדבן 0%,תנובה מרכז שיתופי לש,IL,יוגורט גו סמיך דובדב,מיליליטרים,200.00,"100 מ""ל",false,1,6.20,3.10,true,1,
7290116930459,false,"יופלה שייק מנגו בננה אננס וקוקוס 230 מ""ל",קבוצת המזון אקטשלאר,IL,יופלה שייק מנגו בננה,מיליליטרים,230.00,"100 מ""ל",false,1,8.50,3.70,true,1,
7290116930466,false,"משקה SHAKE בננה מנגן פסיפלורה והל 230 מ""ל יופלה",קבוצת המזון אקטשלאר,IL,יופלה שייק מנגו בננה,מיליליטרים,230.00,"100 מ""ל",false,1,8.50,3.70,true,1,
7290116930626,false,ארוחה בקטנה ציזיקי עם קרקרים 150ג' תנובה,תנובה,IL,ארוחה בקטנה ציזיקי ע,גרמים,150.00,100 גרם,false,1,7.90,5.27,true,1,
7290116930657,false,משקה חלב גו בטעם בננה תמר עם ש. שועל 340,תנובה מרכז שיתופי לש,IL,משקה חלב גו בטעם בננ,מיליליטרים,340.00,"100 מ""ל",false,1,8.90,2.62,true,1,
7290116930701,false,מעדן חלב GO מועשר בחלבון בטעם קרמל מלוח,תנובה מרכז שיתופי לש,IL,מעדן חלב go בטעם קרמ,גרמים,120.00,100 גרם,false,1,5.10,4.25,true,1,
7290116930954,false,יוגורט טעם פאי תפוחים 3% 150 ג' יופלה,"תנובה בע""מ",IL,יופלה בטעם פאי תפוחי,גרמים,150.00,100 גרם,false,1,5.20,3.47,true,1,
7290116931012,false,יופלה דיאט 0% שומן תפוח וקינמון 150 גרם,תנובה מרכז שיתופי לש,IL,דיאט יופלה 0% שומן ת,גרמים,150.00,100 גרם,false,1,5.20,3.47,true,1,
7290116931081,false,מעדן סויה - טופי קרמל 125 גרם אלטרנטיב,תנובה מרכז שיתופי לש,IL,מעדן סויה בטעם טופי,גרמים,125.00,100 גרם,false,1,4.60,3.68,true,1,
7290116931159,false,יופלה דיאט 0% שומן תות בננה 150 גרם,תנובה מרכז שיתופי לש,IL,דיאט יופלה 0% שומן ת,גרמים,150.00,100 גרם,false,1,5.20,3.47,true,1,
7290117260043,false,ריבת עלי ורדים 380 ג' ויליפוד,וילי פוד,TR,ריבת עלי ורדים 380 ג,גרמים,380.00,100 גרם,false,1,9.90,2.61,true,1,
7290117260227,false,קפה טורקי אמיתי מטורקיה 100 גרם,נאון סאנאי,TR,קפה טורקי אמיתי מטור,גרמים,100.00,100 גרם,false,1,5.90,5.90,true,1,
7290117260234,false,"קפה טורקי אמיתי מטורקיה, שלישיה 3 * 100 גרם",נאון סאנאי,TR,קפה טורקי אמיתי מטור,גרמים,300.00,100 גרם,false,1,14.90,4.97,true,1,
7290117260449,false,גבינה בולגרית מעודנת למריחה בטעם טבעי 5% שומן 200 ג' יורו,"חת""ס",IL,גבינה בולגרית מעודנת,גרמים,200.00,100 גרם,false,1,11.90,5.95,true,1,
7290117260456,false,גבינה בולגרית מעודנת למריחה עם זיתים 5% שומן 200 ג' יורו,"חת""ס",IL,גבינה בולגרית מעודנת,גרמים,200.00,100 גרם,false,1,11.90,5.95,true,1,
7290117260463,false,גבינה בולגרית מעודנת למריחה עם חלפיניו 5% שומן 200 ג' יורו,Euro יורו מחלבות אירופה,IL,גבינה בולגרית מעודנת,גרמים,200.00,100 גרם,false,1,11.90,5.95,true,1,
7290117260470,false,גבינה בולגרית מעודנת למריחה עם שום 5% שומן 200 ג' יורו,"חת""ס",IL,גבינה בולגרית מעודנת,גרמים,200.00,100 גרם,false,1,11.90,5.95,true,1,
7290117260487,false,"ניוקי תפו""א מצונן 500 גרם ויליפוד",סיימה,IT,ניוקי תפוח אדמה מצונ,גרמים,500.00,100 גרם,false,1,15.90,3.18,true,1,
7290117260975,false,זיתי קלמטה מגולענים במי מלח וילי פוד350,,TR,זיתי קלמטה מגולענים,גרמים,350.00,100 גרם,false,1,8.90,2.54,true,1,
7290117260982,false,זיתים שחור מגולענים במי מלח וילי פוד300,,TR,זיתים שחור מגולענים,גרמים,300.00,100 גרם,false,1,8.90,2.97,true,1,
7290117261019,false,זיתים ירוקים ממולאים עם פלפלים 300 גרם ויליפוד,,TR,זיתים ירוק ממולאים מ,גרמים,300.00,100 גרם,false,1,8.90,2.97,true,1,
7290117261026,false,זיתים ירוקים מגולענים במי מלח 300 גרם ויליפוד,,TR,זיתים ירוק מגולענים,גרמים,300.00,100 גרם,false,1,8.90,2.97,true,1,
7290117261033,false,זיתים שחורים מיובשים בסגנון טאסוס 200 גרם,,TR,זיתים שחורים מיובשים,גרמים,200.00,100 גרם,false,1,8.90,4.45,true,1,
7290117261088,false,בוראטה גבינת מוצרלה רכה 125ג' 18%שומן,קסריה להפואנטה,ES,בוראטה גבינת מוצרלה,גרמים,150.00,100 גרם,false,1,21.90,14.60,true,1,
7290117261354,false,גבינת ריקוטה 200 גרם 5%שומן מחלבת אירופה,באלבן גידה סנאי,TR,גבינת ריקוטה 200 גרם,גרמים,200.00,100 גרם,false,1,11.90,5.95,true,1,
7290117261422,false,EURO יוגורט פרוביוטי עם תות שדה 2% 125 גרם,Euro יורו מחלבות אירופה,TR,יוגורט פרוביוטי עם ת,גרמים,125.00,100 גרם,false,1,3.20,2.56,true,1,
7290117261439,false,EURO יוגורט פרוביוטי עם פירות יער 2% 125 גרם,Euro יורו מחלבות אירופה,TR,יוגורט פרוביוטי עם פ,גרמים,125.00,100 גרם,false,1,3.20,2.56,true,1,
7290117261446,false,יוגורט פרוביוטי עם אפרסק ומשמש 2%שומן 125ג',Euro יורו מחלבות אירופה,TR,יוגורט פרוביוטי עם א,גרמים,125.00,100 גרם,false,1,3.20,2.56,true,1,
7290117261521,false,סלמון אטלנטי בשמן קנולה וילי פוד 120 גר,וילי פוד,LV,סלמון אטלנטי בשמן קנ,גרמים,120.00,100 גרם,false,1,13.90,11.58,true,1,
7290117261569,false,סלמון אטלנטי מעושן קנולה וילי פוד 120 גר,וילי פוד,LV,סלמון אטלנטי מעושן ק,גרמים,120.00,100 גרם,false,1,13.90,11.58,true,1,
7290117261583,false,סרדינים בריסלינג מעושנים בשמן קנולה 129 גרם (צנצנת),ליסיט,LV,סרדינים בריסלינג מעו,גרמים,185.00,100 גרם,false,1,13.90,7.51,true,1,
7290117261637,false,פרוסות צהובה בטעם צילי טבעוני 140 גרם,קוליוס,GR,פרוסות צהובה בטעם צי,גרמים,140.00,100 גרם,false,1,14.90,10.64,true,1,
7290117261644,false,פרוסות צהובה בטעם צדר טבעוני 140 גרם,קוליוס,GR,פרוסות צהובה בטעם צד,גרמים,140.00,100 גרם,false,1,14.90,10.64,true,1,
7290117261675,false,מגורדת טבעונית בטעם צ'דר 200 גרם,קוליוס,GR,מגורדת בטעם צדר טבעו,גרמים,200.00,100 גרם,false,1,16.90,8.45,true,1,
7290117261989,false,גבינת מנורי רכה מחלב צאן 43% שומן 170 גרם,קוליוס,GR,גבינת מנוריי רכה מחל,גרמים,70.00,100 גרם,false,1,16.90,24.14,true,1,
7290117262160,false,גבינה כפרית חצי קשה 200ג' 20%שומן,דאלריט,ES,גבינת כפרית חצי קשה,גרמים,200.00,100 גרם,false,0,14.90,7.45,true,1,
7290117262221,false,"משקה יוגורט פרוביוטי עם אננס 200מ""ל 2.3%שומן יורו",Euro יורו מחלבות אירופה,TR,משקה יוגורט פרוביוטי,מיליליטרים,200.00,"100 מ""ל",false,1,6.20,3.10,true,1,
7290117262238,false,"משקה יוגורט פרוביוטי עם תות שדה 200מ""ל 2.3%שומן יורו",Euro יורו מחלבות אירופה,TR,משקה יוגורט עם תות ש,מיליליטרים,200.00,"100 מ""ל",false,1,6.20,3.10,true,1,
7290117262245,false,"משקה יוגורט פרוביוטי עם אפרסק ומשמש 200מ""ל 2.3%שומן יורו",Euro יורו מחלבות אירופה,TR,משקה יוגורט עם אפרסק,מיליליטרים,200.00,"100 מ""ל",false,1,6.20,3.10,true,1,
7290117262931,false,קינוחבטעם מנגו 85 גרם,איטלג'לטו,IT,קינוח בטעם מנגו 85 ג,גרמים,85.00,100 גרם,false,1,9.90,11.65,true,1,
7290117262948,false,קינוח בטעם טירמיסו 85 גרם,איטלג'לטו,IT,קינוח בטעם טירמיסו 8,גרמים,85.00,100 גרם,false,1,9.90,11.65,true,1,
7290117262955,false,קינוח בטעם שוקולד בלגי 85 גרם,איטלג'לטו,IT,קינוח בטעם שוקולד בל,גרמים,85.00,100 גרם,false,1,9.90,11.65,true,1,
7290117262962,false,קינוח בטעם שוקולד קרמל 85 גרם,איטלג'לטו,IT,קינוח בטעם שוקולד קר,גרמים,85.00,100 גרם,false,1,9.90,11.65,true,1,
7290117262979,false,קינוח בטעם שוקולד ופירות יער 85 גרם,איטלג'לטו,IT,קינוח בטעם שוקולד ופ,גרמים,85.00,100 גרם,false,1,9.90,11.65,true,1,
7290117263327,false,פלפלים אדומים ממולאים גבינת שמנת 220 גרם,פיקולוס,GR,פלפלים אדומים ממולאי,גרמים,220.00,100 גרם,false,1,17.90,8.14,true,1,
7290117380154,false,"מאסטר שף רוטב אסיאתי עם סויה 260 מ""ל",Remia CV,NL,רוטב אסייתי סויה מאס,מיליליטרים,264.00,"100 מ""ל",false,1,9.90,3.75,true,1,
7290117380178,false,טוויסט פוף שוקולד חלב 50 גרם,"טחנת האבן תעשיות בע""",IL,טוויסט פוף שוקולד חל,גרמים,50.00,100 גרם,false,1,4.90,9.80,true,1,
7290117380192,false,חטיף פוף קראנץ בטעם גריל 60 גרם,מנה,IL,חטיף פוף קראנץ בטעם,גרמים,60.00,100 גרם,false,1,4.60,7.67,true,1,
7290117380864,false,עוגות בראוניס אישיות בטעם שוקולד 120 ג' סלים דליס פייבר,הלמה הלום,NL,סלים דליס פייבר עוגי,גרמים,120.00,100 גרם,false,1,10.90,9.08,true,1,
7290117380871,false,עוגות אישיות בטעם אוכמניות 120 ג' סלים דליס פייבר,הלמה הלום,NL,סלים דליס פייבר עוגי,גרמים,120.00,100 גרם,false,1,10.90,9.08,true,1,
7290117381182,false,"רוטב סריראצה מאסטר שף 360 מ""ל",תאי סופרים סוד,TH,רוטב סריראצה מאסטר ש,מיליליטרים,360.00,"100 מ""ל",false,1,15.90,4.42,true,1,
7290117381229,false,פוף פריכיות מצופות שוקולד חלב 70 ג,בנליאן פודס,RS,פוף פריכיות מ.שוקולד,גרמים,70.00,100 גרם,false,1,7.50,10.71,true,1,
7290117382325,false,סלים דליס - פרו 33 חטיף חלבון מצופה שוקולד חלב 60 גרם,"י. מרבה ישראל בע""מ",IT,חטיף חלבון מ.שוקולד,גרמים,60.00,100 גרם,false,1,12.90,21.50,true,1,
7290117382332,false,סלים דליס - חטיף חלבון מצופה שוקולד בטעם עוגיות 60 גרם,"י. מרבה ישראל בע""מ",IT,חטיף חלבון מ.שוקו עו,גרמים,60.00,100 גרם,false,1,12.90,21.50,true,1,
7290117383728,false,"מארז זוג תחליב רחצה לומינוס  אבוקדו 750 מ""ל פלמוליב",קולגייט פלמוליב,TR,פלמוליב לומינוס אבוק,Unknown,0.00,Unknown,false,1,30.00,30.00,true,1,
7290117860038,false,"הוואי - תחליב רחצה יוגורט בניחוח אוכמניות 700 מ""ל","טרופיקל גליל בע""מ",IL,הוואי תחליב רחצה יוג,מיליליטרים,700.00,"100 מ""ל",false,1,14.90,2.13,true,1,
7290117860144,false,שמפו למניעת קשקשים לשימוש יומיומי,"טרופיקל גליל בע""מ",IL,שמפו הוואי למניעת קש,מיליליטרים,700.00,"100 מ""ל",false,1,14.90,2.13,true,1,
7290117860182,false,"הוואי - תחליב רחצה בניחוח מגנוליה ושמן שקדים 700 מ""ל","טרופיקל גליל בע""מ",IL,הוואי תחליב רחצה מג,מיליליטרים,700.00,"100 מ""ל",false,1,14.90,2.13,true,1,
7290117860236,false,"הוואי - קרם רחצה בניחוח ויולה ורודה 700 מ""ל","טרופיקל גליל בע""מ",IL,הוואי קרם רחצה בניחו,מיליליטרים,700.00,"100 מ""ל",false,1,14.90,2.13,true,1,
7290117860298,false,שמפו קומפלקס קרטין לשיער עדין או חלש,"טרופיקל גליל בע""מ",IL,שמפו הוואי קרטין מחז,מיליליטרים,700.00,"100 מ""ל",false,1,14.90,2.13,true,1,
7290117860335,false,"ג'ל רחצה לגבר בניחוח מעורר 700 מ""ל הוואי","טרופיקל גליל בע""מ",IL,הוואי גל רחצה לגבר ב,מיליליטרים,700.00,"100 מ""ל",false,1,14.90,2.13,true,1,
7290117860342,false,מרכך קומפלקס קרטין לשיער עדין או חלש,"טרופיקל גליל בע""מ",IL,מרכך הוואי קרטין מחז,מיליליטרים,700.00,"100 מ""ל",false,1,14.90,2.13,true,1,
7290117860441,false,"מרכך פריחת הדובדבן 700 מ""ל הוואי","טרופיקל גליל בע""מ",IL,מרכך הוואי פריחת הדו,מיליליטרים,700.00,"100 מ""ל",false,1,14.90,2.13,true,1,
7290117860496,false,שמפו + מרכך 2 ב 1 לגבר תמצית ג'ינג'ר,"טרופיקל גליל בע""מ",IL,שמפו+מרכך הוואי לגבר,מיליליטרים,700.00,"100 מ""ל",false,1,14.90,2.13,true,1,
7290117860649,false,"שמפו קרטין, שמן קיק ומי ורדים","טרופיקל גליל בע""מ",IL,שמפו הוואי ללא סולפט,מיליליטרים,700.00,"100 מ""ל",false,1,14.90,2.13,true,1,
7290117860748,false,שמפו תמצית יסמין מעניק נפח לשיער דק,"טרופיקל גליל בע""מ",IL,שמפו הוואי מעניק נפח,מיליליטרים,700.00,"100 מ""ל",false,1,14.90,2.13,true,1,
7290117860793,false,מרכך תמצית יסמין מעניק נפח לשיער דק,"טרופיקל גליל בע""מ",IL,מרכך הוואי מעניק נפח,מיליליטרים,700.00,"100 מ""ל",false,1,14.90,2.13,true,1,
7290117860892,false,"הוואי - תחליב רחצה יוגורט בניחוח וניל ודבש 700 מ""ל","טרופיקל גליל בע""מ",IL,הוואי תחליב רחצה בני,מיליליטרים,700.00,"100 מ""ל",false,1,14.90,2.13,true,1,
7290117860946,false,"תחליב רחצה יוגורט בניחוח קוקוס 700 מ""ל הוואי","טרופיקל גליל בע""מ",IL,הוואי תחליב רחצה יוג,מיליליטרים,700.00,"100 מ""ל",false,1,14.90,2.13,true,1,
7290117860991,false,"תחליב רחצה יוגורט בניחוח שקדים 700 מ""ל הוואי","טרופיקל גליל בע""מ",IL,הוואי תחליב רחצה יוג,מיליליטרים,700.00,"100 מ""ל",false,1,14.90,2.13,true,1,
7290117900956,false,תערובת פיצוחים קלויים 180 גרם,,IL,תערובת פיצוחים קלויי,גרמים,180.00,100 גרם,false,1,15.00,8.33,true,1,
7290117900987,false,אגוזי פקאן קלוף 140 גרם,,IL,אגוזי פקאן קלוף 140,גרמים,140.00,100 גרם,false,1,15.90,11.36,true,1,
7290117900994,false,פקאן סיני מסוכר 140 גרם,,IL,פקאן סיני מסוכר 140,גרמים,140.00,100 גרם,false,1,15.00,10.71,true,1,
7290117901007,false,פיסטוקים קלויים 130 גרם,,IL,פיסטוקים קלויים 130,גרמים,130.00,100 גרם,false,1,15.00,11.54,true,1,
7290117901014,false,אגוזי קשיו קלויים,,IL,קשיו קלוי 160 גרם,גרמים,160.00,100 גרם,false,1,15.00,9.38,true,1,
7290117901045,false,בוטן רביולי 200 גרם.,,IL,בוטן רביולי 200 גרם,גרמים,200.00,100 גרם,false,1,15.00,7.50,true,1,
7290118420071,false,במבה ביסלי ברביקיו מיקס 80ג' אסם,"אסם השקעות בע""מ",IL,במבה ביסלי ברביקיו מ,גרמים,80.00,100 גרם,false,1,4.30,5.38,true,1,
7290118420378,false,פתיבר פינוקים בטעם תותים בשמנת - חלבי,דר גררד,IL,אסם פתי בר פינוקים ת,גרמים,220.00,100 גרם,false,1,10.90,4.95,true,1,
7290118420514,false,אסם אינסטנט פודינג נוגט 75 גרם,"אסם השקעות בע""מ",IL,אסם אינסטנט פודינג נ,גרמים,75.00,100 גרם,false,1,5.20,6.93,true,1,
7290900010367,false,טורטייה שמינייה משקל נקי 360 ג' Avel,Turka Invest,PL,טורטייה שמינייה 360,גרמים,360.00,100 גרם,false,1,8.90,2.47,true,1,
7291061153108,false,שמפניירה טבעות 27,,,שמפניירה טבעות 27,קילוגרמים,0.00,"ק""ג",false,1,229.00,229.00,true,1,
7291061187516,false,סוכרון פסים מוכסף,,,סוכרון פסים מוכסף,קילוגרמים,0.00,"ק""ג",false,1,89.90,89.90,true,1,
7291061187707,false,מאפרה ברונזה,,,מאפרה ברונזה,קילוגרמים,0.00,"ק""ג",false,1,89.90,89.90,true,1,
7291061202509,false,מגש מראה ברונזה 25,,,מגש מראה ברונזה 25,Unknown,0.00,Unknown,false,1,229.00,229.00,true,1,
7291061208839,false,זוג מלחיות חתולים מוזהב,,,זוג מלחיות חתולים מו,קילוגרמים,0.00,"ק""ג",false,1,99.90,99.90,true,1,
7291061243601,false,זוג פמוטים קריסטל,,,זוג פמוטים קריסטל,קילוגרמים,0.00,"ק""ג",false,1,64.90,64.90,true,1,
7291061332114,false,נר ריחני שחור 7.5,,,נר ריחני שחור 7.5,Unknown,0.00,Unknown,false,1,15.90,15.90,true,1,
7291061332169,false,נר ריחני שנהב 7.5,,,נר ריחני שנהב 7.5,Unknown,0.00,Unknown,false,1,15.90,15.90,true,1,
7291061332411,false,נר ריחני שחור 10*9,,,נר ריחני שחור 10*9,Unknown,0.00,Unknown,false,1,39.90,39.90,true,1,
7291061344605,false,קופסא קריסטל+מכסה 9,,,קופסא קריסטל+מכסה 9,Unknown,0.00,Unknown,false,1,119.90,119.90,true,1,
7291061360902,false,מעמד לנר כלוב 57 כסו,,,מעמד לנר כלוב 57 כסו,Unknown,0.00,Unknown,false,1,199.90,199.90,true,1,
7291061360919,false,מעמד לנר כלוב 52 כסו,,,מעמד לנר כלוב 52 כסו,Unknown,0.00,Unknown,false,1,189.90,189.90,true,1,
7291061363712,false,חרצית פוקסיה 62,,,חרצית פוקסיה 62,Unknown,0.00,Unknown,false,1,54.90,54.90,true,1,
7291061372004,false,זוג פמוטי קריסטל 8 א,,,זוג פמוטי קריסטל 8 א,Unknown,0.00,Unknown,false,1,74.90,74.90,true,1,
7291061372417,false,מעמד לנר לוטוס 20,,,מעמד לנר לוטוס 20,Unknown,0.00,Unknown,false,1,149.90,149.90,true,1,
7291061373742,false,h65 זוג עציץ סחלב לב,,,h65 זוג עציץ סחלב לב,Unknown,0.00,Unknown,false,1,179.90,179.90,true,1,
7291061374114,false,זר 16 טוליפ ורוד 61,,,זר 16 טוליפ ורוד 61,Unknown,0.00,Unknown,false,1,199.90,199.90,true,1,
7291061374206,false,זר 12 טוליפ לבן 38,,,זר 12 טוליפ לבן 38,Unknown,0.00,Unknown,false,1,69.90,69.90,true,1,
7291061374220,false,זר 12 טוליפ שחור 38,,,זר 12 טוליפ שחור 38,Unknown,0.00,Unknown,false,1,69.90,69.90,true,1,
7291061380122,false,סט 6 תחתיות לכוסות ש,,,סט 6 תחתיות לכוסות ש,Unknown,0.00,Unknown,false,1,119.90,119.90,true,1,
7291061400110,false,סט רביעייה שח/זהב,,,סט רביעייה שח/זהב,Unknown,0.00,Unknown,false,1,149.90,149.90,true,1,
7291061402817,false,D34 תחתית לצלחת קריס,,,D34 תחתית לצלחת קריס,Unknown,0.00,Unknown,false,1,69.00,69.00,true,1,
7293738625253,false,שמן ארומטי-אקליפטוס,,,שמן ארומטי-אקליפטוס,Unknown,0.00,Unknown,false,1,19.90,19.90,true,1,
7293738625277,false,שמן ארומטי-אורן,,,שמן ארומטי-אורן,Unknown,0.00,Unknown,false,1,24.90,24.90,true,1,
7293738625307,false,שמן ארומטי-אשכולית,,,שמן ארומטי-אשכולית,Unknown,0.00,Unknown,false,1,29.90,29.90,true,1,
7293738625673,false,שמן תפוז עומר הגליל,,,שמן תפוז עומר הגליל,Unknown,0.00,Unknown,false,1,21.90,21.90,true,1,
7293738625680,false,שמן אבוקדו עומר הגלי,,,שמן אבוקדו עומר הגלי,Unknown,0.00,Unknown,false,1,34.90,34.90,true,1,
7296150000028,false,עלי גפן ממולאים באורז 425 גר,אקמאר,TR,עלי גפן ממולאים באור,גרמים,425.00,100 גרם,false,1,14.90,3.51,true,1,
7296181216801,false,קופסת עץ לתה שחור,,,קופסת עץ לתה שחור,Unknown,0.00,Unknown,false,1,149.90,149.90,true,1,
7296181273309,false,סט 6 תחתיות מעמד ניקל,,,סט 6 תחתיות מעמד ניק,קילוגרמים,0.00,"ק""ג",false,1,79.90,79.90,true,1,
7296181299613,false,מגש מראה 17*27,,,מגש מראה 17*27,קילוגרמים,0.00,"ק""ג",false,1,24.90,24.90,true,1,
7296181299675,false,מגש מראה זהב 17*27,,,מגש מראה זהב 17*27,Unknown,0.00,Unknown,false,1,24.90,24.90,true,1,
7296181302900,false,סט ת/ק/ס שח/זהב,,,סט ת/ק/ס שח/זהב,Unknown,0.00,Unknown,false,1,179.90,179.90,true,1,
7296181580223,false,סט 6 כוסות תה ברונזה,,,סט 6 כוסות תה ברונזה,קילוגרמים,0.00,"ק""ג",false,1,269.00,269.00,true,1,
7296181580728,false,קומקום תה ברונזה,,,קומקום תה ברונזה,קילוגרמים,0.00,"ק""ג",false,1,259.00,259.00,true,1,
7297488098169,false,דגש קמח תירס ללא גלו,"תבליני העליון בע""מ",IL,קמח תירס 500 גרם,גרמים,500.00,100 גרם,false,1,10.90,2.18,true,1,
7297488098176,false,קמח סויה ללא גלוטן ד,אף.סי. תבליני הגליל,IL,קמח סויה 500 גרם,גרמים,500.00,100 גרם,false,1,11.50,2.30,true,1,
7297488098220,false,קמח תפוח אדמה ללא גלוטן,תות תעשיות מזון (201,IL,"קמח תפו""א 500 גרם",גרמים,500.00,100 גרם,false,1,12.90,2.58,true,1,
7297488098299,false,קמח טפיוקה ללא גלוטן,אף סי תבליני הגליל ב,IL,קמח טפיוקה 500 גרם,גרמים,500.00,100 גרם,false,1,9.90,1.98,true,1,
7297488099821,false,גרנולה ללא תוספת סוכר לנמנעים מגלוטן,תות תעשיות מזון (201,IL,גרנולה ללא תוספת סוכ,גרמים,250.00,100 גרם,false,1,15.90,6.36,true,1,
7297488099906,false,פתיתים טבעוניים בסגנון פרמז'ן טבעוני 10 יח',"טרופיקל דגיל בע""מ אז",IL,פרוסות בסגנון קלאסי,גרמים,200.00,100 גרם,false,1,22.90,11.45,true,1,
7297488199590,false,פצפוצי אורז לבן תפוח ללא גלוטן,דגש- דוכן גן שמואל,IL,פצפוצי אורז 450 גרם,גרמים,450.00,100 גרם,false,1,24.90,5.53,true,1,
7297488199606,false,פצפוצי אורז תפוח ללא תוספת סוכר ומלח ללא גלוטן,דגש- דוכן גן שמואל,IL,פצפוצי אורז קל 450 ג,גרמים,450.00,100 גרם,false,1,24.90,5.53,true,1,
7297488199682,false,קמח כוסמת ללא גלוטן,תות תעשיות מזון (201,IL,קמח כוסמת 500 ג דגש,גרמים,500.00,100 גרם,false,1,16.90,3.38,true,1,
7298570113326,false,סט (3) טבעות נירוסטה,,,סט (3) טבעות נירוסטה,Unknown,0.00,Unknown,false,1,64.90,64.90,true,1,
7298570495811,false,סט (5) חותכני עוגיות,,,סט (5) חותכני עוגיות,Unknown,0.00,Unknown,false,1,24.90,24.90,true,1,
7298572181682,false,משקל דיגיטלי- שעון-,,,משקל דיגיטלי- שעון-,Unknown,0.00,Unknown,false,1,169.00,169.00,true,1,
7300006960153,false,איקרה מינטאי 140 גרם,,,חרדל 150 גר,גרמים,150.00,100 גרם,false,1,8.50,5.67,true,1,
7312040017034,false,וודקה אבסולוט 1 ליטר,,,וודקה אבסולוט 1 ליטר,מיליליטרים,1000.00,"100 מ""ל",false,1,93.90,9.39,true,1,
7312040017683,false,וודקה אבסולוט בקבוק,חברת אבסולוט,SE,"וודקה אבסולוט 700 מ""",מיליליטרים,700.00,"100 מ""ל",false,1,56.90,8.13,true,1,
7312220016277,false,אנאס עוגיות דקות בטעם שקדים 150 גר,Annas Pepparkakor,SE,אנאס עוגיות דקות בטע,גרמים,150.00,100 גרם,false,1,11.90,7.93,true,1,
7312220023398,false,אנאס עוגיות דקות בטעם קפוצינו 150 גר,Annas Pepparkakor,SE,אנאס עוגיות דקות בטע,גרמים,150.00,100 גרם,false,1,11.90,7.93,true,1,
7350022390386,false,קקאו הולנדי ואן האוטן 125 גרם,יושלם,,קקאו הולנדי ואן האוט,גרמים,125.00,100 גרם,false,1,19.90,15.92,true,1,
7390010296733,false,גזר קוריאני 500 גר,,,גזר קוריאני 500 גר,גרמים,500.00,100 גרם,false,1,12.50,2.50,true,1,
7390100678258,false,פונפון מסיבות,,,פונפון מסיבות,Unknown,0.00,Unknown,false,1,13.90,13.90,true,1,
7393714368584,false,קופרברג סיידר תות ליים 4.5% 330 מל פחית,לני אנד לארי,SE,קופרברג סיידר תות לי,מיליליטרים,330.00,"100 מ""ל",false,1,8.90,2.70,true,1,
7394376615832,false,אוטלי משקה שיבולת שועל בטעם שוקולד 1 ליטר,טרנסומס פוד,SE,משקה ש.שועל בטעם שוק,מיליליטרים,1000.00,"100 מ""ל",false,1,15.90,1.59,true,1,
7394376616778,false,אוטלי משקה שיבולת שועל להקצפה בריסטה 1 ליטר,טרנסומס פוד,SE,משקה ש.שועל להקצפה ב,מיליליטרים,1000.00,"100 מ""ל",false,1,15.90,1.59,true,1,
7394376620294,false,משקה ש.שועל בטעם וניל 1 ליטר,איי אם פי אס איי תעש,NL,משקה ש.שועל בטעם וני,מיליליטרים,1000.00,"100 מ""ל",false,1,15.90,1.59,true,1,
7501013101362,false,"משקה קוקוס אננס ג'ומקס 473 מ""ל",חומקס קומר קומרסאליז,MX,גומקס משקה קוקוס אננ,מיליליטרים,473.00,"100 מ""ל",false,1,9.50,2.01,true,1,
7501013101393,false,"נקטר 100% JUMEX אננס 473 מ""ל",חומקס קומר קומרסאליז,MX,גומקס משקה אננס 473,מיליליטרים,473.00,"100 מ""ל",false,1,9.50,2.01,true,1,
7501013122039,false,ג'ומקס מיץ מנגו קרטונית ליטר תריסר,חומקס קומר קומרסאליז,MX,גומקס נקטר מנגו,מיליליטרים,1000.00,"100 מ""ל",false,1,11.10,1.11,true,1,
7501013122053,false,ג'ומקס מיץ אפרסק קרטונית ליטר תריסר,חומקס קומר קומרסאליז,MX,גומקס נקטר אפרסק קרט,מיליליטרים,1000.00,"100 מ""ל",false,1,11.10,1.11,true,1,
7501013122114,false,"נקטר משקה אננס בקרטונית ג'ומקס, 1 ל'",חומקס קומר קומרסאליז,MX,גומקס משקה אננס קרטו,מיליליטרים,1000.00,"100 מ""ל",false,1,11.10,1.11,true,1,
7501013122190,false,ג'ומקס מיץ תפוחים קרטונית ליטר תריסר,חומקס קומר קומרסאליז,MX,גומקס משקה תפוחים קר,מיליליטרים,1000.00,"100 מ""ל",false,1,11.10,1.11,true,1,
7501013122992,false,ג'ומקס מיץ קוקוס אננס קרטונית ליטר תריסר,חומקס קומר קומרסאליז,MX,גומקס משקה קוקוס אננ,מיליליטרים,1000.00,"100 מ""ל",false,1,11.10,1.11,true,1,
7501013138047,false,משקה יוניקו פרסקו רימונים קרטונית 1 ליטר,תומקס קומרסאליזדורה,MX,יוניקו פרסקו משקה רי,מיליליטרים,1000.00,"100 מ""ל",false,1,12.80,1.28,true,1,
7501035042131,false,"טקילה קוארבו אספסיאל גולד 700 מ""ל",,,טקילה קוארבו אספסיאל,מיליליטרים,700.00,"100 מ""ל",false,1,85.00,12.14,true,1,
7501049936945,false,"בירה סול שישייה בקבוק 330 מ""ל",היינקן,NL,בירה סול שישייה בקב,מיליליטרים,1980.00,"100 מ""ל",false,1,31.90,1.61,true,1,
7501064191466,false,"שישיית בירה קורונה 355 מ""ל בקבוק",,,שישיית בירה קורונה 3,מיליליטרים,2130.00,"100 מ""ל",false,1,29.90,1.40,true,1,
7503012779306,false,סירופ אגבה כחולה 100% 330 גרם נטורפוד,נוטריגבאס דה מקסיקו,MX,סירופ אגבה כחולה 100,גרמים,330.00,100 גרם,false,1,20.90,6.33,true,1,
7503012779405,false,"סירופ אגבה כחולה 660 מ""ל",נוטריאגבס דה מקסיקו,MX,סירופ אגבה כחולה 660,מיליליטרים,660.00,"100 מ""ל",false,1,35.10,5.32,true,1,
7509546061160,false,"משחת שיניים לילדים מיניונים 2-5 75 מ""ל קולגייט",קולגייט פלמוליב,MX,קולגייט מ. שיניים מי,Unknown,0.00,Unknown,false,1,15.90,15.90,true,1,
7509546678702,false,קולגייט משחת שיניים טוטל אנטי טרטר 100 מ,קולגייט-פלמוליב,BR,קולגייט טוטל אנטי טר,מיליליטרים,100.00,"100 מ""ל",false,1,19.90,19.90,true,1,
7590010296751,false,כרוב כבוש 500 גר,,,כרוב כבוש 500 גר,גרמים,500.00,100 גרם,false,1,11.40,2.28,true,1,
7590010296768,false,"כרוב כבוש 1 ק""ג",,,"כרוב כבוש 1 ק""ג",גרמים,1000.00,100 גרם,false,1,23.90,2.39,true,1,
7594003626624,false,"רום דיפלומטיקו מאנטואנו 750 מ""ל",,,רום דיפלומטיקו מאנטו,מיליליטרים,750.00,"100 מ""ל",false,1,135.90,18.12,true,1,
7610008005384,false,בונבוניירה רגוסה בלונד 400 גר,,CH,בונבוניירה רגוסה בלו,גרמים,400.00,100 גרם,false,1,62.90,15.73,true,1,
7610008059073,false,טבלת שוקולד רגוסה קלאסי עם שקדים 100 גר,,CH,טבלת שוקולד רגוסה קל,גרמים,100.00,100 גרם,false,1,18.10,18.10,true,1,
7610008059080,false,טבלת שוקולד רגוסה מריר עם שקדים 100 גר,,CH,טבלת שוקולד רגוסה מר,גרמים,100.00,100 גרם,false,1,18.10,18.10,true,1,
7610008059097,false,טבלת שוקולד רגוסה בלונד עם שקדים 100 גר,,CH,טבלת שוקולד רגוסה בל,גרמים,100.00,100 גרם,false,1,18.10,18.10,true,1,
7610008059103,false,טבלת שוקולד טורינו חלב 100 גר,,CH,טבלת שוקולד טורינו ח,גרמים,100.00,100 גרם,false,1,17.40,17.40,true,1,
7610008708506,false,בונבוניירה רגוסה מריר 400 גר,,CH,בונבוניירה רגוסה מרי,גרמים,400.00,100 גרם,false,1,62.90,15.73,true,1,
7610008709008,false,בונבוניירה רגוסה חלב 400 גר,,CH,בונבוניירה רגוסה חלב,גרמים,400.00,100 גרם,false,1,62.90,15.73,true,1,
7610113000175,false,"רום בקרדי מוחיטו 700 מ""ל",בקרדי מרטיני,DE,רום בקרדי מוחיטו 700,מיליליטרים,700.00,"100 מ""ל",false,1,74.90,10.70,true,1,
7610113011652,false,"בקרדי בריזר תפוח 275 מ""ל בקבוק",בקרדי בריזר Bacardi Breezer,BE,בקרדי בריזר תפוח 275,מיליליטרים,275.00,"100 מ""ל",false,1,14.50,5.27,true,1,
7610113013250,false,"משקה כוהלי על בסיס רום בקרדי 250 מ""ל",בקרדי מרטיני,BE,משקה כוהלי על בסיס ר,מיליליטרים,250.00,"100 מ""ל",false,1,14.90,5.96,true,1,
7610202466738,false,"סטלה-שוקולד חלב ללת""ס 100 גרם",,ES,"סטלה-שוקולד חלב ללת""",גרמים,100.00,100 גרם,false,1,17.90,17.90,true,1,
7610202466769,false,"סטלה-שוק מריר 72% פולי קקאו לל""ס 100 גרם",,ES,סטלה-שוק מריר 72% פו,גרמים,100.00,100 גרם,false,1,17.90,17.90,true,1,
7610211130903,false,סוכרזית הרמזית 800+2,מרום את קונפינו,CH,הרמזית 800+200 טבליו,יחידה,1.00,יחידה,false,1,29.90,29.90,true,1,
7610243004463,false,"דורגול - מרסס להסרת אבנית במקלחון 600 מ""ל",יעקבי- דורגול Durgol,CH,דורגול מרסס 600 מל,מיליליטרים,600.00,"100 מ""ל",false,1,22.90,3.82,true,1,
7610400010481,false,לינדט אקסלנס מילק 100 גר,לינדט ושפרונגלי קילש,CH,לינדט אקסלנס מילק,גרמים,100.00,100 גרם,false,1,14.90,14.90,true,1,
7610400014632,false,לינדט שוקולד לבן 100 גרם,לינדט Lindt,CH,לינדט שוקולד לבן 100,גרמים,100.00,100 גרם,false,1,15.80,15.80,true,1,
7610400014649,false,שוקולד חלב במילוי קרם רך,לינדט ושפרונגלי קילש,CH,לינדט שוקולד חלב 100,גרמים,100.00,100 גרם,false,1,15.80,15.80,true,1,
7610400068369,false,שוקולד חלב במילוי קרם אגוזים,לינדט ושפרונגלי,CH,לינדט שוקולד אגוזים,גרמים,100.00,100 גרם,false,1,15.80,15.80,true,1,
7610400068505,false,בונבוניירת לינדור Lindor שוקולד חלב,לינדט ושפרונגלי קילש,CH,בונבוניירה לינדור מי,גרמים,200.00,100 גרם,false,1,22.90,11.45,true,1,
7610400068529,false,בונבוניירה לינדור אבורטד 200 גרם,לינדט ושפרונגלי קילש,CH,בונבוניירה לינדור אב,גרמים,200.00,100 גרם,false,1,22.90,11.45,true,1,
7610400070577,false,שוקולד מריר אקסלנס עם צ'ילי,לינדט Lindt,CH,לינדט אקסלנס צילי 1,גרמים,100.00,100 גרם,false,1,14.90,14.90,true,1,
7610400074155,false,שוקולד מריר במילוי קרם,לינדט ושפרונגלי קילש,CH,לינדט שוקולד 60% 100,גרמים,100.00,100 גרם,false,1,15.80,15.80,true,1,
7610400075770,false,שוקולד מריר עם אגוזי לוז שלמים,לינדט ושפרונגלי,CH,לינדט לה גרנד מריר א,גרמים,150.00,100 גרם,false,1,19.90,13.27,true,1,
7610400075787,false,שוקולד חלב עם אגוזי לוז שלמים,"לינדט ושפרונגלי, קיל",CH,לינדט לה גרנד חלב אג,גרמים,150.00,100 גרם,false,1,19.90,13.27,true,1,
7610400075794,false,לינדט לה גרנד לבן שקד 150 גר,לינדט ושפרונגלי,CH,לינדט לה גרנד לבן שק,גרמים,150.00,100 גרם,false,1,19.90,13.27,true,1,
7610400085946,false,לינדט לגרנד דארק אלמונד סולט 150 גרם,לינדט,,לינדט לגרנד דארק אלמ,גרמים,150.00,100 גרם,false,1,19.90,13.27,true,1,
7610400086202,false,שוקולד מריר לה גרנד עם אוכמניות וחמוציות,לינדט Lindt,,לינדט לה גרנד בלו אנ,גרמים,150.00,100 גרם,false,1,19.90,13.27,true,1,
7610400091060,false,שוקולד מריר לינדט אקסלנס בתוספת תפוז ושקדים,לינדט ושפרונגלי קילש,CH,לינדט שוקולד אקסלנס,גרמים,100.00,100 גרם,false,1,14.90,14.90,true,1,
7610491023148,false,מולסה מורגה 450 גרם,,,מולסה מורגה 450 גרם,גרמים,450.00,100 גרם,false,1,39.90,8.87,true,1,
7610563108377,false,אמנטל שוויצרי פרוס 150 גר,,,אמנטל שוויצרי פרוס,גרמים,150.00,100 גרם,false,1,36.90,24.60,true,1,
7610563208374,false,גרוייר שוויצרי פרוס 150 גר,,,גרוייר שוויצרי פרוס,גרמים,150.00,100 גרם,false,1,40.90,27.27,true,1,
7610700001417,false,"ריקולה ס.קשות לל""ס בטעם לימון דבש 75 גר",,CH,"ריקולה ס.קשות לל""ס ב",Unknown,75.00,Unknown,false,1,13.90,0.19,true,1,
7612100034552,false,אבקת איזוסטאר לימון 400,,,אבקת איזוסטאר לימון,מיליליטרים,400.00,"100 מ""ל",false,1,39.90,9.98,true,1,
7613030979647,false,דגני בוקר טריקס פירות עולם היורה 480 ג',ג'נרל מילס סאן אדריא,IL,דגנים טריקס פירות עו,גרמים,480.00,100 גרם,false,1,24.90,5.19,true,1,
7613031241576,false,אפטר אייט מקלות שוקולד מנטה 125 גרם,,,אפטר אייט מקלות שוקו,גרמים,125.00,100 גרם,false,1,17.90,14.32,true,1,
7613033548192,false,פיטנס - דגני בוקר שוקולד מריר 375 גרם,נסטלה צרפת איטנקורט,FR,דגני בוקר פיטנס שוקו,גרמים,375.00,100 גרם,false,1,19.90,5.31,true,1,
7613034146656,false,מזון לכלבים קטנים בטעם בקר פורינה ONE,פורינה Purina,US,פורינה ONE מיני אקטי,Unknown,0.00,Unknown,false,1,59.90,59.90,true,1,
7613035622623,false,פיטנס - גרנולה שקדים ודבש 300 גרם,שוורצקוף& הנקל דיסלד,LT,פיטנס גרנולה שקדים ו,גרמים,300.00,100 גרם,false,1,17.70,5.90,true,1,
7613035635845,false,פיטנס גרנולה שוקולד 14*300 גרם,שוורצקוף& הנקל דיסלד,LT,פיטנס גרנולה שוקולד,גרמים,300.00,100 גרם,false,1,17.70,5.90,true,1,
7613035807778,false,פרפקטו רוטב עגבניות לבולונז 400 ג' אסם,אסם פרפקטו Perfecto,ES,פרפקטו רוטב עגבניות,גרמים,400.00,100 גרם,false,1,11.40,2.85,true,1,
7613035809123,false,פרפקטו רוטב עגבניות עם פלפלים 400 ג' אסם,אסם פרפקטו Perfecto,ES,פרפקטו רוטב עגבניות,גרמים,400.00,100 גרם,false,1,11.40,2.85,true,1,
7613035809857,false,פרפקטו רוטב עגבניות לפסטה ולבישול 400 ג' אסם,אסם פרפקטו Perfecto,ES,פרפקטו רוטב עגבניות,גרמים,400.00,100 גרם,false,1,11.40,2.85,true,1,
7613035975897,false,מים מינרלים מוגזים רביעייה בקבוק אישי,פרייה Perrier,,רביעיית מים מינרלים,ליטרים,0.00,ליטר,false,1,26.90,26.90,true,1,
7613036105545,false,דוגלי בטעם בקר גזע ק,נסטלה פורינה באק הונ,HU,דוגלי גזע קטן 3 קג,קילוגרמים,0.00,"ק""ג",false,1,49.90,49.90,true,1,
7613036105651,false,"דוגלי בקר לכלבים בוגרים 12 ק""ג",נסטלה פורינה באק הונ,HU,"דוגלי בוגר בקר 12 ק""",קילוגרמים,0.01,"ק""ג",false,1,119.90,11990.00,true,1,
7613036280334,false,"פרייה אנד גוס אפרסק דובדבן 4*250 מ""ל",נסטלה ווטרס,FR,פרייה אנד גוס אפרסק,מיליליטרים,1000.00,"100 מ""ל",false,1,23.90,2.39,true,1,
7613036286015,false,פרייה אנד גוס אננס מנגו - רביעיית פחיות,,FR,פרייה אנד גוס אננס מ,מיליליטרים,1000.00,"100 מ""ל",false,1,23.90,2.39,true,1,
7613036288958,false,"דוגלי בקר לפעילים 3 ק""ג",פורינה,HU,דוגלי בקר לפעילים 3,קילוגרמים,0.00,"ק""ג",false,1,49.90,49.90,true,1,
7613036314114,false,נסקפה גולד Gold קפה נמס מיובש בתוספת קפה קלוי,נסקפה Nescafe,IL,נס קפה גולד 200 גרם,גרמים,200.00,100 גרם,false,1,43.90,21.95,true,1,
7613036520492,false,פרפקטו רוטב עגבניות לפיצה 400 גרם,אסם פרפקטו Perfecto,ES,פרפקטו רוטב עגבניות,גרמים,400.00,100 גרם,false,1,11.40,2.85,true,1,
7613036710879,false,מארז מיני חטיפי קיט קט צ'אנקי Kit Kat Chanky,ליימן מותגים,DE,קיט קט ציאנקי מיני 1,גרמים,194.00,100 גרם,false,1,14.60,7.53,true,1,
7613036737623,false,דגני בוקר קראנץ מקס,אסם,FR,קראנץ מקס 410 גרם,גרמים,410.00,100 גרם,false,1,23.50,5.73,true,1,
7613036976657,false,מזון לחתולים פריסקיז פאוצ' הודו,נסטלה פורינה,HU,פאוץ פריסקיז הודו 85,Unknown,1.00,Unknown,false,1,5.90,5.90,true,1,
7613036976732,false,פריסקיז - פאוץ סולומון 85 גרם,נסטלה פורינה,HU,פאוץ פריסקיז סלמון 8,Unknown,1.00,Unknown,false,1,5.90,5.90,true,1,
7613037012200,false,גרבר - מחית תפוח מנגו גזר פאוץ 90 גרם,כלורוקס אוקלנד,ES,מחית גרבר תפוח מנגו,גרמים,90.00,100 גרם,false,1,6.90,7.67,true,1,
7613037204797,false,סטארבקס - פולי קפה בלונד אספרסו 450 גרם,סטארבקס,PT,סטארבקס פולי קפה בלו,גרמים,450.00,100 גרם,false,1,52.50,11.67,true,1,
7613037204889,false,סטארבקס - פולי קפה אספרסו 450 גרם,סטארבקס,PT,סטארבקס פולי קפה אספ,גרמים,450.00,100 גרם,false,1,52.50,11.67,true,1,
7613037276091,false,נסטלה מיקס מיני אריזות דגני בוקר 200 גרם,נסטלה Nestle,FR,נסטלה מיקס מיני אריז,גרמים,200.00,100 גרם,false,1,22.90,11.45,true,1,
7613037687132,false,דגני בוקר פיטנס שקדים ודבש 585 גר,נסטלה צרפת איטנקורט,FR,דגני בוקר פיטנס שקדי,גרמים,585.00,100 גרם,false,1,27.50,4.70,true,1,
7613037811629,false,דגני בוקר קורנפלקס גו פרי 500 גר',שוורצקוף& הנקל דיסלד,IL,גו פרי קורנפלקס 500,גרמים,500.00,100 גרם,false,1,15.90,3.18,true,1,
7613038268262,false,דגני בוקר צ'יריוס דבש ושקדים במתיקות מעודנת,סי. פי. צרפת,FR,האני נאט ציריוס מופח,גרמים,410.00,100 גרם,false,1,19.90,4.85,true,1,
7613038451954,false,דגני בוקר שוקולד מופחת סוכר 410 ג' קראנץ',נסטלה צרפת רומילי,FR,קראנץ שוקולד מופחת ס,גרמים,410.00,100 גרם,false,1,26.50,6.46,true,1,
7613039535042,false,סמארטיס פאוצ' 105 גרם,,,סמרטיז בשקית 105 גרם,גרמים,160.00,100 גרם,false,1,10.90,6.81,true,1,
7613039547731,false,גרבר מחית תפוח תפוח משמש פאוץ 16*90,כלורוקס אוקלנד,ES,מחית גרבר תפוח משמש,גרמים,90.00,100 גרם,false,1,6.90,7.67,true,1,
7613039770450,false,טבעול סנסשיונל בורגר 226 גרם,ג'נרל מילס סאן אדריא,IL,טבעול סנסשיונל בורגר,גרמים,226.00,100 גרם,false,1,27.90,12.35,true,1,
7613039771174,false,טבעול סנסשיונל מינס טחון צמחוני 400 גרם,ג'נרל מילס סאן אדריא,IL,טבעול טחון צמחוני,גרמים,400.00,100 גרם,false,1,27.90,6.98,true,1,
7613287008497,false,סטארבקס - פולי קפה פייק פלייס 450 גרם,אסם,PT,סטארבקס פולי קפה פיי,גרמים,450.00,100 גרם,false,1,52.50,11.67,true,1,
7613287155832,false,מטרנה מחית תפוח פאוץ' 90 גר',כלורוקס אוקלנד,ES,מחית גרבר תפוח פאוץ,גרמים,90.00,100 גרם,false,1,6.90,7.67,true,1,
7613287155863,false,מטרנה מחית אגס פאוץ' 90 גר',נסטלה ספרד,ES,מחית גרבר פאוץ אגס 9,גרמים,90.00,100 גרם,false,1,6.90,7.67,true,1,
7613287155924,false,מטרנה מחית תפוח וגזר פאוץ' 90 גר',נסטלה ספרד,ES,מחית גרבר תפוח גזר פ,גרמים,90.00,100 גרם,false,1,6.90,7.67,true,1,
7613287162281,false,קפסולות קפה אספרסו גרנדה אינטנסו דולצ'ה גוסטו 144 ג',נסטלה UK,GB,נסקפה ד.גוסטו גרנדה,גרמים,144.00,100 גרם,false,1,29.50,20.49,true,1,
7613287182326,false,מחית בננה תפוח ויטמינצ'יק 110 ג',"נסטלה ספרד ס.א, מפעל",ES,ויטמינציק בננה תפוח,גרמים,110.00,100 גרם,false,1,5.90,5.36,true,1,
7613287182357,false,מחית אגס תפוח ופירות יער ויטמינצ'יק 110 ג',נסטלה,IL,ויטמינציק אגס תפוח ו,גרמים,110.00,100 גרם,false,1,5.90,5.36,true,1,
7613287182425,false,מחית בננה תפוח ותות ויטמינצ'יק 110 ג',"טרופיקל דגיל בע""מ אז",IL,ויטמינציק תפוח בננה,גרמים,110.00,100 גרם,false,1,5.90,5.36,true,1,
7613287186928,false,קפסולות סטארבקס ברקפסט רוסט 12 יח',נסטלה,CH,סטארבקס קפסולות ברקפ,גרמים,56.00,100 גרם,false,1,21.50,38.39,true,1,
7613287325822,false,אוסם - דיפ אנד ספרד מטבל מיקס 295 גרם,אסם,PL,רוטב מיקס לחיץ 295 ג,גרמים,295.00,100 גרם,false,1,16.70,5.66,true,1,
7613287325853,false,אוסם - דיפ אנד ספרד מטבל איולי ספייסי 295 גרם,נסטלה פולין,PL,רוטב ספייסי איולי לח,גרמים,295.00,100 גרם,false,1,16.70,5.66,true,1,
7613287325952,false,אוסם - דיפ אנד ספרד מטבל ברבקיו 345 גרם,דפטונה פולין,PL,רוטב ברביקיו לחיץ 34,גרמים,345.00,100 גרם,false,1,16.70,4.84,true,1,
7613287325983,false,אוסם - דיפ אנד ספרד מטבל סלסה 335 גרם,דפטונה פולין,PL,רוטב סלסה לחיץ 335 ג,גרמים,335.00,100 גרם,false,1,16.70,4.99,true,1,
7613287394323,false,אסם מולטי צ'יריוס 14*600 גרם 2021,נסטלה Nestle,GB,מולטי ציריוס 600 גרם,גרמים,600.00,100 גרם,false,1,21.50,3.58,true,1,
7613287457486,false,אפטר אייט מוחיטו ומנטה 200 גר,,,אפטר אייט מוחיטו ומנ,גרמים,200.00,100 גרם,false,1,15.20,7.60,true,1,
7613287476678,false,דגני בוקר סינימיניס צ'ורוס נסטלה 360 ג',נסטלה אוונקה,PT,סינימיניס צורוס 360,גרמים,360.00,100 גרם,false,1,23.90,6.64,true,1,
7613287525789,false,"שישיית פרייה מים מוגזים 500 מ""ל",,,שישיית פרייה מים מוג,מיליליטרים,3000.00,"100 מ""ל",false,1,26.90,0.90,true,1,
7613287821348,false,נתחוני עוף טבעוני סנסשיונל טבעול 350 ג',ג'נרל מילס סאן אדריא,CZ,טבעול נתחוני עוף סנס,גרמים,350.00,100 גרם,false,1,27.90,7.97,true,1,
7613287855640,false,סטארבקס קפסולות גוואטמלה 52ג אסם,נסטלה,IL,סטארבקס קפסולות גווא,גרמים,57.00,100 גרם,false,1,21.50,37.72,true,1,
7613287956675,false,נסטלה סלקשן מהדורת כריסמס 129.4 גר,,,נסטלה סלקשן מהדורת כ,גרמים,129.00,100 גרם,false,1,21.90,16.98,true,1,
7614500010310,false,שוקולד בר לבן 100 ג' טובלרון,,,טובלרון לבן 100 גר,גרמים,100.00,100 גרם,false,1,10.40,10.40,true,1,
7614500010617,false,טובלרון - שוקולד מריר 100 גרם,,,טובלרון מריר 100 גרם,גרמים,100.00,100 גרם,false,1,10.40,10.40,true,1,
7614500035788,false,טובלרון שוקולד חלב 200 גרם,קראפט,,טובלרון חלב 200 גר,גרמים,200.00,100 גרם,false,1,12.50,6.25,true,1,
7617400098358,false,עוגיות סוויס דליס טרופינו חלב 100 גר,,CH,טרופינו שוויץ-וופל ק,גרמים,100.00,100 גרם,false,1,10.90,10.90,true,1,
7617400098839,false,טרופינו שוויץ-וופל ק.קוקוס ושוק. לבן 75ג,,,טרופינו שוויץ-וופל ק,גרמים,75.00,100 גרם,false,1,10.90,14.53,true,1,
7622010001858,false,אוראו ממולאות קרם וניל באטמן 176 גרם,פי אר ג'יי אס אי מנד,UA,אוראו ממולאות קרם ונ,גרמים,176.00,100 גרם,false,1,8.90,5.06,true,1,
7622200007332,false,מילקה - שוקולד חלב קרם יוגורט בטעם תות 100 גרם,,DE,מילקה שוקולד חלב קרם,גרמים,100.00,100 גרם,false,1,6.90,6.90,true,1,
7622201050757,false,שוקולד מילקה טבלת חלב עם קרמל 100 ג',מילקה Milka,DE,שוקולד חלב עם קרמל מ,גרמים,100.00,100 גרם,false,1,6.50,6.50,true,1,
7622201401900,false,עוגיות מילקה סנסיישן אוראו 156 גרם,מונדלז פולסקה פרודקש,PL,עוגיות מילקה סנסיישן,גרמים,156.00,100 גרם,false,1,10.50,6.73,true,1,
7622201413965,false,מילקה וופר קוביות 150 גרם,,BE,מילקה וופר קוביות 15,גרמים,150.00,100 גרם,false,1,24.90,16.60,true,1,
7622201424350,false,קדבורי-שוקולד חלב מבחר קריסטמיס 135 גרם,,GB,קדבורי-שוקולד חלב מב,גרמים,135.00,100 גרם,false,1,21.90,16.22,true,1,
7622201425982,false,קדבורי-שוקולד חלב מבחר קריסטמיס 89 גרם,,GB,קדבורי-שוקולד חלב מב,גרמים,89.00,100 גרם,false,1,11.90,13.37,true,1,
7622201442880,false,טבלת קדבורי אוראו לבן 120 גרם,,GB,טבלת קדבורי אוראו לב,גרמים,120.00,100 גרם,false,1,10.50,8.75,true,1,
7622201492878,false,מילקה שוקו לופס 132 גרם,,CZ,מילקה שוקו לופס 132,גרמים,132.00,100 גרם,false,1,13.90,10.53,true,1,
7622201675813,false,מילקה מריר חלב ביצי שוקולד 100 גרם,,,מילקה מריר חלב ביצי,גרמים,100.00,100 גרם,false,1,13.90,13.90,true,1,
7622201713812,false,קדבורי טווירל חמישייה 107.5 גרם,,GB,קדבורי טווירל חמישיי,גרמים,108.00,100 גרם,false,1,10.90,10.09,true,1,
7622201781699,false,מילקה רוח רפאים שוקולד חלב שקית 120 גרם,,DE,מילקה רוח רפאים שוקו,גרמים,120.00,100 גרם,false,1,12.90,10.75,true,1,
7622201781828,false,מילקה הלוואין קלפי שוקולד חלב 150 גרם,,DE,מילקה הלוואין קלפי ש,גרמים,150.00,100 גרם,false,1,14.90,9.93,true,1,
7622201784188,false,מילקה כדורי ש. חלב במילוי קרם ועוגות 90ג,,,מילקה כדורי ש. חלב ב,גרמים,90.00,100 גרם,false,1,10.90,12.11,true,1,
7622201784577,false,מילקה ביצי שוקולד במילוי קרם מרציפן 100 גרם,,,מילקה ביצי שוקולד במ,גרמים,100.00,100 גרם,false,1,13.90,13.90,true,1,
7622201799571,false,קדבורי-שוקולד חלב מיקס קריסטמיס 145 גר,,GB,קדבורי-שוקולד חלב מי,גרמים,145.00,100 גרם,false,1,23.90,16.48,true,1,
7622201801809,false,מילקה- שוק' חלב עם אגוזים 100 גר' חדש,מנדלז דויצ'לנד סנקס,DE,שוקולד אגוז מילקה 10,גרמים,100.00,100 גרם,false,1,6.50,6.50,true,1,
7622201802363,false,שוקולד מילקה טבלה חלב צימוקים ואגוזים 100ג',מנדלז דויצ'לנד סנקס,DE,שוקולד מילקה צימוק,גרמים,100.00,100 גרם,false,1,6.50,6.50,true,1,
7622201802394,false,שוקולד מילקה חלב מסרונים 100 גרם,מנדלז דויצ'לנד סנקס,DE,שוקולד מילקה חלב 100,גרמים,100.00,100 גרם,false,1,6.90,6.90,true,1,
7622201813390,false,עוגיות מילקה וואפל במילוי קרם קקאו 150 ג,מונדליז סי.אר. ביסקו,PL,עוגיות מילקה וואפל ב,גרמים,150.00,100 גרם,false,1,10.50,7.00,true,1,
7622201823412,false,מוצרט מטבעות שוקולד ומרציפן 120 גרם,,AT,מוצרט מטבעות שוקולד,גרמים,120.00,100 גרם,false,1,28.90,24.08,true,1,
7622201823733,false,עוגיות ת`ינס דקות 151 ג' מילקה,מונדלייז,PL,עוגיות מילקה תינס דק,גרמים,151.00,100 גרם,false,1,10.50,6.95,true,1,
7622210078131,false,מילקה שוקולד חלב במילוי קרם שמנת 100 ג',מנדלז דויצ'לנד סנקס,DE,שוקולד חלב עם דאיים,גרמים,100.00,100 גרם,false,1,6.50,6.50,true,1,
7622210137234,false,עוגיות אוראו עם דאבל קרים וניל 170 גר,מונדלייז,ES,עוגיות אוראו עם דאבל,גרמים,170.00,100 גרם,false,1,9.90,5.82,true,1,
7622210163899,false,שוקולד חלב במילוי סוכריות עדשים,מונדלז דויצ'לנד סנקס,DE,שוקולד חלב עם עדשים,גרמים,100.00,100 גרם,false,1,6.50,6.50,true,1,
7622210285485,false,שוקולד קדבורי קראנצי רוקס 110 גרם,,GB,קדבורי קראנצי רוקס 1,גרמים,110.00,100 גרם,false,1,14.90,13.55,true,1,
7622210286918,false,שוקולד קדבורי קרמל ניבלס 120 גרם,,GB,שוקולד קדבורי קרמל נ,גרמים,120.00,100 גרם,false,1,14.90,12.42,true,1,
7622210287021,false,שוקולד קדבורי וויספה בייטס 110 גרם,,GB,קדבורי וויספה בייטס,גרמים,110.00,100 גרם,false,1,14.90,13.55,true,1,
7622210369444,false,מילקה טבלה שוקולד חלב אוורירי 90 גרם,,DE,מילקה טבלה שוקולד חל,גרמים,90.00,100 גרם,false,1,6.90,7.67,true,1,
7622210369543,false,מילקה טבלה שוקולד לבן אוורירי 95 גרם,,DE,מילקה טבלה שוקולד לב,גרמים,95.00,100 גרם,false,1,6.90,7.26,true,1,
7622210453327,false,עוגיות שוקוצ'יפס במילוי שוקולד סנסיישן,מנדלז פולסקה פרודקשן,PL,מילקה סנסיישן 156 גר,גרמים,100.00,100 גרם,false,1,10.50,10.50,true,1,
7622210497383,false,קדבורי שוקולד חלב 95 גרם,,GB,קדבורי שוקולד חלב 95,גרמים,95.00,100 גרם,false,1,10.90,11.47,true,1,
7622210585325,false,מילקה כדורי שוקולד חלב 86 גרם,,,מילקה כדורי שוקולד ח,גרמים,86.00,100 גרם,false,1,10.90,12.67,true,1,
7622210585332,false,מילקה כדורי ש.חלב במילוי קרם אגוזי 90 גר,,DE,מילקה כדורי ש.חלב במ,גרמים,90.00,100 גרם,false,1,10.90,12.11,true,1,
7622210585592,false,מילקה כדורי שוקולד חלב 86 גרם,,DE,מילקה כדורי שוקולד ח,גרמים,86.00,100 גרם,false,1,10.90,12.67,true,1,
7622210585622,false,מילקה כדורי ש.חלב במילוי נוגט 90 גרם,,DE,מילקה כדורי ש.חלב במ,גרמים,90.00,100 גרם,false,1,10.90,12.11,true,1,
7622210637994,false,מיני עוגיות אוראו קראנצ'י בייטס אורגינל,מונדלז אספניה ג'לאטס,ES,אוראו ביס קראנצי אור,גרמים,110.00,100 גרם,false,1,8.90,8.09,true,1,
7622210640062,false,גבינת עם פלפל חלפיניו למריחה פילדלפיה 175 ג',מונדלייז,DE,פילדלפיה שמנת למריחה,גרמים,175.00,100 גרם,false,1,16.90,9.66,true,1,
7622210644473,false,קדבורי שוקולד חלב ושברי אגוזי לוז 95 גרם,,,קדבורי שוקולד חלב וש,גרמים,95.00,100 גרם,false,1,10.90,11.47,true,1,
7622210644817,false,קדבורי פירות יבשים ואגוזים 110 גרם,,,קדבורי פירות יבשים ו,גרמים,110.00,100 גרם,false,1,10.90,9.91,true,1,
7622210664150,false,"עוגיות אוראו וניל, 396 גרם",מונדלייז,CZ,עוגיות אוראו וניל 39,גרמים,396.00,100 גרם,false,1,16.90,4.27,true,1,
7622210700070,false,קדבורי קרלי וורלי 110 גרם,,GB,קדבורי קרלי וורלי 11,גרמים,110.00,100 גרם,false,1,14.90,13.55,true,1,
7622210810915,false,שוקולד קדבורי אוראו בייטס 110 גרם,,GB,שוקולד קדבורי אוראו,גרמים,110.00,100 גרם,false,1,11.90,10.82,true,1,
7622210821256,false,מילקה טבלה ש.חלב בוטנים קריספי קרמל 90 ג,,DE,מילקה טבלה ש.חלב בוט,גרמים,90.00,100 גרם,false,1,6.90,7.67,true,1,
7622210826053,false,שוקולד מילקה אוראו סנדוויץ 92 גר',גיאורי קאקסז קייאףטי,HU,שוקולד מילקה אוראו ס,גרמים,92.00,100 גרם,false,1,6.50,7.07,true,1,
7622210835338,false,עוגיות אוראו בטעם בראוניז,מנדלז אספנה גאלטס פר,ES,אוראו בראוניז 176 גר,גרמים,176.00,100 גרם,false,1,8.90,5.06,true,1,
7622210989192,false,קדבורי פלאק רביעייה 80 גרם,,GB,קדבורי פלאק רביעייה,גרמים,80.00,100 גרם,false,1,10.90,13.63,true,1,
7622300270506,false,מילקה גריינס - עוגיות שיבולת שועל מצופות שוקולד 168 ג',מונדלז פולסקה פרודקש,PL,עוגיות ש.שועל מצופות,גרמים,168.00,100 גרם,false,1,10.50,6.25,true,1,
7622300340285,false,גבינת שמנת 22% שומן 175 ג' פילדלפיה,מונדלז דויצ'לנד פרוד,DE,גבינת פילדלפיה 22%,גרמים,175.00,100 גרם,false,1,14.90,8.51,true,1,
7622300340292,false,גבינת שמנת 11% שומן 175 ג' פילדלפיה,מונדלז דויצ'לנד פרוד,DE,גבינת פילדלפיה 11%,גרמים,175.00,100 גרם,false,1,14.90,8.51,true,1,
7622300489427,false,עוגיות אוראו בציפוי שוקולד לבן 246 גרם,מנדלז אספנה גאלטס פר,ES,אוראו פאג שוקולד לבן,גרמים,246.00,100 גרם,false,1,17.90,7.28,true,1,
7622300489434,false,"עוגיות אוראו פאדג' בציפוי שוקולד חלב, 246 גרם",מנדלז אספנה גאלטס פר,ES,אוראו פאדג שוקולד חל,גרמים,246.00,100 גרם,false,1,17.90,7.28,true,1,
7622300495046,false,שוקולד מילקה אקסטרה קקאו 100 גרם,מנדלז דויצ'לנד סנקס,DE,שוקולד מילקה אקסטרה,גרמים,100.00,100 גרם,false,1,6.50,6.50,true,1,
7622300503079,false,מילקה מוו - ביסקוויט מצופה שוקולד חלב 200 ג',מונדלז פולסקה פרודקש,PL,ביסקוויט מצופה שוקול,גרמים,200.00,100 גרם,false,1,10.50,5.25,true,1,
7622300509606,false,ברני עוגת ספוג במילוי קרם שוקולד 150 גרם,,PL,ברני עוגת ספוג במילו,גרמים,150.00,100 גרם,false,1,11.40,7.60,true,1,
7622300617820,false,שוקלד מילקה טבלת חלב אוראו 100ג',מנדלז דויצ'לנד סנקס,DE,שוקולד מילקה אוראו 1,גרמים,100.00,100 גרם,false,1,6.50,6.50,true,1,
7622300737900,false,שוקולד קדבורי קרמל 120 גרם,,GB,קדבורי טבלת שוקולד ח,גרמים,120.00,100 גרם,false,1,10.90,9.08,true,1,
7622300750367,false,קדבורי-שוקולד חלב לוח שנה קריסטמיס 90 ג,,GB,קדבורי-שוקולד חלב לו,גרמים,200.00,100 גרם,false,1,21.90,10.95,true,1,
7622300756383,false,ממרח גבינת עם שוקולד מילקה פילדלפיה 175 ג',מונדלייז,DE,גבינת פילדלפיה עם שו,גרמים,175.00,100 גרם,false,1,16.90,9.66,true,1,
7622300756413,false,גבינת פילדלפיה 20% שומן עם תבלינים 175 ג',מונדלז דויצ'לנד פרוד,DE,גבינת פילדלפיה 20%,גרמים,175.00,100 גרם,false,1,14.90,8.51,true,1,
7622400005190,false,שוקולד חלב נגיעות שוקולד לבן מילקה 100 ג,מנדלז דויצ'לנד סנקס,DE,שוקולד חלב נגיעות שו,גרמים,100.00,100 גרם,false,1,6.50,6.50,true,1,
7630311507016,false,סטארבקס קפסולות סאני דיי 57 ג,סטארבקס Starbucks,CH,סטארבקס קפסולות סאני,גרמים,57.00,100 גרם,false,1,21.90,38.42,true,1,
7630477891592,false,קפסולות האוס בלנד לונגו עוצמה 8 - 10 יח',סטארבקס Starbucks,CH,סטארבקס קפסולות האוס,גרמים,57.00,100 גרם,false,1,21.50,37.72,true,1,
7630477891639,false,קפסולות קפה ורונה עוצמה 10 - 10 יח',סטארבקס Starbucks,CH,סטארבקס קפסולות ורונ,גרמים,55.00,100 גרם,false,1,21.50,39.09,true,1,
7630477891677,false,קפסולות פייק פלייס לונגו עוצמה 7 - 10 יח',סטארבקס Starbucks,IL,סטארבקס קפסולות פייק,גרמים,53.00,100 גרם,false,1,21.50,40.57,true,1,
7630477891691,false,סטארבקס - קפסולות קולומביה 57 גרם * 10,סטארבקס Starbucks,IL,סטארבקס קפסולות קולו,גרמים,57.00,100 גרם,false,1,21.50,37.72,true,1,
7630477891738,false,סטארבקס - קפסולות אספרסו בלונד 53 גרם * 10,סטארבקס Starbucks,CH,סטארבקס קפסולות אספר,גרמים,53.00,100 גרם,false,1,21.50,40.57,true,1,
7638900426663,false,סוללת אדוונס פורמולה,אנרג'ייזר,US,סוללות 9V,יחידה,1.00,יחידה,false,1,31.50,31.50,true,1,
7690010296765,false,עגבניות שרי 350 גר,,,עגבניות שרי 350 גר,גרמים,350.00,100 גרם,false,1,12.00,3.43,true,1,
7690010296772,false,עגבניות שרי במלח 600גר,,,עגבניות שרי במלח 600,גרמים,600.00,100 גרם,false,1,20.90,3.48,true,1,
7702024074625,false,פיטנס - חטיפי קרקר חיטה מלאה 234 גרם,קומסטיבלס לה רוזה אס,CO,חטיפי קרקר חיטה מלאה,גרמים,234.00,100 גרם,false,1,11.90,5.09,true,1,
7702174068833,false,סוכריות לקקן במילוי טופי בטעמי גלידת פירות,יוגטה yogueta,EC,לקקן יוגטה טעם גלידה,גרמים,204.00,100 גרם,false,1,13.50,6.62,true,1,
7702174070201,false,סוכריות לקקן במילוי טופי בטעם מסטיק,יוגטה yogueta,EC,לקקן יוגטה בטעם מגיק,גרמים,204.00,100 גרם,false,1,13.50,6.62,true,1,
7702174073783,false,סוכריות על מקל בטעם קולה במילוי גומי לעיסה,הדקלאים אגודת שיתופי,CO,לקקן יוגטה פין פופ 1,גרמים,170.00,100 גרם,false,1,14.40,8.47,true,1,
7702174073844,false,לקקן יוגטה פין פופ פירות 48 יח 672 גרם,הדקלאים אגודת שיתופי,CO,לקקן יוגטה פין פופ,גרמים,672.00,100 גרם,false,1,22.90,3.41,true,1,
7750526001809,false,אינקה ציפס תפוח אדמה זנים שונים 170 גר,,,אינקה ציפס תפוח אדמה,גרמים,170.00,100 גרם,false,1,19.90,11.71,true,1,
7790010296724,false,עגבניות 600גר,,,עגבניות 600גר,גרמים,600.00,100 גרם,false,1,16.40,2.73,true,1,
7790240072785,false,יין אדום טרפיצה קברנה סובניון OAK CASK,,,יין אדום טרפיצה קברנ,Unknown,0.00,Unknown,false,1,57.90,57.90,true,1,
7790240096866,false,"יין פיור מלבק שחור 750 מ""ל",,AR,יין פיור מלבק שחור 7,מיליליטרים,750.00,"100 מ""ל",false,1,57.90,7.72,true,1,
7790387110234,false,טאראגווי-תה גרבה מאטה עם מקל 500 גר,,,טאראגווי-תה גרבה מאט,גרמים,500.00,100 גרם,false,1,26.50,5.30,true,1,
7790387113228,false,טאראגווי-תה גרבה בטעם תפוז 500 גר,,,טאראגווי-תה גרבה בטע,גרמים,500.00,100 גרם,false,1,26.50,5.30,true,1,
7790387120219,false,טאראגווי-תה גרבה מאטה בלי מקל 500 גר,,,טאראגווי-תה גרבה מאט,גרמים,500.00,100 גרם,false,1,26.50,5.30,true,1,
7790762000679,false,סנטה אנה מרלו 750 מל,,,סנטה אנה מרלו 750 מל,Unknown,0.00,Unknown,false,1,40.90,40.90,true,1,
7790762001348,false,סנטה אנה מלבק 750 מל,,,סנטה אנה מלבק 750 מל,Unknown,0.00,Unknown,false,1,40.90,40.90,true,1,
7790762050902,false,סנטה אנה אונאנימה 750 מל,,,יין סנטה אנה,Unknown,0.00,Unknown,false,1,100.90,100.90,true,1,
7790762052494,false,"יין גראן מסקוטה מלבק 750 מ""ל",,,יין גראן מסקוטה מלבק,Unknown,0.00,Unknown,false,1,101.90,101.90,true,1,
7790762053255,false,יין גראן מסקוטה קברנה סוביניון 750 מל,,,יין גראן מסקוטה קברנ,Unknown,0.00,Unknown,false,1,101.90,101.90,true,1,
7792860006218,false,סוכריות לקקנים בייבי דול Baby Doll לריטר,גוד פוד פרודקטס S.p,AR,לקקן בייבי דול 24 גר,גרמים,24.00,100 גרם,false,1,2.00,8.33,true,1,
7798074860349,false,"יין סאלנטיין קברנה סוביניון 750 מ""ל",,AR,יין סאלנטיין קברנה ס,Unknown,0.00,Unknown,false,1,64.90,64.90,true,1,
7798074863708,false,"יין פורטילו דולצה לבן מתוק 750 מ""ל",,AR,יין פורטילו דולצה לב,Unknown,0.00,Unknown,false,1,44.90,44.90,true,1,
7798130463187,false,"יין ארגנטו קלאסיק רוזה רוזה יבש 750 מ""ל",,AR,יין ארגנטו קלאסיק רו,Unknown,0.00,Unknown,false,1,39.90,39.90,true,1,
7798159560096,false,"יין ארגנטו קלאסיק קברנה סוביניו 750 מ""ל",,AR,יין ארגנטו קלאסיק קב,Unknown,0.00,Unknown,false,1,39.90,39.90,true,1,
7804338000021,false,יין אדום יבש טרדיסון רזרב ק.סובינון 750,וינה לוס בולדוס,CL,יין אדום יבש טרדיסון,Unknown,0.00,Unknown,false,1,62.90,62.90,true,1,
7804625340014,false,"מול שחור מבושל 1 ק""ג קפוא",,,"מול שחור מבושל 1 ק""ג",קילוגרמים,0.00,"ק""ג",false,1,52.50,52.50,true,1,
7891024124826,false,קולגייט משחת אופטיק ספרקלינג וייט 75מל,הנסיך- מפעל לייצור ט,BR,קולגייט משחת אופטיק,מיליליטרים,75.00,"100 מ""ל",false,1,19.90,26.53,true,1,
7891024130063,false,"קולגייט מי פה פלאקס ללא אלכוהול 500 מ""ל מהדרין",קולגייט Colgate,BR,קולגייט פלאקס ללא אל,מיליליטרים,500.00,"100 מ""ל",false,1,32.90,6.58,true,1,
8000020000280,false,יין אסטי מבעבע לבן צינזנו 750 מל,,,יין אסטי מבעבע לבן צ,Unknown,0.00,Unknown,false,1,52.90,52.90,true,1,
8000020000365,false,"וורמוט צינזנו ביאנקו 750 מ""ל",דויד קמפרי,IT,וורמוט צינזנו ביאנקו,Unknown,0.00,Unknown,false,1,32.90,32.90,true,1,
8000020000389,false,"וורמוט צינזנו יבש 750 מ""ל",,,וורמוט צינזנו יבש 75,Unknown,0.00,Unknown,false,1,32.90,32.90,true,1,
8000020005247,false,יין גרנד דולצה מבעבע מתוק צינזנו 750 מל,,,יין גרנד דולצה מבעבע,Unknown,0.00,Unknown,false,1,37.90,37.90,true,1,
8000020006381,false,יין רוזה מבעבע צינזנו 750 מל,,,יין רוזה מבעבע צינזנ,Unknown,0.00,Unknown,false,1,54.90,54.90,true,1,
8000037001850,false,"ואל דוקה פרוסקו יבש 750 מ""ל",,,ואל דוקה פרוסקו יבש,מיליליטרים,750.00,"100 מ""ל",false,1,51.90,6.92,true,1,
8000037002246,false,"ואל דוקה, פרוסקו רוזה 750 מ""ל",,,"ואל דוקה, פרוסקו רוז",מיליליטרים,750.00,"100 מ""ל",false,1,51.90,6.92,true,1,
8000040000802,false,קמפרי 1 ליטר,,,קמפרי 1 ליטר,מיליליטרים,1000.00,"100 מ""ל",false,1,89.90,8.99,true,1,
8000040500012,false,"וויסקי בורבון ווילד טורקי 81 700 מ""ל",קמפרי,,וויסקי בורבון ווילד,מיליליטרים,700.00,"100 מ""ל",false,1,93.90,13.41,true,1,
8000040630269,false,וויסקי סינגל מאלט גלן גראנט 12 שנים 700,,,וויסקי סינגל מאלט גל,מיליליטרים,700.00,"100 מ""ל",false,1,156.90,22.41,true,1,
8000070003774,false,קפסולות אספרסו לוואצה אינטנסו 13 16 יח,לואיג'י לוואצה,IT,קפסולות אספרסו לוואצ,יחידה,1.00,יחידה,false,1,29.90,29.90,true,1,
8000070012219,false,אורו פולי קפה 250 גר לוואצה,,,אורו פולי קפה 250 גר,גרמים,250.00,100 גרם,false,1,41.90,16.76,true,1,
8000070012783,false,קפה לוואצה קלוי וטחון חוזק 5 אורו 250 גר,לוואצה Lavazza,IT,קפה לוואצה קלוי וטחו,גרמים,250.00,100 גרם,false,1,39.90,15.96,true,1,
8000070027398,false,קרמה קלאסיקו פולי קפה 500 גר לוואזה,,,פולי קפה לוואצה קרמה,גרמים,500.00,100 גרם,false,1,73.50,14.70,true,1,
8000070038868,false,קפה לוואצה קלוי וטחון חוזק 8 קלאסיקו 250 גר,לווצה טורינו,IT,לוואצה חוזק 8 קרמה ג,גרמים,250.00,100 גרם,false,1,29.90,11.96,true,1,
8000070038974,false,"קרמה גוסטו פולי קפה 1 ג""ק לוואזה",,,קרמה גוסטו פולי קפה,גרמים,1000.00,100 גרם,false,1,125.50,12.55,true,1,
8000070053472,false,קפסולות קרמה גוסטו קלאסיקו חוזק 12 57 ג' לוואצה,לואיג'י לוואצה,IT,קפסולות לוואצה קרמה,יחידה,1.00,יחידה,false,1,21.90,21.90,true,1,
8000070053526,false,קפסולות קפה אספרסו רוסה דרגת חוזק 10,לוואצה Lavazza,IT,קפסולות לוואצה רוסה,יחידה,1.00,יחידה,false,1,21.90,21.90,true,1,
8000070055254,false,קפסולות קרמה גוסטו פורטה חוזק 13 55 ג' לוואצה,לואיג'י לוואצה,IT,קפסולות לוואצה קרמה,יחידה,1.00,יחידה,false,1,21.90,21.90,true,1,
8000070059832,false,קפסולות קרמה גוסטו ריקו חוזק 11 55 ג' לוואצה,לואיג'י לוואצה,IT,קפסולות לוואצה קרמה,יחידה,1.00,יחידה,false,1,21.90,21.90,true,1,
8000070064577,false,קפסולות קפה לוואצה קוואליטה אורו חוזק 8,לואיג'י לוואצה,IT,קפסולות אספרסו לוואצ,יחידה,1.00,יחידה,false,1,29.90,29.90,true,1,
8000113003402,false,"קמח תירס בוואקום 1 ק""ג","כד בני דרום בע""מ",IT,"קמח תירס בואקום 1 ק""",גרמים,1000.00,100 גרם,false,1,16.70,1.67,true,1,
8000139000102,false,גרופלו פסטה מפאלדה 500 גרם,,IT,גרופלו פסטה מפאלדה 5,גרמים,500.00,100 גרם,false,1,16.90,3.38,true,1,
8000139000942,false,פסטה גרפולו לומצינה 500 גרם,,,פסטה גרפולו לומקינה,גרמים,500.00,100 גרם,false,1,13.50,2.70,true,1,
8000139001253,false,פסטה גרפולו פוזילי לונגי 500 גרם,,,פסטה גרפולו פוזילי,גרמים,500.00,100 גרם,false,1,14.60,2.92,true,1,
8000139910142,false,פסטה גרפולו ספגטי 500 גרם,,,פסטה גרפולו ספגטי 50,גרמים,500.00,100 גרם,false,1,13.50,2.70,true,1,
8000139910159,false,פסטה גרפולו לינגוין 500 גרם,,,פסטה גרפולו לינגוין,גרמים,500.00,100 גרם,false,1,13.50,2.70,true,1,
8000139910173,false,פסטה גרפולו אורזו 500 גרם,,,פסטה גרפולו אורזו 50,גרמים,500.00,100 גרם,false,1,13.50,2.70,true,1,
8000139910203,false,פסטה גרפולו קוצי סארדי 500 גרם,,,פסטה גרפולו קוצי סאר,גרמים,500.00,100 גרם,false,1,13.50,2.70,true,1,
8000139910227,false,פסטה גרפולו פוזילי 500 גרם,,,פסטה גרפולו פוזילי 5,גרמים,500.00,100 גרם,false,1,13.50,2.70,true,1,
8000139910234,false,פסטה גרפולו פנה ריגטה 500 גר,,,פסטה גרפולו פנה ריגט,גרמים,500.00,100 גרם,false,1,13.50,2.70,true,1,
8000139910265,false,פסטה ראדיאטורי גרפולו 500 גר,,,פסטה ראדיאטורי גרפול,גרמים,500.00,100 גרם,false,1,13.50,2.70,true,1,
8000139910272,false,פסטה גרפולו פפרדלה נידו 500 גר,,,פסטה גרפולו פפרדלה נ,גרמים,500.00,100 גרם,false,1,14.60,2.92,true,1,
8000139910289,false,פסטה טליאטלה גרפולו 500 גר,,,פסטה גרפולו טליאטלה,גרמים,500.00,100 גרם,false,1,14.60,2.92,true,1,
8000139910357,false,פסטה לומאקוני גרפולו 500 גרם,,,פסטה לומאקוני גארופא,גרמים,500.00,100 גרם,false,1,14.60,2.92,true,1,
8000139910371,false,פסטה גרפולו פרימוורה 500 גרם,,,פסטה גרפולו פרימוורה,גרמים,500.00,100 גרם,false,1,14.60,2.92,true,1,
8000139910432,false,פסטה גרפולו פטוציה 500 גרם,,,פסטה גרפולו פטוציה 5,גרמים,500.00,100 גרם,false,1,13.50,2.70,true,1,
8000139910753,false,פסטה קאזארסה גרפולו 500 גר,,,פסטה גרפולו קסרצה,גרמים,500.00,100 גרם,false,1,13.50,2.70,true,1,
8000139910852,false,לזניה גרפולו 500 גרם,,,לזניה גרפולו 500 גרם,גרמים,500.00,100 גרם,false,1,17.70,3.54,true,1,
8000139920875,false,ניוקי תפוח אדמה גרפולו 500 גרם,,,ניוקי תפוח אדמה גרפו,גרמים,500.00,100 גרם,false,1,14.60,2.92,true,1,
8000139929748,false,פנה ללא גלוטן 400 גר,,,פנה ללא גלוטן 400 גר,גרמים,400.00,100 גרם,false,1,15.90,3.98,true,1,
8000146500039,false,"שמן זית כמהין 55 מ""ל URBANI",,,"שמן זית כמהין 55 מ""ל",מיליליטרים,55.00,"100 מ""ל",false,1,32.90,59.82,true,1,
8000193000452,false,"אורז ריזוטו איטלקי 1 ק""ג",,,אורז ריזוטו איטלקי 1,גרמים,1000.00,100 גרם,false,1,27.90,2.79,true,1,
8000215204219,false,משקה אורז - אורגני 1 ליטר,בטר אנד דיפרנט,IT,משקה אורז - אורגני 1,מיליליטרים,1000.00,"100 מ""ל",false,1,14.90,1.49,true,1,
8000215204240,false,משקה שקדים ואורז - אורגני 1 ליטר,בטר אנד דיפרנט,IT,משקה שקדים ואורז - א,מיליליטרים,1000.00,"100 מ""ל",false,1,14.90,1.49,true,1,
8000215204271,false,ויטריז - משקה שקדים ואורז אישי 200 גר,"נטורפוד בע""מ",IT,ויטריז - משקה שקדים,מיליליטרים,200.00,"100 מ""ל",false,1,4.50,2.25,true,1,
8000215204370,false,ויטריז לבישול תחל. שמנת צמחי אורגני 200,ויטריז,IT,ויטריז לבישול תחל.,מיליליטרים,200.00,"100 מ""ל",false,1,6.50,3.25,true,1,
8000215204554,false,משקה אורז קוקוס אורגני 1 ליטר ויטריז,ויטריז Vitariz,,משקה אורז קוקוס אורג,מיליליטרים,1000.00,"100 מ""ל",false,1,14.90,1.49,true,1,
8000215204561,false,VITASI משקה שקדים אורגני 1 ליטר,בטר אנד דיפרנט,IT,VITASI משקה שקדים או,מיליליטרים,1000.00,"100 מ""ל",false,1,13.90,1.39,true,1,
8000215204653,false,ויטסי - משקה סויה או,בטר אנד דיפרנט,IT,VITASI משקה סויה 1 ל,מיליליטרים,1000.00,"100 מ""ל",false,1,13.50,1.35,true,1,
8000215204677,false,משקה ש.שועל בריסטה אורגני 1 ליטר ויטריז,בטר אנד דיפרנט,IT,משקה ש.שועל בריסטה א,מיליליטרים,1000.00,"100 מ""ל",false,1,14.90,1.49,true,1,
8000215204714,false,משקה שיבולת שועל אורגני 1 ליטר PRIMAVENA,בטר אנד דיפרנט,IT,משקה שיבולת שועל אור,מיליליטרים,1000.00,"100 מ""ל",false,1,14.90,1.49,true,1,
8000253000729,false,תערובת ריזוטו פטריות פורציני 250 גרם,מרבוטו,IT,תערובת ריזוטו פטריות,גרמים,250.00,100 גרם,false,1,24.90,9.96,true,1,
8000253001023,false,פולנטה ופטריות פורציני 250 גרם,מרבוטו,IT,פולנטה ופטריות פורצי,גרמים,250.00,100 גרם,false,1,24.90,9.96,true,1,
8000320010026,false,עגבניות תמר מקולפות צ'ריו 400 גרם,צ'יריו,IT,עגבניות תמר מקולפות,גרמים,400.00,100 גרם,false,1,6.90,1.73,true,1,
8000320010088,false,"רוטב עגבניות במרקם גס 680 מ""ל MUTTI",סיריו,IT,פסאטה במרקם גס 680 מ,מיליליטרים,680.00,"100 מ""ל",false,1,13.90,2.04,true,1,
8000320010095,false,"רוטב עגבניות במרקם עדין 700 מ""ל MUTTI",סיריו,IT,פסאטה במרקם עדין 700,מיליליטרים,700.00,"100 מ""ל",false,1,11.90,1.70,true,1,
8000320414855,false,עגבניות מרוסקות 400 גר CIRIO,,,עגבניות מרוסקותCIRIO,גרמים,400.00,100 גרם,false,1,6.90,1.73,true,1,
8000350001124,false,מאפה ממולא קרם אגוזי לוז 125 גרם,MATILDE VICENZI,IT,חטיף עוגיה פריכה עם,גרמים,125.00,100 גרם,false,1,9.90,7.92,true,1,
8000350001148,false,מאפה ממולא קרם פטיסייר 125 גרם,MATILDE VICENZI,IT,חטיף עוגיה פריכה עם,גרמים,125.00,100 גרם,false,1,9.90,7.92,true,1,
8000350001919,false,עוגיות אלף העלים עם,MATILDE VICENZI,IT,עוגיות אלף העלים עם,Unknown,0.00,Unknown,false,1,9.90,9.90,true,1,
8000350004491,false,עוגיות ביס פריכות עם,MATILDE VICENZI,IT,עוגיות ביס פריכות עם,Unknown,0.00,Unknown,false,1,9.90,9.90,true,1,
8000350004781,false,עוגיות ביס פריכות עם,MATILDE VICENZI,IT,עוגיות ביס פריכות עם,Unknown,0.00,Unknown,false,1,9.90,9.90,true,1,
8000350007393,false,וישנזי עוגיות במילוי,MATILDE VICENZI,IT,עוגיות במילוי קרם ונ,גרמים,150.00,100 גרם,false,1,9.90,6.60,true,1,
8000380003723,false,גרנד פטיסרי עוגיות וופל אגוזים 100ג',קריניציה ויטמינה אס,IT,עוגיות גרנד פטיסרי 1,גרמים,100.00,100 גרם,false,1,11.90,11.90,true,1,
8000380003761,false,וופל גרנדה פטיסרי קוקוס שוקולד 100ג',קריניציה ויטמינה אס,IT,עוגיות גרנד פטיסרי 1,גרמים,100.00,100 גרם,false,1,11.90,11.90,true,1,
8000380004669,false,וופל לואקר סנדוויץ קוביות ושוקולד 200ג',"א. לואקר, קונפקט ג'י",AT,וופל שוקולד לואקר 20,גרמים,200.00,100 גרם,false,1,12.50,6.25,true,1,
8000380004676,false,קוביות וופל סנדוויץ Sandwich עם וניל וחלב,"א. לואקר, קונפקט ג'י",AT,וופל וניל 200 גרם,גרמים,200.00,100 גרם,false,1,12.50,6.25,true,1,
8000380004911,false,קוביות וופל קואדרטיני Quadratini קרם אגוזים,קריניציה ויטמינה אס,AT,וופל קוארדטיני אגוז,גרמים,250.00,100 גרם,false,1,13.90,5.56,true,1,
8000380004942,false,וופל לואקר קוארדטיני קוביות ווניל 250ג',ליימן מותגים,AT,קואדרטיני וניל 250 ג,גרמים,250.00,100 גרם,false,1,13.90,5.56,true,1,
8000380004966,false,וופל קוארדטיני לואקר קוביות שוקולד 250ג',קריניציה ויטמינה אס,AT,וופל קוארדטיני קקאו,גרמים,250.00,100 גרם,false,1,13.90,5.56,true,1,
8000380005598,false,מארז וופל שוקולד טורטינה Tortina שוקולד מריר,ליימן מותגים,IT,טורטינה מריר 1/6 125,גרמים,125.00,100 גרם,false,1,16.90,13.52,true,1,
8000380007219,false,וופל לואקר אגוז קלאסי 175ג',ליימן מותגים,AT,וופל לואקר אגוז 175,גרמים,175.00,100 גרם,false,1,11.80,6.74,true,1,
8000380007257,false,וופל גרנדה מצופה שוקולד 200ג',קריניציה ויטמינה אס,IT,וופל גרדנה אגוז 200,גרמים,200.00,100 גרם,false,1,13.90,6.95,true,1,
8000380007264,false,וופל לואקר קקאו 175 גרם,קריניציה ויטמינה אס,AT,וופל לואקר קקאו 175,גרמים,175.00,100 גרם,false,1,11.80,6.74,true,1,
8000380007271,false,וופל לואקר קרם חלב 175ג',ליימן מותגים,AT,וופל לואקר חלב 175 ג,גרמים,175.00,100 גרם,false,1,11.80,6.74,true,1,
8000380144044,false,וופל גרדנה לואקר שוקולד 200ג',"א. לואקר , AG/SpA, ו",IT,וופל גרדנה שוקולד 20,גרמים,200.00,100 גרם,false,1,13.90,6.95,true,1,
8000380156573,false,בונבוניירה ורד דולומיטים בטעמים 150 גר,קריניציה ויטמינה אס,IT,בונבוניירה ורד דולומ,גרמים,150.00,100 גרם,false,1,28.90,19.27,true,1,
8000380156825,false,שוקולד לואקר חלב 87 גרם,ליימן מותגים,IT,שוקולד לואקר חלב 87,גרמים,87.00,100 גרם,false,1,8.50,9.77,true,1,
8000380156849,false,שוקולד לואקר מריר 87 גרם,ליימן מותגים,IT,שוקולד לואקר מריר 87,גרמים,87.00,100 גרם,false,1,8.50,9.77,true,1,
8000380156856,false,שוקולד לואקר לבן 87 גרם,ליימן מותגים,IT,שוקולד לואקר לבן 87,גרמים,87.00,100 גרם,false,1,8.50,9.77,true,1,
8000380180721,false,לואקר וופל קקאו במילוי קרם חלבי 175 גר,קריניציה ויטמינה אס,AT,לואקר וופל קקאו במיל,גרמים,175.00,100 גרם,false,1,11.80,6.74,true,1,
8000380180943,false,בונ. לואקר ורד דולומיטים בטעמים 300 גרם,ליימן מותגים,,בונ. לואקר ורד דולומ,גרמים,300.00,100 גרם,false,1,44.90,14.97,true,1,
8000380187119,false,עוגיות במילוי קרם אגוזי לוז לואקר 100 גר,לואקר Loacker,AT,עוגיות במילוי קרם אג,גרמים,100.00,100 גרם,false,1,14.90,14.90,true,1,
8000380187300,false,עוגיות חמאה עם שוקולד חלב לואקר 120 גר,לואקר Loacker,AT,עוגיות חמאה עם שוקול,גרמים,120.00,100 גרם,false,1,14.90,12.42,true,1,
8000380192151,false,טורטינה טריפל שוקולד מריר 125 גר לואקר,ליימן מותגים,IT,טורטינה טריפל שוקולד,גרמים,125.00,100 גרם,false,1,16.90,13.52,true,1,
8000380192199,false,וופל לואקר דאבל שוקולד 175 גרם,ליימן מותגים,AT,וופל לואקר דאבל שוקו,גרמים,175.00,100 גרם,false,1,11.80,6.74,true,1,
8000380192588,false,קואדרטיני בטעם קקאו במילוי קרם קקאו,קריניציה ויטמינה אס,AT,וופל קואדרטיני דאבל,גרמים,250.00,100 גרם,false,1,13.90,5.56,true,1,
8000380205523,false,וופל לואקר קלאסיק חמאת בוטנים 175 גר,ליימן מותגים,AT,וופל לואקר קלאסיק חמ,גרמים,175.00,100 גרם,false,1,11.50,6.57,true,1,
8000428032951,false,"יין מבעבע לבן יבש פרוסקו קאבוטה 750 מ""ל",,IT,יין מבעבע לבן יבש פר,Unknown,0.00,Unknown,false,1,61.90,61.90,true,1,
8000500009673,false,בונבוניירה פררו רושה 300 גרם,קדבורי,IT,בונבוניירה פררו רושה,גרמים,300.00,100 גרם,false,1,52.50,17.50,true,1,
8000500018828,false,קינדר אצבעות שוקולד חצי מטר 300 גר,קינדר Kinder,IT,קינדר אצבעות שוקולד,גרמים,300.00,100 גרם,false,1,23.90,7.97,true,1,
8000500023624,false,חטיפי הפי היפו Happy Hippo במילוי קרם חלב וקקאו,קינדר Kinder,DE,קינדר הפי היפו חמישי,גרמים,104.00,100 גרם,false,1,12.50,12.02,true,1,
8000500023976,false,בונבוניירה רפאלו 150 גרם,פררו Ferrero,PL,בונבוניירה רפאלו 150,גרמים,150.00,100 גרם,false,1,15.90,10.60,true,1,
8000500026731,false,שוקולד ביצי הפתעה קינדר שלישייה,קינדר Kinder,IT,שלישיית ביצי הפתעה ק,גרמים,60.00,100 גרם,false,1,14.90,24.83,true,1,
8000500028124,false,"קינדר ג'וי, שלישיה 3 * 20 גרם",,ZA,ביצת הפתעה קינדר גוי,גרמים,60.00,100 גרם,false,1,13.90,23.17,true,1,
8000500029350,false,מארז וופל מצופה 3יח' *43 גרם קינדר בואנו,קינדר Kinder,PL,שלישייה קינדר בואנו,גרמים,129.00,100 גרם,false,1,9.90,7.67,true,1,
8000500032237,false,בונבוניירה פררו רושר 375 גר,פררו Ferrero,IT,בונבוניירה פררו רושר,גרמים,260.00,100 גרם,false,1,44.90,17.27,true,1,
8000500037874,false,בונבוניירה פררו רושה 200 גרם,פררו Ferrero,IT,בונבוניירה פררו רושה,גרמים,200.00,100 גרם,false,1,24.90,12.45,true,1,
8000500071083,false,אצבעות שוקולד קינדר Kinder שש עשרה יחידות,קינדר Kinder,IT,קינדר שוקולד מארז 20,גרמים,200.00,100 גרם,false,1,12.50,6.25,true,1,
8000500094976,false,"בונבוניירה פררו רושר רושה קונוס, 212 גרם T17X4",פררו,IT,בונבוניירה פררו רושה,גרמים,212.00,100 גרם,false,1,46.90,22.12,true,1,
8000500121436,false,מארז קינדר בואנו Kinder Bueno לבן שלוש יחידות,קינדר Kinder,PL,שלישייה קינדר בואנו,גרמים,129.00,100 גרם,false,1,9.90,7.67,true,1,
8000500160466,false,פררו רושר קובייה 75 גרם,גוד פוד פרודקטס S.p,IT,פררו רושה 75 גר,גרמים,75.00,100 גרם,false,1,15.50,20.67,true,1,
8000500164242,false,רפאלו 70 גרם קופסא עם פרח,קדבורי,PL,בונבוניירה רפאלו 70,גרמים,70.00,100 גרם,false,1,13.50,19.29,true,1,
8000500167656,false,קינדר שוקולד עם דגנים סיריאל 94 ג',פררו,IT,קינדר שוקולד עם דגני,גרמים,94.00,100 גרם,false,1,8.00,8.51,true,1,
8000500227848,false,נוטלה - בי רדי אצבעות ביסקוויט במילוי שוקולד 6 יח' * 22 גרם,פררו,IT,וופל נוטלה בי רדי שי,גרמים,132.00,100 גרם,false,1,12.50,9.47,true,1,
8000500247150,false,פררו רושה קולקשיין קוקוס מילוי קרם ושקד שלם 172ג',,,פררו קוליקשיין 172 ג,גרמים,172.00,100 גרם,false,1,24.90,14.48,true,1,
8000500247167,false,פררו רושה קולקשיין 269ג',פררו,DE,פררו קולקשיין 269 גר,גרמים,269.00,100 גרם,false,1,52.50,19.52,true,1,
8000500248744,false,פררו-קינדר עוגת תפוז במצופת שוקולד 36*10,,IT,פררו-קינדר עוגת תפוז,גרמים,360.00,100 גרם,false,1,29.90,8.31,true,1,
8000500249352,false,קינדר בואנו מיני מיקס שקית 205 ג',קינדר Kinder,PL,קינדר בואנו מיני מיק,גרמים,205.00,100 גרם,false,1,18.90,9.22,true,1,
8000500256213,false,קינדר שוקולד מיני בשקית.,קדבורי,IT,קינדר שוקולד מיני 12,גרמים,120.00,100 גרם,false,1,10.60,8.83,true,1,
8000500266557,false,ביצי קינדר ענקיות- קריסמס (בנות) 220 גרם,,IT,ביצי קינדר ענקיות- ק,גרמים,220.00,100 גרם,false,1,64.90,29.50,true,1,
8000500266564,false,ביצי קינדר ענקיות- קריסמס (בנים) 220 גרם,,IT,ביצי קינדר ענקיות- ק,גרמים,220.00,100 גרם,false,1,64.90,29.50,true,1,
8000500267103,false,קינדר דליס שוקול' אישי מארז 10 יח' 420 גר',קינדר Kinder,IT,עוגת קינדר דליס 390,גרמים,390.00,100 גרם,false,1,19.90,5.10,true,1,
8000500269169,false,קינדר קארדס Kinder Cards - חמישייה,קינדר Kinder,IT,וופל קינדר קארדס 128,גרמים,128.00,100 גרם,false,1,13.90,10.86,true,1,
8000500283158,false,עוגת קינד במילוי קרם חלב 270 גרם,,,עוגת קינד במילוי קרם,גרמים,270.00,100 גרם,false,1,29.90,11.07,true,1,
8000500283219,false,עוגת קינדר קקאו במילוי קרם שוקולד 290 גר,,,עוגת קינדר קקאו במיל,גרמים,290.00,100 גרם,false,1,29.90,10.31,true,1,
8000500283240,false,עוגת קינדר במילוי קרם שוקולד 290 גרם,,,פררו-קינדר עוגת ספוג,גרמים,290.00,100 גרם,false,1,29.90,10.31,true,1,
8000500294345,false,רושר איש שלג שוקולד חלב ואגוזי לוז 90 גר,,PL,רושר איש שלג שוקולד,גרמים,90.00,100 גרם,false,1,16.50,18.33,true,1,
8000500310397,false,נוטלה עוגיות נוטלה בגליל 12יח' - NUTELLA BISCUITTS,נוטלה Nutella,IT,ביסקוויטים במילוי נו,גרמים,166.00,100 גרם,false,1,14.90,8.98,true,1,
8000500359358,false,מארז שלישיית עוגיות נוטלה באריזה אישית - NUTELLA BISCUITTS,פררו,IT,ביסקוויטים במילוי נו,גרמים,41.00,100 גרם,false,1,3.90,9.51,true,1,
8000500359556,false,פררו רפאלו שוקולד קוקוס ושקדים 90 גרם,,DE,טבלת שוקולד רפאלו 90,גרמים,90.00,100 גרם,false,1,17.70,19.67,true,1,
8000500366073,false,נוטלה עוגיות נוטלה בשקית 20 יח'- NUTELLA BISCUITTS,נוטלה Nutella,IT,ביסקוויטים במילוי נו,גרמים,276.00,100 גרם,false,1,20.90,7.57,true,1,
8000500372524,false,קינדר סנטה קלאוס ש. מריר חלב 110 גר,,,קינדר סנטה קלאוס ש.,גרמים,110.00,100 גרם,false,1,21.90,19.91,true,1,
8000500374429,false,גרנד פררו רושה מעטפת שוקולד חלב עם אגוזי לוז,פררו Ferrero,IT,בונבוניירה פררו גרנ,גרמים,125.00,100 גרם,false,1,17.70,14.16,true,1,
8000500374542,false,שוקולד מריר מעולה אגוזי לוז פררו רושה125,פררו,IT,שוקולד מריר מעולה אג,גרמים,125.00,100 גרם,false,1,15.90,12.72,true,1,
8000500384664,false,מאגדת גלידה קינדר בואנו רביעייה 284 גרם,,DE,מאגדת גלידה קינדר בו,גרמים,284.00,100 גרם,false,1,34.90,12.29,true,1,
8000500384718,false,מאגדת גלידה קינדר בואנו שוקולד לבן רביעי,,DE,מאגדת גלידה קינדר בו,גרמים,284.00,100 גרם,false,1,34.90,12.29,true,1,
8000500389652,false,קינדר האפי מומנטס 161 גרם,,DE,קינדר האפי מומנטס 16,גרמים,161.00,100 גרם,false,1,27.90,17.33,true,1,
8000500391686,false,פררו קולקשן ביצים קקאו 100 גרם,,,פררו קולקשן ביצים קק,גרמים,100.00,100 גרם,false,1,20.90,20.90,true,1,
8000500391860,false,קינדר מקסי מיקס קריסמס 143 גרם,,,קינדר מקסי מיקס קריס,גרמים,143.00,100 גרם,false,1,35.90,25.10,true,1,
8000500392027,false,קינדר מיני ביצים אגוזי לוז 85 גרם,,,קינדר מיני ביצים אגו,גרמים,85.00,100 גרם,false,1,17.90,21.06,true,1,
8000500392041,false,קינדר מיני ביצים שוקולד חלב 85 גרם,,,קינדר מיני ביצים שוק,גרמים,85.00,100 גרם,false,1,17.90,21.06,true,1,
8000500392096,false,קינדר מיני ביצים קקאו 85 גרם,,,קינדר מיני ביצים קקא,גרמים,85.00,100 גרם,false,1,17.90,21.06,true,1,
8000570048022,false,"וורמוט מרטיני פיירו 750 מ""ל",,,וורמוט מרטיני פיירו,Unknown,0.00,Unknown,false,1,47.90,47.90,true,1,
8000570283607,false,מרטיני אסטי Asti יין לבן מתוק מבעבע,מרטיני Martini,IT,יין מבעבע מרטיני אסט,מיליליטרים,750.00,"100 מ""ל",false,1,64.90,8.65,true,1,
8000570812708,false,"יין מבעבע מרטיני רוזה 750 מ""ל",,,מבעבע מרטיני רוזה,Unknown,0.00,Unknown,false,1,64.90,64.90,true,1,
8000698036642,false,בונבוניירה אלינור 450 גר FELETTI,,,בונבוניירה אלינור 45,גרמים,450.00,100 גרם,false,1,69.90,15.53,true,1,
8000786100408,false,"פולנטה מסורתית 1 ק""ג LA GRANDE ROUTA",לה גרנדה רוטה,IT,"פולנטה מסורתית 1 ק""ג",קילוגרמים,0.00,"ק""ג",false,1,14.90,14.90,true,1,
8000895003355,false,עוגיות קנטוציני שקדים 175 גרם SAPORI,,,עוגיות קנטוציני שקדי,גרמים,175.00,100 גרם,false,1,12.50,7.14,true,1,
8001090016003,false,טבליות למדיח פיירי 84 יחידות,פרוקטר & גמבל,FR,טבליות למדיח פיירי 8,Unknown,0.00,Unknown,false,1,44.90,44.90,true,1,
8001090184412,false,"פיירי נוזל לניקוי כלים לימון שקוף, 900 מ""ל",פרוקטר אנד גמבל,GB,נוזל כלים פיירי לימו,מיליליטרים,900.00,"100 מ""ל",false,1,12.90,1.43,true,1,
8001090379399,false,פמפרס פרימיום חיתולי VP מידה 5 30 יח',פרוקטר אנד גמבל,DE,חיתולי פמפרס פרימיום,Unknown,0.00,Unknown,false,1,34.40,34.40,true,1,
8001090458353,false,סבון כלים פעולה אנטי-בקטריאלית אקליפטוס,פיירי Fairy,,נוזל כלים אנטי בקטרי,מיליליטרים,515.00,"100 מ""ל",false,1,10.50,2.04,true,1,
8001090721129,false,קפסולות לכביסה אריאל פודש קולור 27 יח,פרוקטר אנד גמבל,FR,קפסולות לכביסה אריאל,Unknown,0.00,Unknown,false,1,34.90,34.90,true,1,
8001090734044,false,מגן תחתון אולוויז מגה פק לארג פרש 64 יח,פרוקטר אנד גמבל,UA,מגן תחתון אולוויז מג,Unknown,0.00,Unknown,false,1,19.90,19.90,true,1,
8001090740717,false,מגני תחתון אולוויז נורמל עם ניחוח רענן Fresh Scent,פרוקטר אנד גמבל,DE,מגן תחתון אולוויז מג,Unknown,0.00,Unknown,false,1,19.90,19.90,true,1,
8001090802385,false,קפסולות גל לכביסה טייד בניחוח לנור 26 יח,פרוקטר & גמבל,FR,קפסולות גל לכביסה טי,Unknown,0.00,Unknown,false,1,34.90,34.90,true,1,
8001090832535,false,"שמפו פנטן שמן מרוקאי משקם 660 מ""ל",פרוקטר אנד גמבל,RO,שמפו פנטן שמן מרוקאי,מיליליטרים,660.00,"100 מ""ל",false,1,19.90,3.02,true,1,
8001090832573,false,"שמפו פנטן לחות מוגברת 660 מ""ל",פרוקטר אנד גמבל,RO,שמפו פנטן לחות מוגבר,מיליליטרים,660.00,"100 מ""ל",false,1,19.90,3.02,true,1,
8001090832610,false,"שמפו פנטן למגע רך כמשי 660 מ""ל",פרוקטר אנד גמבל,RO,שמפו פנטן למגע רך כמ,מיליליטרים,660.00,"100 מ""ל",false,1,19.90,3.02,true,1,
8001090832856,false,"קונדישנר פנטן מרוקאי משקם 660 מ""ל",פרוקטר אנד גמבל,RO,קונדישנר פנטן מרוקאי,מיליליטרים,660.00,"100 מ""ל",false,1,19.90,3.02,true,1,
8001090833136,false,אריאל ג'ל כביסה בייבי 2.255 ליטר,אריאל Ariel,FR,גל כביסה אריאל בייבי,ליטרים,0.00,ליטר,false,1,32.90,32.90,true,1,
8001090833167,false,גל כביסה אריאל בניחוח הרים 2.365 ליטר,פרוקטור אנד גמבל,FR,גל כביסה אריאל בניחו,ליטרים,0.00,ליטר,false,1,32.90,32.90,true,1,
8001090833198,false,אריאל נוזל כביסה 2.47 ליטר ניחוח מרענן,פרוקטור אנד גמבל,FR,גל כביסה אריאל בניחו,ליטרים,0.00,ליטר,false,1,32.90,32.90,true,1,
8001090833228,false,אריאל ג'ל כביסה קולור 2.365 ליטר,אריאל Ariel,FR,גל כביסה אריאל קולור,ליטרים,0.00,ליטר,false,1,32.90,32.90,true,1,
8001090992338,false,קפסולות למדיח פיירי פלטינום פלוס 50 יח,פרוקטר & גמבל,FR,קפסולות למדיח פיירי,Unknown,0.00,Unknown,false,1,44.90,44.90,true,1,
8001100050546,false,עוגת פנטונה עם צימוקים וקליפות תפו 500 ג,,,עוגת פנטונה עם צימוק,גרמים,500.00,100 גרם,false,1,35.90,7.18,true,1,
8001100051055,false,עוגת פנטונה עם צימוקים בציפוי אגוזי 750ג,,,עוגת פנטונה עם צימוק,גרמים,750.00,100 גרם,false,1,46.90,6.25,true,1,
8001100058979,false,עוגת פנטונה בציפוי סוכר 750 גרם,,IT,עוגת פנדורו בחושה קל,גרמים,750.00,100 גרם,false,1,52.90,7.05,true,1,
8001100059198,false,עוגת פנטונה בלוקו 100 גרם,,,עוגת פנטונה בלוקו,Unknown,0.00,Unknown,false,1,15.90,15.90,true,1,
8001100059259,false,שקיות וופל ריבועי פלוקו עם מילוי קרם אגוזי לוז 250 ג',,,וופל קוביות בטעם אגו,גרמים,250.00,100 גרם,false,1,10.90,4.36,true,1,
8001100059266,false,שקיות פרוסות ריבועי פלוקו במילוי קרם וניל וחלב 250 ג',,,בלוקו וופלים קוביות,גרמים,250.00,100 גרם,false,1,10.90,4.36,true,1,
8001100062525,false,פנטונה 750 גרם פח,,,פנטונה 750 גרם,גרמים,750.00,100 גרם,false,1,72.90,9.72,true,1,
8001100063690,false,פנדורו במילוי קרם טירמיסו 800 גר Balocco,,IT,פנדורו במילוי קרם טי,גרמים,800.00,100 גרם,false,1,52.90,6.61,true,1,
8001100064802,false,עוגת סאן סירו 500 גרם,,IT,עוגת סאן סירו 500 גר,גרמים,500.00,100 גרם,false,1,29.90,5.98,true,1,
8001100067667,false,עוגת פנדורו בון נאטלה 700 גרם,,IT,עוגת פנדורו בון נאטל,גרמים,700.00,100 גרם,false,1,41.90,5.99,true,1,
8001160000888,false,"גטורייד משקה ספורט תפוז 500 מ""ל",ALOE VERA HEAVEN SRL,IT,גטורייד ספורט תפוז 5,מיליליטרים,500.00,"100 מ""ל",false,1,12.20,2.44,true,1,
8001160001786,false,"משקה אנרגיה גטורייד ספורט כחול 500מ""ל",סאן בנדטו אס פי איי,IT,גטורייד ספורט כחול 5,מיליליטרים,500.00,"100 מ""ל",false,1,12.20,2.44,true,1,
8001160001892,false,"משקה אנרגיה גטורייד ספורט תפוז אדום 500מ""ל",פפסיקו בוואדג' איטלי,IT,גטורייד ספורט תפוז א,מיליליטרים,500.00,"100 מ""ל",false,1,12.20,2.44,true,1,
8001200023808,false,פסטה אליציה צבעוני 500 גר Agnesi,,,פסטה אליציה צבעוני 5,גרמים,500.00,100 גרם,false,1,8.30,1.66,true,1,
8001200038994,false,פסטה ספגטי חיטה מלאה 500 גר Agnesi,,,פסטה ספגטי חיטה מלאה,גרמים,500.00,100 גרם,false,1,13.50,2.70,true,1,
8001200039014,false,פסטה פנה חיטה מלאה 500 גר Agnesi,,,פסטה פנה חיטה מלאה 5,גרמים,500.00,100 גרם,false,1,13.50,2.70,true,1,
8001200045039,false,פסטה ספגטי מס.3 500 גר Agnesi,,IT,פסטה ספגטי מס.3 500,גרמים,500.00,100 גרם,false,1,8.30,1.66,true,1,
8001200045053,false,פסטה ספגטיני מס.2 500 גר Agnesi,,IT,פסטה ספגטיני מס.2 50,גרמים,500.00,100 גרם,false,1,8.30,1.66,true,1,
8001200045190,false,פסטה אליציה מס.56 500 גר Agnesi,,,פסטה אליציה מס.56 50,גרמים,500.00,100 גרם,false,1,8.30,1.66,true,1,
8001200045299,false,פסטה פנה ריגטה 500 גר Agnesi,,IT,פסטה פנה ריגטה 500 ג,גרמים,500.00,100 גרם,false,1,8.30,1.66,true,1,
8001200045350,false,פסטה ניוקי 500 גר Agnesi,,IT,פסטה ניוקי 500 גר Ag,גרמים,500.00,100 גרם,false,1,8.30,1.66,true,1,
8001200045374,false,פסטה צילנטני מסולסל 500 גר Agnesi,,,פסטה צילנטני מסולסל,גרמים,500.00,100 גרם,false,1,8.30,1.66,true,1,
8001200045473,false,פסטה ריגטוני 500 גר Agnesi,,,פסטה ריגטוני 500 גר,גרמים,500.00,100 גרם,false,1,8.30,1.66,true,1,
8001200045831,false,פסטה פארפלה מס.61 500 גר Agnesi,,IT,פסטה פארפלה מס.61 50,גרמים,500.00,100 גרם,false,1,8.30,1.66,true,1,
8001200045916,false,פסטה טליאטלה ביצים 250 גר Agnesi,,,פסטה טליאטלה ביצים 2,גרמים,250.00,100 גרם,false,1,13.50,5.40,true,1,
8001200045978,false,פסטה פפרדלה ביצים 250 גר Agnesi,,,פסטה פפרדלה ביצים 25,גרמים,250.00,100 גרם,false,1,13.50,5.40,true,1,
8001200045992,false,פסטה ביצים ותרד 250 גר Agnesi,,,פסטה ביצים ותרד 250,גרמים,250.00,100 גרם,false,1,13.50,5.40,true,1,
8001291017519,false,"קיאנטי קלאסיקו ברוליו רזרב 750 מ""ל",,,קיאנטי קלאסיקו,Unknown,0.00,Unknown,false,1,159.90,159.90,true,1,
8001291020014,false,ריקאסולי קיאנטי קלאסיקו ברוליו 750 מל,,,ריקאסולי קיאנטי קלאס,Unknown,0.00,Unknown,false,1,97.90,97.90,true,1,
8001291057515,false,ברון קיאנטי דל ברון ריקאסולי 750 מל,,,ברון קיאנטי דל ברון,Unknown,0.00,Unknown,false,1,51.90,51.90,true,1,
8001387077106,false,קונטיזקה קאנטלופי פרימיטיבו סאלנטו 750 מ,,IT,קונטיזקה קאנטלופי פר,מיליליטרים,750.00,"100 מ""ל",false,1,57.90,7.72,true,1,
8001387287109,false,קונטיזקה קוואטרו קונטי פרימיטיבו 750 מל,,IT,קונטיזקה קוואטרו קונ,מיליליטרים,750.00,"100 מ""ל",false,1,43.90,5.85,true,1,
8001420001327,false,אורז ריזוטו ארבוריו 500 גרם,GALLO,,אורז ריזוטו ארבוריו,גרמים,500.00,100 גרם,false,1,13.90,2.78,true,1,
8001440118944,false,שלישיית עגבניות פולפה *400 ג' צ'יריו,סיריו,IT,עגבניות פולפה 3*400,קילוגרמים,0.00,"ק""ג",false,1,15.90,15.90,true,1,
8001505000306,false,מעדן פירות יער אורגני 250 ג FIORDIFRUTT,,,מעדן פירות יער אורגנ,גרמים,250.00,100 גרם,false,1,22.90,9.16,true,1,
8001505000313,false,ממרח אגוזי לוז אורגני 270 גרם NICCIOLATA,ריג'וני דה אסינו,IT,ממרח אגוזי לוז אורגנ,גרמים,270.00,100 גרם,false,1,23.90,8.85,true,1,
8001505001105,false,ממרח אגוזי לוז אורגני 270 גרם NICCIOLATA,,,ממרח אגוזי לוז,גרמים,270.00,100 גרם,false,1,23.90,8.85,true,1,
8001561015580,false,ריבת בצל סגול איטלקית 300 גרם,,,ריבת בצל סגול איטלקי,גרמים,300.00,100 גרם,false,1,31.90,10.63,true,1,
8001585008391,false,עוגת תות שדה 400 גרם BALCONI,,,עוגת תות שדה 400 גרם,גרמים,400.00,100 גרם,false,1,14.90,3.73,true,1,
8001620011935,false,מים מינרלים מוגזים שישייה בקבוק אישי,אקווה מינרלה סאן בנד,IT,שישיית סאן בנדטו מוג,מיליליטרים,1500.00,"100 מ""ל",false,1,11.90,0.79,true,1,
8001620015612,false,"משקה פירות פרוטה-גזר תפוז לימון 400 מ""ל סאן בנדטו",אקווה מינרלה סאן בנד,IT,סן בנדטו גזר תפוז לי,מיליליטרים,400.00,"100 מ""ל",false,1,7.90,1.98,true,1,
8001620015636,false,"משקה פירות פרוטה-מיקס פירות 400 מ""ל סאן בנדטו",אקווה מינרלה סאן בנד,IT,סן בנדטו מיקס פירות,מיליליטרים,400.00,"100 מ""ל",false,1,7.90,1.98,true,1,
8001620017456,false,"מים מינרלים שישיה ספורט סאן בנדטו 500 מ""ל",סאן בנדטו San Benedetto,,סאן בנדטו שישייה 500,מיליליטרים,3000.00,"100 מ""ל",false,1,15.90,0.53,true,1,
8001620019160,false,"סן בנדטו אפרסק 400 מ""ל 12 יח'",אקווה מינרלה סאן בנד,IT,סאן בנדטו אפרסק 400,מיליליטרים,400.00,"100 מ""ל",false,1,5.30,1.33,true,1,
8001620019177,false,"סן בנדטו ענבים 400 מ""ל 12 יח'",אקווה מינרלה סאן בנד,IT,סאן בנדטו ענבים 400,מיליליטרים,400.00,"100 מ""ל",false,1,5.30,1.33,true,1,
8001637404195,false,גורגונזולה דולצה 150 גרם,,,גורגונזולה דולצה 150,גרמים,150.00,100 גרם,false,1,41.90,27.93,true,1,
8001637410813,false,גורגונזולה פיקנט מנות 150ג',,,גורגונזולה פיקנטה 15,גרמים,150.00,100 גרם,false,1,30.90,20.60,true,1,
8001841006710,false,לנור כדוריות הבושם בניחוח רענן 210 ג',פרוקטר אנד גמבל,GB,כדוריות הבושם לנור נ,גרמים,210.00,100 גרם,false,1,32.90,15.67,true,1,
8001841053684,false,תחבושות אולוויז עבות לונג פלוס 12 יח,פרוקטר אנד גמבל,HU,תחבושות אולוויז עבות,Unknown,0.00,Unknown,false,1,13.90,13.90,true,1,
8001841105093,false,"חיתולי פמפרס פרימיום קר שלב 6, +13 ק""ג",פרוקטר אנד גמבל,TR,חיתולי פמפרס פרימיום,Unknown,0.00,Unknown,false,1,34.40,34.40,true,1,
8001841137179,false,קונדישינר הד&שולדרס הנוסחה הקלאסית 275מל,פרוקטר אנד גמבל,RO,קונדישינר הד&שולדרס,מיליליטרים,275.00,"100 מ""ל",false,1,19.90,7.24,true,1,
8001841216584,false,תחבושות אולוויז אולטרה לילה בטוח,פרוקטר & גמבל,HU,תחבושות אולוויז לילה,Unknown,0.00,Unknown,false,1,36.90,36.90,true,1,
8001841625188,false,סבון כלים פלטינום לימון X3 פעולות להסרת שומנים,פרוקטר אנד גמבל,GB,נוזל כלים פיירי פלטי,מיליליטרים,515.00,"100 מ""ל",false,1,10.50,2.04,true,1,
8001841625461,false,סבון כלים פלטינום X3 פעולות להסרת שומנים,פרוקטר אנד גמבל,GB,נוזל כלים פיירי פלטי,מיליליטרים,515.00,"100 מ""ל",false,1,10.50,2.04,true,1,
8001841669465,false,אריאל קפסולות לכביסה ג'ל 24 יח' בניחוח לנור,פרוקטר אנד גמבל,FR,קפסולות לכביסה אריאל,Unknown,0.00,Unknown,false,1,34.90,34.90,true,1,
8001841669519,false,אריאל קפסולות למכונת כביסה 55 יח',פרוקטר & גמבל,FR,קפסולות לכביסה אריאל,יחידה,1.00,יחידה,false,1,63.50,63.50,true,1,
8001841941929,false,תחבושות אולוויז וליו פק לילה אקסטרא,פרוקטר אנד גמבל,DE,תחבושות אולוויז וליו,Unknown,0.00,Unknown,false,1,19.90,19.90,true,1,
8001841958460,false,פיירי טבליות למדיח אורגינל הכל באחד - מארז 48 יח',פרוקטר אנד גמבל,BE,טבליות למדיח פיירי 4,יחידה,1.00,יחידה,false,1,41.90,41.90,true,1,
8001841960081,false,פיירי טבליות למדיח פלטינום הכל באחד - מארז 37 יח',פרוקטר אנד גמבל,BE,טבליות למדיח פלטינום,יחידה,1.00,יחידה,false,1,41.90,41.90,true,1,
8001935353201,false,ווילה אנטינורי לבן 750 מל,,,ווילה אנטינורי לבן 7,Unknown,0.00,Unknown,false,1,51.90,51.90,true,1,
8001943549122,false,"צ'וקטה מטבעות שוקולד חלב, 40 גרם",צ'וקטה Chocketa,IT,צוקטה מטבעות שוקולד,גרמים,40.00,100 גרם,false,1,4.90,12.25,true,1,
8002066001405,false,אטריות ביצים טלייאטלה ללא גלוטן 250גר,,IT,אטריות ביצים פאפארדל,גרמים,250.00,100 גרם,false,1,17.90,7.16,true,1,
8002066001412,false,אטריות ביצים טליאוליני ללא גלוטן 250גר,,IT,אטריות ביצים טליאולי,גרמים,250.00,100 גרם,false,1,17.90,7.16,true,1,
8002190001807,false,עוגיות עשירות בסיבים תזונתיים ללא תוספת,,,עוגיות עשירות בסיבים,גרמים,300.00,100 גרם,false,1,15.90,5.30,true,1,
8002190001838,false,עוגיות סנדוויץ עם קרם וניל ללא תוספת סו,,,עוגיות סנדוויץ עם קר,גרמים,300.00,100 גרם,false,1,15.90,5.30,true,1,
8002200143206,false,קפה קימבו ריסטרטו אלומינ עוצמה 12 -10 קפ,,,קפה קימבו ריסטרטו אל,Unknown,0.00,Unknown,false,1,18.80,18.80,true,1,
8002200143213,false,קפה קימבו בריסטה אלומינ עוצמה 9 - 10 קפ,,,קפה קימבו בריסטה אלו,Unknown,0.00,Unknown,false,1,18.80,18.80,true,1,
8002267014662,false,שלישייה ביצי שוקולד חלב עם צעצוע ברבי,צ'וקטה Chocketa,IT,ביצת שוקולד הפתעה בר,גרמים,60.00,100 גרם,false,1,12.90,21.50,true,1,
8002267015263,false,ביצי שוקולד חלב עם הפתעת צעצוע - מארז 3 יח',צ'וקטה Chocketa,IT,ביצת שוקולד הפתעה מא,גרמים,60.00,100 גרם,false,1,12.90,21.50,true,1,
8002267016475,false,ביצת שוקולד הפתעה בוב הבנאי שלישייה 60 ג,מולינו ניקולי s.p.a,IT,ביצת שוקולד הפתעה בו,גרמים,60.00,100 גרם,false,1,12.90,21.50,true,1,
8002270015656,false,סאן פלגרינו מים מוגז,סן פלגרינו ס.פ.א לוק,IT,סאן פלגרינו 750 מל,מיליליטרים,750.00,"100 מ""ל",false,1,10.90,1.45,true,1,
8002270166587,false,שישייה סאן פלגרינו פלסט 1 ליטר,,,שישייה סאן פלגרינו פ,ליטרים,0.01,ליטר,false,1,51.90,5190.00,true,1,
8002270166594,false,"שישיית סאן פלגרינו 250 מ""ל",,,שישיית סאן פלגרינו 2,מיליליטרים,1500.00,"100 מ""ל",false,1,32.90,2.19,true,1,
8002270216800,false,סאן פלגרינו בטעם לימון 500 מ,,,סאן פלגרינו בטעם לימ,מיליליטרים,500.00,"100 מ""ל",false,1,5.90,1.18,true,1,
8002270226823,false,"LIMONATA סן פלגרינו לימון 200 מ""ל",,,LIMONATA סן פלגרינו,מיליליטרים,200.00,"100 מ""ל",false,1,7.90,3.95,true,1,
8002270236808,false,סאן פלגרינו בטעם תפוז אדום ופטל 500 מ,,,סאן פלגרינו בטעם תפו,מיליליטרים,500.00,"100 מ""ל",false,1,5.90,1.18,true,1,
8002270436581,false,"שישיית מים סאן פלגרינו פלסט 500 מ""ל",סן פלגרינו,,שישיית מים סאן פלגרי,מיליליטרים,3000.00,"100 מ""ל",false,1,26.90,0.90,true,1,
8002270866524,false,סאן פלנגרינו מים מינ,סן פלגרינו San Pellegrino,IL,סאן פלגרינו 1 ליטר,מיליליטרים,1000.00,"100 מ""ל",false,1,9.90,0.99,true,1,
8002305008080,false,רוקה דה לה מאציה וינו נובילה 750 מל,,,רוקה דה לה מאציה וינ,Unknown,0.00,Unknown,false,1,128.90,128.90,true,1,
8002305008370,false,"רוקה דלה מאציה מנדוס פרימיטיבו 750 מ""ל",,,רוקה דלה מאציה מנדוס,Unknown,0.00,Unknown,false,1,79.90,79.90,true,1,
8002305009346,false,רוקה דלה מאציה קיאנטי ורנאולו 750 מל,,,רוקה דלה מאציה,Unknown,0.00,Unknown,false,1,51.90,51.90,true,1,
8002305009506,false,רוקה דלה מאציה קיאנטי קלאסיקו 750 מל,,,רוקה דלה מאציה קיאנט,Unknown,0.00,Unknown,false,1,88.90,88.90,true,1,
8002305861005,false,רוקה דה לה מאציה אורבייטו קלאסיקו 750 מל,,,רוקה דה לה מאציה אור,Unknown,0.00,Unknown,false,1,56.90,56.90,true,1,
8002590045388,false,טוסט קלאסי 320 גרם COLUSSI,,,טוסט קלאסי 320 גרם C,גרמים,320.00,100 גרם,false,1,9.70,3.03,true,1,
8002795002742,false,גבינה לבנה ריקוטה איטלקית 500 ג',,IT,ריקוטה איטלקית 500 ג,גרמים,500.00,100 גרם,false,1,24.90,4.98,true,1,
8003007800484,false,פסטה צוקה 4 טעמים 500 גרם,,IT,פסטה צוקה 4 טעמים,גרמים,500.00,100 גרם,false,1,16.90,3.38,true,1,
8003007817918,false,פסטה לומקוני 4 טעמים,,IT,פסטה לומקוני 500 גר,גרמים,500.00,100 גרם,false,1,16.90,3.38,true,1,
8003207997854,false,"יין פאבולינו קיאנטי 750 מ""ל",‎פאבולינו,IT,יין פאבולינו קיאנטי,Unknown,0.00,Unknown,false,1,39.90,39.90,true,1,
8003207997861,false,"יין פאבולינו טוסקנה רוסו 750 מ""ל",‎פאבולינו,IT,יין פאבולינו טוסקנה,Unknown,0.00,Unknown,false,1,39.90,39.90,true,1,
8003294529228,false,פילה טונה בהירה במים 190 גרם,,IT,פילה טונה בהירה במים,גרמים,190.00,100 גרם,false,1,36.90,19.42,true,1,
8003340091280,false,בונבוניירת לינדור Lindor שוקולד מריר,לינדט ושפרונגלי קילש,IT,בונבוניירה לינדור60%,גרמים,200.00,100 גרם,false,1,22.90,11.45,true,1,
8003410212638,false,תערובת פולי קפה אינטרמצו עוצמה 12 500 ג,,IT,תערובת פולי קפה אינט,גרמים,500.00,100 גרם,false,1,67.90,13.58,true,1,
8003410212676,false,תערובת פולי קפה אספרסו קאסה עוצמה 10 500,,IT,תערובת פולי קפה אספר,גרמים,500.00,100 גרם,false,1,78.50,15.70,true,1,
8003410249306,false,שרוול תערובת קפה קלאסיקו עוצמה 10,,IT,שרוול תערובת קפה סגפ,גרמים,10.00,100 גרם,false,1,20.90,209.00,true,1,
8003410249313,false,שרוול תערובת קפה אינטנסו עוצמה 12,,IT,שרוול תערובת קפה סגפ,גרמים,11.00,100 גרם,false,1,20.90,190.00,true,1,
8003410249344,false,"סגפרדו, קפסולות קפה, פרו, עוצמה 9",,,"סגפרדו, קפסולות קפה,",גרמים,10.00,100 גרם,false,1,20.90,209.00,true,1,
8003410249351,false,"סגפרדו, קפסולות קפה, ברזיל, עוצמה 8",,,"סגפרדו, קפסולות קפה,",גרמים,10.00,100 גרם,false,1,20.90,209.00,true,1,
8003410446477,false,שרוול תערובת קפה ריסטרטו עוצמה 11,,IT,שרוול תערובת קפה סגפ,גרמים,12.00,100 גרם,false,1,20.90,174.17,true,1,
8003410446484,false,שרוול תערובת קפה ערביקה עוצמה 9,,IT,שרוול תערובת קפה סגפ,גרמים,13.00,100 גרם,false,1,20.90,160.77,true,1,
8003440992395,false,צופה צופ חמוץ גומי 150 גרם,,ES,צופה צופ חמוץ גומי 1,גרמים,150.00,100 גרם,false,1,11.40,7.60,true,1,
8003440997871,false,מסטיק פיורפרש תות אריזת חיסכון 200 ג,פרפטי ואן מלה ברדה,TR,מסטיק פיורפרש תות אר,גרמים,200.00,100 גרם,false,1,19.90,9.95,true,1,
8003445000873,false,סבון נסטי שמן זית אלוורה טבעי 100 גרם,,,סבון נסטי שמן זית אל,גרמים,100.00,100 גרם,false,1,12.90,12.90,true,1,
8003445000880,false,סבון נסטי שמן זית ושמן ארגן טבעי 100 גרם,,,סבון נסטי שמן זית וש,גרמים,100.00,100 גרם,false,1,12.90,12.90,true,1,
8003445001207,false,נסטי סבון שמן זית ארז לימון טבעי 100 גרם,,IT,נסטי סבון שמן זית אר,גרמים,100.00,100 גרם,false,1,11.90,11.90,true,1,
8003490036209,false,רוברטו-לחמניות המבורגר עם שמשם 300 גר,,IT,רוברטו-לחמניות המבור,גרמים,300.00,100 גרם,false,1,17.90,5.97,true,1,
8003490037206,false,מאפה בצורת מקלות מלח 250 גר,,IT,רוברטו-מקלות גריסיני,גרמים,250.00,100 גרם,false,1,24.90,9.96,true,1,
8003490038708,false,רוברטו-מקלות גריסיני רוזמרין 250 גר,,IT,רוברטו-מקלות גריסיני,גרמים,250.00,100 גרם,false,1,24.90,9.96,true,1,
8003490042804,false,רוברטו-מקלות גריסיני שמן זית 250 גר,,,רוברטו-מקלות גריסיני,גרמים,250.00,100 גרם,false,1,17.90,7.16,true,1,
8003490043009,false,רוברטו-מקלות מיני גריסיני רוזמרין 150 גר,,,רוברטו-מקלות מיני גר,גרמים,150.00,100 גרם,false,1,12.90,8.60,true,1,
8003490043207,false,רוברטו-מקלות מיני גריסיני שומשום 150 גר,,,רוברטו-מקלות מיני גר,גרמים,150.00,100 גרם,false,1,12.90,8.60,true,1,
8003490044808,false,רוברטו-ברוסקטה שמן זית 100 גר,,,רוברטו-ברוסקטה שמן ז,גרמים,100.00,100 גרם,false,1,11.90,11.90,true,1,
8003490044815,false,רוברטו-ברוסקטה רוזמרין 100 גר,,,רוברטו-ברוסקטה רוזמר,גרמים,100.00,100 גרם,false,1,11.90,11.90,true,1,
8003490044990,false,רוברטו-מקלות גריסיני שומשום 250,,IT,רוברטו-מקלות גריסיני,גרמים,250.00,100 גרם,false,1,24.90,9.96,true,1,
8003490046543,false,רוברטו-לחמניות המבורגר מקמח מלא שמשם 300,,IT,רוברטו-לחמניות המבור,גרמים,300.00,100 גרם,false,1,17.90,5.97,true,1,
8003490047038,false,רוברטו-קרוטונים לסלט ולמרק 125 גר,,,רוברטו-קרוטונים לסלט,גרמים,125.00,100 גרם,false,1,17.90,14.32,true,1,
8003490047205,false,רוברטו-לחמניות המבורגר גורמה 300 גר,,IT,רוברטו-לחמניות המבור,גרמים,300.00,100 גרם,false,1,17.90,5.97,true,1,
8003490047533,false,רוברטו-לחמניות מיני הוט דוג 300 גר,,IT,רוברטו-לחמניות מיני,גרמים,300.00,100 גרם,false,1,17.90,5.97,true,1,
8003753900438,false,קפה לנדוור אילי אספרסו טחון 250 גרם,קפה לנדוור,IL,קפה לנדוור אילי אספר,גרמים,250.00,100 גרם,false,1,42.90,17.16,true,1,
8003753900469,false,קפה לנדוור אילי קלייה כהה 250 גרם,קפה לנדוור,IL,קפה לנדוור אילי קליי,גרמים,250.00,100 גרם,false,1,42.90,17.16,true,1,
8003866012196,false,פחית קפה טחון 100% ארביקה 250 גרם DIEMME,,,פחית קפה טחון 100% א,גרמים,250.00,100 גרם,false,1,32.90,13.16,true,1,
8004030022010,false,ירקות גינה עם טונה ריו מרה אינסלטיסימי 160 ג',"בולטון אלימנטרי בע""מ",IT,ריו מרה אינסלטיסימי,גרמים,160.00,100 גרם,false,1,15.00,9.38,true,1,
8004030026018,false,"מקסיקני עם טונה ריו מרה אינסלטיסימי, 160 ג'","בולטון אלימנטרי בע""מ",IT,ריו מרה אינסלטיסימי,גרמים,160.00,100 גרם,false,1,15.00,9.38,true,1,
8004030044005,false,נתחי טונה בשמן זית ריו מרה 160 ג',"בולטון אלימנטרי בע""מ",IT,טונה בשמן זית ריו מר,גרמים,160.00,100 גרם,false,1,16.80,10.50,true,1,
8004030081024,false,טונה בשמן זית שום ופלפל ריו מרה 160 גרם,"בולטון אלימנטרי בע""מ",IT,טונה בשמן זית שום ופ,גרמים,160.00,100 גרם,false,1,16.80,10.50,true,1,
8004030102033,false,טונה בשמן זית עם מיץ לימון ופלפל שחור - מארז 3 יח',בולטון אלימנטרי,IT,טונה ריו מרה בשמן עם,גרמים,240.00,100 גרם,false,1,26.90,11.21,true,1,
8004030177000,false,טונה בשמן זית וצ'ילי ריו מרה מארז 80X3 גר',ריו מארה Rio Mare,IT,טונה בשמן זית עם ציל,גרמים,240.00,100 גרם,false,1,26.90,11.21,true,1,
8004030180000,false,טונה בשמן זית כתית ריו מרה 3*80 גרם,בולטון אלימנטרי,IT,טונה בשמן זית כתית ר,גרמים,240.00,100 גרם,false,1,31.50,13.13,true,1,
8004030344938,false,טונה בשמן זית ריו מרה שלישיה * 80 ג',"בולטון אלימנטרי בע""מ",IT,שלישיית טונה ריו מרה,גרמים,240.00,100 גרם,false,1,26.90,11.21,true,1,
8004030845046,false,טונה עם ירקות בתוספת עם אורז ריו מרה אינסלטיסימי 160 ג',בולטון אלימנטרי,IT,ריו מרה אינסלטיסימי,גרמים,160.00,100 גרם,false,1,15.00,9.38,true,1,
8004030860001,false,ירקות עם קוקוס וטונה ריו מרה אינסלטיסימי 160 ג',"בולטון אלימנטרי בע""מ",IT,ריו מרה אינסלטיסימי,גרמים,160.00,100 גרם,false,1,15.00,9.38,true,1,
8004123004893,false,"שמן מתובל בטעם פטריות כמהין 250 מ""ל",,IT,שמן מתובל בטעם פטריו,מיליליטרים,250.00,"100 מ""ל",false,1,38.90,15.56,true,1,
8004160521308,false,"יין מבעבע מונדרו אסטי 750 מ""ל",,IT,יין מבעבע מונדרו אסט,מיליליטרים,750.00,"100 מ""ל",false,1,62.90,8.39,true,1,
8004190052827,false,לוואצה סוכריות קשות במילוי בטעם קפה 175ג,,,לוואצה סוכריות קשות,גרמים,175.00,100 גרם,false,1,11.50,6.57,true,1,
8004275058775,false,שמן זית כתית מעולה 500 מל CIRIO,,,שמן זית כתית מעולה 5,מיליליטרים,500.00,"100 מ""ל",false,1,25.50,5.10,true,1,
8004275058904,false,שמן זית כתית מעולה 5 ליטר CIRIO,,,שמן זית כתית מעולה 5,ליטרים,0.01,ליטר,false,1,239.50,23950.00,true,1,
8004275059543,false,"חומץ בלסמי ממודנה גלייז 250 מ""ל CIRIO",,,חומץ בלסמי ממודנה,מיליליטרים,250.00,"100 מ""ל",false,1,20.90,8.36,true,1,
8004275059895,false,"חומץ בן יין לבן 500 מ""ל CIRIO",,,חומץ בן יין לבן 500,מיליליטרים,500.00,"100 מ""ל",false,1,15.00,3.00,true,1,
8004275079442,false,שמן זית כתית מעולה לא מסונן 1 ליטר CIRIO,,,שמן זית כתית מעולה,מיליליטרים,1000.00,"100 מ""ל",false,1,56.50,5.65,true,1,
8004309015217,false,בורטה איטלקית 125 גרם,,IT,בורטה איטלקית 125 גר,גרמים,125.00,100 גרם,false,1,23.90,19.12,true,1,
8004690278246,false,"קמח דורום איטלקי לפיצה 1 ק""ג",,IT,קמח דורום איטלקי לפי,גרמים,1000.00,100 גרם,false,1,10.40,1.04,true,1,
8004708018987,false,מלח ורוד הימלאיה במטחנה 90 ארומה דה טוסק,דרוגריה ואלימנטרי אס,IT,מלח ורוד הימלאיה במט,גרמים,90.00,100 גרם,false,1,14.20,15.78,true,1,
8004747007607,false,"ליקר תות 700 מ""ל VOLARE",,,"ליקר תות 700 מ""ל VOL",מיליליטרים,700.00,"100 מ""ל",false,1,69.90,9.99,true,1,
8004800000071,false,לאגו פלאסיר- גלילי ופל במילוי קרם אגוזי לוז שוקולד חלב - 100 ג',לאגו,IT,גלילי וופל לאגו פלאס,גרמים,100.00,100 גרם,false,1,11.90,11.90,true,1,
8004800004802,false,גלילי וופל לאגו פלאסיר קרם דומדמניות 100,לאגו,IT,גלילי וופל לאגו פלאס,גרמים,100.00,100 גרם,false,1,11.90,11.90,true,1,
8005085715445,false,קריספו- דובדבן מריר מצופה שוקו מריר 130,,,קריספו- דובדבן מריר,גרמים,130.00,100 גרם,false,1,16.90,13.00,true,1,
8005085719382,false,קריספו-לימון מסוכר מצופה שוקולד 130 גרם,,IT,קריספו-לימון מסוכר מ,גרמים,130.00,100 גרם,false,1,14.90,11.46,true,1,
8005085719405,false,קריספו-תפוז מסוכר מצופה שוקולד 130 גרם,,IT,קריספו-תפוז מסוכר מצ,גרמים,130.00,100 גרם,false,1,14.90,11.46,true,1,
8005085723228,false,קריספו-פרלין מצופה סוכר ממולא פיסטוק 150,,IT,קריספו-פרלין מצופה ס,גרמים,150.00,100 גרם,false,1,14.90,9.93,true,1,
8005095010172,false,יין פיגין פינו גריגיו פריולי גראב 750 מל,,,יין פיגין פינו גריגי,מיליליטרים,750.00,"100 מ""ל",false,1,72.90,9.72,true,1,
8005110002243,false,רכז עגבניות Doppio Concentr בשפופרת 185 ג' MUTTI,"איי, בי, אינבוו",IT,רכז עגבניות DOPPIO ב,גרמים,185.00,100 גרם,false,1,7.50,4.05,true,1,
8005110060106,false,מארז זוג עגבניות מקולפות 400*2 גרם MUTTI,"איי, בי, אינבוו",IT,מארז זוג עגבניות מקו,גרמים,800.00,100 גרם,false,1,14.90,1.86,true,1,
8005110170300,false,עגבניות מרוסקות חתוכות מוטי MUTTI שלישיה *400,מוטי Mutti,IT,POLPA עגבניות חתוכות,גרמים,400.00,100 גרם,false,1,16.90,4.23,true,1,
8005110171215,false,עגבניות חתוכות 690 POLPAPEZZI ג' (כחול) MUTTI,"איי, בי, אינבוו",IT,POLPAPEZZI עגבניות ח,גרמים,500.00,100 גרם,false,1,14.90,2.98,true,1,
8005110191015,false,רסק עגבניות ובזיליקום 700 ג' (ירוק) MUTTI,"איי, בי, אינבוו",IT,רסק עגבניות ובזיליקו,גרמים,500.00,100 גרם,false,1,12.90,2.58,true,1,
8005110200014,false,רסק עגבניות בתוספת מלח,"איי, בי, אינבוו",IT,רכז עגבניות 210 גרם,מיליליטרים,212.00,"100 מ""ל",false,1,8.50,4.01,true,1,
8005110550508,false,עגבניות שרי 400 גרם MUTTI,mutti s.p.a,IT,עגבניות שרי 400 גרם,מיליליטרים,400.00,"100 מ""ל",false,1,9.40,2.35,true,1,
8005110551253,false,רוטב עגבניות לפיצה MUTTI,"איי, בי, אינבוו",IT,רוטב פיצה 400 גרם,גרמים,400.00,100 גרם,false,1,9.90,2.48,true,1,
8005180150219,false,PAGANI רביולי גבינה 250 גרם,,IT,PAGANI רביולי גבינה,גרמים,250.00,100 גרם,false,1,19.90,7.96,true,1,
8005180150233,false,PAGANI טורטליני גבינה ועגבניות 200 גרם,,IT,PAGANI טורטליני גבינ,גרמים,200.00,100 גרם,false,1,19.90,9.95,true,1,
8005180150295,false,PAGANI טורטליני פטריות פורציני 250 גרם,,IT,PAGANI טורטליני פטרי,גרמים,250.00,100 גרם,false,1,19.90,7.96,true,1,
8005180152640,false,PAGANI רביולי גבינה וכמהין 250 גרם,,IT,PAGANI רביולי גבינה,גרמים,250.00,100 גרם,false,1,19.90,7.96,true,1,
8005180152657,false,PAGANI טורטליני ריקוטה ותרד 200 גרם,,IT,PAGANI טורטליני ריקו,גרמים,200.00,100 גרם,false,1,19.90,9.95,true,1,
8005200256587,false,משקה תה בטעם אפרסק 1.5ל' NESTEA,מפעל סאנפלגרינו S.P.,IT,נסטי בטעם אפרסק 1.5,ליטרים,0.00,ליטר,false,1,8.90,8.90,true,1,
8005200286584,false,משקה תה בטעם מנגו אננס 1.5 ל' NESTEA,מפעל סאנפלגרינו S.P.,IL,נסטי בטעם מנגו אננס,ליטרים,0.00,ליטר,false,1,8.90,8.90,true,1,
8005200316588,false,משקה תה דיאט בטעם אפרסק 1.5ל' NESTEA,מפעל סאנפלגרינו s.p.,IL,נסטי דיאט בטעם אפרסק,ליטרים,0.00,ליטר,false,1,8.90,8.90,true,1,
8005268020175,false,שעועית אדומה במי מלח 400 גר NOVA,,IT,שימורי שעועית אדומה,גרמים,400.00,100 גרם,false,1,9.50,2.38,true,1,
8005390002667,false,יין פרוסקו ברוט 750 מל,,,יין פרוסקו ברוט 750,Unknown,0.00,Unknown,false,1,57.90,57.90,true,1,
8005390036099,false,סרטורי מרלו 750 מל,,,וילה מורה מרלו 750 מ,Unknown,0.00,Unknown,false,1,37.90,37.90,true,1,
8005390046579,false,"סרטורי, פינו גריגיו רוזה, לאב סטורי 750מ",,,סרטורי פינו גריגיו,Unknown,0.00,Unknown,false,1,51.90,51.90,true,1,
8005390080993,false,יין וילה מורה רוזה 750 מל,,,יין וילה מורה רוזה 7,Unknown,0.00,Unknown,false,1,37.90,37.90,true,1,
8005390083437,false,יין וילה מורה סואבה 750 מל,,,יין וילה מורה סואבה,Unknown,0.00,Unknown,false,1,37.90,37.90,true,1,
8005390936153,false,"סרטורי פינו גריגיו ארכולה 750 מ""ל",,,סרטורי פינו גריגיו,Unknown,0.00,Unknown,false,1,51.90,51.90,true,1,
8005469951452,false,ממרח אנשובי עם שמן חמניות,בנדטו סקלייה סרל,IT,ממרח אנשובי איטלקי 6,גרמים,60.00,100 גרם,false,1,14.60,24.33,true,1,
8005469981602,false,פילה אנשובי איטלקי ש.חמניות 80 גר SCALIA,,,פילה אנשובי איטלקי ש,גרמים,80.00,100 גרם,false,1,15.90,19.88,true,1,
8005493000287,false,יין ציטרה סאנגיובזה 750 מל,,,יין ציטרה סאנגיובזה,Unknown,0.00,Unknown,false,1,44.90,44.90,true,1,
8005493000966,false,יין ציטרה קרוסו 750 מל,,,יין ציטרה קרוסו 750,Unknown,0.00,Unknown,false,1,79.90,79.90,true,1,
8005493001048,false,יין ציטרה מונטפלציאנו דאברוצו 750 מל,,,יין ציטרה מונטפלציאנ,Unknown,0.00,Unknown,false,1,44.90,44.90,true,1,
8005493003615,false,יין ציטרה פינו גריגיו 750 מל,,,יין ציטרה פינו גריגי,Unknown,0.00,Unknown,false,1,53.90,53.90,true,1,
8005709201064,false,דפי לזניה גרנד ארמנדו 500 גרם,,,דפי לזניה גרנד ארמנד,גרמים,500.00,100 גרם,false,1,13.90,2.78,true,1,
8005709204072,false,פסטה פנה ריגטה גרנד ארמנדו 500 גרם,,,פסטה פנה ריגטה גרנד,גרמים,500.00,100 גרם,false,1,9.90,1.98,true,1,
8005803010357,false,גריסיני קלאסי עם שמן זית ומלח 125 גר,"אינסטנטה בע""מ",IT,גריסיני קלאסי עם שמן,גרמים,125.00,100 גרם,false,1,9.40,7.52,true,1,
8005803010371,false,מקלות גריסיני עם רוזמרין,"אינסטנטה בע""מ",IT,גריסיני רוזמרין 125,גרמים,125.00,100 גרם,false,1,9.40,7.52,true,1,
8005803010586,false,מקלות גריסיני בטעם פיצה,"הוסטה איטליה, ס.ר.ל.",IT,גריסיני פיצה 125 גר,גרמים,125.00,100 גרם,false,1,9.40,7.52,true,1,
8005829230333,false,בוטגה פרוסקו גולד 750 מל,,,בוטגה פרוסקו גולד 75,Unknown,0.00,Unknown,false,1,124.90,124.90,true,1,
8005829230388,false,בוטגה ספומנטה רוזה גולד 750 מל,,,בוטגה-ספומנטה רוזה ג,Unknown,0.00,Unknown,false,1,125.20,125.20,true,1,
8005829514006,false,"ליקר בוטגה לימונצינו 500 מ""ל",,,ליקר בוטגה לימונצינו,מיליליטרים,500.00,"100 מ""ל",false,1,83.90,16.78,true,1,
8005829979621,false,"ליקר בוטגה - קרם קרמל 500 מ""ל",,,ליקר בוטגה - קרם קרמ,מיליליטרים,500.00,"100 מ""ל",false,1,83.90,16.78,true,1,
8005829986636,false,"ליקר בוטגה פנה-קוטה 500 מ""ל",,,ליקר בוטגה פנה-קוטה,מיליליטרים,500.00,"100 מ""ל",false,1,83.90,16.78,true,1,
8005840020272,false,לואקר גלידה סנדוויץ לאטה אלפינו 264 גרם,,IT,לואקר גלידה סנדוויץ,גרמים,264.00,100 גרם,false,1,44.90,17.01,true,1,
8005840020289,false,לואקר גלידה סנדוויץ נפוליטנה 264 גרם,,IT,לואקר גלידה סנדוויץ,גרמים,264.00,100 גרם,false,1,44.90,17.01,true,1,
8005840020296,false,לואקר גלידה סנדוויץ טורטינה 264 גרם,,IT,לואקר גלידה סנדוויץ,גרמים,264.00,100 גרם,false,1,44.90,17.01,true,1,
8005840096727,false,מעדן קפוא בטעם וניל אגוזי לוז גבינת מסקר,,IT,מעדן קפוא בטעם וניל,גרמים,1000.00,100 גרם,false,1,42.90,4.29,true,1,
8006050090239,false,"חומץ בלסמי ממודנה מאצטי אורגני 500 מ""ל",יבואן ומשווק: ש. שסט,IT,חומץ בלסמי ממודנה מא,מיליליטרים,500.00,"100 מ""ל",false,1,31.50,6.30,true,1,
8006227000399,false,מנצאטו-לחם פרוס לבן 400 גרם,,IT,מנצאטו-לחם פרוס לבן,גרמים,400.00,100 גרם,false,1,14.90,3.73,true,1,
8006227000405,false,סמנצאטו-לחם פרוס חיטה מלאה 400 גרם,,IT,סמנצאטו-לחם פרוס חיט,גרמים,400.00,100 גרם,false,1,14.90,3.73,true,1,
8006227000429,false,סמנצאטו לחם מחמצת פרוס 8 דגנים 400 גר,,,סמנצאטו לחם מחמצת פר,גרמים,400.00,100 גרם,false,1,14.90,3.73,true,1,
8006227000733,false,סמנצאטו-טראמציני ח.מלאה 250 גרם,רו. מאר ס.ר.ל,IT,סמנצאטו-טראמציני ח.מ,גרמים,250.00,100 גרם,false,1,16.90,6.76,true,1,
8006227001372,false,סמנצאטו לחם לבן שמן זית ללא קשה 400 גר,רו. מאר ס.ר.ל,IT,סמנצאטו לחם לבן שמן,גרמים,400.00,100 גרם,false,1,19.90,4.98,true,1,
8006227001389,false,סמנצאטו לחם מלא שמן זית ללא קשה 400 גר,רו. מאר ס.ר.ל,IT,סמנצאטו לחם מלא שמן,גרמים,400.00,100 גרם,false,1,19.90,4.98,true,1,
8006227270945,false,סמנצאטו-טראמציני לבן 250 גרם,רו. מאר ס.ר.ל,IT,סמנצאטו-טראמציני לבן,גרמים,250.00,100 גרם,false,1,16.90,6.76,true,1,
8006423220072,false,שוקולד סנטה קטן 500 גרם SORINI,,,שוק סנטה קטן אדום 5,גרמים,500.00,100 גרם,false,1,39.90,7.98,true,1,
8006423229112,false,סנטה שוקולד עם קרם חלבי 500 גר SORINI,,IT,סנטה שוקולד עם קרם ח,גרמים,500.00,100 גרם,false,1,39.90,7.98,true,1,
8006423229891,false,שוקולד איילים קריסמס עם קרם 500 ג SORINI,,IT,שוקולד איילים קריסמס,גרמים,500.00,100 גרם,false,1,39.90,7.98,true,1,
8006423229907,false,שוקולד איש קרח קריסמס קרם 500 גר SORINI,,IT,שוקולד איש קרח קריסמ,גרמים,500.00,100 גרם,false,1,39.90,7.98,true,1,
8006423301856,false,בונבוניירה סוריני מעורבת 450 גר,,,בונבוניירה סוריני מע,גרמים,450.00,100 גרם,false,1,89.90,19.98,true,1,
8006423460034,false,בונבוניירה סוריני קרימי 184 גר,הולדינג דולסיירה,IT,בונבוניירה סוריני קר,גרמים,184.00,100 גרם,false,1,56.90,30.92,true,1,
8006423461666,false,בונבוניירה סוריני קווין 430 גר,,,בונבוניירה סוריני קו,גרמים,430.00,100 גרם,false,1,89.90,20.91,true,1,
8006423461987,false,בונבוניירה סילין 300 גרם SORINI,הולדינג דולסיירה,IT,בונבוניירה סילין 300,גרמים,300.00,100 גרם,false,1,52.50,17.50,true,1,
8006423462397,false,בונבוניירה לב מיוחד 475 גר SORINI,H.D.I,IT,בונבוניירה לב מיוחד,גרמים,475.00,100 גרם,false,1,64.90,13.66,true,1,
8006423462502,false,בונבוניירה קלאסיק 265 גרם SORINI,,,בונבוניירה קלאסיק 26,גרמים,265.00,100 גרם,false,1,45.90,17.32,true,1,
8006423463066,false,בונבוניירה ולנטיין 195 גר SORINI,,IT,בונבוניירה ולנטיין 1,גרמים,195.00,100 גרם,false,1,59.90,30.72,true,1,
8006423463073,false,בונבוניירה ולנטיין קטנה 120 גר SORINI,,IT,בונבוניירה ולנטיין ק,גרמים,120.00,100 גרם,false,1,34.90,29.08,true,1,
8006423463097,false,גלגל קריסמס גארלנד 188 גרם SORINI,SORINI-Holding Dolci,IT,גלגל קריסמס גארלנד 1,גרמים,188.00,100 גרם,false,1,69.90,37.18,true,1,
8006423464889,false,בונבוניירה פח מניפה 400 גר SORINI,,,בונבוניירה פח מניפה,גרמים,400.00,100 גרם,false,1,69.90,17.48,true,1,
8006423466388,false,בונבוניירה תיק זהב/כסף 150 גר SORINI,SORINI-Holding Dolci,IT,בונבוניירה תיק זהב/כ,גרמים,150.00,100 גרם,false,1,41.90,27.93,true,1,
8006423466456,false,בונבוניירה אליזבטה 3 צבעים 184 גר SORINI,,IT,בונבוניירה אליזבטה 3,גרמים,184.00,100 גרם,false,1,62.90,34.18,true,1,
8006423468801,false,בונבוניירה סוריני טיפי כדור 30 גר,,,בונבוניירה סוריני טי,גרמים,340.00,100 גרם,false,1,36.90,10.85,true,1,
8006423469617,false,בונבוניירה ונציה 190 גר SORINI,,,בונבוניירה ונציה 190,גרמים,190.00,100 גרם,false,1,34.90,18.37,true,1,
8006423469624,false,בונבוניירה ונציה 290 גר SORINI,,,בונבוניירה וונציה 29,גרמים,290.00,100 גרם,false,1,59.90,20.66,true,1,
8006540221341,false,אולוויז מגן תחתון וליופק לארג' 48 יחידות,,DE,מגן תחתון אולוויז לא,Unknown,0.00,Unknown,false,1,17.90,17.90,true,1,
8006540222089,false,פמפרס מגבונים היגיינים לתינוקות וילדים TO GO 40 יח',,ES,מגבונים היגיינים לתי,יחידה,1.00,יחידה,false,1,7.30,7.30,true,1,
8006540463550,false,פיירי טבליות למדיח פלטינום 63 יחידות,פרוקטר אנד גמבל,FR,פיירי טבליות למדיח פ,Unknown,0.00,Unknown,false,0,49.90,49.90,true,1,
8006540592496,false,תחבושות אולוויז אולטרא כפול לילה 20 יח,פרוקטר,DE,תחבושות אולוויז אולט,Unknown,0.00,Unknown,false,1,18.90,18.90,true,1,
8006663001042,false,גראנה פאדנה 200 ג' VIRGILIO,,IT,גרנה פדנו איטלקי,גרמים,200.00,100 גרם,false,1,27.50,13.75,true,1,
8006663001073,false,פרמזנו רגאנו איטלקי 200 גרם,,IT,פרמזנו רגאנו איטלקי,גרמים,200.00,100 גרם,false,1,33.50,16.75,true,1,
8006922084410,false,גלידה משפחתית בטעם שמנת עם פיסטוקים סיווירו מאריה 2 ל',,,מעדן קפוא בטעם פיסטו,גרמים,1000.00,100 גרם,false,1,52.50,5.25,true,1,
8006922085325,false,גלידה משפחתית בטעם שמנת עם סירופ קרמל סיווירו מאריה 2 ל',,,מעדן קפוא בטעם קרמל,גרמים,1000.00,100 גרם,false,1,52.50,5.25,true,1,
8006922085356,false,גלידה משפחתית בטעם שמנת עם דובדבנים סיווירו מאריה 2 ל',,,מעדן קפוא בטעם שמנת,גרמים,1000.00,100 גרם,false,1,52.50,5.25,true,1,
8006922085363,false,גלידה משפחתית בטעם שמנת עם שוקולד סיווירו מאריה 2 ל',,,מעדן קפוא בטעם שוקול,גרמים,1000.00,100 גרם,false,1,52.50,5.25,true,1,
8007150900763,false,"שמן חמניות אורגני בכבישה קרה 750 מ""ל",,,שמן חמניות אורגני בכ,מיליליטרים,750.00,"100 מ""ל",false,1,43.90,5.85,true,1,
8007150901296,false,שמן אבוקדו אורגני בכבישה קרה 250 מל,,,שמן אבוקדו אורגני בכ,מיליליטרים,250.00,"100 מ""ל",false,1,65.90,26.36,true,1,
8007150901623,false,שמן זרעי ענבים 1 ליטר +1/2 ליטר במארז,,,שמן זרעי ענבים 1 ליט,ליטרים,0.00,ליטר,false,1,57.50,57.50,true,1,
8007150907175,false,שמן אורז 1 ליטר,,,שמן אורז 1 ליטר,ליטרים,0.00,ליטר,false,1,44.90,44.90,true,1,
8007178120310,false,חומץ בלסמי ד'מודנה Giacobazzi,פטורייה ג'יאקובאזי ס,IT,חומץ בלסמי גקובזי 50,מיליליטרים,500.00,"100 מ""ל",false,1,21.90,4.38,true,1,
8007178223547,false,קרם מצומצם עם חומץ בלסמי ממודנה,פארייפאבה אגרואינדוס,IT,חומץ בלסמי מצומצם גק,מיליליטרים,250.00,"100 מ""ל",false,1,24.90,9.96,true,1,
8007270501017,false,"שמן זית קוסטה דאורו 750 מ""ל",,IT,שמן זית קוסטה דאורו,מיליליטרים,750.00,"100 מ""ל",false,1,46.90,6.25,true,1,
8007520096027,false,מור פרופ כלבים קרוקט,,,מור.פרופ כ קרוקט בקר,Unknown,0.00,Unknown,false,1,49.90,49.90,true,1,
8007537000543,false,"טורטיליה ציפס בטעם טבעי לל""ג 450 גרם",,IT,טורטיליה ציפס בטעם,גרמים,450.00,100 גרם,false,1,27.90,6.20,true,1,
8007537005920,false,פרימיום ציפס מלח ים 300 גרם,,IT,פרימיום ציפס מלח ים,גרמים,300.00,100 גרם,false,1,27.90,9.30,true,1,
8007537005937,false,פרימיום ציפס פלפל שחור ומלח ים 300 גרם,,IT,פרימיום ציפס פלפל שח,גרמים,300.00,100 גרם,false,1,27.90,9.30,true,1,
8007537006538,false,"טורטיליה ציפס תירס כחול לל""ג 450 גרם",,IT,טורטיליה ציפס תירס כ,גרמים,450.00,100 גרם,false,1,27.90,6.20,true,1,
8007815245628,false,טיימלס סט 6 כוסות לו,,,טיימלס סט 6 כוסות לו,Unknown,0.00,Unknown,false,1,159.00,159.00,true,1,
8007815272044,false,אניי טיים סט 6 כוסות,,,אניי טיים סט 6 כוסות,Unknown,0.00,Unknown,false,1,159.00,159.00,true,1,
8007815513789,false,טיימלס בקבוק עגול עם פקק TIMELESS,,,טיימלס בקבוק עגול עם,Unknown,0.00,Unknown,false,1,179.00,179.00,true,1,
8008003939336,false,פטוריה די ברבי רוסו די ברבי 750 מל,,,פטוריה די ברבי רוסו,Unknown,0.00,Unknown,false,1,71.90,71.90,true,1,
8008164002016,false,"גלידה משפחתית גלטי שמנת א.לוז ושוקולד 1 ק""ג",,,גלידה משפחתית גלטי,גרמים,1000.00,100 גרם,false,1,32.90,3.29,true,1,
8008164002344,false,גלידה משפחתית גלטי א.לוז שוקולד ופיסטוק,,,גלידה משפחתית גלטי א,גרמים,1000.00,100 גרם,false,1,32.90,3.29,true,1,
8008164002399,false,"גלידה משפחתית גלטי דובדבן שחור 1 ק""ג",,,גלידה משפחתית גלטי ד,גרמים,1000.00,100 גרם,false,1,32.90,3.29,true,1,
8008440249425,false,בירה אסהי יבשה מאד 330 מל בקבוק,פרונרי,IT,בירה אסהי 330 מל בק,מיליליטרים,330.00,"100 מ""ל",false,1,11.90,3.61,true,1,
8008620009276,false,קריץ-קרקר מלוח 500 גרם,,IT,קריץ קרקר מלוח 500 ג,גרמים,500.00,100 גרם,false,1,18.90,3.78,true,1,
8008620009290,false,קריץ-קרקר חיטה מלאה 500 ג',,IT,קריץ קרקר חיטה מלאה,גרמים,500.00,100 גרם,false,1,18.90,3.78,true,1,
8008660210045,false,מעדן ריבה מנץ אנד גאססר פירות יער 300 גר,שוורצקוף& הנקל דיסלד,IT,מעדן ריבה מנץ אנד גא,גרמים,300.00,100 גרם,false,1,18.80,6.27,true,1,
8008660210052,false,מעדן ריבה מנץ אנד גאססר תפוז 320 גר,מנז אנד גאסר Menz&Gasser,IT,מעדן ריבה מנץ אנד גא,גרמים,320.00,100 גרם,false,1,18.80,5.88,true,1,
8008698002100,false,מקלות גריסיני ללא גל,,,גריסיני 150 גרם,גרמים,150.00,100 גרם,false,1,23.90,15.93,true,1,
8008698005231,false,עוגיות סנדוויץ בטעם שוקולד ממולאות קרם חלב ללא גלוט,שר Schar,IT,עוגיות שוקולד שר 165,גרמים,165.00,100 גרם,false,1,20.90,12.67,true,1,
8008698010358,false,תערובת קמחים ללא גלוטן 500 גר SCHAER,שר Schar,IT,תערובת קמחים ללא גלו,גרמים,500.00,100 גרם,false,1,16.90,3.38,true,1,
8008698054109,false,ממרח אגוזי לוז קקאו ומקלות אפויים 52 גר,schar,IT,ממרח אגוזי לוז קקאו,גרמים,52.00,100 גרם,false,1,12.90,24.81,true,1,
8008825005363,false,עגבניות מרוסקות 3*400 גר Rodolfi,,,עגבניות מרוסקות 3*4,קילוגרמים,0.00,"ק""ג",false,1,17.70,17.70,true,1,
8008825012538,false,מחית עגבניות 690 גרם Rodolfi,,,מחית עגבניות 690 גרם,גרמים,690.00,100 גרם,false,1,11.90,1.72,true,1,
8008843006878,false,משחת שיניים הומאופתית,,,משחת שיניים הומאופתי,Unknown,0.00,Unknown,false,1,24.90,24.90,true,1,
8008857601052,false,פסטה לזניה דפים רג'יה 500ג',פסטה רג'יה Pasta Reggia,IT,לזניה פסטה 500 גר,גרמים,500.00,100 גרם,false,1,13.50,2.70,true,1,
8008920590061,false,למברוסקו ספומנטה רוזה 750 מל CORONA,,,למברוסקו ספומנטה אדו,Unknown,0.00,Unknown,false,1,30.90,30.90,true,1,
8008920590078,false,למברוסקו ספומנטה לבן 750 מל CORONA,,,למברוסקו ספומנטה לבן,Unknown,0.00,Unknown,false,1,30.90,30.90,true,1,
8008920590085,false,למברוסקו ספומנטה אדום 750 מל CORONA,,,למברוסקו ספומנטה רוז,Unknown,0.00,Unknown,false,1,30.90,30.90,true,1,
8008940225004,false,גנדולה עוגיות קקאו אורגניות 350 גרם,גנדולה ביסקוטי,IT,גנדולה עוגיות קקאו א,גרמים,350.00,100 גרם,false,1,17.90,5.11,true,1,
8008990012760,false,שלושה ספוגי ניקוי צבעוניים,,,שלושה ספוגי ניקוי צב,Unknown,0.00,Unknown,false,1,7.90,7.90,true,1,
8009470009027,false,סימבה שימורים לכלבים עוף והודו 415 ג',,,סימבה לכלב עוף והודו,גרמים,400.00,100 גרם,false,1,4.00,1.00,true,1,
8009470009164,false,סימבה שימורים לכלבים כבש 415 ג',,,סימבה לכלב כבש 415,גרמים,400.00,100 גרם,false,1,4.00,1.00,true,1,
8009470009560,false,"סימבה מזון לכלבים 4 ק""ג בטעם בקר",מונג,IT,סימבה בקר לכלב 4 קג,Unknown,0.00,Unknown,false,1,49.90,49.90,true,1,
8009915000039,false,פסטה תירס קפיליני ללא גלוטן,לה וואניציאני La Venezian,,פסטה קפליני ללא גלוט,גרמים,250.00,100 גרם,false,1,14.90,5.96,true,1,
8009915000305,false,פולנטה צהובה 500 גרם,,,פולנטה צהובה 500 גרם,גרמים,500.00,100 גרם,false,1,15.90,3.18,true,1,
8009915002064,false,ניוקי ללא גלוטן 250 גרם,LE VENEZIANE,IT,ניוקי ללא גלוטן 250,גרמים,250.00,100 גרם,false,1,14.90,5.96,true,1,
8009915004150,false,ביסקוויט מקמח תירס שוקולד אגוזים 250 גר,מולינו דה פירו,IT,ביסקוויט מקמח תירס ש,גרמים,250.00,100 גרם,false,1,18.90,7.56,true,1,
8009915004204,false,ביסקוויט מקמח תירס בטעם מעודן 300 גרם,מולינו דה פירו,IT,ביסקוויט מקמח תירס,גרמים,300.00,100 גרם,false,1,16.90,5.63,true,1,
8009915008905,false,מיני גריסיני ל.גלוטן עם שמן זית 250 גרם,מולינו דה פירו,IT,מיני גריסיני ל.גלוטן,גרמים,250.00,100 גרם,false,1,17.90,7.16,true,1,
8009915008912,false,מיני גריסיני ל.גלוטן זרעי ציה שומשום 250,מולינו דה פירו,IT,מיני גריסיני ל.גלוטן,גרמים,250.00,100 גרם,false,1,17.90,7.16,true,1,
8009915008950,false,מיני גריסיני ללא גלוטן עם רוזמרין 250 ג' (8),מולינו דה פירו,IT,מיני גריסיני ל.גלוטן,גרמים,250.00,100 גרם,false,1,17.90,7.16,true,1,
8012901009367,false,קינוח טראפלס סולו אי,סולו איטליה,IT,קינוח טראפלס 100 גר,גרמים,100.00,100 גרם,false,1,7.90,7.90,true,1,
8012901009374,false,קינוח לימונצ'לו סולו,,IT,קינוח לימונצלו 90 גר,גרמים,90.00,100 גרם,false,1,7.90,8.78,true,1,
8013108003523,false,בונבוניירה אגוזי פיימונטה 165 ג CAFFAREL,CAFFAREL,IT,בונבוניירה אגוזי פיי,גרמים,165.00,100 גרם,false,1,29.90,18.12,true,1,
8013108003530,false,בונבוניירה קרמיני 165 גר CAFFAREL,CAFFAREL,IT,בונבוניירה קרמיני 16,גרמים,165.00,100 גרם,false,1,29.90,18.12,true,1,
8013108005329,false,בונ קורנט פיימונטה מריר 165 ג CAFFAREL,Lindt & Spr?ngli AG,IT,בונ קורנט פיימונטה מ,גרמים,165.00,100 גרם,false,1,29.90,18.12,true,1,
8013108005336,false,בונ קורנט נוציולאטו מריר 165 ג CAFFAR,,,בונ קורנט נוציולאטו,גרמים,165.00,100 גרם,false,1,29.90,18.12,true,1,
8014006000553,false,גראן בון-ברוסקטה עם שמן זית 150 גר,,IT,גראן בון-ברוסקטה עם,גרמים,150.00,100 גרם,false,1,12.90,8.60,true,1,
8014006005008,false,קרוטונים אפויים עם שמן זית 200 גר,,,קרוטונים אפויים עם ש,גרמים,200.00,100 גרם,false,1,17.90,8.95,true,1,
8014006008047,false,גראן בון-ברוסקטה עם רוזמרין 150 גר,,IT,גראן בון-ברוסקטה עם,גרמים,150.00,100 גרם,false,1,12.90,8.60,true,1,
8014601026354,false,"קמח ""00"" איטלקי לפיצה שף אדום 1 ק""ג",,,"קמח ""00"" איטלקי לפיצ",גרמים,1000.00,100 גרם,false,1,15.60,1.56,true,1,
8014601028747,false,קמח 00 איטלקי כחול 1 קג CAPUTO,,,"קמח ""00"" איטלקי כחול",גרמים,1000.00,100 גרם,false,1,13.90,1.39,true,1,
8015997000133,false,מאריני-קנטוצ'יני עוגיות עם שקדים 200 גר',,IT,מאריני-קנטוציני עוגי,גרמים,200.00,100 גרם,false,1,15.90,7.95,true,1,
8015997000911,false,מאריני בישקוטים 200 גרם,,,מאריני בישקוטים 200,ליטרים,0.00,ליטר,false,1,8.90,8.90,true,1,
8016001000101,false,יין מוסקטו דאסטי פרונוטו 750 מל,,,יין מוסקטו דאסטי פרו,Unknown,0.00,Unknown,false,1,69.90,69.90,true,1,
8016744801973,false,צבע לשיער טבעי C4,,,צבע לשיער טבעי C4,Unknown,0.00,Unknown,false,1,59.90,59.90,true,1,
8016744802109,false,צבע לשיער טבעי N10,,,צבע לשיער טבעי N10,Unknown,0.00,Unknown,false,1,59.90,59.90,true,1,
8016744802161,false,צבע לשיער טבעי N4,,,צבע לשיער טבעי N4,Unknown,0.00,Unknown,false,1,59.90,59.90,true,1,
8016867008945,false,מגן תחתון 24 אורגניק באריזת תפזורת,corman,IT,מגן תחתון 24 אורגניק,Unknown,0.00,Unknown,false,1,22.90,22.90,true,1,
8016867009904,false,טמפונים ללא מוליך סופר פלוס אורגניק,,,טמפונים ללא מוליך סו,Unknown,0.00,Unknown,false,1,28.90,28.90,true,1,
8017070766530,false,קרקרים בתיבול רוזמרין 150 גרם,,,קרקרים בתיבול רוזמרי,גרמים,150.00,100 גרם,false,1,10.90,7.27,true,1,
8017070766615,false,קרקרים בתוספת זרעי ציה 150 גרם,,,קרקרים בתוספת זרעי צ,גרמים,150.00,100 גרם,false,1,10.90,7.27,true,1,
8017300114452,false,"ליקר לימונצלו פיימה 700 מ""ל",,,ליקר לימונצלו פיימה,מיליליטרים,700.00,"100 מ""ל",false,1,93.90,13.41,true,1,
8017746286539,false,"יין קיאנטי פוגיו סו וינצי 750 מ""ל",,,יין קיאנטי פוגיו סו,Unknown,0.00,Unknown,false,1,51.90,51.90,true,1,
8017938005184,false,"חומץ תפוחים אורגני 750 מ""ל",,,חומץ תפוחים אורגני 7,מיליליטרים,750.00,"100 מ""ל",false,1,18.50,2.47,true,1,
8017938005764,false,מיץ תפוחים אורגני 100% 1 ליטר נטורפוד,לוצ'ה מריה,IT,מיץ תפוחים אורגני 10,מיליליטרים,1000.00,"100 מ""ל",false,1,16.90,1.69,true,1,
8019428000013,false,משקה אורז אורגני 1 ליטר,the bridge,IT,משקה אורז אורגני 1 ל,מיליליטרים,1000.00,"100 מ""ל",false,1,13.90,1.39,true,1,
8019428000099,false,משקה אורז אורגני בתוספת שקדים 1 ליטר,the bridge,IT,משקה אורז אורגני בתו,מיליליטרים,1000.00,"100 מ""ל",false,1,14.60,1.46,true,1,
8019428000228,false,משקה אורז אורגני בטעם שוקו 1 ליטר,,,משקה אורז אורגני בטע,מיליליטרים,1000.00,"100 מ""ל",false,1,13.90,1.39,true,1,
8019428007081,false,משקה קינואה אורגני 1 ליטר THE BRIDGE,,,משקה קינואה אורגני 1,מיליליטרים,1000.00,"100 מ""ל",false,1,13.90,1.39,true,1,
8019428007098,false,משקה אורז אורגני בתוספת אגוזי לוז 1 ליטר,,,משקה אורז אורגני בתו,ליטרים,0.00,ליטר,false,1,18.90,18.90,true,1,
8021274070010,false,קמח לבן פיצה נפוליטנה 1 קג STAGIONI 5,,,קמח לבן פיצה נפוליטנ,גרמים,1000.00,100 גרם,false,1,14.90,1.49,true,1,
8022470213393,false,דרגיה שקד מריר 500 גר PRISCO MAX,,,דרגיה שקד מריר 500 ג,קילוגרמים,0.50,"ק""ג",false,1,39.90,79.80,true,1,
8022470213409,false,דרגיה שקד לבן 500 גר PRISCO MAX,,,דרגיה שקד לבן 500 גר,קילוגרמים,0.50,"ק""ג",false,1,39.90,79.80,true,1,
8022470213423,false,דרגיה לוז מריר 500 גר PRISCO MAX,,,בונ.ידרגיה לוז מריר,גרמים,500.00,100 גרם,false,1,39.90,7.98,true,1,
8022470213485,false,דרגיה דובדובן מריר 500 ג PRISCO MAX,,,דרגיה דובדובן מריר 5,קילוגרמים,0.50,"ק""ג",false,1,39.90,79.80,true,1,
8022470213508,false,דרגיה צימוקים חלב 500 גר PRISCO MAX,,,דרגיה צימוקים חלב 50,גרמים,500.00,100 גרם,false,1,32.90,6.58,true,1,
8022470213515,false,דרגיה צימוקים מריר 500 גר PRISCO MAX,,,דרגיה צימוקים מריר 5,גרמים,500.00,100 גרם,false,1,32.90,6.58,true,1,
8022470253566,false,MAX פארטי עדשים 250 ג PRISCO BICIOCO,,IT,MAX פארטי עדשים 250,גרמים,250.00,100 גרם,false,1,13.90,5.56,true,1,
8022470253757,false,דרגה ליקר דובדבן בשוקולד לבן 500 גר,,IT,דרגה ליקר דובדבן בשו,גרמים,500.00,100 גרם,false,1,42.90,8.58,true,1,
8022734000103,false,"חומץ בלסמי ממודנה 250 מ""ל ORO",,,חומץ בלסמי ממודנה 25,מיליליטרים,250.00,"100 מ""ל",false,1,102.90,41.16,true,1,
8022734000158,false,"חומץ בלסמי ממודנה 250 מ""ל ARGENTO",,,חומץ בלסמי ממודנה 25,מיליליטרים,250.00,"100 מ""ל",false,1,62.90,25.16,true,1,
8023114000515,false,יין איטלקי וורזנו קיאנטי קלסיקו 750 מל,,,יין איטלקי וורזנו קי,מיליליטרים,750.00,"100 מ""ל",false,1,93.90,12.52,true,1,
8023492000671,false,סטיק שוקולד מריר אגוזים ותפוז 150 ג DG 3,Dg3 dolciaria,IT,סטיק שוקולד מריר אגו,גרמים,150.00,100 גרם,false,1,15.90,10.60,true,1,
8023492000695,false,סטיק שוקולד מריר אגוזים וקפה 150 גר DG 3,Dg3 dolciaria,IT,סטיק שוקולד מריר אגו,גרמים,150.00,100 גרם,false,1,15.90,10.60,true,1,
8023492004495,false,טבלת שוקולד חלב אגוזי לוז 225 גר DJ3,Dg3 dolciaria,IT,טבלת שוקולד חלב אגוז,גרמים,225.00,100 גרם,false,1,12.90,5.73,true,1,
8023678164517,false,"משקה שקדים אורגני ללת""ס 1 ליטר isola",איזולה ביו Isola Bio,,משקה שקדים אורגני לל,ליטרים,0.00,ליטר,false,1,16.70,16.70,true,1,
8024046201018,false,מחית אורגנית שזיפים 120 גרם,,IT,מחית אורגנית שזיפים,גרמים,120.00,100 גרם,false,1,6.20,5.17,true,1,
8024046202015,false,"מחית אורגנית תפו""ע תות שדה ובננה 120 גרם",,IT,"מחית אורגנית תפו""ע ת",גרמים,120.00,100 גרם,false,1,6.20,5.17,true,1,
8024046203012,false,מחית אורגנית תפוחי עץ ואוכמניות 120 גר,,IT,מחית אורגנית תפוחי ע,גרמים,120.00,100 גרם,false,1,6.20,5.17,true,1,
8024046204019,false,מחית אורגנית גזר משמש ודלעת 120 גרם,,IT,מחית אורגנית גזר משמ,גרמים,120.00,100 גרם,false,1,6.20,5.17,true,1,
8024046205016,false,מחית אורגנית תפוחי עץ קיווי ותרד 120 ג,,IT,מחית אורגנית תפוחי ע,גרמים,120.00,100 גרם,false,1,6.20,5.17,true,1,
8024985002783,false,סמוזי נטורה נובה גזר ודלעת 100 גרם,נטורה נובה Natura Nuova,,סמוזי נטורה נובה גזר,גרמים,100.00,100 גרם,false,1,5.90,5.90,true,1,
8024985002912,false,סמוזי אגס בטטה 100 גר נטורה נובה,נטורה נובה,IT,סמוזי אגס בטטה 100 ג,גרמים,100.00,100 גרם,false,1,5.90,5.90,true,1,
8024985002943,false,סמוזי נטורה נובה תפוח אננס קוקוס 100 גרם,נטורה נובה,IT,סמוזי נטורה נובה תפו,גרמים,100.00,100 גרם,false,1,5.90,5.90,true,1,
8024985002950,false,סמוזי שזיף אורגני 100 גרם,נטורה נובה,IT,סמוזי שזיף אורגני 10,גרמים,100.00,100 גרם,false,1,5.90,5.90,true,1,
8024985002967,false,סמוזי נטורה נובה בננה תרד 100 גרם,נטורה נובה,IT,סמוזי נטורה נובה בננ,גרמים,100.00,100 גרם,false,1,5.90,5.90,true,1,
8024985004299,false,סמוזי מעורב תפוח/פירות רביעיה 400 גר,,,סמוזי מעורב תפוח/פיר,גרמים,400.00,100 גרם,false,1,22.90,5.73,true,1,
8024985004695,false,סמוזי בננה רביעיה 400 גר נטורה נובה,נטורה נובה,IT,סמוזי בננה רביעיה 40,גרמים,400.00,100 גרם,false,1,22.90,5.73,true,1,
8024985005234,false,סמוזי נטורה נובה סמוצי תפוח מנגו 100 גרם,נטורה נובה,IT,מחית נטורה נובה סמוצ,גרמים,100.00,100 גרם,false,1,5.90,5.90,true,1,
8024985005296,false,סמוזי אגס בננה תפוח וקינואה אורגני,,,סמוזי אגס בננה תפוח,גרמים,120.00,100 גרם,false,1,7.50,6.25,true,1,
8024985005302,false,סמוזי תפוח רימון פטל אוכמניות אורגני,,,סמוזי תפוח רימון פטל,גרמים,120.00,100 גרם,false,1,7.50,6.25,true,1,
8024985006309,false,סמוזי מנגו רביעיה 400 גר נטורה נובה,נטורה נובה,IT,סמוזי מנגו רביעיה 40,גרמים,400.00,100 גרם,false,1,22.90,5.73,true,1,
8024985008037,false,סמוזי נטורה נובה סמוצי תפוח 100 גרם,"נטורפוד בע""מ",IT,מחית נטורה נובה סמוצ,גרמים,100.00,100 גרם,false,1,5.90,5.90,true,1,
8024985008044,false,סמוזי נטורה נובה סמוצי אגס 100 גרם,"נטורפוד בע""מ",IT,מחית נטורה נובה סמוצ,גרמים,100.00,100 גרם,false,1,5.90,5.90,true,1,
8024985008051,false,סמוזי נטורה נובה סמוצי פירות אדומים 100,נטורה נובה Natura Nuova,IT,מחית נטורה נובה סמוצ,גרמים,100.00,100 גרם,false,1,5.90,5.90,true,1,
8024985011204,false,סמוזי תפוח תות בננה 100 גר נטורה נובה,נטורה נובה,IL,סמוזי תפוח תות בננה,גרמים,100.00,100 גרם,false,1,5.90,5.90,true,1,
8027603005326,false,"יין טוסקנה רוסו 750 מ""ל",,IT,יין טוסקנה רוסו 750,מיליליטרים,750.00,"100 מ""ל",false,1,69.90,9.32,true,1,
8027603005333,false,"יין טוסקנה ביאנקו 750 מ""ל",,IT,יין טוסקנה ביאנקו 75,מיליליטרים,750.00,"100 מ""ל",false,1,69.90,9.32,true,1,
8030243005052,false,תחליב לשיער שמנוני ונגד קשקשים ביוקאפ,,,תחליב לשיער שמנוני ו,Unknown,0.00,Unknown,false,1,169.90,169.90,true,1,
8030243015259,false,ביוקאפ דליקטו מהיר צבע חום עדין,,,ביוקאפ דליקטו מהיר צ,מיליליטרים,135.00,"100 מ""ל",false,1,63.90,47.33,true,1,
8030243021144,false,4.05 ביוקאפ דליקטו מהיר צבע שוקולד ערמו,,,4.05 ביוקאפ דליקטו,Unknown,0.00,Unknown,false,1,63.90,63.90,true,1,
8032755322719,false,ביסקויטים עם מלוי פירות אדומים 250 גר,חב אורלטה 1987,IT,ביסקויטים עם מלוי פי,גרמים,250.00,100 גרם,false,1,17.90,7.16,true,1,
8032793344520,false,תרכיז עגבניות רסק עגבניות מרוכז מאוד,קונסוריזיו דל פרומוד,IT,תרכיז עגבניות מרוכז,גרמים,200.00,100 גרם,false,1,7.90,3.95,true,1,
8032793914952,false,"חומץ בלסמי אורגני מודונה איטליה 250 מ""ל",,IT,חומץ בלסמי אורגני מו,מיליליטרים,250.00,"100 מ""ל",false,1,49.90,19.96,true,1,
8032804430471,false,פליסיה פסטה סדניני עדשים אורגני 250 גרם,אף.סי תבליני בגליל ב,IT,פליסיה פסטה סדניני ע,גרמים,250.00,100 גרם,false,1,15.60,6.24,true,1,
8032804430785,false,ספגטי עדשים צהובות פליסיה 250 גרם,אף.סי תבליני בגליל ב,IT,ספגטי עדשים צהובות פ,גרמים,250.00,100 גרם,false,1,17.90,7.16,true,1,
8032804435636,false,אטריות פוזילי אורגניות 4 דגנים ללא גלוטן,פליסיה Felicia Bio,,פוזילי 4 דגנים אורגנ,גרמים,340.00,100 גרם,false,1,13.90,4.09,true,1,
8032880800243,false,פיקניק הפתעה 50 גרם-איגוד רבנים,"הוסטה איטליה, ס.ר.ל.",IT,פיקניק הפתעה 50 גרם,גרמים,50.00,100 גרם,false,1,7.90,15.80,true,1,
8033020445973,false,"PIVETTI קמח 00 לכל מטרה 1 ק""ג",פיווטי Pivetti,IT,PIVETTI קמח 00 לכל מ,גרמים,1000.00,100 גרם,false,1,7.90,0.79,true,1,
8033020445980,false,"קמח לפסטה 1 pasta fresca ק""ג 00 PIVETTI",PIVETTI,IT,PIVETTI קמח לפסטה 00,גרמים,1000.00,100 גרם,false,1,13.50,1.35,true,1,
8033020445997,false,"קמח איטלקי ללחמים 1 ק""ג 0 PIVETTI",PIVETTI,IT,PIVETTI קמח איטלקי ל,גרמים,1000.00,100 גרם,false,1,11.40,1.14,true,1,
8033020446000,false,"קמח איטלקי לפיצה ופוקצה 1 ק""ג 00 PIVETTI",פיווטי Pivetti,IT,PIVETTI קמח איטלקי ל,גרמים,1000.00,100 גרם,false,1,10.40,1.04,true,1,
8033028910015,false,שעועית ברוטב עגבניות 400 גר NOVA,,IT,שימורי שעועית ברוטב,גרמים,400.00,100 גרם,false,1,9.50,2.38,true,1,
8033028910053,false,שעועית לבנה במי מלח 400 גר NOVA,,IT,שימורי שעועית לבנה ב,גרמים,400.00,100 גרם,false,1,9.50,2.38,true,1,
8033829961032,false,"יין טנטו אוליזה ביאנקו 750 מ""ל",,IT,יין טנטו אוליזה ביאנ,מיליליטרים,750.00,"100 מ""ל",false,1,109.90,14.65,true,1,
8034023209166,false,ארטישוק שלם 530 גר TERRE,,,ארטישוק שלם 530 גר T,גרמים,530.00,100 גרם,false,1,29.50,5.57,true,1,
8034023209173,false,רבעי ארטישוק 290 גרם TERRE,,,רבעי ארטישוק 290 גרם,גרמים,290.00,100 גרם,false,1,18.70,6.45,true,1,
8034023209180,false,ארטישוק בגריל 290 גרם TERRE,,,ארטישוק בגריל 290 גר,גרמים,290.00,100 גרם,false,1,18.10,6.24,true,1,
8034141060106,false,וורמוט ביאנקו 1 ל GRAN TORINO,,,וורמוט ביאנקו 1 ל GR,Unknown,0.00,Unknown,false,1,34.90,34.90,true,1,
8034141060120,false,וורמוט רוסו 1 ל GRAN TORINO,,,וורמוט רוסו 1 ל GRAN,Unknown,0.00,Unknown,false,1,34.90,34.90,true,1,
8034141060175,false,יין מבעבע לבן אסטי 750 מל GRAN TORINO,,,יין מבעבע לבן אסטי,Unknown,0.00,Unknown,false,1,64.90,64.90,true,1,
8050705432202,false,עוגיות בטעם שוקולד עם פתיתי קוקוס 300גר,,,עוגיות בטעם שוקולד ע,גרמים,300.00,100 גרם,false,1,15.90,5.30,true,1,
8050705432219,false,עוגיות בטעם קפה עם קרם חלב 300גר,,,עוגיות בטעם קפה עם ק,גרמים,300.00,100 גרם,false,1,15.90,5.30,true,1,
8050705434459,false,מאפה קרואסון עם מילוי שוקולד 300 גר,,,מאפה קרואסון עם מילו,גרמים,300.00,100 גרם,false,1,14.90,4.97,true,1,
8050705434480,false,מאפה קרואסון עם מילוי דובדבן 300 גר,,,מאפה קרואסון עם מילו,גרמים,300.00,100 גרם,false,1,14.90,4.97,true,1,
8051407911170,false,"יין מבעבע לבן יבש פרוסקו קאבוטה 750 מ""ל",,,יין מבעבע לבן יבש פר,Unknown,0.00,Unknown,false,1,61.90,61.90,true,1,
8052440756315,false,שמן קנולה אורגני 1 ליטר נטורפוד,תות תעשיות מזון (201,IT,שמן קנולה אורגני 1 ל,ליטרים,0.00,ליטר,false,1,35.50,35.50,true,1,
8052440756414,false,"שמן פשתן אורגני נטורפוד 250 מ""ל",תות תעשיות מזון (201,IL,שמן פשתן אורגני נטור,מיליליטרים,250.00,"100 מ""ל",false,1,21.90,8.76,true,1,
8076800195019,false,ברילה - צ.א ספגטי מס1 קפליני 500 גרם,ברילה גי.אי.אר פרטלי,IT,ספגטי מס 1 קפליני 5,גרמים,500.00,100 גרם,false,1,6.90,1.38,true,1,
8076800195033,false,ברילה - צ.א ספגטיני מס3 חדש 500 גרם,ברילה גי.אי.אר פרטלי,IT,ספגטי ברילה מס 3 ברי,גרמים,500.00,100 גרם,false,1,6.90,1.38,true,1,
8076800195057,false,ברילה - צ.א ספגטי מס5 חדש 500 גרם,ברילה גי.אי.אר פרטלי,IT,ספגטי ברילה מס 5 ברי,גרמים,500.00,100 גרם,false,1,6.90,1.38,true,1,
8076800195132,false,ברילה - צ.א בבטה מס13 500 גרם,ברילה גי.אי.אר פרטלי,IT,פסטה ברילה מס 13,גרמים,500.00,100 גרם,false,1,6.90,1.38,true,1,
8076800315097,false,ברילה - צ.א בוקטיני מס9 500 גרם,ברילה גי.אי.אר פרטלי,IT,ספגטי ברילה בוקטיני,גרמים,500.00,100 גרם,false,1,6.90,1.38,true,1,
8076802085738,false,ברילה - צ.ק פנה רגטה חדש 500 גרם,ברילה גי.אי.אר פרטלי,IT,פסטה ברילה פנה רגטה,גרמים,500.00,100 גרם,false,1,6.90,1.38,true,1,
8076802085837,false,ברילה - צ.ק טורטליוני מס83 500 גרם,הנסיך- מפעל לייצור ט,IT,פסטה ברילה טורטליוני,גרמים,500.00,100 גרם,false,1,6.90,1.38,true,1,
8076802085936,false,ברילה פסטה צ.ק. קונצילה ריגטה חדש,ברילה גי.אי.אר פרטלי,IT,ברילה קונציליאה ריגא,גרמים,500.00,100 גרם,false,1,6.90,1.38,true,1,
8076802085981,false,ברילה - צ.ק פוזילי חדש 500 גרם,ברילה גי.אי.אר פרטלי,IT,פסטה ברילה פוזילי מס,גרמים,500.00,100 גרם,false,1,6.90,1.38,true,1,
8076808050440,false,ברילה פסטה מקרוני מס 44 500 גר,ברילה Barilla,IT,פסטה ברילה מקרוני,גרמים,500.00,100 גרם,false,1,6.90,1.38,true,1,
8076808060654,false,ברילה - צ.ק פרפלה חדש 500 גרם,ברילה גי.אי.אר פרטלי,IT,ברילה פרפלה מס 65,גרמים,500.00,100 גרם,false,1,6.90,1.38,true,1,
8076808070882,false,פסטה ברילה קנלוני מס'88 250ג',פאסטיפיקו ריגו אס.אר,IT,פסטה למילוי קנלוני 2,גרמים,500.00,100 גרם,false,1,16.70,3.34,true,1,
8076808150072,false,ברילה - צ.א ספגטוני מס7 חדש 500 גרם,ברילה גי.אי.אר פרטלי,IT,ספגטי ברילה מס 7 ברי,גרמים,500.00,100 גרם,false,1,6.90,1.38,true,1,
8076809501415,false,ברילה קנלוני/פנה 500 ג' מצה פנה טרקולור 500 גרם,ברילה Barilla,IT,פנה טריקולור 78 500,גרמים,500.00,100 גרם,false,1,13.50,2.70,true,1,
8076809512268,false,ברילה - צ.ק גירנדולה חדש 500 גרם,ברילה גי.אי.אר פרטלי,IT,ברילה גירנדולה מס 34,גרמים,500.00,100 גרם,false,1,6.90,1.38,true,1,
8076809513654,false,בסיס רוטב עגבניות לבולונז 400 גרם ברילה,ברילה גי.אי.אר פרטלי,IT,בסיס רוטב עגבניות לב,גרמים,400.00,100 גרם,false,1,14.90,3.73,true,1,
8076809513692,false,רוטב עגבניות נפולטנה בתוספת ירקות,ברילה גי.אי.אר פרטלי,IT,רוטב נפוליטנה 400 גר,גרמים,400.00,100 גרם,false,1,14.90,3.73,true,1,
8076809513739,false,רוטב פסטה ברילה בזיליקום 400 ג',ברילה גי.אי.אר פרטלי,IT,רוטב בזיליקום 400 גר,גרמים,400.00,100 גרם,false,1,14.90,3.73,true,1,
8076809514774,false,ברילה איטריות ביצים פפרדלה 250ג',ברילה גי.אי.אר פרטלי,IT,פסטה עם ביצים פפרדלה,גרמים,250.00,100 גרם,false,1,17.90,7.16,true,1,
8076809523714,false,"פסטה ברילה טליאטלה, 500 ג'","ש. שסטוביץ בע""מ",IT,ברילה איטריות 500 גר,גרמים,500.00,100 גרם,false,1,21.90,4.38,true,1,
8076809523738,false,פסטה ברילה לזניה 500ג',ברילה גי.אי.אר פרטלי,IT,ברילה לזניה 500 גרם,גרמים,500.00,100 גרם,false,1,21.70,4.34,true,1,
8076809529419,false,ספגטי מחיטה מלאה מס' 5 500 ג' ברילה,ברילה גי. אי. אר פרט,IT,ספגטי חיטה מלאה 500,גרמים,500.00,100 גרם,false,1,12.90,2.58,true,1,
8076809529433,false,ברילה פנטה רגטה מחיטה מלאה 500ג',"ש. שסטוביץ בע""מ",IT,פנטה רגטה חיטה מלאה,גרמים,500.00,100 גרם,false,1,12.90,2.58,true,1,
8076809545440,false,ברילה ספגטי ללא גלוטן 400 גרם,"ש. שסטוביץ בע""מ",IT,ברילה ספגטי,גרמים,400.00,100 גרם,false,1,14.90,3.73,true,1,
8076809545457,false,ברילה אטריות ללא גלוטן 400 ג' צינורות 400 ג',"ש. שסטוביץ בע""מ",IT,ברילה פסטה ללא גלוטן,גרמים,400.00,100 גרם,false,1,14.90,3.73,true,1,
8076809547956,false,ברילה - צ.ק קיפרי 500 גרם,ברילה סורג,IT,ברילה קיפרי 500 גר,גרמים,500.00,100 גרם,false,1,6.90,1.38,true,1,
8190010296523,false,"כרוב חמוציות 1 ק""ג",,,"כרוב חמוציות 1 ק""ג",גרמים,1000.00,100 גרם,false,1,23.90,2.39,true,1,
8190010296547,false,כרוב חמוציות 500 גר,,,כרוב חמוציות 500 גר,גרמים,500.00,100 גרם,false,1,13.50,2.70,true,1,
8290010296858,false,אסורטי 600 גר,,,אסורטי 600 גר,גרמים,600.00,100 גרם,false,1,19.70,3.28,true,1,
8390010296831,false,כרוב בולגרי 500 גר,,,כרוב בולגרי 500 גר,גרמים,600.00,100 גרם,false,1,12.00,2.00,true,1,
8410013006142,false,יין קודורניו קלאסיקו קאווה רוזה יבש 750,,,יין קודורניו קלאסיקו,Unknown,0.00,Unknown,false,1,46.90,46.90,true,1,
8410013009761,false,יין קודורניו אנה יבש 750 מל,,,יין קודורניו אנה יבש,Unknown,0.00,Unknown,false,1,79.90,79.90,true,1,
8410013381010,false,יין מבעבע קודורניו קלאסיקו ברוט 750 מל,,,יין מבעבע קודורניו ק,Unknown,0.00,Unknown,false,1,46.90,46.90,true,1,
8410013383014,false,יין קאווה קודורניו קלאסיקו חצי יבש 750 מ,,,יין קאווה קודורניו ק,Unknown,0.00,Unknown,false,1,46.90,46.90,true,1,
8410013990571,false,יין קאווה קודורניו רוונטוס ברוט 750 מל,,,יין קאווה קודורניו ר,Unknown,0.00,Unknown,false,1,78.90,78.90,true,1,
8410013991042,false,יין קאווה באך יבש 750 מל,,,יין קאווה באך יבש 75,Unknown,0.00,Unknown,false,1,41.90,41.90,true,1,
8410013992094,false,יין קאווה באך חצי יבש 750 מל,,,יין קאווה באך חצי יב,Unknown,0.00,Unknown,false,1,41.90,41.90,true,1,
8410031966237,false,צ'ופה צ'ופס - סוכריות לולי על מקל 114 גרם,,ES,צופה צופ חמוץ סוכריו,גרמים,114.00,100 גרם,false,1,10.90,9.56,true,1,
8410076610379,false,נייטשר ואלי פרוטאין בוטנים ושבבי שוקולד 160 ג',סריילטו ספיין פודס,ES,חטיף נייטשר ואלי פרו,גרמים,210.00,100 גרם,false,1,24.90,11.86,true,1,
8410076610492,false,סוויט אנד סולטי שוקולד מריר בציפוי חמאת בוטנים,יבואן ומשווק: ש. שסט,ES,חטיף צואי נייטשר ווא,גרמים,150.00,100 גרם,false,1,17.90,11.93,true,1,
8410076610508,false,"נייטשר וואלי צ'ואי שוקולד מריר בוטנים ושקדים, חמישיה 5 * 30 גרם",נייצ'ר ואלי Nature Valley,ES,חטיף צואי נייטשר ווא,גרמים,150.00,100 גרם,false,1,17.90,11.93,true,1,
8410076621009,false,עוגות אישיות בטעם קרמל עם חתיכות בטעם קרמל מלוח,"גלאטס סירו בע""מ",ES,חטיף פייבר 1 בטעם קר,גרמים,120.00,100 גרם,false,1,17.70,14.75,true,1,
8410076621047,false,עוגות אישיות בטעם שוקולד עם חתיכות בטעם שוקולד,"גלאטס סירו בע""מ",ES,חטיף פייבר 1 בטעם שו,גרמים,120.00,100 גרם,false,1,17.70,14.75,true,1,
8410104039134,false,"פיניש מנקה ומחדש מדיח 250מ""ל",הדקלאים אגודת שיתופי,PL,מנקה ומחדש פיניש 250,מיליליטרים,250.00,"100 מ""ל",false,1,14.90,5.96,true,1,
8410104045111,false,"פיניש מלח למדיח כלים 2ק""ג",פ.פ.ח. שאביט,IL,פיניש מלח 2 קג,קילוגרמים,0.00,"ק""ג",false,1,14.90,14.90,true,1,
8410113002822,false,"סנגרה דה טורו רוזה (טורס) 750 מ""ל",,ES,סנגרה דה טורו רוזה (,Unknown,0.00,Unknown,false,1,49.90,49.90,true,1,
8410128768324,false,משקה סויה שקדים קרטונית1 ל' ויוה סוי,קלידאד פסקואל,ES,ויוה סוי שקדים קרטונ,מיליליטרים,1000.00,"100 מ""ל",false,1,12.90,1.29,true,1,
8410128785734,false,ויוה סוי בריסטה משפחתי 1 ליטר,קלידאד פסקואל,ES,ויוה סוי בריסטה משפח,מיליליטרים,1000.00,"100 מ""ל",false,1,11.90,1.19,true,1,
8410134002580,false,זיתים ירוקים עם טונה 300 גרם FRAGATA,,,זיתים ירוקים עם טונה,גרמים,300.00,100 גרם,false,1,8.50,2.83,true,1,
8410134016839,false,זיתים ירוקים עם סלומון 300 גרם FRAGATA,,,זיתים ירוקים עם סלומ,גרמים,300.00,100 גרם,false,1,8.50,2.83,true,1,
8410134119509,false,זיתים שחורים 350 גרם FRAGATA,,,זיתים שחורים 350 גרם,גרמים,350.00,100 גרם,false,1,8.50,2.43,true,1,
8410179002767,false,זיתים ירוקים ממולאים באנשובי 300 גר ITLV,,ES,זיתים ירוקים ממולאים,גרמים,300.00,100 גרם,false,1,10.40,3.47,true,1,
8410179002798,false,זיתים ירוקים ממולאים בלימון 314 גר,,ES,זיתים ירוקים ממולאים,גרמים,314.00,100 גרם,false,1,10.40,3.31,true,1,
8410179002804,false,זיתים ירוקים עם גבינה 314 גר,,ES,זיתים ירוקים עם גבינ,גרמים,314.00,100 גרם,false,1,10.40,3.31,true,1,
8410179002828,false,זיתים ירוקים ממולאים בסלמון 300 גר ITLV,,ES,זיתים ירוקים ממולאים,גרמים,300.00,100 גרם,false,1,10.40,3.47,true,1,
8410179002873,false,זיתים ירוקים ממולאים בשרימפס 300 גר ITLV,,ES,זיתים ירוקים ממולאים,גרמים,300.00,100 גרם,false,1,10.40,3.47,true,1,
8410179002880,false,זיתים ירוקים ממולאים בלוובסטר 300 גר ITLV,,ES,זיתים ירוקים ממולאים,גרמים,300.00,100 גרם,false,1,10.40,3.47,true,1,
8410261151625,false,יין סנגריה גרסיה דון סימון אדום 1.5 ל,,,יין סנגריה גרסיה דון,Unknown,0.00,Unknown,false,1,21.90,21.90,true,1,
8410300207665,false,קוביות גלינה בלנקה טעם עוף 80 גר,,,קוביות גלינה בלנקה ט,Unknown,0.00,Unknown,false,1,13.90,13.90,true,1,
8410300238164,false,קוביות גלינה בלנקה עוף עם ירק 80 גר,,,קוביות גלינה בלנקה ע,גרמים,80.00,100 גרם,false,1,13.90,17.38,true,1,
8410300340232,false,קוביות גלינה בלנקה בקר על עצם 80 גר,,,קוביות גלינה בלנקה ב,גרמים,80.00,100 גרם,false,1,13.90,17.38,true,1,
8410310608889,false,"אל מיראקל גראנש טינטוררה 750 מ""ל",,ES,אל מיראקל גראנש טינט,מיליליטרים,750.00,"100 מ""ל",false,1,66.90,8.92,true,1,
8410342004796,false,שוקולד מריר 85% ללא סוכר טוראס 100ג',צ'יקולטס טוארס,ES,טוראס-שוקולד מריר 85,גרמים,100.00,100 גרם,false,1,19.80,19.80,true,1,
8410342004987,false,"טוראס-שוקולד מריר 52% קפה ללת""ס 100 גר",,ES,טוראס-שוקולד מריר 52,גרמים,100.00,100 גרם,false,1,19.80,19.80,true,1,
8410342004994,false,"טוראס-שוקולד מריר שבבי קקאו חמוציות ללת""ס125ג",צ'יקולטס טוארס,ES,שוקולד מריר שבבי קקא,גרמים,125.00,100 גרם,false,1,19.80,15.84,true,1,
8410342005595,false,טוראס שוקולד חלב ללא סוכר 75 גרם,,ES,טוראס-שוקולד חלב ללת,גרמים,75.00,100 גרם,false,1,9.90,13.20,true,1,
8410342006318,false,טוראס שוקולד מריר קפה ללא סוכר 75 גרם,,ES,טוראס-שוקולד מריר קפ,גרמים,75.00,100 גרם,false,1,9.90,13.20,true,1,
8410342006585,false,"טוראס-שוקולד מריר 72% ללת""ס 75ג 1/12 (530)",,,טוראס-שוקולד מריר 72,גרמים,75.00,100 גרם,false,1,9.90,13.20,true,1,
8410342007148,false,"טוראס-ש.מריר תפוז 72% ללת""ס 125ג",,ES,טוראס-ש.מריר תפוז 72,גרמים,125.00,100 גרם,false,1,19.80,15.84,true,1,
8410376006070,false,בסקוויט גולון מריה 800 ג',,,בסקוויט גולון מריה 8,גרמים,800.00,100 גרם,false,1,11.90,1.49,true,1,
8410376009392,false,גולון- ביסקוויטחיטה מלאה ללא סוכר 170 גר'1/16,גאלטס גלון סא,ES,ביסקוויט חיטה מלאה,גרמים,170.00,100 גרם,false,1,9.90,5.82,true,1,
8410376010701,false,"ביסקוויט ללת""ס גולון גלטה מריה 400 גר",תות תעשיות מזון (201,ES,ביסקוויט גולון,גרמים,400.00,100 גרם,false,1,17.90,4.48,true,1,
8410376013191,false,קרקר פיק קוקטייל בצילינדר 350 גר גולון,,,קרקר פיק קוקטייל 350,גרמים,350.00,100 גרם,false,1,15.90,4.54,true,1,
8410376014051,false,גולון-קרקר פיק מיניס 350 גר,,,קרקר פיק מיניס 350 ג,גרמים,350.00,100 גרם,false,1,15.90,4.54,true,1,
8410376014068,false,קרקר פיק דגים 350 גר גולון,,,קרקר פיק דגים 350 גר,גרמים,350.00,100 גרם,false,1,15.90,4.54,true,1,
8410376017113,false,גולון ביסקוויט סנדוויץ שוקו 500 גר,,ES,גולון ביסקוויט סנדוו,גרמים,500.00,100 גרם,false,1,10.40,2.08,true,1,
8410376017359,false,עוגיות גולון ללא גלוטן 200 גר,,,עוגיות גולון ללא גלו,גרמים,200.00,100 גרם,false,1,20.50,10.25,true,1,
8410376028416,false,גולון או2 לצה 252ג,,ES,עוגיות מצופות שוקולד,גרמים,252.00,100 גרם,false,1,12.90,5.12,true,1,
8410376029079,false,גולון רונדיטוס ביסקויט ללא סוכר 186 ג',,,רונדיטוס ביסקוויט,גרמים,186.00,100 גרם,false,1,16.90,9.09,true,1,
8410376036862,false,גולון ביסקוויט סנדוויץ וניל 500 גר,,ES,גולון ביסקוויט סנדוו,גרמים,500.00,100 גרם,false,1,10.40,2.08,true,1,
8410376037319,false,קרקר פיק מלח גולון 300 גר,,ES,קרקר פיק מלח גולון 3,גרמים,300.00,100 גרם,false,1,9.90,3.30,true,1,
8410376037784,false,"ביסקויט ללת""ס סנדוויץ שוקו 250 גר גונץ",תות תעשיות מזון (201,ES,"ביסקויט ללת""ס סנדווי",גרמים,250.00,100 גרם,false,1,16.90,6.76,true,1,
8410376037883,false,גוליאן עוגיות שוקו צפס ללא גלוטן 130 ג ו,תות תעשיות מזון (201,ES,"עוגיות שוקוציפס ללת""",גרמים,130.00,100 גרם,false,1,11.90,9.15,true,1,
8410376042481,false,גולון ביסקוויט קרם יוגורט ללתס 220 גרם,גלטס גולון,,גולון ביסקוויט קרם י,גרמים,220.00,100 גרם,false,1,14.90,6.77,true,1,
8410376042535,false,עוגיות ויטלדיי אבנה 220 גרם גולון,,ES,עוגיות ויטלדיי אבנה,גרמים,220.00,100 גרם,false,1,14.50,6.59,true,1,
8410376044393,false,גולון עוגיות ללא תוספת סוכר 125 ג',,,"גולון- או 2 ללת""ס 21",גרמים,210.00,100 גרם,false,1,18.90,9.00,true,1,
8410376047509,false,"גולון ביסקויט ללת""ס 400 גרם",גלטס גולון,,"גולון ביסקויט ללת""ס",גרמים,400.00,100 גרם,false,1,16.90,4.23,true,1,
8410376051933,false,גולון קרקר פיק צדר 250ג,,ES,גולון קרקר פיק צדר 2,גרמים,250.00,100 גרם,false,1,9.90,3.96,true,1,
8410376052633,false,גולון-עוגיות שוקוצ'יפס ללא תוספת סוכר 150 ג 1/12,,ES,גולון-עוגיות שוקוציפ,גרמים,150.00,100 גרם,false,1,11.90,7.93,true,1,
8410376057270,false,גולון-ביסקוויט ללא סוכר עם ש.מריר 150 גר' 1/12,,ES,"גולון-ביסקוויט ללת""ס",גרמים,150.00,100 גרם,false,1,17.90,11.93,true,1,
8410376059380,false,גולון וופל וניל ללא תוספת סוכר 180 גרם,,ES,גולון וופל וניל ללא,גרמים,180.00,100 גרם,false,1,16.90,9.39,true,1,
8410376059397,false,גולון וופל שוקולד ללא תוספת סוכר 180 גרם,,ES,גולון וופל שוקולד לל,גרמים,180.00,100 גרם,false,1,16.90,9.39,true,1,
8410376064063,false,"גולון-שוקו רינג ביסקויט ללת""ס 150 גר",,ES,גולון-שוקו רינג ביסק,גרמים,150.00,100 גרם,false,1,16.90,11.27,true,1,
8410376064438,false,"גולון-פינאס ביסקויט שוקו חלב ללת""ס 150ג",,ES,גולון-פינאס ביסקויט,גרמים,150.00,100 גרם,false,1,16.90,11.27,true,1,
8410406311006,false,מרקז דה קסרס ריוחה קריאנזה 750 מל,,,מרקז דה קסרס ריוחה,Unknown,0.00,Unknown,false,1,67.90,67.90,true,1,
8410406611007,false,מרקס דה קסרס רוזה ריוחה 750 מל,,,מרקס דה קסרס רוזה רי,Unknown,0.00,Unknown,false,1,56.90,56.90,true,1,
8410525116681,false,פיני גומי צפרדעים 90 גרם,,ES,פיני גומי צפרדעים 90,Unknown,1.00,Unknown,false,1,6.90,6.90,true,1,
8410525116704,false,פיני גומי נשיקות 90 גרם,,ES,פיני גומי נשיקות 90,Unknown,1.00,Unknown,false,1,6.90,6.90,true,1,
8410525116742,false,פיני גומי פטל 90 גרם,,ES,פיני גומי פטל 90 גרם,גרמים,90.00,100 גרם,false,1,6.90,7.67,true,1,
8410525116759,false,פיני גומי בננה 90 גרם,,ES,פיני גומי בננה 90 גר,גרמים,90.00,100 גרם,false,1,6.90,7.67,true,1,
8410525116810,false,פיני גלי בינס בטעמי פירות 85 גרם,,ES,פיני גלי בינס בטעמי,Unknown,0.00,Unknown,false,1,6.90,6.90,true,1,
8410525116834,false,פיני גומי כרישים 90 גרם,,ES,פיני גומי כרישים 90,Unknown,1.00,Unknown,false,1,6.90,6.90,true,1,
8410525122903,false,פיני שיניים 90 גרם,,ES,פיני שיניים 90 גרם,גרמים,90.00,100 גרם,false,1,6.90,7.67,true,1,
8410525144264,false,פיני מיני טיובס 90 גרם,,ES,פיני מיני טיובס 90 ג,גרמים,90.00,100 גרם,false,1,6.90,7.67,true,1,
8410525150364,false,פיני גלאקסי מיקס מסוכר 90 גרם,,ES,פיני גלאקסי מיקס מסו,גרמים,90.00,100 גרם,false,1,6.90,7.67,true,1,
8410525179327,false,פיני מרשמלו תות מסוכר 80 גרם,,ES,פיני מרשמלו תות מסוכ,Unknown,0.00,Unknown,false,1,6.90,6.90,true,1,
8410525182846,false,פיני בריקס גומי במילוי מתוק 90 גרם,,ES,פיני בריקס גומי במיל,Unknown,1.00,Unknown,false,1,6.90,6.90,true,1,
8410525183775,false,פיני גומי פארטי מיקס 90 גרם,,ES,פיני גומי פארטי מיקס,Unknown,1.00,Unknown,false,1,6.90,6.90,true,1,
8410525186516,false,פיני גומי יוגורט 90 גרם,,ES,פיני גומי יוגורט 90,Unknown,1.00,Unknown,false,1,6.90,6.90,true,1,
8410525206160,false,פיני שטיחים חמוצים בטעם פירות 90 גרם,,ES,פיני שטיחים חמוצים ב,Unknown,1.00,Unknown,false,1,6.90,6.90,true,1,
8410525206184,false,פיני שטיחים חמוצים בטעם תות 90 גרם,,ES,פיני שטיחים חמוצים ב,Unknown,1.00,Unknown,false,1,6.90,6.90,true,1,
8410525211065,false,פיני ספגטי צבעוני חמוץ 85 גרם,,ES,פיני ספגטי צבעוני חמ,גרמים,85.00,100 גרם,false,1,6.90,8.12,true,1,
8410525228315,false,פיני גומי תות חמוץ במילוי מתוק 75 גרם,,ES,פיני גומי תות חמוץ ב,Unknown,0.00,Unknown,false,1,6.90,6.90,true,1,
8410525228339,false,פיני פיזי אריזונה 75 גרם,,ES,פיני פיזי אריזונה 75,גרמים,75.00,100 גרם,false,1,6.90,9.20,true,1,
8410525228360,false,פיני ליקריץ אדום 80 גרם,,ES,פיני ליקריץ אדום 80,Unknown,1.00,Unknown,false,1,6.90,6.90,true,1,
8410525236587,false,פיני תות חמוץ במילוי מתוק 200 גרם,,ES,פיני תות חמוץ במילוי,גרמים,200.00,100 גרם,false,1,10.90,5.45,true,1,
8410525236594,false,פיני גומי פטל במילוי מתוק (כחול) 200 גרם,,ES,פיני גומי פטל במילוי,גרמים,200.00,100 גרם,false,1,10.90,5.45,true,1,
8410525244384,false,פיני גומי במילוי תות וקרם 85 גרם,,ES,פיני גומי במילוי תות,גרמים,85.00,100 גרם,false,1,6.90,8.12,true,1,
8410525248122,false,פיני רד סלקשייין 180 גרם,,,פיני רד סלקשייין 180,גרמים,180.00,100 גרם,false,1,10.50,5.83,true,1,
8410525248566,false,פיני גומי מברשת ושיניים 90 גרם,,ES,פיני גומי מברשת ושינ,Unknown,1.00,Unknown,false,1,6.90,6.90,true,1,
8410628460612,false,טונה ספרדית בשמן זית ולימון 190 גרם,,ES,טונה ספרדית בשמן זית,גרמים,190.00,100 גרם,false,1,28.50,15.00,true,1,
8410628460629,false,טונה ספרדית בשמן זית וצילי 190 גרם,,ES,טונה ספרדית בשמן זית,גרמים,190.00,100 גרם,false,1,28.50,15.00,true,1,
8410655000423,false,"מארז בירה סאן מיגל 4*330 מ""ל",,,מארז בירה סאן מיגל 4,מיליליטרים,1320.00,"100 מ""ל",false,1,25.90,1.96,true,1,
8410655001147,false,בירה סאן מיגל 500 מל פחית,,,בירה סאן מיגל אספסיא,מיליליטרים,500.00,"100 מ""ל",false,1,9.20,1.84,true,1,
8410679030079,false,טבלת שוקולד חלב שקד ללא סוכר טראפה 75ג',,ES,טבלת טראפה ל.ס. חלב,גרמים,75.00,100 גרם,false,1,8.90,11.87,true,1,
8410743700297,false,יין קווה קסטילו פרלדה יבש 750 מל,PERGALE,ES,יין קווה קסטילו פרלד,Unknown,0.00,Unknown,false,1,51.90,51.90,true,1,
8410743700303,false,יין קווה קסטילו פרלדה חצי יבש 750 מל,PERGALE,ES,יין קווה קסטילו פרלד,Unknown,0.00,Unknown,false,1,51.90,51.90,true,1,
8411320234006,false,נתחי טונה לבנה בשמן זית (פחית) 112 ג ORTIZ,אורטיז ORTIZ,ES,נתחי טונה לבנה בשמן,גרמים,112.00,100 גרם,false,1,21.90,19.55,true,1,
8412168003106,false,"ערק מחייה 13 פסיפלורה 700 מ""ל",דיסטילריאס לה הורטנה,ES,ערק מחייה 13 פסיפלור,מיליליטרים,700.00,"100 מ""ל",false,1,57.90,8.27,true,1,
8412700120100,false,"קקאולט משקה קקאו ללא תוספת סוכר 200 מ""ל",,ES,קקאולט משקה קקאו ללא,מיליליטרים,200.00,"100 מ""ל",false,1,10.90,5.45,true,1,
8412700710295,false,"קקאולט משקה קקאו מוקה 200 מ""ל",,ES,קקאולט משקה קקאו מוק,מיליליטרים,200.00,"100 מ""ל",false,1,10.90,5.45,true,1,
8412700714101,false,"קקאולט משקה קקאו זכוכית 200 מ""ל",,ES,קקאולט משקה קקאו זכו,מיליליטרים,200.00,"100 מ""ל",false,1,10.90,5.45,true,1,
8412955060848,false,מתלה על דלת למגבת,,,מתלה על דלת למגבת,Unknown,0.00,Unknown,false,1,39.00,39.00,true,1,
8412955061517,false,כיסוי לקרש גיהוץ 115.38,,,כיסוי לקרש גיהוץ 115,Unknown,0.00,Unknown,false,1,49.00,49.00,true,1,
8412955063139,false,מצע לירקות ופירות למקרר,,,מצע לירקות ופירות למ,Unknown,0.00,Unknown,false,1,24.00,24.00,true,1,
8412955063214,false,כיסוי לכירים,,,כיסוי לכירים,Unknown,0.00,Unknown,false,1,44.00,44.00,true,1,
8412997000390,false,"ארטי אייס פופ -שלגונים להקפאה 650 מ""ל",,,ארטי אייס פופ -שלגונ,מיליליטרים,650.00,"100 מ""ל",false,1,8.90,1.37,true,1,
8413165070825,false,אוגרטה ריוחה קוסצה 2012 750 מל,,,אוגרטה ריוחה קוסצה,Unknown,0.00,Unknown,false,1,46.90,46.90,true,1,
8413165085553,false,יין מרטין סנדויה רזרב קלאב דה-בריק 750 מ,,,יין מרטין סנדויה רזר,Unknown,0.00,Unknown,false,1,154.90,154.90,true,1,
8413664511447,false,פאפאס ארגנטה ברוסקטה שום ופטרוזיליה 150 ג',,,פאפאס ארגנטה-ברוסקטה,גרמים,150.00,100 גרם,false,1,12.90,8.60,true,1,
8413664511706,false,פאפאס ארגנטה-ברוסקטה עגבניות ואורגנו 150גר,,,פאפאס ארגנטה ברוסקטה,גרמים,150.00,100 גרם,false,1,12.90,8.60,true,1,
8413664611611,false,פאפאס ארגנטה ציפס דליקטס 180 גרם,,ES,פאפאס ארגנטה ציפס דל,גרמים,180.00,100 גרם,false,1,23.50,13.06,true,1,
8413664611956,false,פאפאס ארגנטה-ציפס עם עשבי תיבול 160 ג,,,פאפאס ארגנטה-ציפס עם,גרמים,160.00,100 גרם,false,1,23.50,14.69,true,1,
8413664811905,false,פאפאס ארגנטה ציפס ש.זית קינואה מלח 150 ג,,ES,פאפאס ארגנטה ציפס ש.,גרמים,150.00,100 גרם,false,1,23.50,15.67,true,1,
8414825338316,false,"יין מרטין קודאס אלבריניו מרייטה 750 מ""",,ES,יין מרטין קודאס אלבר,מיליליטרים,750.00,"100 מ""ל",false,1,62.90,8.39,true,1,
8420342203013,false,יין פרוטוס ורדחו 750 מל,,,יין פרוטוס ורדחו 750,Unknown,0.00,Unknown,false,1,62.90,62.90,true,1,
8420708012822,false,קשקבל ספרדי מיושן 200 גרם,מיוצר עי קונדיטוריית,ES,קשקבל בשלה 200 גר,גרמים,200.00,100 גרם,false,1,26.90,13.45,true,1,
8420822130600,false,"ספריי סופר מסיר שומנים 750מ""ל יעקבי",קה לורדה,ES,סופר מסיר שומנים 750,יחידה,1.00,יחידה,false,1,17.90,17.90,true,1,
8420822130624,false,"ספריי סופר מסיר כתמים 750מ""ל יעקבי",קה לורדה,ES,סופר מסיר כתמים 750,יחידה,1.00,יחידה,false,1,19.90,19.90,true,1,
8421150645101,false,סנדמאן-שרי-חצי יבש 750 מל,,,סנדמאן-שרי-חצי יבש 7,Unknown,0.00,Unknown,false,1,64.90,64.90,true,1,
8421150647105,false,סנדמאן-שרי-ריץ גולדן 750 מל,,,סאנדמן שרי ריץ גולדן,Unknown,0.00,Unknown,false,1,64.90,64.90,true,1,
8423207206488,false,חטיף דגנים מלאים מצופה שוקולד חלב 120 גר,אף.סי תבליני בגליל ב,ES,חטיף דגנים מלאים מצו,גרמים,120.00,100 גרם,false,1,10.90,9.08,true,1,
8423207207362,false,חטיף דגנים סלים דליס שוקולד לבן 120 גר,ביסנצ'ורי אס.אל.יו,ES,חטיף דגנים סלים דליס,גרמים,120.00,100 גרם,false,1,10.90,9.08,true,1,
8423207208680,false,מרבה חטיפי סלים דליס לילדים שוקולד חלב,ביסנצ'ורי אס.אל.יו,ES,סלים דליס לילדים עם,גרמים,120.00,100 גרם,false,1,10.90,9.08,true,1,
8423207208697,false,מרבה סלים דליס לילדים עם שוקולד לבן חדש,ביסנצ'ורי אס.אל.יו,ES,סלים דליס לילדים עם,גרמים,120.00,100 גרם,false,1,10.90,9.08,true,1,
8423207208703,false,מרבה חטיפי סלים דליס לילדים שוקולד מריר,ביסנצ'ורי אס.אל.יו,ES,סלים דליס מהדורה עם,גרמים,120.00,100 גרם,false,1,10.90,9.08,true,1,
8423207210287,false,מרבה סלים דליס שוקולד לבן בטעם יוגורט 120 ג',סלים דליס Slim Delis,ES,סלים דליס שוקולד לבן,גרמים,120.00,100 גרם,false,1,10.90,9.08,true,1,
8423207210928,false,חטיף דגנים מצופה שוקולד חלב ואגוזי לוז - 5 במארז,ביסנצ'ורי אס.אל.יו,ES,סלים דליס טופינג אגו,גרמים,90.00,100 גרם,false,1,10.90,12.11,true,1,
8423207210942,false,חטיף דגנים מצופה שוקולד לבן ופירות יער,אף.סי תבליני בגליל ב,ES,סלים דליס טופינג פיר,גרמים,90.00,100 גרם,false,1,10.90,12.11,true,1,
8423207210966,false,חטיף רב דגנים מצופה שוקולד לבן קוקוס ולימון,אף.סי תבליני בגליל ב,ES,סלים דליס טופינג קוק,גרמים,90.00,100 גרם,false,1,10.90,12.11,true,1,
8423207210980,false,סלים דליס טופינג קליפת תפוז 90 גרם,Vndmer,ES,סלים דליס טופינג קלי,גרמים,90.00,100 גרם,false,1,10.90,12.11,true,1,
8423371002749,false,סאליסול בוטנים ושקדים מקורמלים 135 גרם,סאליסול,ES,סאליסול בוטנים ושקדי,גרמים,135.00,100 גרם,false,1,12.50,9.26,true,1,
8423371007577,false,פיסטוקים קלויים סאליסול 50 גר,,,פיסטוקים קלויים סאל,גרמים,50.00,100 גרם,false,1,9.90,19.80,true,1,
8423371007614,false,מיקס אגוזים חמוציות וצימוק סאליסול 50 גר,,ES,מיקס אגוזים חמוציות,גרמים,50.00,100 גרם,false,1,9.90,19.80,true,1,
8425206000081,false,ריבת חלב מרדל 450 גרם,כלורוקס אוקלנד,ES,ריבת חלב מרדל 450 גר,גרמים,450.00,100 גרם,false,1,17.90,3.98,true,1,
8425206000142,false,ריבת חלב מרדל בקבוק לחיץ 370 גרם,MARDEL,ES,ריבת חלב מרדל בקבוק,גרמים,370.00,100 גרם,false,1,19.90,5.38,true,1,
8431438000089,false,גבינה איבריקו גוורדמור ספרדי במשקל,,,גבינה גוורדמור ספרדי,Unknown,0.00,"ק""ג",true,0,210.00,210.00,true,1,
8431438000256,false,מנצגו קייסו ספרדי במשקל,,,מנצגו קייסו ספרדי במ,Unknown,0.00,"ק""ג",true,0,188.00,188.00,true,1,
8435185944009,false,"משקה קל ד""ר פפר 330 מ""ל",,,"משקה קל ד""ר פפר 330",מיליליטרים,330.00,"100 מ""ל",false,1,6.90,2.09,true,1,
8435185954626,false,"משקה קל ד""ר פפר בטעם דובדבן 330 מ""ל",,,"משקה קל ד""ר פפר בטעם",מיליליטרים,330.00,"100 מ""ל",false,1,6.90,2.09,true,1,
8435418406885,false,צנצנת ליטר פסים קליפסו+ מכסה,,,צנצנת ליטר פסים קליפ,קילוגרמים,0.00,"ק""ג",false,1,69.90,69.90,true,1,
8435495805168,false,"תינוקלין לכביסה לעור רגיש אולימפיק 1.25ק""ג",מולינו ניקולי s.p.a,TR,אבקת כביסה תינוקלין,קילוגרמים,0.00,"ק""ג",false,1,22.90,22.90,true,1,
8435495805199,false,"תינוקלין אבקת כביסה 3 ק""ג",מולינו ניקולי s.p.a,TR,אבקת כביסה תינוקלין,קילוגרמים,0.00,"ק""ג",false,1,43.90,43.90,true,1,
8435495807605,false,תינוקלין מרכך כביסה היפואלרגני מרוכז 1 ליטר,מולינו ניקולי s.p.a,TR,מרכך כביסה תינוקלין,מיליליטרים,1000.00,"100 מ""ל",false,1,20.90,2.09,true,1,
8435495807636,false,ג'ל כביסה היפואלרגני 2 ל' תינוקלין,תינוקלין,TR,גל כביסה תינוקלין הי,ליטרים,0.00,ליטר,false,1,36.50,36.50,true,1,
8435495819363,false,תינוקלין - מרכך כביסה פרש & ג'נטל 1 ליטר,ליימן מותגים,TR,מרכך כביסה fres&gent,מיליליטרים,1000.00,"100 מ""ל",false,1,20.90,2.09,true,1,
8436575292205,false,ארטיק חמשושים מאגדת 15*12 גר',שוורצקוף& הנקל דיסלד,IL,מאגדת חמשושים 180 גר,גרמים,180.00,100 גרם,false,1,23.90,13.28,true,1,
8437000209997,false,טארט לימון 300 גרם,,,טארט לימון 300 גרם,גרמים,300.00,100 גרם,false,1,15.90,5.30,true,1,
8437001603602,false,"מוחיטו 700 מ""ל",,,"מוחיטו 700 מ""ל",מיליליטרים,700.00,"100 מ""ל",false,1,69.90,9.99,true,1,
8437001603701,false,"יין סנגריה 750 מ""ל",,,"יין סנגריה 750 מ""ל",Unknown,0.00,Unknown,false,1,29.90,29.90,true,1,
8445290019516,false,קוואלטי סטריט שקית 382 גרם,,,קוואלטי סטריט שקית 3,גרמים,382.00,100 גרם,false,1,36.90,9.66,true,1,
8445290427120,false,דגני פיטנס Fitness שוקולד מריר ובננה,נסטלה צרפת איטנקורט,FR,פיטנס שוקולד מריר וב,גרמים,375.00,100 גרם,false,1,19.90,5.31,true,1,
8563140008357,false,כלורופיל נוזל 473 מ`ל,,,כלורופיל נוזל 473 מ`,Unknown,0.00,Unknown,false,1,119.90,119.90,true,1,
8593868000050,false,"בירה סטארופרמן לאגר פח 5% 500 מ""ל",,CZ,בירה סטארופרמן פחית,מיליליטרים,500.00,"100 מ""ל",false,1,10.90,2.18,true,1,
8593868000302,false,"בירה סטארופרמן לאגר בקבוק 5% 500 מ""ל",,CZ,בירה סטארופרמן פרימי,מיליליטרים,500.00,"100 מ""ל",false,1,11.90,2.38,true,1,
8593868002368,false,בירה סטארופרמן אנפילטר בירה 500 מל בקבוק,,CZ,בירה סטארופרמן אנפיל,מיליליטרים,500.00,"100 מ""ל",false,1,10.90,2.18,true,1,
8593893781979,false,קוואלטי סטריט טבלת שוקולד א.לוז וקרמל 87,,,קוואלטי סטריט טבלת ש,גרמים,87.00,100 גרם,false,1,10.90,12.53,true,1,
8594009923429,false,"בירה קרושוביצה אמפריאל 500 מ""ל פחית",,,בירה קרושוביצה אמפרי,מיליליטרים,500.00,"100 מ""ל",false,1,11.90,2.38,true,1,
8594014863963,false,אקסלנט חטיף חלבון קרמל מלוח 85 גרם,,CZ,אקסלנט חטיף חלבון קר,גרמים,85.00,100 גרם,false,1,18.90,22.24,true,1,
8594014864922,false,אקסלנט חטיף חלבון חמאת בוטנים 85 גרם,,CZ,אקסלנט חטיף חלבון חמ,גרמים,85.00,100 גרם,false,1,18.90,22.24,true,1,
8594053490458,false,"בירה צרנובר כהה 500 מ""ל",,CZ,בירה צרנובר כהה 500,מיליליטרים,500.00,"100 מ""ל",false,1,11.90,2.38,true,1,
8594071481018,false,חטיף סופרפוד אוכמניות קינואה אורגני 47 ג,,,חטיף סופרפוד אוכמניו,גרמים,47.00,100 גרם,false,1,14.90,31.70,true,1,
8594071650308,false,כדורי עוגת דבש קקאו 235 גר מרלנקה,,,כדורי עוגת דבש קקאו,גרמים,235.00,100 גרם,false,1,34.90,14.85,true,1,
8594071650483,false,כדורי דבש לימון 235 גר מרלנקה,,,כדורי דבש לימון 235,גרמים,235.00,100 גרם,false,1,34.90,14.85,true,1,
8594071650711,false,עוגת נפוליאון 300 גרם,,CZ,עוגת נפוליאון 300 גר,גרמים,300.00,100 גרם,false,1,34.90,11.63,true,1,
8594071650896,false,עוגיות דבש ללא גלוטן מרלנקה 235 גרם,,,עוגיות דבש ללא גלוטן,גרמים,235.00,100 גרם,false,1,36.90,15.70,true,1,
8594073171993,false,קוויז חטיף חלבון שוקולד בראוניס 60 גרם,,CZ,קוויז חטיף חלבון שוק,גרמים,60.00,100 גרם,false,1,17.90,29.83,true,1,
8594073179593,false,חטיף חלבון שוקולד וקוקוס אקסלנט 85 גרם,,CZ,חטיף חלבון שוקולד,גרמים,85.00,100 גרם,false,1,18.90,22.24,true,1,
8594200060015,false,בירה צסקה פינטה 568 מל פחית,,,בירה צסקה פינטה 568,מיליליטרים,568.00,"100 מ""ל",false,1,8.90,1.57,true,1,
8594403707649,false,"בירה באדוויזר דארק לאגר 500 מ""ל פחית",,,בירה באדוויזר דארק ל,מיליליטרים,500.00,"100 מ""ל",false,1,8.50,1.70,true,1,
8594403707977,false,"בירה באדוויזר לאגר פחית 500 מ""ל",,,בירה באדוויזר לאגר פ,מיליליטרים,500.00,"100 מ""ל",false,1,8.90,1.78,true,1,
8594404001418,false,בירה קוזל כהה בקבוק,פילזנסקי,CZ,"בירה קוזל כהה 500 מ""",מיליליטרים,500.00,"100 מ""ל",false,1,8.90,1.78,true,1,
8594404115115,false,בירה פילזנר אורקוול פחית 500 מל,פילזן,CZ,בירה פילזנר אורקוול,מיליליטרים,500.00,"100 מ""ל",false,1,10.90,2.18,true,1,
8594405105429,false,"ליקר בחרובקה 700 מ""ל",,,"ליקר בחרובקה 700 מ""ל",מיליליטרים,700.00,"100 מ""ל",false,1,109.90,15.70,true,1,
8595134503302,false,"פילטר ארוך 6 מ""מ.",,,פילטר ארוך 6 ממ,Unknown,0.00,Unknown,false,1,5.00,5.00,true,1,
8595657101795,false,חטיף חלבון אגוזים וניל אורגני 47 גר,,,חטיף חלבון אגוזים ונ,גרמים,47.00,100 גרם,false,1,14.90,31.70,true,1,
8606018615827,false,גלידת וניל עם שברי עוגיות אוראו 480 ג',פרונרי סרביה,IL,פיינט אוראו 480 גרם,גרמים,480.00,100 גרם,false,1,19.90,4.15,true,1,
8606018615841,false,גלידת וניל עם ליבת שוקולד חלב 480 ג' מילקה,פרונרי סרביה,IL,פיינט מילקה וניל ליב,גרמים,480.00,100 גרם,false,1,19.90,4.15,true,1,
8606018615865,false,פיינט מילקה קרמל ליבת שוקולד 480 גרם,פרונרי סרביה,IL,פיינט מילקה קרמל ליב,גרמים,480.00,100 גרם,false,1,19.90,4.15,true,1,
8606109023593,false,פרוויטה מיץ תפוחי עץ ואגסים 750 מל,,IL,פרוויטה מיץ תפוחי עץ,מיליליטרים,750.00,"100 מ""ל",false,1,13.90,1.85,true,1,
8606109023609,false,"פרוויטה מיץ תפוחי עץ ודובדבנים 750 מ""ל",,IL,פרוויטה מיץ תפוחי עץ,מיליליטרים,750.00,"100 מ""ל",false,1,13.90,1.85,true,1,
8606109023623,false,פרוויטה מיץ תפוחי עץ ולימון ליים 750 מ,,IL,פרוויטה מיץ תפוחי עץ,מיליליטרים,750.00,"100 מ""ל",false,1,13.90,1.85,true,1,
8606109023722,false,פרוויטה מיץ תפוחי עץ ומשמשים 750 מל,,RS,פרוויטה מיץ תפוחי עץ,מיליליטרים,750.00,"100 מ""ל",false,1,13.90,1.85,true,1,
8680395195837,false,ביסקוויט פתי בר 500 גר ALVIEN,,TR,ביסקוויט פתי בר 500,גרמים,500.00,100 גרם,false,1,10.50,2.10,true,1,
8681863065287,false,מלח הימלאיה וילי פוד 350 גר,שף סיזונס גידה סאן,TR,מלח הימלאיה וילי פוד,גרמים,350.00,100 גרם,false,1,24.90,7.11,true,1,
8683130008355,false,מיונז עם שום הלמנס לחיץ 400 גרם,יוניליוור ישראל שיוו,TR,מיונז עם שום הלמנס ל,גרמים,400.00,100 גרם,false,1,14.90,3.73,true,1,
8683130008935,false,ממרח קטשיונז לחיץ 425 גם,יוניליוור ישראל שיוו,TR,ממרח קטשיונז לחיץ 42,גרמים,425.00,100 גרם,false,1,14.90,3.51,true,1,
8683130025581,false,"בדין - מרכך כביסה אקסטרא ענבר 960 מ""ל",יונילוור - תורכיה,TR,בדין אקסטרא gbcr 960,מיליליטרים,960.00,"100 מ""ל",false,1,14.90,1.55,true,1,
8683130028506,false,גל לנ.כללי סיף אקונומיקה בנ.רענן 750 מל,,,גל לנ.כללי סיף אקונו,מיליליטרים,750.00,"100 מ""ל",false,1,16.70,2.23,true,1,
8683323063024,false,ממתק בטעם תותי פרוטי בצורת שטיח,ליימן מותגים,TR,יוגטה שטיחים תותי פר,גרמים,220.00,100 גרם,false,1,7.30,3.32,true,1,
8683363414015,false,"קוקו קנדי רולינג תותי פרוטי 30 מ""ל",,TR,קוקו קנדי רולינג תות,מיליליטרים,30.00,"100 מ""ל",false,1,9.90,33.00,true,1,
8683363414138,false,קוקו קנדי גריקן מסטיק פטל 50 גרם,,TR,קוקו קנדי גריקן מסטי,גרמים,50.00,100 גרם,false,1,9.90,19.80,true,1,
8683363414442,false,קוקו קנדי גריקן מסטיק פירות 50 גרם,,TR,קוקו קנדי גריקן מסטי,גרמים,50.00,100 גרם,false,1,9.90,19.80,true,1,
8686868600068,false,המותג אביזרי שיער,,,אביזרי שיער,Unknown,0.00,Unknown,false,1,8.90,8.90,true,1,
8686868600075,false,המותג אביזרי שיער,,,אביזרי שיער,Unknown,0.00,Unknown,false,1,9.90,9.90,true,1,
8686868600129,false,המותג אביזרי שיער,,,אביזרי שיער,Unknown,0.00,Unknown,false,1,14.90,14.90,true,1,
8686868600174,false,המותג אביזרי שיער,,,אביזרי רחצה,Unknown,0.00,Unknown,false,1,19.90,19.90,true,1,
8690504081913,false,מקוויטיס טינס מצופה שוקולד חלב 150 גרם,"אולקר ביסקווי סנאי,",TR,מקוויטיס טינס מצופה,גרמים,150.00,100 גרם,false,1,11.40,7.60,true,1,
8690504081920,false,מקוויטיס טינס מצופה שוקולד מריר 150 גרם,"אולקר ביסקווי סנאי,",TR,מקוויטיס טינס מצופה,גרמים,150.00,100 גרם,false,1,11.40,7.60,true,1,
8690504081937,false,מקוויטיס טינס שוקולד חלב וקפוצינו 150 גר,"אולקר ביסקווי סנאי,",TR,מקוויטיס טינס שוקולד,גרמים,150.00,100 גרם,false,1,11.40,7.60,true,1,
8690504153740,false,שוקולד מריר במילוי קרם בטעם שוקולד מריר,ביסקוט ביסקווי סילבר,TR,שוקולד מריר גודייבה,גרמים,86.00,100 גרם,false,1,13.90,16.16,true,1,
8690504153849,false,שוקולד חלב במילוי קרם בטעם פרלין אגוזים,"אולקר מקבוצת פלאדיס,",TR,שוקולד חלב גודייבה ק,גרמים,83.00,100 גרם,false,1,13.90,16.75,true,1,
8690530007147,false,מגבות סלפאק קומפורט דו שכבתיות 6 גלילים,,TR,מגבות סלפאק קומפורט,יחידה,1.00,יחידה,false,1,13.90,13.90,true,1,
8690530015043,false,סלפאק מגבות מטבח שישיה 3 שכבות,איפק,,נייר מגבת סלפאק 3 שכ,מטרים,64.00,מטר,false,1,19.90,0.31,true,1,
8690530274471,false,נייר טואלט סלפאק קומפורט 2 שכבות 32 גל,איפק קג'יט,TR,נ.טואלט סלפאק קומפור,מטרים,614.00,מטר,false,1,39.90,0.06,true,1,
8690530284463,false,נייר טואלט 3 שכבות 32 גלילים סלפאק,איפק קג'יט,TR,נייר טואלט סלפאק 3 ש,מטרים,537.00,מטר,false,1,49.90,0.09,true,1,
8690530324930,false,נייר טואלט דו שכבתי 32 גליל SILEN,איפק,TR,נייר טואלט סילאן 2 ש,מטרים,576.00,מטר,false,1,34.90,0.06,true,1,
8690530615120,false,נייר מגבת סילאן 2 שכבות 6 יח,,,נייר מגבת סילאן 2 שכ,מטרים,68.00,מטר,false,1,11.90,0.18,true,1,
8690572799543,false,"שמפו לחזיק שורשי סיב השערה סאיוס 500מ""ל",הנקל,TR,סאיוס שמפו לחיזוק שו,מיליליטרים,500.00,"100 מ""ל",false,1,12.90,2.58,true,1,
8690572799550,false,"סאיוס שמפו לשיער גלי ומתולתל 500 מ""ל",הנקל,TR,סאיוס שמפו לשיער גלי,מיליליטרים,500.00,"100 מ""ל",false,1,12.90,2.58,true,1,
8690637073434,false,תה ליפטון ארל גריי 100 שקיקים,ליפטון Lipton,,תה ארל גריי 100 שקיק,גרמים,200.00,100 גרם,false,1,28.90,14.45,true,1,
8690637504426,false,"קרם ניקוי סיף בניחוח לימון 500 מ""ל",יונילוור - תורכיה,TR,קרם ניקוי סיף בניחוח,יחידה,1.00,יחידה,false,1,14.60,14.60,true,1,
8690637505607,false,בדין אקסטרה מרכך כביסה בניחוח פינוק כחול,יוניליוור סנאיי וי ט,TR,מרכך כביסה בדין פינו,מיליליטרים,960.00,"100 מ""ל",false,1,14.90,1.55,true,1,
8690637505935,false,"דאב - סבון ידיים אבוקדו 500 מ""ל",דאב Dove,,סבון ידיים דאב אבוקד,מיליליטרים,500.00,"100 מ""ל",false,1,18.80,3.76,true,1,
8690637555084,false,מרכך כביסה בדין אקסטרא פריחת תפוז 960 מל,יוניליוור סנאיי וי ט,TR,מרכך כביסה בדין אקסט,מיליליטרים,960.00,"100 מ""ל",false,1,14.90,1.55,true,1,
8690637704291,false,שמפו לשיקום אינטנסיבי לשיער פגום,יוניליוור טורקיה. אז,TR,"דאב שמפו משקם 600 מ""",מיליליטרים,600.00,"100 מ""ל",false,1,19.80,3.30,true,1,
8690637704390,false,"מרכך לשיער רגיל 600 מ""ל דאב",יוניליוור טורקיה. אז,TR,דאב מרכך יום יומי 60,מיליליטרים,600.00,"100 מ""ל",false,1,19.80,3.30,true,1,
8690637835643,false,תה ירוק לואיז הולימונית 20 שק ליפטון,ליפטון Lipton,TR,תה ירוק לואיז הולימו,Unknown,0.00,Unknown,false,1,20.90,20.90,true,1,
8690637842399,false,מאגדת מגנום מיני דאבל פרי יער שוקולד 6 יח' נסטלה,יוניליוור סנאי וי סי,TR,מאגדת מיני מגנום,גרמים,379.00,100 גרם,false,1,29.90,7.89,true,1,
8690637858734,false,גל לנ.כללי סיף אקונומיקה בנ.לימון 750 מל,יונילוור - תורכיה,TR,גל לנ.כללי סיף אקונו,מיליליטרים,750.00,"100 מ""ל",false,1,16.70,2.23,true,1,
8690637858741,false,גל לנ.כללי סיף אקונומיקה בנ.רוח ים 750 מ,יונילוור - תורכיה,IL,גל לנ.כללי סיף אקונו,מיליליטרים,750.00,"100 מ""ל",false,1,16.70,2.23,true,1,
8690637858758,false,גל לנ.כללי סיף אקונומיקה בנ.אורנים 750 מ,יונילוור - תורכיה,IL,גל לנ.כללי סיף אקונו,מיליליטרים,750.00,"100 מ""ל",false,1,16.70,2.23,true,1,
8690637865596,false,"סבון ידיים דאב הזנה עמוקה 500 מ""ל",קוסטר אירוסול ולף סנ,TR,סבון ידיים דאב הזנה,מיליליטרים,500.00,"100 מ""ל",false,1,19.80,3.96,true,1,
8690637866654,false,תה ירוק קלאסי ליפטון 50 שקיקים 75ג',,TR,תה ירוק קלאסי 50 מעט,Unknown,0.00,Unknown,false,1,32.90,32.90,true,1,
8690637871061,false,"דאב שמפו שמן אבוקדו ותמצית קלנדולה 600 מ""ל",יונילוור - תורכיה,TR,שמפו דאב עם שמן אבוק,מיליליטרים,600.00,"100 מ""ל",false,1,19.80,3.30,true,1,
8690637871245,false,הלמנס מיונז אמיתי 395 גר' בקבוק לחיץ.,"בסטפוד - 3P ארה""ב Fo",TR,מיונז אמיתי הלמנס לח,גרמים,395.00,100 גרם,false,1,14.90,3.77,true,1,
8690637946301,false,"בדין - מרכך כביסה אקסטרא בייביי כחול 960 מ""ל",יוניליוור סנאיי וי ט,TR,מרכך כביסה בדין אקסט,מיליליטרים,960.00,"100 מ""ל",false,1,14.90,1.55,true,1,
8690637976995,false,"בדין - מרכך כביסה אקסטרא ורוד סחלבים פראי 960 מ""ל",יוניליוור סנאיי וי ט,TR,מרכך כביסה בדין אקסט,מיליליטרים,960.00,"100 מ""ל",false,1,14.90,1.55,true,1,
8690637987564,false,"דאב שמפו למניעת קשקשים 600 מ""ל",,TR,דאב שמפו למניעת קשקש,מיליליטרים,600.00,"100 מ""ל",false,1,20.80,3.47,true,1,
8690637989612,false,מאגדת מיני מגנום דולצה גולד 6 יח 246 גרם,יונילוור סנאיי וי טי,TR,מאגדת מיני מגנום דול,גרמים,282.00,100 גרם,false,1,29.90,10.60,true,1,
8690734006830,false,ספוגי קרצוף סקוטש ברייט 9 יח,,,ספוגי קרצוף סקוטש בר,Unknown,0.00,Unknown,false,1,17.90,17.90,true,1,
8690766156367,false,שוקולד חלב גודייבה מעולה 90 גר,"אולקר מקבוצת פלאדיס,",TR,שוקולד חלב גודייבה מ,גרמים,90.00,100 גרם,false,1,14.90,16.56,true,1,
8690766156374,false,שוקולד גודייבה מריר 72% מוצרי קקאו 90 גר,"אולקר מקבוצת פלאדיס,",TR,שוקולד מריר 72% גודי,גרמים,90.00,100 גרם,false,1,14.90,16.56,true,1,
8690766156381,false,גודייבה שוקולד מריר 90% מוצקי קקאו 90 גרם,"אולקר מקבוצת פלאדיס,",TR,שוקולד מריר 90% גודי,גרמים,90.00,100 גרם,false,1,14.90,16.56,true,1,
8690766156398,false,שוקולד חלב מעולה בתוספת שברי שקדים קלויים דבש ומלח 90ג',"אולקר מקבוצת פלאדיס,",TR,שוקולד חלב גודייבה ש,גרמים,90.00,100 גרם,false,1,14.90,16.56,true,1,
8690766156404,false,שוקולד מריר מעולה גודייבה תפוז אדום 90 גרם,גודייבה,TR,שוקולד מריר גודייבה,גרמים,90.00,100 גרם,false,1,14.90,16.56,true,1,
8690766156411,false,שוקולד מריר מעולה בטעם פלפל ורוד עם חתיכות תות מסוכר 90ג',"אולקר מקבוצת פלאדיס,",TR,שוקולד מריר גודייבה,גרמים,90.00,100 גרם,false,1,14.90,16.56,true,1,
8690770322598,false,"שמרים יבשים 125 גר` בד""צ",בראבו Bravo,,שמרים יבשים 125 גר,גרמים,125.00,100 גרם,false,1,5.70,4.56,true,1,
8690777203012,false,פלפל ירוק כבוש לא חריף סארה 600ג',יוליניבר,TR,פלפל ירוק כבוש לא חר,גרמים,600.00,100 גרם,false,1,11.90,1.98,true,1,
8690784614665,false,סבון מוצק לניקוי אסלה בניחוח ים,דאופלור אס.פי.אי כונ,IT,סבון מוצק לניקוי אסל,Unknown,0.00,Unknown,false,1,9.90,9.90,true,1,
8690784616775,false,סבון מוצק לאסלה דאק אקווה בלו 4 ב-1 80 ג,טואלט דאק Toilet Duck,RS,סבון מוצק לאסלה דאק,גרמים,80.00,100 גרם,false,1,10.90,13.63,true,1,
8690792027792,false,ריבת תות 45% פרי 700 גר GULSAN,,TR,ריבת תות 45% פרי 700,גרמים,700.00,100 גרם,false,1,19.90,2.84,true,1,
8690799021625,false,"ריבת פירות יער בזכוכית 1 ק""ג BEST QUALIT",,TR,ריבת פירות יער בזכוכ,גרמים,1000.00,100 גרם,false,1,24.90,2.49,true,1,
8690799021847,false,"ריבת משמש בזכוכית 1 ק""ג BEST QUALITY",,TR,ריבת משמש בזכוכית 1,קילוגרמים,0.00,"ק""ג",false,1,24.90,24.90,true,1,
8690799022875,false,"ריבת שזיפים בזכוכית 1 ק""ג BEST QUALITY",,TR,ריבת שזיפים בזכוכית,קילוגרמים,0.00,"ק""ג",false,1,24.90,24.90,true,1,
8690799023018,false,"ריבת דובדבנים לבנים 1 ק""ג BEST QUALITY",,TR,ריבת דובדבנים לבנים,גרמים,1000.00,100 גרם,false,1,20.80,2.08,true,1,
8691058141238,false,ערמונים שלמים קלויים וקלופים 100 ג' Avel,,,ערמונים שלמים קלויים,גרמים,100.00,100 גרם,false,1,5.80,5.80,true,1,
8691351103018,false,טורקיש דילייט מי ורדים ולימון 300 גרם,,TR,טורקיש דילייט מי ורד,גרמים,300.00,100 גרם,false,0,12.90,4.30,true,1,
8691351103117,false,טורקיש דילייט מי ורדים 125 גרם,,TR,טורקיש דילייט מי ורד,גרמים,125.00,100 גרם,false,1,9.90,7.92,true,1,
8691351103131,false,טורקיש דילייט פיסטוק וא.לוז 125 גרם,,TR,טורקיש דילייט פיסטוק,גרמים,125.00,100 גרם,false,1,9.90,7.92,true,1,
8691351103667,false,נוגט עם שקדים וחמוציות 100 גרם,,TR,נוגט עם שקדים וחמוצי,גרמים,100.00,100 גרם,false,1,10.90,10.90,true,1,
8691351103674,false,נוגט עם שקדים ולימון 100 גרם,,TR,נוגט עם שקדים ולימון,גרמים,100.00,100 גרם,false,1,10.90,10.90,true,1,
8693357051485,false,פלורה אגרטל כדורי 20,,,פלורה אגרטל כדורי 20,Unknown,0.00,Unknown,false,1,65.90,65.90,true,1,
8693357203242,false,"פעמון זכוכית לעוגה+מגש על רגל 32 ס""מ",נעמן,,פאטיסריי מגש לעוגה ע,Unknown,0.00,Unknown,false,1,129.00,129.00,true,1,
8693374258348,false,שעועית לבנה עם ירקות ברוטב עגבניות 400 ג,יאילה אגרו גידה,TR,שעועית לבנה עם ירקות,גרמים,400.00,100 גרם,false,1,11.90,2.98,true,1,
8693374258478,false,תבשיל בורגול עם פטריות להכנה מהירה 250 ג,יאילה אגרו גידה,TR,תבשיל בורגול עם פטרי,גרמים,250.00,100 גרם,false,1,11.90,4.76,true,1,
8693374261058,false,"תבשיל אורז עם גזר,אפונה ירוקה ותירס 250ג",יאילה אגרו גידה,TR,"תבשיל אורז עם גזר,אפ",גרמים,250.00,100 גרם,false,1,11.90,4.76,true,1,
8693495051002,false,מברשת שיניים לילדים מיניונים קולגייט 6+,קולגייט Colgate,,מברשת שיניים לילדים,Unknown,0.00,Unknown,false,1,14.90,14.90,true,1,
8693495052177,false,"סבון נוזלי פלמוליב זיתים 750 מ""ל",קולגייט פלמוליב,TR,סבון נוזלי פלמוליב,מיליליטרים,750.00,"100 מ""ל",false,1,19.90,2.65,true,1,
8693495052931,false,זוג מברשות שיניים אדוונסט 360 לניקוי כל חלל הפה,קולגייט Colgate,CN,מברשות שיניים זוג,Unknown,0.00,Unknown,false,1,41.90,41.90,true,1,
8693495054034,false,סבון נוזלי פלמוליב לומינוס אבוקדו 750 מל,CP - Turkey+60,TR,סבון נוזלי פלמוליב ל,מיליליטרים,750.00,"100 מ""ל",false,1,19.90,2.65,true,1,
8693495054058,false,סבון נוזלי פלמוליב לומינוס מקדמיה 750 מל,קולגייט פלמוליב,TR,סבון נוזלי פלמוליב ל,מיליליטרים,750.00,"100 מ""ל",false,1,19.90,2.65,true,1,
8693638984730,false,"קונפיטורה מישמש פרוטה 1 ק""ג",,TR,קונפיטורה מישמש פרוט,גרמים,1000.00,100 גרם,false,1,20.80,2.08,true,1,
8693638984754,false,"קונפיטורה דובדובנים פרוטה 1 ק""ג",,TR,קונפיטורה דובדובנים,גרמים,1000.00,100 גרם,false,1,20.80,2.08,true,1,
8693638986215,false,"קונפיטורה דובדבנים לבנים ""פרוטה"" 1 ק""ג",,TR,קונפיטורה דובדבנים ל,גרמים,1000.00,100 גרם,false,1,20.80,2.08,true,1,
8695543006804,false,גבינה ציז לונג 200 גר,מורטביי,TR,גבינה ציז לונג 200 ג,גרמים,200.00,100 גרם,false,1,22.90,11.45,true,1,
8697410092071,false,נשיקות באוויר מרנג מיקס 113 גרם,בומפי גידה,TR,נשיקות באוויר מרנג מ,גרמים,113.00,100 גרם,false,1,15.90,14.07,true,1,
8697410093283,false,נשיקות באוויר תחתיות מרנג וניל 90 גרם,בומפי גידה,TR,נשיקות באוויר תחתיות,גרמים,90.00,100 גרם,false,1,18.90,21.00,true,1,
8697410093290,false,נשיקות באוויר תחתיות מרנג תות 90 גרם,בומפי גידה,TR,נשיקות באוויר תחתיות,גרמים,90.00,100 גרם,false,1,18.90,21.00,true,1,
8697410093306,false,נשיקות באוויר תחתיות מרנג לימון 90 גרם,בומפי גידה,TR,נשיקות באוויר תחתיות,גרמים,90.00,100 גרם,false,1,18.90,21.00,true,1,
8697418280333,false,שערות קדאיף מיובשות 500 גרם,פרנסס און וה,TR,שערות קדאיף מיובשות,גרמים,500.00,100 גרם,false,1,21.90,4.38,true,1,
8697420500375,false,מיץ תפוחים אורגני 1 ליטר,,TR,מיץ תפוחים אורגני 1,מיליליטרים,1000.00,"100 מ""ל",false,1,16.50,1.65,true,1,
8697431460064,false,קונפיטורה משמש 70% פרי פרופה 454 גר',פרוטנגו Fruitango,,קונפיטורה 70% פרי מש,גרמים,450.00,100 גרם,false,1,17.70,3.93,true,1,
8697431460217,false,קונפיטורה 70% תפוזים 450 ג' FRUPPA,פרוטנגו Fruitango,,קונפיטורת 70% תפוזים,גרמים,450.00,100 גרם,false,1,17.70,3.93,true,1,
8697431460378,false,קונפיטורה70% שזיף 450 ג' FRUPPA,פרוטנגו Fruitango,,קונפיטורה 70% שזיפים,גרמים,450.00,100 גרם,false,1,17.70,3.93,true,1,
8697431921718,false,קונפיטורה דובדבן חמוץ 70% פרי פרופה 454 גר',,,קונפיטורה 70% דובדבן,גרמים,454.00,100 גרם,false,1,17.70,3.90,true,1,
8697431925143,false,קונפיטורה 70% פירות יער 450 ג' FRUPPA,פרוטנגו Fruitango,,קונפיטורה 70% פירות,גרמים,450.00,100 גרם,false,1,17.70,3.93,true,1,
8697530910743,false,סיגריות פאל מאל כחול קצר מטאליק,BAT,,פאל מאל כחול קצר האו,Unknown,0.00,Unknown,false,1,30.00,30.00,true,1,
8697530910750,false,סיגריות פאל מאל כחול ארוך האוס,BAT,,פאל מאל כחול ארוך הא,Unknown,0.00,Unknown,false,1,30.00,30.00,true,1,
8697530910781,false,סיגריות פאל מאל אדום מטאליק,BAT,TR,פאל מאל אדום האוס חפ,Unknown,0.00,Unknown,false,1,30.00,30.00,true,1,
8697530910941,false,פאל מאל כחול קצר האוס עשירייה,BAT,,פאל מאל כחול קצר האו,Unknown,0.00,Unknown,false,1,295.00,295.00,true,1,
8697659238131,false,"מטהר אוויר פרש& מור הכוכב הכחול 400 מ""ל",,TR,מטהר אוויר פרש& מור,מיליליטרים,400.00,"100 מ""ל",false,1,21.90,5.48,true,1,
8697826469092,false,טורטיה קטנה 12 יחידות 540 גרם,דין שיווק,TR,טורטיה קטנה 12 יחיד,גרמים,540.00,100 גרם,false,1,9.90,1.83,true,1,
8699250035041,false,זיתים שחורים טבעיים במי מלח,,,זית שחור יבש במלח 70,גרמים,700.00,100 גרם,false,1,19.90,2.84,true,1,
8710243961533,false,אולד אמסטרדם חטיף בשקית 90 גרם,,NL,אולד אמסטרדם חטיף בש,גרמים,90.00,100 גרם,false,1,20.90,23.22,true,1,
8710252130647,false,הבלה בלגיה-קונוס לגלידה 14יח 175 גר,,,הבלה בלגיה-קונוס לגל,גרמים,175.00,100 גרם,false,1,16.90,9.66,true,1,
8710252138599,false,הבלה בלגיה-קעריות ופל לגלידה וקינוח 100ג,,,הבלה בלגיה-קעריות ופ,גרמים,100.00,100 גרם,false,1,19.90,19.90,true,1,
8710296166688,false,ברוסקטה עגבניות פנדרו 160 גרם,,ES,ברוסקטה עגבניות פנדר,גרמים,160.00,100 גרם,false,1,11.90,7.44,true,1,
8710418111213,false,עוגיות חמאה ברינק ספריטס הולנדי 400 גרם,,,עוגיות חמאה ברינק ספ,גרמים,400.00,100 גרם,false,1,11.40,2.85,true,1,
8710428005762,false,תרכובת מזון לתינוקות על בסיס חלבון סויה איזומיל טף שלב 2,אבוט מעבדות רפואיות,ES,סימילאק איזומיל TAF,גרמים,400.00,100 גרם,false,1,44.90,11.23,true,1,
8710447224342,false,"שמפו טרזמה קרטין 400 מ""ל","יוניליוור פולין, רחו",PL,שמפו טרזמה קרטין 400,מיליליטרים,400.00,"100 מ""ל",false,1,19.90,4.98,true,1,
8710448534600,false,"GG רוטב גבינה טבעוני 650 מ""ל",,NL,GG רוטב גבינה טבעוני,מיליליטרים,650.00,"100 מ""ל",false,1,22.90,3.52,true,1,
8710448580089,false,מיונז הולנדי 500 מל לחיץ,,,"מיונז הולנדי 500 מ""ל",גרמים,500.00,100 גרם,false,1,14.60,2.92,true,1,
8710448583561,false,"רוטב לציפס 500 מ""ל",,,"רוטב לציפס 500 מ""ל",מיליליטרים,500.00,"100 מ""ל",false,1,12.90,2.58,true,1,
8710448588733,false,רוטב לסלט שום ועשבי תיבול רמייה 500 גר,,NL,רוטב לסלט שום ועשבי,גרמים,500.00,100 גרם,false,1,13.50,2.70,true,1,
8710448588771,false,"רוטב איטלקי לסלט 500 מ""ל רמייה",,,רוטב איטלקי לסלט 500,מיליליטרים,500.00,"100 מ""ל",false,1,13.50,2.70,true,1,
8710448588788,false,"רוטב קיסר 500 מ""ל רמייה",,NL,"רוטב קיסר 500 מ""ל רמ",מיליליטרים,500.00,"100 מ""ל",false,1,13.50,2.70,true,1,
8710448595175,false,"רוטב מעושן 450 מ""ל BLACEJACK",,,"רוטב מעושן 450 מ""ל B",מיליליטרים,450.00,"100 מ""ל",false,1,18.90,4.20,true,1,
8710448595182,false,"רוטב ברביקיו מעושן דבש 500 מ""ל DALTON",,NL,רוטב ברביקיו מעושן ד,מיליליטרים,500.00,"100 מ""ל",false,1,18.90,3.78,true,1,
8710448634331,false,מיונז ללא ביצים טבעוני רמייה 350 גר,,NL,מיונז ללא ביצים טבעו,גרמים,350.00,100 גרם,false,1,11.90,3.40,true,1,
8710448634669,false,"GG רוטב אנדלוס 650 מ""ל",,NL,GG רוטב אנדלוס 650 מ,מיליליטרים,650.00,"100 מ""ל",false,1,22.90,3.52,true,1,
8710448692744,false,קטשופ קארי רמייה 300 גר,,NL,קטשופ קארי רמייה 300,גרמים,300.00,100 גרם,false,1,9.90,3.30,true,1,
8710488190439,false,כרוב כבוש לבן מובחר 850 גרם,,,כרוב כבוש לבן מובחר,גרמים,850.00,100 גרם,false,1,14.20,1.67,true,1,
8710502064814,false,עוגיות מרבה שוקולד ציפס במרקם רך 175 גר,בנקטבקריי מרבה בי.וי,NL,עוגיות מרבה שוקולד צ,גרמים,175.00,100 גרם,false,1,8.60,4.91,true,1,
8710502139017,false,עוגיות מרבה טריפל שוקולד שוקוצ'יפס 180ג',בנקטבקריי מרבה בי.וי,NL,עוגיות שוקולד מצופות,גרמים,180.00,100 גרם,false,1,8.60,4.78,true,1,
8710502194801,false,עוגיות שוקולד צ'יפס במרקם רך עם פירות יער,בנקטבקריי מרבה בי.וי,NL,מרבה עוגיות שוקולד צ,גרמים,175.00,100 גרם,false,1,8.60,4.91,true,1,
8710502231018,false,מרבה מיני עוגיות שוקולד צ'יפס 175 גרם,"מרבה בע""מ",NL,עוגיות מרבה שוקולד צ,גרמים,175.00,100 גרם,false,1,10.90,6.23,true,1,
8710502279010,false,מרבה עוגיות שוקולד צ'יפס מצופות שוקולד 175 ג',"י.מרבה ישראל בע""מ",NL,עוגיות מרבה שוקולד צ,גרמים,175.00,100 גרם,false,1,8.60,4.91,true,1,
8710502405204,false,מרבה עוגיות שוקוציפס ממולא קרם שוקולד 175ג',קריניציה ויטמינה אס,NL,עוגיות שוק.ציפס ממול,גרמים,175.00,100 גרם,false,1,8.60,4.91,true,1,
8710502470035,false,מרבה פטיסרי עוגיות נוגטלי אגוזים 200 גרם,מרבה,NL,מרבה פטיסרי עוגיות נ,גרמים,200.00,100 גרם,false,1,10.90,5.45,true,1,
8710679158385,false,"ציפס פריטס קלאסי 2.5 ק""ג",,,"ציפס קלאסי 2.5 ק""ג",קילוגרמים,0.00,"ק""ג",false,1,44.90,44.90,true,1,
8710732228918,false,מצית קריקט,,,מצת קריקט,Unknown,0.00,Unknown,false,1,6.70,6.70,true,1,
8710739494897,false,תחנת רוח וופל טוסט 12 יח במארז 250 גר,,,תחנת רוח וופל טוסט 1,גרמים,250.00,100 גרם,false,1,13.90,5.56,true,1,
8710800027573,false,סוכריות מיני מנטוס פירות שקית 178ג',ליימן מותגים,NL,מיני מנטוס שקית 178,גרמים,178.00,100 גרם,false,1,15.60,8.76,true,1,
8710800961310,false,סוכריות מנטוס תות מארז 37.5X4ג',פרפטי ואן מלה ברדה,NL,מנטוס תות 1/4,גרמים,160.00,100 גרם,false,1,11.40,7.13,true,1,
8710812011102,false,ריבת תות שדה ביתית 450 גרם,,,ריבת תות שדה ביתית 4,גרמים,450.00,100 גרם,false,1,12.40,2.76,true,1,
8710812011126,false,ריבת דובדבנים ביתית 450 גרם,,,ריבת דובדבנים ביתית,גרמים,450.00,100 גרם,false,1,12.40,2.76,true,1,
8710908326691,false,תחליב רחצה דאב אדמונית 750 מל,יוניליוור גרמניה (בו,DE,תחליב רחצה דאב אדמו,מיליליטרים,750.00,"100 מ""ל",false,1,19.90,2.65,true,1,
8710908693809,false,"טרזמה מסכה טיפולית עם קרטין 300מ""ל",טרזמה TRESemme,,מסכה טרזמה קרטין 300,מיליליטרים,300.00,"100 מ""ל",false,1,37.90,12.63,true,1,
8711000472040,false,קפסולות קפה אספרסו סלקשיין גייקובס 52 גר,ג'ייקובס Jacobs,FR,קפסולות קפה אספרסו ס,גרמים,52.00,100 גרם,false,1,16.90,32.50,true,1,
8711200425990,false,חמאת בוטנים חלקה 350 גר Calve,יוניקורן פיקלס,NL,חמאת בוטנים חלקה 350,גרמים,350.00,100 גרם,false,1,19.90,5.69,true,1,
8711200426034,false,חמאת בוטנים קראנצי 350 גר Calve,יוניקורן פיקלס,NL,חמאת בוטנים קראנצי 3,גרמים,350.00,100 גרם,false,1,20.80,5.94,true,1,
8711200443789,false,"חרדל גרגרים בבקבוק לחיץ 235 מ""ל",,,חרדל גרגרים בבקבוק ל,מיליליטרים,235.00,"100 מ""ל",false,1,15.90,6.77,true,1,
8711200443802,false,"חרדל דיזון בבקבוק לחיץ 235 מ""ל",,,חרדל דיזון בבקבוק לח,מיליליטרים,235.00,"100 מ""ל",false,1,15.90,6.77,true,1,
8711200558605,false,"רוטב חרדל לחיץ קאלווה 250 מ""ל",,NL,רוטב חרדל לחיץ קאלוו,מיליליטרים,250.00,"100 מ""ל",false,1,16.90,6.76,true,1,
8711281013345,false,חרדל הולנדי מקורי גרגירים 335 גרם,מוסטאד מולן דה האוסמ,,חרדל הולנדי מקורי גר,גרמים,335.00,100 גרם,false,1,14.90,4.45,true,1,
8711327475663,false,פיינט וניל שוקולד לבן 260 ג' מגנום,"מפעל גלידות בווספרם,",HU,מגנום וניל שוקולד,גרמים,302.00,100 גרם,false,1,23.90,7.91,true,1,
8711406000564,false,"בירה לה טראפ דאבל 330 מ""ל",,,בירה לה טראפ דאבל 33,מיליליטרים,330.00,"100 מ""ל",false,1,12.90,3.91,true,1,
8712000051099,false,"שישיית בירה היינקן 0.0% אלכוהול 330 מ""ל",פארייפאבה אגרואינדוס,NL,שישיית בירה היינקן 0,מיליליטרים,1980.00,"100 מ""ל",false,1,29.90,1.51,true,1,
8712092034673,false,גבינה מותכת מעושנת 23% במשקל,,,גבינה מותכת מעושנת 2,Unknown,0.00,"ק""ג",true,0,101.00,101.00,true,1,
8712100739231,false,תה פי.ג'י בשקיות פי,,,תה בשקיות פירמיד,גרמים,125.00,100 גרם,false,1,18.90,15.12,true,1,
8712269152551,false,צלחת 23.5 ROYAL PIP *פיצול 6*,,,צלחת 23.5 ROYAL PIP,קילוגרמים,0.00,"ק""ג",false,1,68.00,68.00,true,1,
8712269152698,false,כוס+תחתית ROYAL PIP *פיצול 6*,,,כוס+תחתית ROYAL PIP,קילוגרמים,0.00,"ק""ג",false,1,100.00,100.00,true,1,
8712400802499,false,תרכובת מזון המשך לפעוטות על בסיס חלב שלב 1,נוטרישיה קאלק ב. ו.,NL,נוטרילון מבית נוטריש,גרמים,800.00,100 גרם,false,1,64.90,8.11,true,1,
8712400802512,false,תרכובת מזון המשך לפעוטות על בסיס חלב שלב 2,נוטרישיה קאלק ב. ו.,NL,נוטרילון מבית נוטריש,גרמים,800.00,100 גרם,false,1,64.90,8.11,true,1,
8712514092342,false,מינק לקריץ הולנדי במילוי מלוח 225 גרם,,NL,מינק לקריץ הולנדי במ,גרמים,225.00,100 גרם,false,1,15.90,7.07,true,1,
8712561611411,false,תחליב רחצה מזין בניחוח מלפפון ותה ירוק,יוניליוור גרמניה (בו,DE,תחליב רחצה דאב תה יר,מיליליטרים,750.00,"100 מ""ל",false,1,19.90,2.65,true,1,
8712561626286,false,"תחליב רחצה דאב זוהר כמשי 750 מ""ל",יוניליוור גרמניה (בו,DE,תחליב רחצה דאב זוהר,מיליליטרים,750.00,"100 מ""ל",false,1,19.90,2.65,true,1,
8713323093483,false,ורוד-גאודה הולנדי פרוס 150 גרם,,NL,ורוד-גאודה הולנדי,גרמים,150.00,100 גרם,false,1,15.60,10.40,true,1,
8713323093490,false,ירוק- אדם הולנדי פרוס 150 גרם,,NL,ירוק- אדם הולנדי פרו,גרמים,150.00,100 גרם,false,1,15.60,10.40,true,1,
8713323093506,false,כחול- מאסדם הולנדי פרוס 150 גרם,,NL,כחול- מאסדם הולנדי פ,גרמים,150.00,100 גרם,false,1,15.60,10.40,true,1,
8713499045156,false,גאודה כמון הולנדית במשקל,,,גאודה כמון הולנדית ב,Unknown,0.00,"ק""ג",true,0,115.00,115.00,true,1,
8713501034406,false,גאודה שום הולנדית במשקל,,,גאודה שום הולנדית,Unknown,0.00,"ק""ג",true,0,121.00,121.00,true,1,
8713505038608,false,גאודה הולנדית פטריות כמהין במשקל,,,גאודה הולנדית פטריות,Unknown,0.00,"ק""ג",true,0,183.00,183.00,true,1,
8713600285983,false,לוק או לוק מגש פיצה 85 גרם,,NL,לוק או לוק מגש פיצה,גרמים,85.00,100 גרם,false,1,19.90,23.41,true,1,
8713600286072,false,לוק או לוק - גומי מגש סושי 100 גרם,,NL,לוק או לוק - גומי מג,Unknown,100.00,Unknown,false,1,20.90,0.21,true,1,
8713600287475,false,לוק או לוק - גומי נודלס 112 גרם,,NL,לוק או לוק - גומי נו,Unknown,112.00,Unknown,false,1,20.90,0.19,true,1,
8713600287499,false,לוק או לוק - גומי טאקו 115 גרם,,NL,לוק או לוק - גומי טא,Unknown,115.00,Unknown,false,1,20.90,0.18,true,1,
8713600637577,false,לוק או לוק זר פרחים 145 גרם,,NL,לוק או לוק זר פרחים,גרמים,145.00,100 גרם,false,1,34.90,24.07,true,1,
8713800119934,false,רד בנד בטעמי פירות 200 גרם,,,רד בנד בטעמי פירות 2,גרמים,200.00,100 גרם,false,1,9.90,4.95,true,1,
8713800121807,false,רד בנד בצורת מפתחות 200 גר,,,רד בנד בצורת מפתחות,גרמים,200.00,100 גרם,false,1,9.90,4.95,true,1,
8714100616963,false,"ליפטון אייס תה מוגז 330 מ""ל",,BE,ליפטון אייס תה מוגז,מיליליטרים,330.00,"100 מ""ל",false,1,5.00,1.52,true,1,
8714200207931,false,ונקו - ממתק לקריץ בטעם דבש 157 גרם,יושלם,,ונקו - ממתק לקריץ בט,גרמים,157.00,100 גרם,false,1,10.20,6.50,true,1,
8714200208051,false,ממתק לקריץ בציפוי דרגה בצורת גיר 156 ג,קלואטה,,ממתק לקריץ בציפוי דר,גרמים,152.00,100 גרם,false,1,10.20,6.71,true,1,
8714443620030,false,מרק ירקות אורגני 200 גרם,תות תעשיות מזון (201,NL,מרק ירקות אורגני 200,גרמים,200.00,100 גרם,false,1,32.50,16.25,true,1,
8714599104316,false,קפה שחור קלוי וטחון טורקי גייקובס 200 גר,ג'ייקובס Jacobs,RU,קפה שחור קלוי וטחון,גרמים,200.00,100 גרם,false,1,15.60,7.80,true,1,
8714599410530,false,גייקובס קרונינג שקית רפיל 200 גרם,גייקובס,UA,גייקובס קרונינג שקית,גרמים,200.00,100 גרם,false,1,19.50,9.75,true,1,
8714599410806,false,קפה נמס ג'ייקובס קרונונג בשקית 160 גרם,ג'ייקובס Jacobs,,קפה גייקובס קרונונג,גרמים,160.00,100 גרם,false,1,19.90,12.44,true,1,
8714599412220,false,גייקובס וולווט קפה נמס מיובש 95 גרם,קראפט,RU,גייקובס וולווט קפה נ,גרמים,95.00,100 גרם,false,1,16.70,17.58,true,1,
8714599412336,false,קפה נמס בריסטה אמריקנו קלוי וטחון 160 ג' ג'ייקובס,ג'ייקובס דאו אגברטס,RU,גיקובס בריסטה אמריקנ,גרמים,160.00,100 גרם,false,1,25.90,16.19,true,1,
8714599513781,false,קפה נמס גולד מיובש בהקפאה 200 ג' ג'ייקובס,אל.אל. סי ג''יקובס ד,RU,גיקובס גולד מיובש בה,גרמים,200.00,100 גרם,false,1,24.90,12.45,true,1,
8714599513835,false,קפה ג'יקובס נטול קופאין מיובש בהקפאה 200 ג',ג'ייקובס Jacobs,RU,קפה גיקובס קרונונג נ,גרמים,200.00,100 גרם,false,1,34.90,17.45,true,1,
8714599513866,false,"ג'ייקובס קרוננג מיובש בהקפאה כשל""פ 200 ג'",אל.אל.סי גייקובס דאו,DE,גיקובס קרונונג מיובש,גרמים,200.00,100 גרם,false,1,24.90,12.45,true,1,
8714789177229,false,מברשת שיניים אקסטרה קלין מדיום - מארז רביעיה,הנסיך- מפעל לייצור ט,CN,רביעיית מברשות שיניי,Unknown,0.00,Unknown,false,1,9.90,9.90,true,1,
8714789450315,false,פלמוליב נוזל כלים לימון 1.5 ליטר,הנסיך- מפעל לייצור ט,GR,פלמוליב נוזל כלים לי,ליטרים,0.00,ליטר,false,1,17.70,17.70,true,1,
8714789930848,false,"משחת שיניים אופטיק וויט אינסטנט 75 מ""ל קולגייט",הנסיך- מפעל לייצור ט,PL,קולגייט משחת אופטיק,Unknown,0.00,Unknown,false,1,19.90,19.90,true,1,
8714793686557,false,פותחן בירה וקובין,,,פותחן בירה וקובין,Unknown,0.00,Unknown,false,1,19.00,19.00,true,1,
8714800011426,false,משקה מאלט בוואריה 0% אורגינל 500 מל,,NL,משקה מאלט בוואריה 0%,מיליליטרים,500.00,"100 מ""ל",false,1,5.50,1.10,true,1,
8714800014182,false,"בירה 8.6 רד 500 מ""ל פחית",,,"בירה 8.6 רד 500 מ""ל",מיליליטרים,500.00,"100 מ""ל",false,1,8.50,1.70,true,1,
8714800017480,false,"בוואריה בטעם תפוח 330 מ""ל מארז שישייה",,,שישיית בווריה 0% אלכ,מיליליטרים,1980.00,"100 מ""ל",false,1,29.90,1.51,true,1,
8714800017602,false,"משקה מאלט בוואריה 0%, תפוח 500 מ""ל",,NL,משקה מאלט בוואריה 0%,מיליליטרים,500.00,"100 מ""ל",false,1,5.50,1.10,true,1,
8714800021395,false,"בירה 8.6 גולד 500 מ""ל פחית",,,"בירה 8.6 גולד 500 מ""",מיליליטרים,500.00,"100 מ""ל",false,1,8.50,1.70,true,1,
8714800023399,false,שישיית בווריה 0% אלכוהול אורגינל 330 מל,,,שישיית בווריה 0% אלכ,מיליליטרים,1980.00,"100 מ""ל",false,1,29.90,1.51,true,1,
8714800025898,false,"בירה 8.6 בלק חזקה 500 מ""ל פחית",,,בירה 8.6 בלק חזקה 50,מיליליטרים,500.00,"100 מ""ל",false,1,8.50,1.70,true,1,
8714800041645,false,"בירה 8.6 אקסטרים חזקה מאוד 500 מ""ל פחית",,,בירה 8.6 אקסטרים חזק,מיליליטרים,500.00,"100 מ""ל",false,1,8.50,1.70,true,1,
8714800043182,false,"בירה 8.6 איי.פי.אל 500 מ""ל פחית",,,בירה 8.6 איי.פי.אל,מיליליטרים,500.00,"100 מ""ל",false,1,8.50,1.70,true,1,
8715675121012,false,דרוסטה שוקולד חלב (כחול) 85 גרם,דרוסטה,NL,דרוסטה שוקולד חלב (כ,גרמים,85.00,100 גרם,false,1,8.90,10.47,true,1,
8715675121029,false,דרוסטה שוקולד מריר (אדום) 85 גרם,דרוסטה,NL,דרוסטה שוקולד מריר (,גרמים,85.00,100 גרם,false,1,8.90,10.47,true,1,
8715675121036,false,דרוסטה שוקולד חלב מריר (ורוד) 85 גרם,דרוסטה,NL,דרוסטה שוקולד חלב,גרמים,85.00,100 גרם,false,1,8.90,10.47,true,1,
8715675121043,false,דרוסטה - שוקולד חלב ושוקולד לבן 85 גרם,דרוסטה,NL,דרוסטה שוקולד חלב לב,גרמים,85.00,100 גרם,false,1,8.90,10.47,true,1,
8715675121050,false,דרוסטה ש.מריר אקסטרה קקאו (סגול) 80 גרם,,NL,דרוסטה ש.מריר אקסטרה,גרמים,80.00,100 גרם,false,1,8.90,11.13,true,1,
8715675121074,false,דרוסטה שוקולד חלב תפוז (כתום) 85 גרם,,NL,דרוסטה שוקולד חלב תפ,גרמים,85.00,100 גרם,false,1,8.90,10.47,true,1,
8715675121081,false,דרוסטה שוקולד מריר מנטה (ירוק) 85 גרם,דרוסטה,NL,דרוסטה שוקולד מריר מ,גרמים,85.00,100 גרם,false,1,8.90,10.47,true,1,
8715675121098,false,דרוסטה שוקולד חלב קרמל ומלח ים 85 גר,דרוסטה,NL,דרוסטה שוקולד חלב קר,גרמים,85.00,100 גרם,false,1,8.90,10.47,true,1,
8715700110141,false,מיונז קרמי היינץ צנצנת 460ג',ה.י.היינץ הולדינג בי,NL,מיונז בצנצנת היינץ 4,גרמים,460.00,100 גרם,false,1,11.90,2.59,true,1,
8715700110158,false,מיונז לייט בצנצנת היינץ 490 גרם,ה.י.היינץ הולדינג בי,NL,מיונז לייט בצנצנת הי,גרמים,490.00,100 גרם,false,1,11.90,2.43,true,1,
8715700115849,false,היינץ מתבל עגבניות 1,היינץ,US,"מתבל עגבניות 1.35 ק""",קילוגרמים,0.00,"ק""ג",false,1,21.90,21.90,true,1,
8715700117805,false,"קטשופ היינץ מתבל עגבניות ללא תוספת סוכר ומלח 425 מ""ל",ה.י היינץ הולדינג בי,NL,"מתבל עגבניות ללת""ס ו",מיליליטרים,425.00,"100 מ""ל",false,1,10.90,2.56,true,1,
8715700120874,false,מתבל עגבניות היינץ בתוספת שום,היינץ Heinz,NL,קטשופ שום היינץ 460,גרמים,460.00,100 גרם,false,1,10.40,2.26,true,1,
8715700416021,false,ממרח סנדויץ מלפפונים 300 גרם,,NL,ממרח סנדויץ מלפפונים,גרמים,300.00,100 גרם,false,1,16.60,5.53,true,1,
8715700419695,false,רוטב ברביקיו מתוק 500 גרם,היינץ Heinz,,רוטב ברביקיו מתוק 50,גרמים,500.00,100 גרם,false,1,17.90,3.58,true,1,
8715700419732,false,מתבל עגבניות היינץ 7,ה.י. היינץ,NL,מתבל היינץ 700 גרם,גרמים,700.00,100 גרם,false,1,11.90,1.70,true,1,
8715700421032,false,ממרח סנדויץ טבעי 300 גרם,,,ממרח סנדויץ טבעי 300,גרמים,300.00,100 גרם,false,1,17.70,5.90,true,1,
8715700422473,false,ממרח מיונז ללא חומרים משמרים 395 ג' היינץ,ה.י. היינץ,NL,מיונז לחיץ היינץ 395,גרמים,395.00,100 גרם,false,1,14.90,3.77,true,1,
8715700423906,false,קטשופ מתובל עגבניות 50% פחות סוכר 555ג' היינץ,היינץ צפון אמריקה מק,NL,מתבל עגבניות מופחת נ,גרמים,555.00,100 גרם,false,1,11.50,2.07,true,1,
8716448119380,false,מאגדת גלידה ונקו ליקריץ גיר שמינייה 240,,FR,מאגדת גלידה ונקו ליק,גרמים,240.00,100 גרם,false,1,26.90,11.21,true,1,
8716605000742,false,גבינה מעושנת 200 גרם,,,גבינה מעושנת 200 גרם,גרמים,200.00,100 גרם,false,1,26.50,13.25,true,1,
8716605000995,false,גבינה מסדאם הולנדית במשקל,,,גבינה מסדאם הולנדית,Unknown,0.00,"ק""ג",true,0,80.00,80.00,true,1,
8716605001022,false,גבינת דניש בלו 100 גר,,,גבינת דניש בלו 100 ג,גרמים,100.00,100 גרם,false,1,14.20,14.20,true,1,
8716695356408,false,מלפפון שלם חמוץ מתוק 380 גרם,,,מלפפון שלם חמוץ מתוק,גרמים,380.00,100 גרם,false,1,16.40,4.32,true,1,
8716695413873,false,רסק תפוח עץ 720 גרם,,,רסק תפוח עץ 720 גרם,גרמים,720.00,100 גרם,false,1,11.90,1.65,true,1,
8717163630105,false,"שמפו טרזמה להחלקה וצביעה 400 מ""ל",,IT,שמפו טרזמה להחלקה וצ,מיליליטרים,400.00,"100 מ""ל",false,1,24.90,6.23,true,1,
8717163647226,false,"דאו אקס ספריי גוף לגבר בלאק 150 מ""ל",ארנסט. רחוב קומבינצק,TR,דאו אקס ספריי גוף לג,מיליליטרים,150.00,"100 מ""ל",false,1,19.80,13.20,true,1,
8717163647240,false,"אקס דאודורנט ספריי גוף לגבר שוקולד 150 מ""ל",יוניליוור גרמניה (בו,TR,דאו אקס ספריי גוף לג,מיליליטרים,150.00,"100 מ""ל",false,1,19.80,13.20,true,1,
8717163647257,false,"דאו אקס ספריי גוף לגבר גולד 150 מ""ל",,GB,דאו אקס ספריי גוף לג,מיליליטרים,150.00,"100 מ""ל",false,1,19.80,13.20,true,1,
8717163647264,false,"דאו אקס ספרי גוף לגבר אייס ציל 150 מ""ל",,GB,דאו אקס ספרי גוף לגב,מיליליטרים,150.00,"100 מ""ל",false,1,19.80,13.20,true,1,
8717163711668,false,"דאודורנט רקסונה ספריי טלק 150 מ""ל",יוניליוור,IL,דאו רקסונה ספריי טלק,מיליליטרים,150.00,"100 מ""ל",false,1,20.90,13.93,true,1,
8717163714850,false,"דאב - דאודורנט ספריי לאישה קוקוס ויסמין 150 מ""ל",יונילוור ארגנטינה -,GB,דאו דאב ספריי קוקוס,מיליליטרים,150.00,"100 מ""ל",false,1,17.70,11.80,true,1,
8717163947692,false,"אקס ג'ל רחצה לגבר פרש ברגמוט ופינק פפר 400 מ""ל","יוניליוור גרמניה, רח",DE,גל רחצה אקס פינק פפר,מיליליטרים,400.00,"100 מ""ל",false,1,10.90,2.73,true,1,
8717472073112,false,חטיף חלבון שוקולד לבן 55 גרם,,,חטיף חלבון שוקולד לב,גרמים,55.00,100 גרם,false,1,17.90,32.55,true,1,
8717472073136,false,חטיף חלבון עוגת גבינה ברבריאן 55 גרם,,HR,חטיף חלבון עוגת גבינ,גרמים,55.00,100 גרם,false,1,15.90,28.91,true,1,
8717677333936,false,טוני שוקולונלי שוקולד חלב נוגט 180 גרם,,NL,טוני שוקולונלי שוקול,מיליליטרים,180.00,"100 מ""ל",false,1,20.90,11.61,true,1,
8717677334094,false,טוני שוקולונלי שוקולד חלב 180 גרם,,NL,טוני שוקולונלי שוקול,מיליליטרים,180.00,"100 מ""ל",false,1,20.90,11.61,true,1,
8717677334117,false,טוני שוקולונלי שוקולד מריר 70% 180 גרם,,NL,טוני שוקולונלי שוקול,מיליליטרים,180.00,"100 מ""ל",false,1,20.90,11.61,true,1,
8717677334667,false,טוני שוקולונלי שוקולד חלב קרמל מלח 180 ג,,NL,טוני שוקולונלי שוקול,מיליליטרים,180.00,"100 מ""ל",false,1,20.90,11.61,true,1,
8717677336722,false,טוני שוקולונלי ש.מריר שקדים ומלח ים 180ג,,NL,טוני שוקולונלי ש.מרי,מיליליטרים,180.00,"100 מ""ל",false,1,20.90,11.61,true,1,
8717677337828,false,טוני שוקולונלי ש.לבן פטל וסוכריות 180 גר,,NL,טוני שוקולונלי ש.לבן,מיליליטרים,180.00,"100 מ""ל",false,1,20.90,11.61,true,1,
8717677337842,false,טוני שוקולונלי שוקולד לבן 180 גרם,,NL,טוני שוקולונלי שוקול,מיליליטרים,180.00,"100 מ""ל",false,1,20.90,11.61,true,1,
8717824019461,false,סטודיו חמאון אדום,,,סטודיו חמאון אדום,Unknown,0.00,Unknown,false,1,49.90,49.90,true,1,
8717928163268,false,מוצר פופ,,,מוצר פופ,Unknown,0.00,Unknown,false,1,21.90,21.90,true,1,
8718114734484,false,מיונז מיילי 320 גרם,בונגראן,FR,מיונז מייל 320 גרם,גרמים,320.00,100 גרם,false,1,15.90,4.97,true,1,
8718692610828,false,בקבוקים צבעוניים סודה סטרים 1 ל' * 3 יח',סודהסטרים sodastream,IL,שלישיית בקבוקים 1 לי,Unknown,0.00,Unknown,false,1,61.60,61.60,true,1,
8718700495515,false,גבינת צ'דר פרוס 150ג',,NL,צדר פרוס 150 גרם,גרמים,150.00,100 גרם,false,0,8.30,5.53,true,1,
8718700495522,false,גבינת גאודה פרוס 150ג',,NL,גאודה פרוס 150 גרם,גרמים,150.00,100 גרם,false,0,8.30,5.53,true,1,
8718700495539,false,גבינת אמנטל פרוס 150ג',,NL,אמנטל פרוס 150 גרם,גרמים,150.00,100 גרם,false,0,8.30,5.53,true,1,
8718800004549,false,מטבעות שוקולד חלב 25 גרם,,GB,מטבעות שוקולד חלב 25,גרמים,25.00,100 גרם,false,1,2.90,11.60,true,1,
8718924040935,false,אספרסו צהוב 150 DFL,,,אספרסו צהוב 150 DFL,Unknown,0.00,Unknown,false,1,27.90,27.90,true,1,
8718924041024,false,אספרסו אדום 150 DFL,,,אספרסו אדום 150 DFL,Unknown,0.00,Unknown,false,1,27.90,27.90,true,1,
8718951001589,false,"אגקס ספריי מסיר שומנים במטבח 600 מ""ל",הנסיך- מפעל לייצור ט,GR,אגקס ספריי מסיר שומנ,מיליליטרים,600.00,"100 מ""ל",false,1,15.90,2.65,true,1,
8718951001602,false,"אגקס ספריי רב פעולות 600 מ""ל",הנסיך- מפעל לייצור ט,GR,אגקס ספריי רב פעולות,מיליליטרים,600.00,"100 מ""ל",false,1,15.90,2.65,true,1,
8718951030169,false,משחת שיניים Sensifoam לשיניים רגישות ולהלבנה,קולגייט Colgate,PL,מש.שיניים קולגייט סנ,מיליליטרים,75.00,"100 מ""ל",false,1,20.90,27.87,true,1,
8718951030206,false,"קולגייט סנסיטיב מולטי פרוטקשן משחת שיניים 75 מ""ל",קולגייט-פלמוליב,PL,מש.שיניים קולגייט,מיליליטרים,75.00,"100 מ""ל",false,1,20.90,27.87,true,1,
8718951031241,false,"אלמקס משחת שיניים הגנה מקצועית 75 מ""ל",CP-Poland swidnica,PL,אלמקס משחת שיניים הג,Unknown,0.00,Unknown,false,1,21.90,21.90,true,1,
8718951048669,false,אג'קס ספריי לניקוי חלונות בניחוח חגיגת הפרחים,Colgate - Greece,GR,ניקוי חלונות אגקס פר,מיליליטרים,750.00,"100 מ""ל",false,1,16.90,2.25,true,1,
8718951160897,false,ספריי אקונומיקה עוצמת ה7 טריגר אגקס 500מ,קולגייט פלמוליב,GR,ספריי אגקס אקונומיקה,מיליליטרים,500.00,"100 מ""ל",false,1,15.90,3.18,true,1,
8718951166288,false,"משחת שיניים קולגייט מקס וייט 125 מ""ל",הנסיך- מפעל לייצור ט,PL,משחת שיניים קולגייט,מיליליטרים,125.00,"100 מ""ל",false,1,17.90,14.32,true,1,
8718951167094,false,נוזל כלים פלמוליב צילינדר תפוז וליים 1 ל,יבואן ומשווק: ש. שסט,GR,נוזל כלים פלמוליב,מיליליטרים,1000.00,"100 מ""ל",false,1,15.60,1.56,true,1,
8718951176874,false,"קולגייט מי פה מיניון 250 מ""ל",קולגייט-פלמוליב,PL,קולגייט מי פה מיניון,Unknown,0.00,Unknown,false,1,14.90,14.90,true,1,
8718951236790,false,"קולגייט טוטאל משחת שיניים קלין מינט לפה בריא 100 מ""ל",קולגייט Colgate,PL,מש.שיניים קולגייט טו,מיליליטרים,100.00,"100 מ""ל",false,1,15.90,15.90,true,1,
8718951236806,false,"קולגייט טוטאל הלבנה להסרת כתמים מהשן 100 מ""ל",קולגייט Colgate,PL,קולגייט טוטל הלבנה,מיליליטרים,100.00,"100 מ""ל",false,1,15.90,15.90,true,1,
8718951236813,false,"קולגייט טוטאל משחת שיניים ניקוי מתקדם לפה בריא יותר 100 מ""ל",קולגייט Colgate,PL,מש.שיניים קולגייט טו,מיליליטרים,100.00,"100 מ""ל",false,1,15.90,15.90,true,1,
8718951264618,false,"קולגייט אופטיק וייט פחם צ'רקול משחת שיניים, 75 מ""ל",קולגייט-פלמוליב,PL,משחת שיניים קולגייט,מיליליטרים,75.00,"100 מ""ל",false,1,24.90,33.20,true,1,
8718951265103,false,מברשת שיניים קולגייט אולטרה סופט זוג,קולגייט פלמוליב,CN,מברשת שיניים קולגייט,Unknown,0.00,Unknown,false,1,41.90,41.90,true,1,
8718951290150,false,מי פה לחניכיים Gum Invigorate רעננות וטיהור החניכיים קולגייט 360ג',קולגייט,PL,קולגייט מי לחניכיים,מיליליטרים,500.00,"100 מ""ל",false,1,32.90,6.58,true,1,
8718951313927,false,"פלמוליב סבון ידיים חימר ואקליפטוס 300 מ""ל",פלמוליב Palmolive,TR,סבון ידיים פלמוליב ח,מיליליטרים,300.00,"100 מ""ל",false,1,11.40,3.80,true,1,
8718951315303,false,משחת שיניים קולגייט הגנה מקסימלית - מארז זוג,קולגייט-פלמוליב,PL,מארז משחת שיניים קול,מיליליטרים,200.00,"100 מ""ל",false,1,20.90,10.45,true,1,
8718951319806,false,"פלמוליב לגבר ג'ל רחצה ושמפו מרענן 750 מ""ל",פלמוליב Palmolive,TR,גל רחצה ושמפו פלמולי,מיליליטרים,750.00,"100 מ""ל",false,1,19.90,2.65,true,1,
8718951334090,false,"סופלין מרכך כביסה מרוכז כחול 650 מ""ל",סופלין Soupline,GR,מרכך כביסה סופלין מר,מיליליטרים,650.00,"100 מ""ל",false,1,11.90,1.83,true,1,
8718951338128,false,"ליידי ספיד סטיק רול און שאוור פרש 50 מ""ל",Colgate - USA,US,ליידי ספיד סטיק רול,מיליליטרים,50.00,"100 מ""ל",false,1,15.90,31.80,true,1,
8718951345119,false,נוזל לניקוי רצפות וכללי היביסקוס 2 ליטר,הנסיך- מפעל לייצור ט,GR,אגקס ניקוי כללי עוצמ,ליטרים,0.00,ליטר,false,1,26.50,26.50,true,1,
8718951354807,false,נוזל רצפות אגקס חגיגת הפרחים יסמין 1.5 ל,אג'קס Ajax,GR,נוזל רצפות אגקס חגיג,ליטרים,0.00,ליטר,false,1,22.90,22.90,true,1,
8718951381292,false,"משחת שיניים מקס דיטוקס פואם קולגייט 125 מ""ל",קולגייט Colgate,PL,משחת שיניים קולגייט,מיליליטרים,125.00,"100 מ""ל",false,1,20.90,16.72,true,1,
8718951382640,false,"פלמוליב ג'ל רחצה חימר דיטוקס 750 מ""ל",CP UK,TR,גל רחצה פלמוליב חימר,מיליליטרים,750.00,"100 מ""ל",false,1,19.90,2.65,true,1,
8718951382664,false,"פלמוליב ג'ל רחצה חימר טונוס 750 מ""ל",,TR,גל רחצה פלמוליב חימר,מיליליטרים,750.00,"100 מ""ל",false,1,19.90,2.65,true,1,
8718951385290,false,אגקס ניקוי כללי עוצמת ה7 כחול 2 ליטר,קולגייט פלמוליב,GR,אגקס ניקוי כללי עוצמ,ליטרים,0.00,ליטר,false,1,26.50,26.50,true,1,
8718951409798,false,זוג מברשות שיניים מקס וויט פחם קולגייט,הנסיך- מפעל לייצור ט,CN,מברשת שיניים קולגייט,Unknown,0.00,Unknown,false,1,22.90,22.90,true,1,
8718951412378,false,משחת שיניים לחניכיים רגישות ולנשימה רעננה,קולגייט פלמוליב,PL,מרידול משחת שיניים נ,Unknown,0.00,Unknown,false,1,27.90,27.90,true,1,
8718951431614,false,"סבון רחצה סו פירם מינרלים 750 מ""ל פלמוליב",קולגייט פלמוליב,IL,פלמוליב סבון נוזלי ס,מיליליטרים,750.00,"100 מ""ל",false,1,19.90,2.65,true,1,
8718951470323,false,קולגייט מברשת שיניים סופט פואם פחם זוג,קולגייט Colgate,CN,קולגייט מברשת שיניים,Unknown,0.00,Unknown,false,1,39.90,39.90,true,1,
8718951509627,false,"משחת שיניים אופטיק וויט לאוהבי קפה 75 מ""ל קולגייט",קולגייט פלמוליב,PL,קולגייט אופטיק וויט,מיליליטרים,75.00,"100 מ""ל",false,1,24.90,33.20,true,1,
8719128110332,false,"סירופ סודה סטרים אנרגיה 500 מ""ל",סודהסטרים sodastream,IL,סירופ סודה סטרים אנר,מיליליטרים,5000.00,"100 מ""ל",false,1,22.90,0.46,true,1,
8719128110349,false,"סירופ פטל פירות יער סודה, 500 מ""ל",סודהסטרים sodastream,IL,סירופ סודה סטרים פיר,מיליליטרים,5000.00,"100 מ""ל",false,1,22.90,0.46,true,1,
8719128110363,false,סירופ סודה סטרים אשכולית אדומה 0.5 ל,סודה סטרים,IL,סירופ סודה סטרים אשכ,מיליליטרים,5000.00,"100 מ""ל",false,1,22.90,0.46,true,1,
8719128110387,false,סירופ סודה סטרים דיאט אשכולית אדומה 0.5ל,סודה סטרים,IL,סירופ סודה סטרים דיא,מיליליטרים,5000.00,"100 מ""ל",false,1,22.90,0.46,true,1,
8719128117232,false,"סירופ פפסי 440 מ""ל סודהסטרים",סודה סטרים,IL,"סירופ פפסי 440 מ""ל",מיליליטרים,440.00,"100 מ""ל",false,1,22.90,5.20,true,1,
8719128117249,false,"סירופ פפסי מקס 440 מ""ל סודהסטרים",סודה סטרים,IL,סירופ פפסי מקס,מיליליטרים,440.00,"100 מ""ל",false,1,22.90,5.20,true,1,
8719128117263,false,"סירופ מירנדה 440 מ""ל סודהסטרים",סודה סטרים,IL,סירופ מירינדה,מיליליטרים,440.00,"100 מ""ל",false,1,22.90,5.20,true,1,
8719128117294,false,"סירופ דייט סבן אפ 440 מ""ל סודהסטרים",סודה סטרים,IL,סירופ דיאט סבן אפ,מיליליטרים,440.00,"100 מ""ל",false,1,22.90,5.20,true,1,
8719200998001,false,מרגרינה לאפיה ובישול בלי מלח 200 ג' בלו בנד,מיוצר עי קונדיטוריית,IL,בלובנד בלי מלח 200 ג,גרמים,200.00,100 גרם,false,1,5.10,2.55,true,1,
8719200998018,false,מחמאה מרגרינה בטעם חמאה 200 ג' בלו בנד,פארייפאבה אגרואינדוס,IL,מחמאה מרגרינה,גרמים,200.00,100 גרם,false,1,5.40,2.70,true,1,
8719200998049,false,מרגרינה מזולה בטעם טבעי,פארייפאבה אגרואינדוס,IL,מזולה בטעם טבעי 250,גרמים,250.00,100 גרם,false,1,10.00,4.00,true,1,
8719200998100,false,מרגרינה בטעם חמאה לאפייה 200 ג' מזולה,פארייפאבה אגרואינדוס,IL,מזולה אפייה בטעם חמא,גרמים,200.00,100 גרם,false,1,6.80,3.40,true,1,
8719325897630,false,גוי קו ביסקוויט עם קציפה בטעם וניל 225,,,גוי קו ביסקוויט עם ק,גרמים,225.00,100 גרם,false,1,10.90,4.84,true,1,
8719956490637,false,טוני שוקולונלי שוקולד ביסקוויט קינמן 180,,NL,טוני שוקולונלי שוקול,מיליליטרים,180.00,"100 מ""ל",false,1,20.90,11.61,true,1,
8719956492068,false,טוני שוקולונלי ש.חלב עוגיות ציפס 180 ג,,,טוני שוקולונלי ש.חלב,מיליליטרים,180.00,"100 מ""ל",false,1,20.90,11.61,true,1,
8719956493140,false,טוני שוקולונלי ש. חלב פקאן ובראוני 180ג,,,טוני שוקולונלי ש. חל,מיליליטרים,180.00,"100 מ""ל",false,1,20.90,11.61,true,1,
8719956496721,false,טוני שוקולונלי שוקולד חלב וופל 180 גר,,,טוני שוקולונלי שוקול,מיליליטרים,180.00,"100 מ""ל",false,1,20.90,11.61,true,1,
8719956496745,false,טוני שוקולונלי שוקולד חלב ביסקוויט 180 ג,,,טוני שוקולונלי שוקול,מיליליטרים,180.00,"100 מ""ל",false,1,20.90,11.61,true,1,
8719992179329,false,גוי גומי חמוץ ציפס 225 גרם,,NL,גוי גומי חמוץ ציפס 2,גרמים,225.00,100 גרם,false,1,9.50,4.22,true,1,
8719992179596,false,גוי&קו קרמבו בציפוי קוקוס 200 גר,,,גוי&קו קרמבו בציפוי,גרמים,200.00,100 גרם,false,1,10.90,5.45,true,1,
8720100012445,false,וופל טוסט בלגי 6 יח 250 גרם בקרסלנד,דה בנקט גרופ,,וופל טוסט בלגי 6 יח,גרמים,250.00,100 גרם,false,1,13.90,5.56,true,1,
8720181043093,false,"דאו אקס ספריי גוף לגבר אפולו 150 מ""ל",,GB,דאו אקס ספריי גוף לג,מיליליטרים,150.00,"100 מ""ל",false,1,19.80,13.20,true,1,
8720181045912,false,"אקס דאודורנט ספריי גוף אפריקה 150 מ""ל",יוניליוור,GB,דאו אקס ספריי גוף אפ,מיליליטרים,150.00,"100 מ""ל",false,1,19.80,13.20,true,1,
8720181046605,false,דאב - דאודורנט ספריי לאישה אורגינל כחול 150מל,יונילוור ארגנטינה -,GB,דאב דאודורנט ספריי א,מיליליטרים,150.00,"100 מ""ל",false,1,17.70,11.80,true,1,
8720181090202,false,תחליב רחצה עם שמן זית דאב 750 מל,יוניליוור גרמניה (בו,DE,תחליב רחצה עם שמן זי,מיליליטרים,750.00,"100 מ""ל",false,1,19.90,2.65,true,1,
8720181123955,false,"אקס - ג'ל רחצה ריצארג קריד 400 מ""ל",יוניליוור גרמניה (בו,DE,גל רחצה אקס רי צארג,מיליליטרים,400.00,"100 מ""ל",false,1,16.30,4.08,true,1,
8720181201332,false,דאב אל סבון מוצק גרגרים 90 גרם *4,,DE,דאב אל סבון מוצק גרג,גרמים,360.00,100 גרם,false,1,12.90,3.58,true,1,
8720182256362,false,שישיית סבון מוצק דאב קלאסי 540 גר',,DE,סבון מוצק דאב קלאסי,גרמים,540.00,100 גרם,false,1,26.90,4.98,true,1,
8720254871806,false,ציקולה פרליני שוקולד קרם אגוזי 91.5 ג,,,ציקולה פרליני שוקולד,גרמים,92.00,100 גרם,false,1,10.50,11.41,true,1,
8721200060107,false,סטרופ וופל 260 גר בקרסלנד,דה בנקט גרופ,,סטרופ וופל 260 גר בק,גרמים,260.00,100 גרם,false,1,15.50,5.96,true,1,
8723400756552,false,מארז סוכריות מנטוס Mentos ריינבואו,פרפטי ואן מלה ברדה,NL,מנטוסRAINBOW 1/4,גרמים,150.00,100 גרם,false,1,11.40,7.60,true,1,
8723400795803,false,מנטוס פאנטה תפוז רביעייה 150 גרם,,,מנטוס פאנטה תפוז רבי,גרמים,150.00,100 גרם,false,1,10.90,7.27,true,1,
8727500033094,false,קקאו הולנדי בלוקר 250 גרם,,,קקאו הולנדי בלוקר 25,גרמים,250.00,100 גרם,false,1,28.90,11.56,true,1,
8801043025256,false,נונגשים ראמאן-נודלס שין חריף בקערה 114ג,,KR,נונגשים ראמאן-נודלס,גרמים,114.00,100 גרם,false,1,17.90,15.70,true,1,
8801043031011,false,נונגשים ראמאן-נודלס שין חריף בכוס 68 ג,,KR,נונגשים ראמאן-נודלס,גרמים,68.00,100 גרם,false,1,11.90,17.50,true,1,
8801043053167,false,נונגשים ראמאן-נודלס שין חריף מאוד 120 גר,,,נונגשים ראמאן-נודלס,גרמים,120.00,100 גרם,false,1,10.90,9.08,true,1,
8801043055628,false,נונגשים ראמאן-נודלס קימצי בקערה 100 ג,,KR,נונגשים ראמאן-נודלס,גרמים,100.00,100 גרם,false,1,15.50,15.50,true,1,
8801043157759,false,נונגשים ראמאן-נודלס צמפונג פירות ים 120ג,,,נונגשים ראמאן-נודלס,גרמים,120.00,100 גרם,false,1,10.90,9.08,true,1,
8801043157773,false,נונגשים ראמאן-נודלס נאוגרי פירות ים 120ג,,,נונגשים ראמאן-נודלס,גרמים,120.00,100 גרם,false,1,10.90,9.08,true,1,
8801055707966,false,קפה טייסטר צו'יס נס קפה בריסטה 180ג',נסטלה קוריאה - קפה,IL,נסקפה טייסטרס צויס ב,גרמים,180.00,100 גרם,false,1,28.90,16.06,true,1,
8801055709427,false,נסקפה טייסטרס צויס אלטה ריקה 100 גר,נסטלה קוריאה - קפה,KR,נסקפה טייסטרס צויס א,גרמים,100.00,100 גרם,false,1,23.90,23.90,true,1,
8801055709458,false,אבקה להכנת משקה קפה בטעם קפוצ'ינו קרמל,נסקפה Nescafe,KR,נסקפה קפוצינו קרמל,גרמים,170.00,100 גרם,false,1,18.90,11.12,true,1,
8801055709465,false,אבקה להכנת משקה קפה בטעם קפוצ'ינו וניל,לוטה נסטלה קוריאה,DE,נסקפה קפוצינו וניל,גרמים,185.00,100 גרם,false,1,18.90,10.22,true,1,
8801055709472,false,נסטלה - נסקפה קפוצ'ינו קלאסי 12.50 גרם * 10,לוטה נסטלה קוריאה,DE,נסקפה קפוצינו קלאסי,גרמים,125.00,100 גרם,false,1,18.90,15.12,true,1,
8801055709489,false,אבקה להכנת משקה קפה בטעם קפוצ'ינו אגוזים,נסקפה Nescafe,KR,נסקפה קפוצינו אגוזים,גרמים,180.00,100 גרם,false,1,18.90,10.50,true,1,
8801055709526,false,אבקה להכנת משקה קפה בטעם קפוצ'ינו שוקולד לבן,נסקפה Nescafe,KR,נסקפה קפוצינו שוקולד,גרמים,180.00,100 גרם,false,1,18.90,10.50,true,1,
8801085020301,false,אטריות נאמה אודון 200 גרם,,,אטריות נאמה אודון 20,גרמים,200.00,100 גרם,false,1,10.00,5.00,true,1,
8850161161247,false,מי קוקוס קוקו מקס 1 ליטר,קוקו מקס Cocomax,TH,מי קוקוס קוקו מקס 1,מיליליטרים,1000.00,"100 מ""ל",false,1,15.60,1.56,true,1,
8850161166204,false,"קרם קוקוס 17-19% 500 מ""ל - AMPAWA",אמפווה קוקונט פרודקט,TH,"קרם קוקוס 500 מ""ל",מיליליטרים,500.00,"100 מ""ל",false,1,10.90,2.18,true,1,
8850161167089,false,חלב קוקוס קוקו וואי 1 ליטר,קוקו וואי Cocoway,TH,חלב קוקוס קוקו וואי,מיליליטרים,1000.00,"100 מ""ל",false,1,15.60,1.56,true,1,
8850180040028,false,קמח טמפורה להכנת בלי,קרנחם אוטאי פחרה,TH,טמפורה 500 גרם GOGI,גרמים,500.00,100 גרם,false,1,11.40,2.28,true,1,
8850206250592,false,רוטב צ'ילי סריראצ'ה 540 גרם (מזרח ומערב),יאן וואל יון קו.לטד,TH,רוטב צ`ילי סיראצ`ה 5,גרמים,540.00,100 גרם,false,1,17.90,3.31,true,1,
8850367992171,false,קרם קוקוס 1 ליטר 20-22% ללא חומר משמר,טאפאדונגפורן קוקינט,TH,קרם קוקוס 1 ליטר,מיליליטרים,1000.00,"100 מ""ל",false,1,24.90,2.49,true,1,
8850367994786,false,מחית קארי אדומה 50 גרם,טאפאדונגפורן קוקינט,TH,מחית קארי אדומה 50 ג,גרמים,50.00,100 גרם,false,1,5.90,11.80,true,1,
8850367994793,false,מחית קארי צהובה 50 גרם,,,מחית קארי צהובה 50 ג,גרמים,50.00,100 גרם,false,1,5.90,11.80,true,1,
8850389103111,false,"משקה קל סאפה בטעם ענבים 300 מ""ל",סאפה פובליק קומפני ל,TH,משקה קל סאפה בטעם ענ,מיליליטרים,300.00,"100 מ""ל",false,1,8.90,2.97,true,1,
8850389103159,false,"משקה ליצ'י עם חתיכות גלי קוקוס 320 מ""ל מוגו מוגו",סאפה פובליק קומפני ל,TH,מוגו מוגו ליצי עם חת,מיליליטרים,320.00,"100 מ""ל",false,1,8.20,2.56,true,1,
8850389104637,false,"משקה קל סאפה אלוורה אפרסק 300 מ""ל",סאפה פובליק קומפני ל,TH,משקה קל סאפה אלוורה,מיליליטרים,300.00,"100 מ""ל",false,1,8.90,2.97,true,1,
8850389105825,false,סאפה אלוורה ענבים 1 ליטר,סאפה פובליק קומפני ל,TH,סאפה אלוורה ענבים 1,מיליליטרים,1000.00,"100 מ""ל",false,1,14.90,1.49,true,1,
8850389105832,false,סאפה אלוורה תפוחים 1 ליטר,סאפה פובליק קומפני ל,TH,סאפה אלוורה תפוחים 1,מיליליטרים,1000.00,"100 מ""ל",false,1,14.90,1.49,true,1,
8850389105849,false,סאפה אלוורה אפרסק 1 ליטר,סאפה פובליק קומפני ל,TH,סאפה אלוורה אפרסק 1,מיליליטרים,1000.00,"100 מ""ל",false,1,14.90,1.49,true,1,
8850389111352,false,"משקה מלון עם חתיכות גלי קוקוס 320 מ""ל מוגו מוגו",סאפה פובליק קומפני ל,TH,מוגו מוגו מלון עם חת,מיליליטרים,320.00,"100 מ""ל",false,1,8.20,2.56,true,1,
8850389115336,false,סאפה מלון בקבוק תריסר 1ל',סאפה פובליק קומפני ל,TH,סאפה אלוורה מלון 1 ל,מיליליטרים,1000.00,"100 מ""ל",false,1,14.90,1.49,true,1,
8850632604259,false,חיספוסים ממתק בטעם תות שדה בצורת מקלות,ג'נרל קנדי בעמ,TH,מקלות חספוסים יוגטה,גרמים,50.00,100 גרם,false,1,4.80,9.60,true,1,
8850632604266,false,יוגטה מקלות חמוצות בטעם קולה 50 גרם 24 יח',ג'נרל קנדי בעמ,TH,מקלות חספוסים יוגטה,Unknown,0.00,Unknown,false,1,4.80,4.80,true,1,
8850632604372,false,יוגטה מקלות חמוצות שטיח - תות שדה 50 גרם,ג'נרל קנדי בעמ,TH,שטיח חספוסים יוגטה,גרמים,50.00,100 גרם,false,1,4.80,9.60,true,1,
8850632604402,false,יוגטה מקלות חמוצות שטיח בטעם מעורב24 יח',"ג'נרל קנדי בע""מ",TH,שטיח חספוסים יוגטה,גרמים,50.00,100 גרם,false,1,4.80,9.60,true,1,
8850632605201,false,חיספוסים ממתק בטעמי פירות בצורת שטיח,הדקלאים אגודת שיתופי,TR,שטיח חספוסים יוגטה,גרמים,50.00,100 גרם,false,1,4.80,9.60,true,1,
8850632606390,false,חיספוסים ממתק חמוץ בטעם אבטיח בצורת שטיח,ג'נרל קנדי בעמ,TH,שטיח חספוסים יוגטה,גרמים,50.00,100 גרם,false,1,4.80,9.60,true,1,
8851613101378,false,"נוזל קוקוס ארוי די 250 מ""ל",כלורוקס אוקלנד,TH,נוזל קוקוס,מיליליטרים,250.00,"100 מ""ל",false,1,10.40,4.16,true,1,
8851613101385,false,"חלב קוקוס ארוי-די קרטון 500מ""ל",תאי אגרי פוד פובליק,TH,"חלב קוקוס 500 מ""ל",מיליליטרים,500.00,"100 מ""ל",false,1,12.90,2.58,true,1,
8852511010076,false,"מיונז יפני 520 מ""ל KEWPIE",,,"מיונז יפני 520 מ""ל K",מיליליטרים,520.00,"100 מ""ל",false,1,64.90,12.48,true,1,
8852633520408,false,סוכר דקלים 400 גרם SUP,,,סוכר דקלים 400 גרם,גרמים,400.00,100 גרם,false,1,18.70,4.68,true,1,
8853662004020,false,"רוטב צילי מתוק 725 מ""ל EXOTIC",,,רוטב צילי מתוק 725 מ,מיליליטרים,725.00,"100 מ""ל",false,1,16.20,2.23,true,1,
8853662057095,false,מחית קארי אדום 400 גרם,,TH,מחית קארי אדום 400 ג,גרמים,400.00,100 גרם,false,1,16.90,4.23,true,1,
8853662060200,false,"רוטב צילי מתוק מיו 455 מ""ל",,TH,רוטב צילי מתוק מיו 4,מיליליטרים,455.00,"100 מ""ל",false,1,29.50,6.48,true,1,
8854404000225,false,מחית קארי צהוב 70 גר' B.E,,TH,מחית קארי צהוב 70 גר,גרמים,70.00,100 גרם,false,1,13.50,19.29,true,1,
8854404000621,false,מחית קארי ירוק 70 גר' B.E,,TH,מחית קארי ירוק 70 גר,גרמים,70.00,100 גרם,false,1,13.50,19.29,true,1,
8854404000829,false,מחית קארי מסמאן 70 גר' B.E,,TH,מחית קארי מסמאן 70 ג,גרמים,70.00,100 גרם,false,1,13.50,19.29,true,1,
8854404005220,false,רוטב קארי אדום 300 גרם,,TH,רוטב קארי אדום 300 ג,גרמים,300.00,100 גרם,false,1,24.90,8.30,true,1,
8854661001843,false,שרימפס בייבי 500 גרם קפוא,,,שרימפס בייבי 500 גרם,גרמים,500.00,100 גרם,false,1,34.50,6.90,true,1,
8854661002055,false,שרימפס 500 גר לא מקולף 31/40,,,שרימפס קפוא לא קלוף,גרמים,500.00,100 גרם,false,1,48.90,9.78,true,1,
8854661002079,false,טבעות קלמרי 500 גר,,VN,קלמרי טבעות 500 גר,גרמים,500.00,100 גרם,false,1,34.90,6.98,true,1,
8854661003212,false,בשר מולים מבושלים 500 גר,,,בשר מולים מבושלים 50,גרמים,500.00,100 גרם,false,1,26.50,5.30,true,1,
8854661003786,false,שרימפס מבושל עם ראש 500 גר,,,שרימפס מבושל עם ראש,גרמים,510.00,100 גרם,false,1,34.50,6.76,true,1,
8854661007012,false,"שרימפס מבושל מקולף 1 ק""ג קפוא",,,שרימפס מבושל מקולף,קילוגרמים,0.00,"ק""ג",false,1,83.50,83.50,true,1,
8854661009726,false,שרימפס טמפורה 300 גר,,,שרימפס טמפורה 300 גר,גרמים,300.00,100 גרם,false,1,35.50,11.83,true,1,
8855301214418,false,סרדינים בשמן צמחי 240 גרם,,LT,סרדינים בשמן צמחי 24,גרמים,240.00,100 גרם,false,1,8.90,3.71,true,1,
8855301214432,false,סרדינים ברוטב עגבניות 240 גרם,,LT,סרדינים ברוטב עגבניו,גרמים,240.00,100 גרם,false,1,7.90,3.29,true,1,
8855301214463,false,שימורי דג מקרל במי מלח 240 גרם,,LT,שימורי דג מקרל במי,גרמים,240.00,100 גרם,false,1,8.90,3.71,true,1,
8857101301008,false,"רוטב צילי מתוק 700 מ""ל",פאן אינטר,TH,רוטב צילי מתוק 700 מ,מיליליטרים,700.00,"100 מ""ל",false,1,12.90,1.84,true,1,
8858271002870,false,"רוטב פאד תאי 250 מ""ל מקסצאפ","ייאן וואל יון בע""מ",TH,"רוטב פאד תאי 250 מ""ל",מיליליטרים,250.00,"100 מ""ל",false,1,11.50,4.60,true,1,
8858271002887,false,רוטב טריאקי 250 מ'ל - מקסצ'אפ,דאנינג יוה פודס קו,TH,"רוטב טרייאקי 250 מ""ל",מיליליטרים,250.00,"100 מ""ל",false,1,11.50,4.60,true,1,
8858271003020,false,רוטב סויה פורמולה 1 - 700 מ'ל מקסצ'אפ,יאן ונזל יון,TH,רוטב סויה פורמולה 1,מיליליטרים,700.00,"100 מ""ל",false,1,16.70,2.39,true,1,
8858271003068,false,"רוטב סויה מתוקה כהה 250 מ""ל מקסצאפ",,,רוטב סויה מתוק כהה,מיליליטרים,250.00,"100 מ""ל",false,1,11.50,4.60,true,1,
8858271003075,false,רוטב סויה מתוקה 700 גרם מקסצאפ,דאנינג יוה פודס קו,TH,רוטב סויה מתוקה 700,מיליליטרים,700.00,"100 מ""ל",false,1,16.90,2.41,true,1,
8858271003136,false,"רוטב פטריות צמחוני 250 מ""ל מקסצאפ",yan wal yun corpara,TH,רוטב פטריות צמחוני 2,מיליליטרים,250.00,"100 מ""ל",false,1,11.50,4.60,true,1,
8858271003938,false,"רוטב קארי ירוק 250 מ""ל מקסצאפ","ייאן וואל יון בע""מ",TH,רוטב קארי ירוק 250 מ,מיליליטרים,250.00,"100 מ""ל",false,1,11.50,4.60,true,1,
8858271004300,false,רוטב טריאקי מקסצאפ 700 מל,דאנינג יוה פודס קו,TH,רוטב טריאקי מקסצאפ 7,מיליליטרים,700.00,"100 מ""ל",false,1,18.90,2.70,true,1,
8858271004799,false,"רוטב צילי מתוק אל פורפסיס 700 מ""ל",יאן ונזל יון,TH,רוטב צילי מתוק אל פו,מיליליטרים,700.00,"100 מ""ל",false,1,13.50,1.93,true,1,
8858271005451,false,רוטב סויה פורמולה 1 - 250 מל מקסצאפ,yan wal yun corpara,TH,רוטב סויה פורמולה 1,מיליליטרים,250.00,"100 מ""ל",false,1,14.60,5.84,true,1,
8858271005772,false,"רוטב סויה ללא גלוטן 300 מ""ל",יאן ונזל יון,TH,רוטב סויה ללא גלוטן,מיליליטרים,300.00,"100 מ""ל",false,1,17.70,5.90,true,1,
8858359000255,false,עלי קפיר ליים יבשים 30 גר (שופרא),,,עלי קפיר ליים יבשים,גרמים,30.00,100 גרם,false,1,12.40,41.33,true,1,
8859103400697,false,דג בברית צנינית צהובה מלוח מיובש 100 גר,,,דג בברית צנינית צהוב,גרמים,100.00,100 גרם,false,1,14.60,14.60,true,1,
8859103400734,false,דג צנינון מלוח מיובש 100 גר,,,דג צנינון מלוח מיובש,גרמים,100.00,100 גרם,false,1,14.60,14.60,true,1,
8859103401199,false,דג ברקודה מלוח מיובש 100 גר,,,דג ברקודה מלוח מיובש,גרמים,100.00,100 גרם,false,1,14.60,14.60,true,1,
8859103401342,false,דג חקליל ארנה 100 גרם,,,דג חקליל ארנה,גרמים,100.00,100 גרם,false,1,15.90,15.90,true,1,
8888021200256,false,סוללות אנרג'יזר MAX AA שמינייה,יצרן: אנרג'ייזר סינג,SG,סוללות אנרגייזר שמי,Unknown,0.00,Unknown,false,1,23.90,23.90,true,1,
8888056700110,false,נודלס אינסטנט טעם ירקות קוקה 425 גרם,,SG,נודלס אינסטנט טעם יר,גרמים,425.00,100 גרם,false,1,21.90,5.15,true,1,
8888056701117,false,נודלס אינסטנט טעם עוף קוקה 425 גרם,,SG,נודלס אינסטנט טעם עו,גרמים,425.00,100 גרם,false,1,21.90,5.15,true,1,
8888056702220,false,נודלס אינסטנט טעם בקר קוקה 425 גרם,,,נודלס אינסטנט טעם בק,גרמים,425.00,100 גרם,false,1,21.90,5.15,true,1,
8888056706662,false,נודלס אינסטנט טעם פטריות קוקה 425 גרם,,,נודלס אינסטנט טעם פט,גרמים,425.00,100 גרם,false,1,21.90,5.15,true,1,
8901138500306,false,משחת שיניים איורודית עם פלואוריד מן הטבע,הימלאיה Himalaya,IN,משחת שיניים הימלאיה,גרמים,100.00,100 גרם,false,1,21.90,21.90,true,1,
8901138511593,false,הימלאיה סבון שקדים לעור יבש,,,הימלאיה סבון שקדים ל,Unknown,0.00,Unknown,false,1,14.90,14.90,true,1,
8901138511616,false,הימלאיה סבון מלפפון לעור שמן,,,הימלאיה סבון מלפפון,Unknown,0.00,Unknown,false,1,14.90,14.90,true,1,
8901138511784,false,"הימלאיה - תרחיץ פנים ללא סבון 150 מ""ל",,,הימלאיה תרחיץ פנים ל,Unknown,0.00,Unknown,false,1,39.90,39.90,true,1,
8901138823344,false,הימלאיה שפתון חמאת קקאו,,,הימלאיה שפתון חמאת ק,Unknown,0.00,Unknown,false,1,19.90,19.90,true,1,
8901537024014,false,"אורז בסמטי מובחר 1 ק""ג - דוואט) יורה דיעה",הנסיך- מפעל לייצור ט,IN,אורז בסמטי מובחר,גרמים,1000.00,100 גרם,false,1,12.90,1.29,true,1,
8902330112830,false,סיר תרמוס 6 דיפלומט,,,סיר תרמוס 6 דיפלומט,Unknown,0.00,Unknown,false,1,199.90,199.90,true,1,
8904018300249,false,יוניק- סבון טבעי איורודי מדימיקס 125 גרם,,,יוניק- סבון טבעי איו,גרמים,125.00,100 גרם,false,1,31.90,25.52,true,1,
8904018300584,false,יוניק- סבון טבעי איורודי סנדל מדימיקס,,,יוניק- סבון טבעי איו,Unknown,0.00,Unknown,false,1,31.90,31.90,true,1,
8904180001395,false,ממרח טנדורי רגה 300 גרם,,,ממרח טנדורי רגה 300,גרמים,300.00,100 גרם,false,1,19.90,6.63,true,1,
8906000596999,false,"אורז בסמתי מלא 1ק""ג שוקחה","אינסטנטה בע""מ",IN,אורז בסמטי מלא 1 קג,גרמים,1000.00,100 גרם,false,1,10.90,1.09,true,1,
8906064281763,false,עוגיות בטעם חמאה 340 גר COOKIES,,IN,עוגיות בטעם חמאה 340,גרמים,340.00,100 גרם,false,1,10.90,3.21,true,1,
8908000959361,false,קורנישונים כבושים בחומץ 680 גר,,,קורנישונים כבושים בח,גרמים,680.00,100 גרם,false,1,13.50,1.99,true,1,
8908000959613,false,קורנישונים כבושים קן,,,קורנישונים כבושים קן,Unknown,1.00,Unknown,false,1,15.90,15.90,true,1,
8934878081811,false,"דפי אורז 22 ס""מ 400 גר'(Trav) ללא גלוטן",דאנינג יוה פודס קו,CN,"דפי אורז 22 ס""מ 400",גרמים,400.00,100 גרם,false,1,11.90,2.98,true,1,
8935083158008,false,קוקטייל פירות ים 500 גר,,,קוקטייל פירות ים 500,גרמים,500.00,100 גרם,false,1,31.50,6.30,true,1,
8935083158022,false,ראשי קלמרי 500 גרם קפוא,,,ראשי קלמרי 500 גרם,גרמים,500.00,100 גרם,false,1,33.50,6.70,true,1,
8936018435164,false,דג יבש פרפר 90 גר,,,דג יבש פרפר 90 גר,גרמים,90.00,100 גרם,false,1,14.00,15.56,true,1,
8936018435256,false,דג צנינון מלוח מיובש 100 גר IMERATOR,,VN,דג צנינון מלוח מיובש,גרמים,100.00,100 גרם,false,1,14.60,14.60,true,1,
8936018435270,false,דג צנינון מלוח מיובש 100 גר BARAKUDA,,VN,דג צנינון מלוח מיובש,גרמים,100.00,100 גרם,false,1,14.60,14.60,true,1,
8936018435287,false,דג צנינון מלוח מיובש 100 גר BAR CHILI,,VN,דג צנינון מלוח מיובש,גרמים,100.00,100 גרם,false,1,14.60,14.60,true,1,
8938535541366,false,"דפי אורז צבעוניים לל""ג 22 ס""מ 400 גרם",CHANH KHANG COMPANY,VN,דפי אורז צבעוניים לל,גרמים,400.00,100 גרם,false,1,15.90,3.98,true,1,
9000101329742,false,סבון אסלה בניחוח מתחלף אפרסק תפוח 50 ג' ברף,הנקל,RS,ברף בניחוח מתחלף אפר,יחידה,1.00,יחידה,false,1,9.90,9.90,true,1,
9000101521436,false,סבון אסלה בניחוח מתחלף לוטוס במבוק 50 ג' ברף,הנקל,RS,ברף בניחוח מתחלף לוט,יחידה,1.00,יחידה,false,1,9.90,9.90,true,1,
9000101537581,false,פרסיל קאפסולות לכביסה צבעונית 52 יחידו,הנקל סוד,IL,קפסולות פאוור קאפס פ,Unknown,0.00,Unknown,false,1,67.90,67.90,true,1,
9000101548211,false,לוכד צבעים 40 יחידות,הנקל סוד,IE,לוכד צבעים 40 יחידות,Unknown,0.00,Unknown,false,1,29.90,29.90,true,1,
9001148803103,false,שיני שום קלופות 170,חקלאי,IL,שום קלוף,Unknown,0.00,Unknown,false,1,14.90,14.90,true,1,
9001414041116,false,פלפל שחור מתחנה 36 גר KOTANYI,,RU,פלפל שחור מתחנה 36 ג,גרמים,36.00,100 גרם,false,1,14.90,41.39,true,1,
9001414041130,false,פלפל 4 סוגים מתחנה 35 גר KOTANYI,,RU,פלפל 4 סוגים מתחנה 3,גרמים,35.00,100 גרם,false,1,14.90,42.57,true,1,
9001414041758,false,פלפל ומלח ים מתחנה 65 גר KOTANYI,,RU,פלפל ומלח ים מתחנה 6,גרמים,65.00,100 גרם,false,1,14.90,22.92,true,1,
9001414043967,false,תבלין פלפלים מיקס מתחנה 35 גר KOTANYI,,RU,תבלין פלפלים מיקס מת,גרמים,35.00,100 גרם,false,1,14.90,42.57,true,1,
9001511004823,false,"בירה גוסר בהירה 500 מ""ל",,,בירה גוסר בהירה 500,מיליליטרים,500.00,"100 מ""ל",false,1,12.90,2.58,true,1,
9002859011061,false,מקלות אפויים עם מלח ים 250 גר גונץ,,,מקלות אפויים עם מלח,גרמים,250.00,100 גרם,false,1,17.60,7.04,true,1,
9002859026270,false,צ'יטרי מיץ ליים ירוק 200 מל,גונץ,,מיץ לימון ליים 200 מ,מיליליטרים,200.00,"100 מ""ל",false,1,4.50,2.25,true,1,
9002859031434,false,גונץ - בוגי גילי פירות 250 גר,,,גונץ - בוגי גילי פיר,גרמים,250.00,100 גרם,false,1,11.90,4.76,true,1,
9002859035494,false,מיקס תבלינים ארומה 500 גר גונץ,,,מיקס תבלינים ארומה 5,גרמים,500.00,100 גרם,false,1,14.50,2.90,true,1,
9002859042799,false,גונץ - מוצרט כדורים בשקית 300 גר,,,גונץ - מוצרט כדורים,גרמים,300.00,100 גרם,false,1,29.90,9.97,true,1,
9002859046346,false,עגבניות מיובשות בשמן 280 גר פיאצלי,,,עגבניות מיובשות בשמן,גרמים,280.00,100 גרם,false,1,20.90,7.46,true,1,
9002859049316,false,דומינו דובשנית עם מרציפן 125 גר גנוץ,,DE,דומינו דובשנית עם מר,גרמים,125.00,100 גרם,false,1,9.50,7.60,true,1,
9002859050367,false,בובות סנטה קטנות בשקית 100 גר גונץ,,,בובות סנטה קטנות בשק,גרמים,100.00,100 גרם,false,1,10.90,10.90,true,1,
9002859050381,false,מיקס סנטה גדול בשקית 100 גר גונץ,,,מיקס סנטה גדול בשקית,גרמים,100.00,100 גרם,false,1,10.90,10.90,true,1,
9002859050596,false,טורטילה ציפס עם מלח 200 גר גנוץ,,AU,טורטילה ציפס עם מלח,גרמים,200.00,100 גרם,false,1,12.90,6.45,true,1,
9002859050671,false,לבבות שוקולד ברשת 100 גרם גונץ,לייקה,IT,לבבות שוקולד ברשת 10,גרמים,100.00,100 גרם,false,1,10.90,10.90,true,1,
9002859050725,false,תפזורת סנטה ברשת 100 גר גונץ,,,תפזורת סנטה ברשת 10,גרמים,100.00,100 גרם,false,1,10.90,10.90,true,1,
9002859050749,false,גונץ-כדורי שוקולד קריסמיס רשת 100 גר,,,גונץ-כדורי שוקולד קר,גרמים,100.00,100 גרם,false,1,10.90,10.90,true,1,
9002859050763,false,חיפושיות שוקולד ברשת 100 גרם גונץ,,,חיפושיות שוקולד ברשת,גרמים,100.00,100 גרם,false,1,10.90,10.90,true,1,
9002859050848,false,מטבעות זהב וכסף ברשת 100 גרם גונץ,,,מטבעות זהב וכסף ברשת,גרמים,100.00,100 גרם,false,1,10.90,10.90,true,1,
9002859053801,false,גונץ-שוקולד סטיקס מריר מנטה 75 גרם,,,גונץ-שוקולד סטיקס מר,גרמים,75.00,100 גרם,false,1,10.90,14.53,true,1,
9002859054099,false,מוצרט-שוקולד ממולא 300ג',,,מוצרט משושה 300 גרם,גרמים,300.00,100 גרם,false,1,29.90,9.97,true,1,
9002859055560,false,בוגי-סוכריות בפחית בטעם דובדובן 200 גרם,,,בוגי-סוכריות בפחית ב,גרמים,200.00,100 גרם,false,1,12.50,6.25,true,1,
9002859055591,false,בוגי-סוכ'בפחית בטעם לימון 200 גרם 1/12(86107),,,בוגי-סוכריות בפחית ב,גרמים,200.00,100 גרם,false,1,12.50,6.25,true,1,
9002859055614,false,בוגי-סוכ'בפחית בטעם פירות יער 200 גרם 1/12(86109,,,בוגי-סוכריות בפחית ב,גרמים,200.00,100 גרם,false,1,12.50,6.25,true,1,
9002859056963,false,אנשי שלג משוקולד ברשת 100 גר גונץ,,,אנשי שלג משוקולד ברש,גרמים,100.00,100 גרם,false,1,10.90,10.90,true,1,
9002859058172,false,בונבוניירה בננה ציפוי שוקולד מריר 300 גר,,AT,בונבוניירה בננה ציפו,גרמים,300.00,100 גרם,false,1,13.50,4.50,true,1,
9002859064104,false,בוגי-סוכריות בפחית בטעם מנטה 200 גרם,,,בוגי-סוכריות בפחית ב,גרמים,200.00,100 גרם,false,1,12.50,6.25,true,1,
9002859064708,false,בוגי - סוכריותפירות בצנצנת 300 גר,,,בוגי - סוכריותפירות,גרמים,300.00,100 גרם,false,1,18.90,6.30,true,1,
9002859064982,false,חמישיית שוקולדים קריסמס 75 גר גונץ,,,חמישיית שוקולדים קרי,גרמים,75.00,100 גרם,false,1,8.90,11.87,true,1,
9002859066047,false,בוגי-סוכ'בפחית בטעם קפה 200 גרם 1/12(86105),,,בוגי-סוכריות בפחית ב,גרמים,200.00,100 גרם,false,1,12.50,6.25,true,1,
9002859066894,false,גונץ - חטיף מרציפן מצופה שוקולד 100 גרם,,,גונץ - חטיף מרציפן מ,גרמים,100.00,100 גרם,false,1,10.40,10.40,true,1,
9002859067907,false,גונץ עוגיות עם קרם בטעם וניל 380 גרם,,,גונץ עוגיות עם קרם ב,גרמים,380.00,100 גרם,false,1,18.90,4.97,true,1,
9002859071911,false,שוקולד חלב סנטה 4100 גר גונץ,,,שוקולד חלב סנטה 100,גרמים,100.00,100 גרם,false,1,10.90,10.90,true,1,
9002859072086,false,גונץ-מקלות אפויים עם רוזמרין 250 גר,,,גונץ-מקלות אפויים עם,גרמים,250.00,100 גרם,false,1,15.90,6.36,true,1,
9002859073199,false,גונץ-וופל קרם אגוז מצופה קקאו 200 גר,,,גונץ-וופל קרם אגוז מ,גרמים,200.00,100 גרם,false,1,11.90,5.95,true,1,
9002859073298,false,כדורגל שוקולד ברשת 100 גרם גונץ,,,כדורגל שוקולד ברשת 1,גרמים,100.00,100 גרם,false,1,10.90,10.90,true,1,
9002859075674,false,גונץ - אפרוחי שוקולד ברשת 100 גרם,,,גונץ - אפרוחי שוקולד,גרמים,100.00,100 גרם,false,1,10.90,10.90,true,1,
9002859081590,false,שוקולד סנטה על המקל שישייה 90 גר גונץ,,,שוקולד סנטה על המקל,גרמים,540.00,100 גרם,false,1,10.90,2.02,true,1,
9002859082979,false,גונץ-שערות סבתה בדלי 50 גרם,,,גונץ-שערות סבתא בדלי,גרמים,50.00,100 גרם,false,1,11.90,23.80,true,1,
9002859087257,false,גונץ-קרקר קלאסי עם מלח 200 גרם,,,גונץ-קרקר קלאסי עם מ,גרמים,200.00,100 גרם,false,1,11.90,5.95,true,1,
9002859088490,false,גונץ עוגיות עם קרם בטעם אוכמניות 380 גרם,,,גונץ עוגיות עם קרם ב,גרמים,380.00,100 גרם,false,1,18.90,4.97,true,1,
9002859090516,false,גונץ בוגי סוכריות בפחית בטעם תפוח 200 גר,,,גונץ בוגי סוכריות בפ,גרמים,200.00,100 גרם,false,1,12.50,6.25,true,1,
9002859090530,false,גונץ בוגי סוכריות בפחית בטעם תפוז 200 גר,,,גונץ בוגי סוכריות בפ,גרמים,200.00,100 גרם,false,1,12.50,6.25,true,1,
9002859092657,false,גונץ-בננה ציפוי מריר 150 גר,,,גונץ-בננה ציפוי מריר,גרמים,150.00,100 גרם,false,1,11.90,7.93,true,1,
9002859093159,false,גונץ-בוגי סוכריות בפח פטל 175 גרם,,,גונץ-בוגי סוכריות בפ,גרמים,175.00,100 גרם,false,1,12.50,7.14,true,1,
9002859093876,false,גונץ עוגיות עם קרם שוקולד ודובדבן 380 גר,,,גונץ עוגיות עם קרם ש,גרמים,380.00,100 גרם,false,1,18.90,4.97,true,1,
9002859097997,false,בובת סנטה עם פרליני שוקולד 60 גרם,,,בובת סנטה עם פרליני,גרמים,60.00,100 גרם,false,1,43.90,73.17,true,1,
9002859099373,false,גונץ-מטבעות קריסמס ברשת 85 גרם,,,גונץ-מטבעות קריסמס ב,גרמים,85.00,100 גרם,false,1,10.90,12.82,true,1,
9002859102936,false,גונץ-סוכריה על מקל עם מסטיק פירות 144 ג,,,גונץ-סוכריה על מקל ע,גרמים,144.00,100 גרם,false,1,9.90,6.88,true,1,
9002859104091,false,גונץ כדור קריסמס ממולא בפרלינים 30 גרם,,AT,גונץ כדור קריסמס ממו,גרמים,30.00,100 גרם,false,1,16.90,56.33,true,1,
9002859109959,false,גונץ-וופל פריך מצופה שוקולד 171 גר,,,גונץ-וופל פריך מצופה,גרמים,171.00,100 גרם,false,1,13.90,8.13,true,1,
9002859110139,false,גונץ ארומה מיקס תבלינים 300 גר,,,גונץ ארומה מיקס תבלי,גרמים,300.00,100 גרם,false,1,11.90,3.97,true,1,
9002859110153,false,גונץ-עוגיות עם קרם תות 380 גרם,,,גונץ-עוגיות עם קרם,גרמים,380.00,100 גרם,false,1,18.90,4.97,true,1,
9002859114571,false,גונץ-מקלות בייגלה עם מלח 180 גר,,,גונץ-מקלות בייגלה עם,גרמים,160.00,100 גרם,false,1,13.90,8.69,true,1,
9002975393812,false,סוכריות גילי הריבו האפי צירי 70 גרם,,AT,סוכריות גילי הריבו ה,גרמים,70.00,100 גרם,false,1,7.30,10.43,true,1,
9002975393829,false,סוכריות גילי הריבו פיציס 70 גרם,,AT,סוכריות גילי הריבו פ,גרמים,70.00,100 גרם,false,1,7.30,10.43,true,1,
9002975393836,false,סוכריות גילי הריבו האפי קולה 70 גרם,"האריבו , ג'י.אם.בי.א",AT,סוכריות גילי הריבו ה,גרמים,70.00,100 גרם,false,1,7.30,10.43,true,1,
9002975393843,false,סוכריות גילי הריבו גולדברס 70 גרם,"האריבו , ג'י.אם.בי.א",AT,סוכריות גילי הריבו ג,גרמים,70.00,100 גרם,false,1,7.30,10.43,true,1,
9003400393032,false,"פחית בירה הל שטיגל 500 מ""ל",,AT,פחית בירה הל שטיגל 5,מיליליטרים,500.00,"100 מ""ל",false,1,9.90,1.98,true,1,
9003402655084,false,"בירה שטיגל רדלר פטל פחית 500 מ""ל",,,בירה שטיגל רדלר פטל,מיליליטרים,500.00,"100 מ""ל",false,1,8.20,1.64,true,1,
9003402660088,false,"בירה שטיגל גולדבראו 500 מ""ל פחית",שטיגל Stiegl,AT,בירה שטיגל גולדבראו,מיליליטרים,500.00,"100 מ""ל",false,1,9.90,1.98,true,1,
9003402664079,false,"בירה שטיגל רדלר לימון פחית 500 מ""ל",,,בירה שטיגל רדלר לימו,מיליליטרים,500.00,"100 מ""ל",false,1,8.20,1.64,true,1,
9005835312626,false,קלרו 50 טבליות למדיח ללא פוספטים,קלרו,AT,טבליות למדיח כלים קל,Unknown,0.00,Unknown,false,1,49.90,49.90,true,1,
9008700111546,false,נקטר דובדבן 1 ליטר ראוך,ראוך Rauch,,נקטר דובדבן 1 ליטר,מיליליטרים,1000.00,"100 מ""ל",false,1,14.60,1.46,true,1,
9008700128575,false,נקטר פסיפלורה 1 ל' RAUCH,ראוך Rauch,HU,נקטר פסיפלורה 1 ליטר,ליטרים,0.00,ליטר,false,1,14.60,14.60,true,1,
9008700128971,false,מיץ חמוציות ראוך 1 ליטר,ראוך Rauch,,מיץ חמוציות ראוך 1 ל,מיליליטרים,1000.00,"100 מ""ל",false,1,14.60,1.46,true,1,
9008700146982,false,מיץ מולטיויטמין פרי אדומים 100% 1 ל ראוך,,,מיץ מולטיויטמין פרי,מיליליטרים,1000.00,"100 מ""ל",false,1,14.60,1.46,true,1,
9008700155458,false,נקטר גויאבה 1 ליטר ראוך,,,נקטר גויאבה 1 ליטר ר,ליטרים,0.00,ליטר,false,1,14.60,14.60,true,1,
9012200020017,false,בונבוניירה מוצרט 100 גר כדורים,,AT,בונבוניירה מוצרט 100,גרמים,100.00,100 גרם,false,1,31.90,31.90,true,1,
9012200020055,false,בונבוניירה מוצרט 200 גר כדורים,,AT,מוצרט בונבוניירה 200,גרמים,200.00,100 גרם,false,1,49.90,24.95,true,1,
9013100003490,false,"מוצארט שוקולד תות 500 מ""ל",,,מוצארט שוקולד תות 50,מיליליטרים,500.00,"100 מ""ל",false,1,93.90,18.78,true,1,
9013100011563,false,"ליקר מוצרט בטעם קפה 500 מ""ל",,,ליקר מוצרט בטעם קפה,מיליליטרים,500.00,"100 מ""ל",false,1,93.90,18.78,true,1,
9013100040280,false,"ליקר מוצרט קרם שוקולד בלאק 500 מ""ל",,,ליקר מוצרט קרם שוקול,מיליליטרים,500.00,"100 מ""ל",false,1,93.90,18.78,true,1,
9028800627679,false,"בירה אדלוויס 500 מ""ל פחית",,,"בירה אדלוויס 500 מ""ל",מיליליטרים,500.00,"100 מ""ל",false,1,13.90,2.78,true,1,
9028800639962,false,אדלוויס הפרטובה בירת,,,"בירה אדלוויס 500 מ""ל",מיליליטרים,500.00,"100 מ""ל",false,1,13.90,2.78,true,1,
9044400851672,false,סוכריות פז סוגים שונים + 3 מילויים,פז פרודקשיין יורו,HU,סוכריות 3+1 PEZ,Unknown,0.00,Unknown,false,1,10.70,10.70,true,1,
9044400885578,false,סוכריות פז בטעם פירות 82 ג',,,סוכריות מילוי PEZ,Unknown,0.00,Unknown,false,1,10.70,10.70,true,1,
9120025834723,false,חטיף אוראו מצונן 120 גרם רבנות,בובארד איטליה אס.פי.,IT,חטיף אוראו מצונן 120,גרמים,120.00,100 גרם,false,1,15.50,12.92,true,1,
9120025839957,false,חטיף מילקה מצונן 128 גרם,,,חטיף מילקה מצונן 128,גרמים,128.00,100 גרם,false,1,15.50,12.11,true,1,
9120097310545,false,חטיף מיני מיניונים מצונן 102.5 ג' CHOCO BITE,בובארד,IT,חטיף מיני מניונים מצ,גרמים,103.00,100 גרם,false,1,15.50,15.05,true,1,
9300621017526,false,כלי לפסטה מיקרו דקור,,,דקור מיקרו - כלי ביש,קילוגרמים,0.00,"ק""ג",false,1,59.90,59.90,true,1,
9310072028743,false,טים טם Tim Tam וופל שוקולד קלאסי,"ארנוטס ביסקוויטס בע""",AU,טים טם אורגינל 200 ג,גרמים,200.00,100 גרם,false,1,19.90,9.95,true,1,
9310072028750,false,טים טם Tim Tam וופל שוקולד ציפוי כפול,"ארנוטס ביסקוויטס בע""",AU,טים טם דאבל 200 גרם,גרמים,200.00,100 גרם,false,1,19.90,9.95,true,1,
9311218110995,false,יין לינדמנס בין 45 קברנה סובניון 750 מל,,,יין לינדמנס בין 45 ק,Unknown,0.00,Unknown,false,1,57.90,57.90,true,1,
9311218114078,false,"יין לינדמנס 40 מרלו 750 מ""ל",,,יין לינדמנס 40 מרלו,Unknown,0.00,Unknown,false,1,57.90,57.90,true,1,
9311218119486,false,"לינדמנס בין 65 שרדונה 750 מ""ל",,,לינדמנס בין 65 שרדונ,Unknown,0.00,Unknown,false,1,57.90,57.90,true,1,
9312631129991,false,תה דילמח ארל גריי זהב 100 שקיקים 200 גר,,,תה דילמח ארל גריי זה,גרמים,200.00,100 גרם,false,1,41.90,20.95,true,1,
9312631143737,false,תה ירוק דילמה 100 שק*1.5 ג,,,תה ירוק דילמה 100 שק,גרמים,150.00,100 גרם,false,1,27.90,18.60,true,1,
9312631801118,false,תה פרמיום שחור סלקשן דילמח 100 שקי 200 ג,,LK,תה פרמיום שחור סלקשן,גרמים,200.00,100 גרם,false,1,29.50,14.75,true,1,
9322969000039,false,פריכיות תירס 150 גרם עם 5 סוגי דגנים,,,פריכיות תירס 150 גרם,גרמים,150.00,100 גרם,false,1,12.80,8.53,true,1,
9325448122857,false,AFM - בקבוק פלסטיק 5,,,AFM - בקבוק פלסטיק 5,Unknown,0.00,Unknown,false,1,39.00,39.00,true,1,
9414202015501,false,ק.אחסון מלבנית 380 סיסטמה,,,ק.אחסון מלבנית 380 ס,Unknown,0.00,Unknown,false,1,22.90,22.90,true,1,
9414202016805,false,אחסון מלבנית 1.9 סיסטמה,,,אחסון מלבנית 1.9 סיס,Unknown,0.00,Unknown,false,1,34.90,34.90,true,1,
9414202065001,false,בקבוק אקטיב 800 סיסטמ,,,הידרו טריטן - אקטיב,קילוגרמים,0.00,"ק""ג",false,1,64.90,64.90,true,1,
9414202125101,false,קליפ איט ספליט - אחס,,,קליפ איט ספליט - אחס,Unknown,0.00,Unknown,false,1,39.90,39.90,true,1,
9414202125118,false,קליפ איט ספליט - אחס,,,קליפ איט ספליט - אחס,Unknown,0.00,Unknown,false,1,31.90,31.90,true,1,
9414202211170,false,טו גו - מחבת מיני +,,,טו גו - מחבת מיני +,Unknown,0.00,Unknown,false,1,32.90,32.90,true,1,
9414202211286,false,מארז 3 אחסון מיני סיסטמה,,,מארז 3 אחסון מיני סי,קילוגרמים,0.00,"ק""ג",false,1,39.90,39.90,true,1,
9414202214706,false,מארז 4 רוטביות סיסטמה,,,מארז 4 רוטביות סיסטמ,קילוגרמים,0.00,"ק""ג",false,1,24.90,24.90,true,1,
9414202216472,false,"אחסון לכריך 450 מ""ל סיסטמה",,,"אחסון לכריך 450 מ""ל",Unknown,0.00,Unknown,false,1,23.90,23.90,true,1,
9414202317124,false,פרומו-קופסת איחסון לארוחה 2 ליטר,,,פרומו-קופסת איחסון ל,קילוגרמים,0.00,"ק""ג",false,1,34.90,34.90,true,1,
9414202584663,false,רה ניו - צמד מיכלים,,,רה ניו - צמד מיכלים,Unknown,0.00,Unknown,false,1,39.90,39.90,true,1,
9414202584823,false,רה ניו - סנאק אחסוני,,,רה ניו - סנאק אחסוני,Unknown,0.00,Unknown,false,1,44.90,44.90,true,1,
9414202585189,false,רה ניו - אחסונית מחו,,,רה ניו - אחסונית מחו,Unknown,0.00,Unknown,false,1,22.90,22.90,true,1,
9414202586476,false,רה ניו - אחסונית מרו,,,רה ניו - אחסונית מרו,Unknown,0.00,Unknown,false,1,23.90,23.90,true,1,
9414416305528,false,יין פרייבט בין סוביניון בלאן 750 מל,,,יין פרייבט בין סובינ,Unknown,0.00,Unknown,false,1,83.90,83.90,true,1,
9414416501876,false,"יין פרייבט בין שרדונה 750 מ""ל וילה מריה",,,יין פרייבט בין שרדונ,Unknown,0.00,Unknown,false,1,83.90,83.90,true,1,
9415305122011,false,יין מטואה מרלבוך סוביניון בלאן 750 מל,,,יין מטואה מרלברו,Unknown,0.00,Unknown,false,1,87.90,87.90,true,1,
9421902401176,false,"מול על חצי צדף ניו זילנד 1 ק""ג",,,מול על חצי צדף ניו ז,קילוגרמים,0.00,"ק""ג",false,1,58.50,58.50,true,1,
9556771006921,false,"קפוצינו ""אונו מומנטו"" 20יח*25.5 גר",,,"קפוצינו ""אונו מומנטו",גרמים,510.00,100 גרם,false,1,27.90,5.47,true,1,
9720006678751,false,כבד דגים איסלנד 115 גרם,,,כבד דגים 115 גרם,גרמים,115.00,100 גרם,false,1,8.90,7.74,true,1,
9720188050109,false,טופוטי ממרח טופו בטעם גבינה 227 ג`,טופוטי ברנדס אינק.ג',IL,גבינת טופו בטעמים,גרמים,225.00,100 גרם,false,1,19.90,8.84,true,1,
9771565051066,false,ידיעות אחרונות יום ו,,,ידיעות אחרונות שישי,Unknown,0.00,Unknown,false,1,20.00,20.00,true,1,
9771565189004,false,סיקרט שבועון,,,סיקרט,Unknown,0.00,Unknown,false,1,14.00,14.00,true,1,
9771565190000,false,אכו שבועון,,,אכו,Unknown,0.00,Unknown,false,1,14.00,14.00,true,1,
9785386048921,false,כדור שלג זכוכית,,,כדור שלג זכוכית,Unknown,0.00,Unknown,false,1,19.90,19.90,true,1,
9871184221359,false,גאודה הולנדית 30% במשקל,,,גאודה הולנדית 30%,Unknown,0.00,"ק""ג",true,0,73.00,73.00,true,1,
9871184221365,false,גאודה הולנדית עם רוטב חריף סמבל במשקל,,,גאודה הולנדית,Unknown,0.00,"ק""ג",true,0,129.00,129.00,true,1,
9871184221367,false,גאודה עיזים הולנדית במשקל,,,גאודה עיזים הולנדית,Unknown,0.00,"ק""ג",true,0,115.00,115.00,true,1,
