code,internal_code,name,manufacturer_name,manufacture_country,manufacturer_item_description,unit_qty,quantity,unit_of_measure,weighted,qty_in_package,price,unit_of_measure_price,allow_discount,status,item_id
2881,true,לחמניות ביסים 50 גרם,,,לחמניות ביסים 50 גרם,גרמים,120.00,100 גרם,false,1,1.10,0.9167,true,1,15616
47546,true,גבינת כנען 5% 500 גר,תנובה מרכז שיתופי לש,IL,גבינת כנען 5% 500 גרם,גרמים,500.00,100 גרם,false,1,22.90,4.5800,true,1,2409
70308,true,מרק עוף אמיתי אסם 4,אסם,IL,מרק עוף אמיתי 400 גרם,גרמים,400.00,100 גרם,false,1,14.90,3.7250,true,1,95
103525,true,גזר גמדי סנפרוסט 7,סנפרוסט בעמ,IL,גזר גמדי 700 גרם,גרמים,700.00,100 גרם,false,1,15.90,2.2714,true,1,35391
151885,true,נקניק הודו עוף טוב 7,עוף טוב,IL,נקניק הודו 700 גרם מהדרין,גרמים,700.00,100 גרם,false,1,14.90,2.1286,true,1,15174
193014,true,מגן תחתון אינטרלוד 5,חוגלה קימברלי,IL,מגן תחתון אינטרלוד 50 יח,Unknown,0.00,יחידה,false,1,9.90,0.0000,true,1,36754
194298,true,לחמניה ארוכה שומשום,מאפית י את א ברמן בע,,לחמניה ארוכה שומשום 120 גרם,גרמים,120.00,100 גרם,false,1,2.50,2.0833,true,1,15614
204215,true,כריות יפניות ניקול 6,חוגלה קימברלי,IL,כריות יפניות ניקול 6 יח,Unknown,0.00,יחידה,false,1,9.90,0.0000,true,1,36768
286297,true,נוזל אנטי קאלק מסיר,סנו,IL,"סנו אנטיקאלק מסיר אבן 700 מ""ל",מיליליטרים,700.00,"100 מ""ל",false,1,9.90,1.4143,true,1,1540
286549,true,מטליות לניקוי כללי ס,נועם אורים,IL,"מטלית סנו סושי לכל 9 יח""",Unknown,0.00,יחידה,false,1,9.90,0.0000,true,1,1546
288352,true,"קוטל K300 סנו 630 מ""",סנו,IL,"K-300 קוטל חרקים זוחלים 630 מ""ל",מיליליטרים,630.00,"100 מ""ל",false,1,19.90,3.1587,true,1,1588
369617,true,כדורי פטה בשמן ניצן,גבינות עמיר ניצן,IL,כדורי גבינה בשמן 150 גרם,גרמים,150.00,100 גרם,false,1,16.90,11.2667,true,1,19319
446721,true,מארז פריכיות אורז ב.,בטר אנד דיפרנט,IL,פריכיות אורז  אושר עד 420 גרם,גרמים,420.00,100 גרם,false,1,14.90,3.5476,true,1,16456
498096,true,לחמניה פריכה ברמן 7,מאפית י את א ברמן בע,,לחמניה פריכה 75 ג,גרמים,75.00,100 גרם,false,1,1.40,1.8667,true,1,15610
498126,true,לחמניה ברמן 75 גרם,מאפית י את א ברמן בע,,לחמניה רגילה 75 גרם,גרמים,75.00,100 גרם,false,1,1.60,2.1333,true,1,15609
498157,true,לחמנה שמיניה כפולה,מאפית י את א ברמן בע,,לחמניה שמיניה כפולה,גרמים,120.00,100 גרם,false,1,2.00,1.6667,true,1,15611
498164,true,חצי באגט ברמן 125 ג,מאפית י את א ברמן בע,,חצי בגט 125 גרם,גרמים,120.00,100 גרם,false,1,3.90,3.2500,true,1,15613
498171,true,באגט שלם ברמן 250 ג,מאפית י את א ברמן בע,,בגט שלם 250 גרם,גרמים,120.00,100 גרם,false,1,4.90,4.0833,true,1,15622
498225,true,לחמניה מזונות ברמן,מאפית י את א ברמן בע,,לחמניה מזונות 90 גרם,Unknown,0.00,יחידה,false,1,2.50,0.0000,true,1,16109
498416,true,חצי חלה מיוחדת ברמן,מאפית י את א ברמן בע,,חצי חלה מיוחדת 250 גרם,גרמים,250.00,100 גרם,false,1,5.90,2.3600,true,1,7293
498447,true,חלה פרג ודש 500 גרם,,,חלה פרג 500 גרם,גרמים,500.00,100 גרם,false,1,9.90,1.9800,true,1,7292
498478,true,חלה באגט ברמן 500 גר,מאפית י את א ברמן בע,,חלה באגט 500 גרם,גרמים,500.00,100 גרם,false,1,9.50,1.9000,true,1,7296
803180,true,"מי פה מרידול 400 מ""ל",גאבה,,"מרידול-שטיפת פה דנטלי 400 מ""ל",מיליליטרים,400.00,"100 מ""ל",false,1,24.90,6.2250,true,1,32290
901091,true,מיחזור אריזה פלסטיק,,,מיחזור אריזה פלסטיק שישייה,Unknown,0.00,יחידה,false,1,1.80,0.0000,true,1,130
901107,true,מיחזור אריזה זכוכית,,,מיחזור אריזה זכוכית שישייה,Unknown,0.00,יחידה,false,1,1.80,0.0000,true,1,929
901114,true,מיחזור אריזה פחית שי,,,מיחזור אריזה פחית שישייה,Unknown,0.00,יחידה,false,1,1.80,0.0000,true,1,3266
902616,true,מיחזור אריזה 4 יח,,,מיחזור אריזה 4 יח,Unknown,0.00,יחידה,false,1,1.20,0.0000,true,1,13744
978574,true,פרלינים במשקל,דין שיווק,,פרלינים במשקל,קילוגרמים,1.00,"ק""ג",true,,75.00,75.0000,true,1,5837
1791349,true,אקונומיקה פסגה 4 ל,סנו,IL,אקונומיקה פסגה ריחני 4 ליטר,ליטרים,4.00,ליטר,false,1,9.90,2.4750,true,1,974
1901656,true,גפילטע פיש היימיש פי,דג טעים בעמ,IL,קציצות דגים 7 יח,גרמים,555.00,100 גרם,false,1,8.90,1.6036,true,1,48514
2007357,true,שקיות לצליה דליקטס 1,הנמל,IL,"שקיות לצליה דליקטס 10 יח""",Unknown,0.00,יחידה,false,1,3.90,0.0000,true,1,1059
2007500,true,קיסמי שיניים הנמל 50,הנג טונג,CN,קיסמי שיניים במבוק 500 יח,Unknown,0.00,יחידה,false,1,2.70,0.0000,true,1,1064
2037132,true,חלה מתוקה מעודנת ודש,מאפית י את א ברמן בע,,חלה מתוקה מעודנת 500 גרם,גרמים,500.00,100 גרם,false,1,10.90,2.1800,true,1,11960
2109044,true,הודו טחון נתח בקר 50,טיבון ויל,IL,הודו טחון 500 גרם נתח הודו,גרמים,500.00,100 גרם,false,1,8.90,1.7800,true,1,23875
2109051,true,בקר טחון נתח בקר 500,טיבון ויל,IL,טחון בקר 500 גרם נתח בקר,גרמים,500.00,100 גרם,false,1,10.90,2.1800,true,1,23877
2661139,true,חלה מתוקה ברמן 500 ג,מאפית י את א ברמן בע,,חלה מתוקה 500 גרם,גרמים,500.00,100 גרם,false,1,11.90,2.3800,true,1,18802
2825722,true,כרוב אדום אחלה 500,שטראוס,IL,סלט כרוב אדום  500 גרם,גרמים,500.00,100 גרם,false,1,11.90,2.3800,true,1,6002
3319145,true,גפילטע פיש הדג המיוח,דג טעים בעמ,,קציצות דגים 8 יח הדג המיוחד,קילוגרמים,1.01,ליטר,false,1,14.90,14.7525,true,1,45216
3411054,true,שקיות לצליה רוסטי ענ,סאדאת איסטנבול,TR,שקיות לצליה רוסטי ענק 5 יחידות,Unknown,0.00,יחידה,false,1,3.90,0.0000,true,1,1878
3411726,true,קיסמי שיניים מלחיה ה,הנג טונג,CN,"קיסמי שיניים מלחיה 300 יח""",Unknown,0.00,יחידה,false,1,3.50,0.0000,true,1,1892
3550753,true,טונה בשמן פוסידון  4,פוסידון,,טונה בשמן פוסידון  4*108 גרם,גרמים,432.00,100 גרם,false,1,19.90,4.6065,true,1,1936
3989096,true,חציל פיקנטי אחלה 500,שטראוס גרופ,IL,חציל פיקנטי 500 גרם,גרמים,500.00,100 גרם,false,1,14.90,2.9800,true,1,5991
4063016,true,מלח שולחן מעולה 1 ק,מלחי סלית עתלית,,"מלח שולחן 1 ק""ג בד""צ",קילוגרמים,1.00,ליטר,false,1,1.70,1.7000,true,1,13891
4063115,true,"מלח בישול 1 ק""ג",מלחי סלית עתלית,,"מלח בישול 1 ק""ג בד""צ",קילוגרמים,1.00,ליטר,false,1,1.70,1.7000,true,1,29727
4263034,true,המבורגר עטרה 500 גרם,עטרה,,עטרה בורגר 500 גרם,גרמים,500.00,100 גרם,false,1,18.90,3.7800,true,1,2227
4263867,true,בשר מס 6 פילה מדומה,עטרה,,פילה מדומה מס 6 עטרה,קילוגרמים,1.00,"ק""ג",true,,39.90,39.9000,true,1,2250
4685065,true,גבטה ברמן 150 גרם,מאפית י את א ברמן בע,,גבטה 150 גרם,גרמים,150.00,100 גרם,false,1,4.50,3.0000,true,1,19435
4685072,true,חלה קמח מלא ושמן זית,,,חלה מקמח מלא ושמן זית 500 גרם,גרמים,500.00,100 גרם,false,1,15.90,3.1800,true,1,27591
4685270,true,לחמניה אובלית חיטה 1,,,לחמניה אובלית חיטה 180 גרם,גרמים,180.00,100 גרם,false,1,3.90,2.1667,true,1,19430
4685331,true,גבטה קמח מלא ברמן 1,מאפית י את א ברמן בע,,גבטה מקמח מלא 150 גרם,גרמים,150.00,100 גרם,false,1,4.50,3.0000,true,1,19434
6449955,true,מלפפון בייבי מארז,מרינה,IL,מלפפון בייבי מארז,Unknown,0.00,יחידה,false,1,8.90,0.0000,true,1,36686
8645935,true,חומוס אחלה 750 גרם,,IL,חומוס לניגוב 750 גרם,גרמים,750.00,100 גרם,false,1,9.90,1.3200,true,1,4067
9002980,true,תפוח אדמה אדום,אראל תוצרת חקלאית בע,IL,תפוח אדמה אדום,Unknown,0.00,יחידה,false,1,24.90,0.0000,true,1,20544
9003246,true,פטריות במשקל,מרינה פטריות,IL,פטריות במשקל,קילוגרמים,1.00,"ק""ג",true,,31.90,31.9000,true,1,1835
9007022,true,תפוח עץ מוזהב,אראל תוצרת חקלאית בע,IL,תפוח עץ מוזהב,קילוגרמים,1.00,"ק""ג",true,,9.90,9.9000,true,1,3131
9007046,true,תפוח עץ חרמון,אראל תוצרת חקלאית בע,IL,תפוח עץ חרמון,קילוגרמים,1.00,"ק""ג",true,,9.90,9.9000,true,1,3137
9028768,true,שקית ענק אושר עד,,,שקיות ענק,Unknown,0.00,יחידה,false,1,0.60,0.0000,true,1,17173
54051140,false,מארז מעדן סויה וניל,אלפרו,BE,מארז מעדן סויה וניל,גרמים,500.00,100 גרם,false,,15.90,3.1800,true,1,23279
54051157,false,מארז מעדן סויה שוקול,אלפרו,BE,מארז מעדן סויה שוקול,גרמים,500.00,100 גרם,false,,15.90,3.1800,true,1,37275
72940754,false,מילקי וניל 133 גרם,שטראוס,IL,מילקי וניל 133 גרם,גרמים,133.00,100 גרם,false,,2.80,2.1053,true,1,20517
72940761,false,מילקי שוקולד 133 גרם,שטראוס,IL,מילקי שוקולד 133 גרם,מיליליטרים,133.00,"100 מ""ל",false,,2.80,2.1053,true,1,14275
72940952,false,מילקי אקסטרה קצפת 17,שטראוס,IL,מילקי אקסטרה קצפת 17,מיליליטרים,170.00,"100 מ""ל",false,,3.50,2.0588,true,1,15041
72945308,false,קוביות שמרים טריים ש,פאקא תעשיות בעמ,IL,קוביות שמרים טריים ש,גרמים,50.00,100 גרם,false,,2.90,5.8000,true,1,3764
72961209,false,שמנית חמוצה 15% תנוב,תנובה מרכז שיתופי לש,IL,שמנית חמוצה 15% תנוב,מיליליטרים,200.00,"100 מ""ל",false,,2.40,1.2000,true,1,3766
72961223,false,"גיל תנובה 200 מ""ל",תנובה מרכז שיתופי לש,IL,"גיל תנובה 200 מ""ל",מיליליטרים,200.00,"100 מ""ל",false,,1.50,0.7500,true,1,3768
72961520,false,פרילי אננס 125 גרם,תנובה מרכז שיתופי לש,IL,פרילי אננס 125 גרם,מיליליטרים,125.00,"100 מ""ל",false,,3.40,2.7200,true,1,3777
72986370,false,גלידת שמנת בן אנד גר,מוצרי איכות אמריקאיי,IL,גלידת שמנת בן אנד גר,מיליליטרים,500.00,"100 מ""ל",false,,17.50,3.5000,true,1,59013
72986424,false,גלידת שמנת בן אנד גר,מוצרי איכות אמריקאיי,IL,גלידת שמנת בן אנד גר,מיליליטרים,500.00,"100 מ""ל",false,,17.50,3.5000,true,1,59015
72989425,false,גלידת שמנת בן אנד גר,מוצרי איכות אמריקאיי,IL,גלידת שמנת בן אנד גר,מיליליטרים,500.00,"100 מ""ל",false,,17.50,3.5000,true,1,61544
72991886,false,גלידת שמנת בן אנד גר,מוצרי איכות אמריקאיי,IL,גלידת שמנת בן אנד גר,מיליליטרים,500.00,"100 מ""ל",false,,17.50,3.5000,true,1,59016
72993637,false,דני שוקולד 125 גרם,שטראוס,IL,דני שוקולד 125 גרם,גרמים,125.00,100 גרם,false,,2.50,2.0000,true,1,20636
80773429,false,מסטיק מנטוס צנצנת בט,פרפטי ואן מלה ברדה,NL,מסטיק מנטוס צנצנת בט,גרמים,60.00,100 גרם,false,,8.90,14.8333,true,1,58867
80773443,false,מסטיק מנטוס ספרמנט ב,פרפטי ואן מלה ברדה,NL,מסטיק מנטוס ספרמנט ב,גרמים,60.00,100 גרם,false,,8.90,14.8333,true,1,54969
80790990,false,מסטיק מנטוס בבלפרש ב,פרפטי ואן מלה ברדה,NL,מסטיק מנטוס בבלפרש ב,גרמים,60.00,100 גרם,false,,8.90,14.8333,true,1,54968
80843184,false,מסטיק מנטוס פיור פרש,פרפטי ואן מלה ברדה,TR,מסטיק מנטוס פיור פרש,גרמים,60.00,100 גרם,false,,8.90,14.8333,true,1,74429
80862260,false,מסטיק מנטוס פיור מנט,פרפטי ואן מלה ברדה,TR,מסטיק מנטוס פיור מנט,גרמים,150.00,100 גרם,false,,15.90,10.6000,true,1,77898
80864295,false,מסטיק מנטוס פיור ווי,פרפטי ואן מלה ברדה,TR,מסטיק מנטוס פיור ווי,גרמים,60.00,100 גרם,false,,8.90,14.8333,true,1,74427
80896081,false,מסטיק מנטוס צנצנת בט,פרפטי ואן מלה ברדה,TR,מסטיק מנטוס צנצנת בט,גרמים,60.00,100 גרם,false,,8.90,14.8333,true,1,59716
80913467,false,מסטיק מנטוס מנטה בבק,פרפטי ואן מלה ברדה,NL,מסטיק מנטוס מנטה בבק,גרמים,60.00,100 גרם,false,,8.90,14.8333,true,1,54970
80945468,false,מסטיק מנטוס פיור ווי,פרפטי ואן מלה ברדה,TR,מסטיק מנטוס פיור ווי,גרמים,60.00,100 גרם,false,,8.90,14.8333,true,1,74428
80957706,false,מסטיק מנטוס פיור מנט,פרפטי ואן מלה ברדה,TR,מסטיק מנטוס פיור מנט,גרמים,150.00,100 גרם,false,,15.90,10.6000,true,1,77900
80979128,false,מסטיק מנטוס פיור פרש,פרפטי ואן מלה ברדה,TR,מסטיק מנטוס פיור פרש,גרמים,60.00,100 גרם,false,,8.90,14.8333,true,1,74430
80986348,false,מסטיק מנטוס פיור ווי,פרפטי ואן מלה ברדה,TR,מסטיק מנטוס פיור ווי,גרמים,64.00,100 גרם,false,,8.90,13.9063,true,1,74431
80995128,false,מסטיק מנטוס צנצנת בט,פרפטי ואן מלה ברדה,TR,מסטיק מנטוס צנצנת בט,גרמים,60.00,100 גרם,false,,8.90,14.8333,true,1,80244
87108651,false,מנטוס מנטה 4 יח,פרפטי ואן מלה ברדה,NL,מנטוס מנטה 4 יח,גרמים,150.00,100 גרם,false,,10.90,7.2667,true,1,4098
87108712,false,מנטוס טעם פירות 4 יח,פרפטי ואן מלה ברדה,NL,מנטוס טעם פירות 4 יח,גרמים,150.00,100 גרם,false,,10.90,7.2667,true,1,4099
11210000155,false,רוטב טבסקו אדום 150,ניצן,US,רוטב טבסקו אדום 150,מיליליטרים,150.00,"100 מ""ל",false,,17.90,11.9333,true,1,58359
11210002500,false,רוטב טבסקו באפלו 150,גבינות עמיר ניצן,US,רוטב טבסקו באפלו 150,מיליליטרים,150.00,"100 מ""ל",false,,17.90,11.9333,true,1,31120
11210007352,false,רוטב טבסקו שום 150 מ,ניצן,US,רוטב טבסקו שום 150 מ,מיליליטרים,150.00,"100 מ""ל",false,,17.90,11.9333,true,1,66225
11210007703,false,רוטב טבסקו צ'יפוטלי,ניצן,US,רוטב טבסקו צ'יפוטלי,מיליליטרים,150.00,"100 מ""ל",false,,17.90,11.9333,true,1,66226
11210009219,false,רוטב טבסקו ירוק 150,ניצן,US,רוטב טבסקו ירוק 150,מיליליטרים,150.00,"100 מ""ל",false,,17.90,11.9333,true,1,66227
11210698055,false,רוטב סרירצ'ה טבסקו 5,ניצן,US,רוטב סרירצ'ה טבסקו 5,גרמים,566.00,100 גרם,false,,24.90,4.3993,true,1,58358
16000185517,false,דגני בוקר פייבר וואן,גנרל מילס,US,דגני בוקר פייבר וואן,גרמים,555.00,100 גרם,false,,24.90,4.4865,true,1,75074
16000292819,false,מארז נייטשר ואלי ש.ש,גנרל מילס,ES,מארז נייטשר ואלי ש.ש,גרמים,252.00,100 גרם,false,,11.90,4.7222,true,1,78437
18000701223,false,תערובת לעוגת שוקולד,פוליבה,IL,תערובת לעוגת שוקולד,גרמים,500.00,100 גרם,false,,15.90,3.1800,true,1,981
18000703494,false,תערובת לעוגת וניל 50,פוליבה,IL,תערובת לעוגת וניל 50,גרמים,500.00,100 גרם,false,,15.90,3.1800,true,1,982
21723339994,false,רוטב דגים מזרח ומערב,טאנג סאנג ראר קי,TH,רוטב דגים מזרח ומערב,מיליליטרים,300.00,"100 מ""ל",false,,9.50,3.1667,true,1,65151
21859046162,false,דגני בוקר באנץ קראנץ,KEMOCH FOOD,US,דגני בוקר באנץ קראנץ,גרמים,453.00,100 גרם,false,,24.90,5.4967,true,1,72959
22200956932,false,דאו גל ספיד סטיק כחו,קולגייט פלמוליב,BY,דאו גל ספיד סטיק כחו,גרמים,85.00,100 גרם,false,,14.90,17.5294,true,1,30676
22200956949,false,דאו גל ספיד סטיק כתו,קולגייט פלמוליב,BY,דאו גל ספיד סטיק כתו,Unknown,0.00,יחידה,false,,14.90,0.0000,true,1,30675
25675094703,false,לקקן טופי דובדבן פשק,DORI ALIMENTOS LTDA,NL,לקקן טופי דובדבן פשק,גרמים,540.00,100 גרם,false,,15.90,2.9444,true,1,8448
25675094710,false,לקקן טופי יוגורט פשק,DORI ALIMENTOS LTDA,NL,לקקן טופי יוגורט פשק,גרמים,540.00,100 גרם,false,,15.90,2.9444,true,1,30328
25675094727,false,לקקן טופי תות 50 יח,DORI ALIMENTOS LTDA,NL,לקקן טופי תות 50 יח,גרמים,540.00,100 גרם,false,,15.90,2.9444,true,1,8449
25675094741,false,לקקן טופי פטל פשקס 5,DORI ALIMENTOS LTDA,NL,לקקן טופי פטל פשקס 5,גרמים,540.00,100 גרם,false,,15.90,2.9444,true,1,8447
25675705654,false,בצל מטוגן פריך שקית,TOP TASTE B.V.,NL,בצל מטוגן פריך שקית,גרמים,400.00,100 גרם,false,,11.90,2.9750,true,1,42905
25675950313,false,סוכריות אודלס פשקס ב,ג'ודילינג פודס קומפנ,CN,סוכריות אודלס פשקס ב,גרמים,224.00,100 גרם,false,,12.90,5.7589,true,1,48755
25675950351,false,סוכריות אודלס פשקס ב,ג'ודילינג פודס קומפנ,CN,סוכריות אודלס פשקס ב,גרמים,224.00,100 גרם,false,,12.90,5.7589,true,1,48756
25675950382,false,סוכריות אודלס פשקס ב,ג'ודילינג פודס קומפנ,CN,סוכריות אודלס פשקס ב,גרמים,224.00,100 גרם,false,,12.90,5.7589,true,1,48757
26638002643,true,גבינה מוצרלה מגורד,אנדרסון אינטנשיונל,,גבינת מוצרלה מגורדת 170 גרם,גרמים,170.00,100 גרם,false,1,28.90,17.0000,true,1,51661
34000544028,false,טוויזלרס ממתק בטעם ת,הרשי שוקולד,US,טוויזלרס ממתק בטעם ת,גרמים,198.00,100 גרם,false,,6.90,3.4848,true,1,26533
34000544431,false,טוויזלרס ממתק בטעם ד,הרשי שוקולד,US,טוויזלרס ממתק בטעם ד,גרמים,170.00,100 גרם,false,,6.90,4.0588,true,1,75412
35000458476,false,מברשת קולגייט ילדים,קולגייט פלמוליב,VN,מברשת קולגייט ילדים,Unknown,0.00,יחידה,false,,17.90,0.0000,true,1,61522
36000183399,false,חיתולי שחייה האגיס ל,חוגלה קימברלי,IL,חיתולי שחייה האגיס ל,Unknown,0.00,יחידה,false,,9.90,0.0000,true,1,72551
37600207188,false,חמאת בוטנים קלאסי סק,סקיפי,US,חמאת בוטנים קלאסי סק,גרמים,462.00,100 גרם,false,,17.90,3.8745,true,1,71966
37600207256,false,חמאת בוטנים עם שברי,סקיפי,US,חמאת בוטנים עם שברי,גרמים,462.00,100 גרם,false,,17.90,3.8745,true,1,71967
38000202278,false,פרינגלס קלאסי וויבי,פרינגלס,US,פרינגלס קלאסי וויבי,גרמים,130.00,100 גרם,false,,7.90,6.0769,true,1,70471
38000232183,false,פרינגלס אורגינל 149,פרינגלס,US,פרינגלס אורגינל 149,גרמים,149.00,100 גרם,false,,7.90,5.3020,true,1,65082
40232885518,false,מארז אוכמניות,אראל תוצרת חקלאית בע,IL,מארז אוכמניות,Unknown,0.00,יחידה,false,,19.90,0.0000,true,1,54233
41190007097,false,חומץ תפוחים שופרייט,,,חומץ תפוחים שופרייט,מיליליטרים,946.00,"100 מ""ל",false,,11.90,1.2579,true,1,78429
41390001451,false,רוטב סויה קיקומן 1.2,קיקומן פודז אינק,US,רוטב סויה קיקומן 1.2,קילוגרמים,1.20,ליטר,false,,29.90,24.9167,true,1,79036
41390001505,false,רוטב סויה קיקומן 1.8,,,רוטב סויה קיקומן 1.8,קילוגרמים,1.89,ליטר,false,,39.90,21.1111,true,1,36119
43427000130,false,פריכיות אורז מצופות,KCP,PL,פריכיות אורז מצופות,גרמים,90.00,100 גרם,false,,8.90,9.8889,true,1,64630
43427007801,false,רוטב סרירצ'ה ליברס 4,ליברס,US,רוטב סרירצ'ה ליברס 4,גרמים,454.00,100 גרם,false,,19.90,4.3833,true,1,60543
43427007887,false,חומץ יין אדום ליברס,אקובינאל,ES,חומץ יין אדום ליברס,מיליליטרים,500.00,"100 מ""ל",false,,9.90,1.9800,true,1,77344
43427111195,false,פריכיות אורז מצופות,KCP,PL,פריכיות אורז מצופות,גרמים,90.00,100 גרם,false,,8.90,9.8889,true,1,64632
43427176002,false,שמן אבוקדו ליברס 500,ליברס,US,שמן אבוקדו ליברס 500,גרמים,500.00,100 גרם,false,,39.90,7.9800,true,1,71347
43427199001,false,חומץ תפוחים אורגני,אקווינאל אס. אל.,ES,חומץ תפוחים אורגני,מיליליטרים,500.00,"100 מ""ל",false,,16.90,3.3800,true,1,77261
43427240017,false,חומץ בלסמי אורגני לי,ליברס,US,חומץ בלסמי אורגני לי,מיליליטרים,500.00,"100 מ""ל",false,,19.90,3.9800,true,1,76605
43427245005,false,"מחית תפו""ע עם פקק לי",ליברס,US,"מחית תפו""ע עם פקק לי",גרמים,360.00,100 גרם,false,,11.90,3.3056,true,1,77264
43427246002,false,"מחית תפו""ע ללא סוכר",ליברס,US,"מחית תפו""ע ללא סוכר",גרמים,360.00,100 גרם,false,,11.90,3.3056,true,1,77262
43427247009,false,"מחית תפו""ע ותות עם פ",ליברס,US,"מחית תפו""ע ותות עם פ",גרמים,360.00,100 גרם,false,,11.90,3.3056,true,1,78631
43427271004,false,חומץ טבעי 5% ליברס 4,ליברס,US,חומץ טבעי 5% ליברס 4,מיליליטרים,473.00,"100 מ""ל",false,,4.90,1.0359,true,1,71348
44164102385,false,נרונים 4 שעות שרגא 7,שרגא שווק ויצור נרות,IL,נרונים 4 שעות שרגא 7,Unknown,0.00,יחידה,false,,25.90,0.0000,true,1,2273
44164102453,false,נרונים 6 שעות שרגא 7,שרגא שווק ויצור נרות,IL,נרונים 6 שעות שרגא 7,Unknown,0.00,יחידה,false,,31.90,0.0000,true,1,2274
44164234345,false,שמן פראפין למאור סגו,שרגא שווק ויצור נרות,IL,שמן פראפין למאור סגו,קילוגרמים,1.00,ליטר,false,,19.90,19.9000,true,1,74594
44164267695,false,שמן פראפין למאור אדו,שרגא שווק ויצור נרות,IL,שמן פראפין למאור אדו,קילוגרמים,1.00,ליטר,false,,19.90,19.9000,true,1,74596
44164290129,false,שמן פראפין למאור שקו,שרגא שווק ויצור נרות,IL,שמן פראפין למאור שקו,קילוגרמים,1.00,ליטר,false,,19.90,19.9000,true,1,74597
44164290907,false,שמן פראפין למאור צהו,שרגא שווק ויצור נרות,IL,שמן פראפין למאור צהו,קילוגרמים,1.00,ליטר,false,,19.90,19.9000,true,1,74598
44164369962,false,נר זכרון 9 ימים שרגא,שרגא שווק ויצור נרות,IL,נר זכרון 9 ימים שרגא,Unknown,0.00,יחידה,false,,11.90,0.0000,true,1,50564
48256219456,false,תרסיס אסטוניש לניקוי,יעקב יעקובי,IL,תרסיס אסטוניש לניקוי,מיליליטרים,750.00,"100 מ""ל",false,,9.90,1.3200,true,1,75966
48256296181,false,תרסיס אסטוניש לניקוי,יעקב יעקובי,IL,תרסיס אסטוניש לניקוי,מיליליטרים,750.00,"100 מ""ל",false,,9.90,1.3200,true,1,75967
48256297164,false,תרסיס אסטוניש לניקוי,יעקב יעקובי,IL,תרסיס אסטוניש לניקוי,מיליליטרים,750.00,"100 מ""ל",false,,9.90,1.3200,true,1,48303
48256299557,false,תרסיס אסטוניש מסיר ע,יעקב יעקובי,IL,תרסיס אסטוניש מסיר ע,מיליליטרים,750.00,"100 מ""ל",false,,9.90,1.3200,true,1,48304
64144090020,false,תרסיס שמן זית פאם 14,קונגרה,,תרסיס שמן זית פאם 14,מיליליטרים,148.00,"100 מ""ל",false,,13.90,9.3919,true,1,25986
64144090051,false,תרסיס שמן קנולה פאם,קונגרה,,תרסיס שמן קנולה פאם,מיליליטרים,148.00,"100 מ""ל",false,,13.90,9.3919,true,1,38201
70970471254,false,סוכריות ג'לי פירות מ,גאסט בורן,US,סוכריות ג'לי פירות מ,גרמים,141.00,100 גרם,false,,8.90,6.3121,true,1,68313
70970471261,false,סוכריות ג'לי טרופי,גאסט בורן,US,סוכריות ג'לי טרופי,גרמים,141.00,100 גרם,false,,8.90,6.3121,true,1,69796
70970471278,false,סוכריות ג'לי אוכמניו,גאסט בורן,US,סוכריות ג'לי אוכמניו,גרמים,141.00,100 גרם,false,,8.90,6.3121,true,1,69797
70970471285,false,סוכריות ג'לי רד רייג,גאסט בורן,US,סוכריות ג'לי רד רייג,גרמים,141.00,100 גרם,false,,8.90,6.3121,true,1,70819
70970471308,false,סוכריות ג'לי ענבים מ,גאסט בורן,US,סוכריות ג'לי ענבים מ,גרמים,141.00,100 גרם,false,,8.90,6.3121,true,1,71985
70970473562,false,סוכריות ג'לי מגה מיק,גאסט בורן,US,סוכריות ג'לי מגה מיק,גרמים,141.00,100 גרם,false,,8.90,6.3121,true,1,68314
70970473609,false,סוכריות ג'לי מגה מיק,גאסט בורן,US,סוכריות ג'לי מגה מיק,גרמים,141.00,100 גרם,false,,8.90,6.3121,true,1,68315
73490132346,false,משקה ענבים קונקורד ל,קדם,IL,משקה ענבים קונקורד ל,קילוגרמים,2.84,ליטר,false,,37.90,13.3451,true,1,54590
73490153396,false,מיץ ענבים מוגז קונקו,קדם,IL,מיץ ענבים מוגז קונקו,מיליליטרים,750.00,"100 מ""ל",false,,17.90,2.3867,true,1,17217
73490154027,false,מיץ ענבים גאולה 2.84,קדם,IL,מיץ ענבים גאולה 2.84,קילוגרמים,2.84,ליטר,false,,37.90,13.3451,true,1,29304
73490154317,false,מיץ ענבים לבן גאולה,,,מיץ ענבים לבן גאולה,קילוגרמים,1.89,ליטר,false,,27.20,14.3915,true,1,69126
75442100250,false,בונבוניירה פרוגרס קפ,תות ממתקי איכות,IL,בונבוניירה פרוגרס קפ,גרמים,135.00,100 גרם,false,,11.90,8.8148,true,1,17694
77245110610,false,סוכריות מאסט מנטה 80,שטראוס,IL,סוכריות מאסט מנטה 80,גרמים,80.00,100 גרם,false,,6.90,8.6250,true,1,3892
77975036976,false,מטבל עגבניות סלסה בח,שניידרס,US,מטבל עגבניות סלסה בח,גרמים,439.00,100 גרם,false,,16.90,3.8497,true,1,75597
77975036983,false,מטבל עגבניות סלסה חר,שניידרס,US,מטבל עגבניות סלסה חר,גרמים,439.00,100 גרם,false,,16.90,3.8497,true,1,75598
80432400432,false,ויסקי שיבאס 12 שנה 1,מזקקת האחים שיבאס,,ויסקי שיבאס 12 שנה 1,קילוגרמים,1.00,ליטר,false,,139.90,139.9000,true,1,57466
85000019504,false,וודקה ניו אמסטרדם  4,גאלו,US,וודקה ניו אמסטרדם  4,קילוגרמים,1.00,ליטר,false,,64.90,64.9000,true,1,68075
87752005644,false,יין ברטנורא מוסקטו,מיסזקו אס.איי,IT,יין ברטנורא מוסקטו,מיליליטרים,750.00,"100 מ""ל",false,,48.90,6.5200,true,1,19466
87752014271,false,יין ברטנורא רוסו טוס,מיסזקו אס.איי,IT,יין ברטנורא רוסו טוס,מיליליטרים,750.00,"100 מ""ל",false,,34.90,4.6533,true,1,26096
87752017234,false,ליקר שמרלינג קפה 750,ביקלס,IT,ליקר שמרלינג קפה 750,מיליליטרים,750.00,"100 מ""ל",false,,89.90,11.9867,true,1,66970
96619084104,false,רוטב סלסה אורגניק קי,קוסקו הולסייל,US,רוטב סלסה אורגניק קי,פריט,1.08,"ק""ג",false,,29.90,27.6852,true,1,76173
96619115471,false,קפסולות ג'ל כביסה או,מקברייד,BE,קפסולות ג'ל כביסה או,גרמים,882.00,100 גרם,false,,44.90,5.0907,true,1,79626
96619164998,false,פלפל שחור גרוס קירקל,קוסקו הולסייל,US,פלפל שחור גרוס קירקל,גרמים,359.00,100 גרם,false,,19.90,5.5432,true,1,68590
96619194025,false,נייר אפיה קירקלנד 50,קוסקו הולסייל,US,נייר אפיה קירקלנד 50,מטרים,50.00,מטר,false,,39.90,0.7980,true,1,76754
96619194162,false,נוזל כביסה בניחוח לב,קוסקו הולסייל,US,נוזל כביסה בניחוח לב,קילוגרמים,5.73,ליטר,false,,69.90,12.1990,true,1,70497
96619199914,false,וודקה קירקלנד 1.75 ל,,,וודקה קירקלנד 1.75 ל,קילוגרמים,1.75,ליטר,false,,99.90,57.0857,true,1,43707
96619206841,false,תרסיס שמן קנולה קירק,,,תרסיס שמן קנולה קירק,מיליליטרים,394.00,"100 מ""ל",false,,19.90,5.0508,true,1,64034
96619215645,false,שקיות אשפה ענק קירקל,,,שקיות אשפה ענק קירקל,Unknown,0.00,יחידה,false,,99.90,0.0000,true,1,62842
96619316809,false,נייר אלומניום עבה 30,,,נייר אלומניום עבה 30,מטרים,304.00,מטר,false,,129.90,0.4273,true,1,37259
96619321063,false,מיקס אגוזים קירקלנד,,,מיקס אגוזים קירקלנד,פריט,1.13,"ק""ג",false,,89.90,79.5575,true,1,37885
96619332717,false,מלח גס ים תיכוני עם,קוסקו הולסייל,US,מלח גס ים תיכוני עם,גרמים,737.00,100 גרם,false,,14.90,2.0217,true,1,68588
96619332724,false,פלפל שחור שלם עם מטח,קוסקו הולסייל,US,פלפל שחור שלם עם מטח,גרמים,356.00,100 גרם,false,,19.90,5.5899,true,1,68589
96619338696,false,קמח שקדים קירקלנד 1.,הוגסטון נט אי אן סי,US,קמח שקדים קירקלנד 1.,פריט,1.36,"ק""ג",false,,79.90,58.7500,true,1,79521
96619365395,false,כורכום קירקלנד 340 ג,קוסקו הולסייל,US,כורכום קירקלנד 340 ג,גרמים,340.00,100 גרם,false,,19.90,5.8529,true,1,71418
97643044546,false,שוקולד שמרלינג מריר,,,שוקולד שמרלינג מריר,גרמים,100.00,100 גרם,false,,11.50,11.5000,true,1,19779
97643044560,false,שוקולד שמרלינג מריר,,,שוקולד שמרלינג מריר,גרמים,100.00,100 גרם,false,,11.50,11.5000,true,1,65986
97643051445,false,שוקולד שמרלינג פרלין,,,שוקולד שמרלינג פרלין,גרמים,100.00,100 גרם,false,,11.50,11.5000,true,1,19772
97643070040,false,שוקולד שמרלינג לבן ש,,,שוקולד שמרלינג לבן ש,גרמים,100.00,100 גרם,false,,11.50,11.5000,true,1,19775
97643070248,false,שוקולד שמרלינג לבן פ,,,שוקולד שמרלינג לבן פ,גרמים,100.00,100 גרם,false,,11.50,11.5000,true,1,19770
97643082142,false,שוקולד שמרלינג קידס,,,שוקולד שמרלינג קידס,גרמים,100.00,100 גרם,false,,11.50,11.5000,true,1,19767
97643082449,false,שוקולד שמרלינג פרלין,,,שוקולד שמרלינג פרלין,גרמים,100.00,100 גרם,false,,11.50,11.5000,true,1,19768
97643082548,false,שוקולד שמרלינג מריר,,,שוקולד שמרלינג מריר,גרמים,100.00,100 גרם,false,,11.50,11.5000,true,1,19769
97643083040,false,שוקולד שמרלינג פרלין,,,שוקולד שמרלינג פרלין,גרמים,100.00,100 גרם,false,,11.50,11.5000,true,1,19766
97643083859,false,שוקולד שמרלינג קרמל,,,שוקולד שמרלינג קרמל,גרמים,100.00,100 גרם,false,,11.50,11.5000,true,1,49644
97643084047,false,שוקולד שמרלינג פרלין,,,שוקולד שמרלינג פרלין,גרמים,100.00,100 גרם,false,,11.50,11.5000,true,1,19771
97643090345,false,שוקולד שמרלינג חלב ל,,,שוקולד שמרלינג חלב ל,גרמים,100.00,100 גרם,false,,13.90,13.9000,true,1,32303
97643090444,false,שוקולד שמרלינג פרווה,,,שוקולד שמרלינג פרווה,גרמים,100.00,100 גרם,false,,13.90,13.9000,true,1,32304
183837123408,false,אורז בסמטי אוצרות הו,צימאן לטל סטיה,IN,אורז בסמטי אוצרות הו,פריט,5.00,"ק""ג",false,,29.90,5.9800,true,1,68610
194961000411,false,ממרח שוקולד וניל שני,SHNEIDER'S,NL,ממרח שוקולד וניל שני,גרמים,700.00,100 גרם,false,,21.90,3.1286,true,1,69867
194961000428,false,ממרח שוקולד חלבי שני,SHNEIDER'S,NL,ממרח שוקולד חלבי שני,גרמים,700.00,100 גרם,false,,21.90,3.1286,true,1,69868
194961001524,false,"מחית פרי תפו""ע לל""ס",שניידרס,FR,"מחית פרי תפו""ע לל""ס",גרמים,360.00,100 גרם,false,,12.90,3.5833,true,1,78278
194961001531,false,"מחית פרי תפו""ע  ותות",שניידרס,FR,"מחית פרי תפו""ע  ותות",גרמים,360.00,100 גרם,false,,12.90,3.5833,true,1,78279
305215251002,false,צמרוני אוזניים קיו ט,יוניליוור,US,צמרוני אוזניים קיו ט,Unknown,0.00,יחידה,false,,19.90,0.0000,true,1,60432
308910525744,false,אטריות אורז דקות מזר,ליאן תאי רייס,TH,אטריות אורז דקות מזר,מיליליטרים,454.00,"100 מ""ל",false,,9.90,2.1806,true,1,65152
675470000142,false,נייר אפיה קשת 72 יח,טופ פלסט 2002 בעמ,IL,נייר אפיה קשת 72 יח,Unknown,0.00,יחידה,false,,9.90,0.0000,true,1,44262
681131129855,false,בירה פילזנר שלוס קרו,מבשלת מרטנס,BE,בירה פילזנר שלוס קרו,מיליליטרים,500.00,"100 מ""ל",false,,4.90,0.9800,true,1,74416
693493001007,false,תרסיס ניקוי גאון בני,אריסטוקרט,IL,תרסיס ניקוי גאון בני,מיליליטרים,350.00,"100 מ""ל",false,,18.90,5.4000,true,1,60253
693493034456,false,סרדין מרוקאי בשמן זי,אטלנטיק הום סרדינס א,MA,סרדין מרוקאי בשמן זי,גרמים,125.00,100 גרם,false,,5.90,4.7200,true,1,66101
693493034470,false,פילה מקרל בשמן סויה,,,פילה מקרל בשמן סויה,גרמים,125.00,100 גרם,false,,5.90,4.7200,true,1,66910
693493034487,false,פילה סרדין בשמן זית,אטלנטיק הום סרדינס א,MA,פילה סרדין בשמן זית,גרמים,125.00,100 גרם,false,,6.50,5.2000,true,1,66103
693493034494,false,פילה אנשובי בשמן חמנ,פטינה פוד,MA,פילה אנשובי בשמן חמנ,גרמים,100.00,100 גרם,false,,12.90,12.9000,true,1,65093
693493034500,false,פילה אנשובי 50 גרם,,,פילה אנשובי 50 גרם,גרמים,50.00,100 גרם,false,,5.90,11.8000,true,1,68246
693493034517,false,אנשובי וצלפים בשמן ח,פטינה פוד,MA,אנשובי וצלפים בשמן ח,גרמים,50.00,100 גרם,false,,5.90,11.8000,true,1,68247
693493034524,false,מארז פילה אנשובי בשמ,פאטינה פוד,MA,מארז פילה אנשובי בשמ,גרמים,200.00,100 גרם,false,,21.90,10.9500,true,1,74579
693493084949,false,שמן קנולה אורו 1 ליט,קובנסקי אלווטו,RU,שמן קנולה אורו 1 ליט,קילוגרמים,1.00,ליטר,false,,8.90,8.9000,true,1,68189
693493089340,false,ויטמין C לא חומצי +,,,ויטמין C לא חומצי +,Unknown,0.00,יחידה,false,,59.90,0.0000,true,1,74391
693493089395,false,"ויטמין B12 מק""ג 1000",,,"ויטמין B12 מק""ג 1000",Unknown,0.00,יחידה,false,,59.90,0.0000,true,1,74393
693493089463,false,דובוני ויטמין D לילד,,,דובוני ויטמין D לילד,Unknown,0.00,יחידה,false,,39.90,0.0000,true,1,74419
693493089470,false,דובוני ויטמין C לילד,,,דובוני ויטמין C לילד,Unknown,0.00,יחידה,false,,39.90,0.0000,true,1,74420
693493089487,false,דובוני מולטי ויטמין,,,דובוני מולטי ויטמין,Unknown,0.00,יחידה,false,,39.90,0.0000,true,1,74399
693493089494,false,דגי אומגה 3 לילדים א,,,דגי אומגה 3 לילדים א,Unknown,0.00,יחידה,false,,39.90,0.0000,true,1,74400
693493089685,false,תוסף ברזל נוזלי אקסט,,,תוסף ברזל נוזלי אקסט,Unknown,0.00,יחידה,false,,59.90,0.0000,true,1,79110
710069305168,false,רסק תפוחים תות גפן 6,,,רסק תפוחים תות גפן 6,גרמים,672.00,100 גרם,false,,15.90,2.3661,true,1,23219
710069812147,false,"רסק תפו""ע גפן 1.36 ק",,,"רסק תפו""ע גפן 1.36 ק",פריט,1.36,"ק""ג",false,,19.90,14.6324,true,1,71769
710069812178,false,רסק תפוחים ללא סוכר,,,רסק תפוחים ללא סוכר,גרמים,672.00,100 גרם,false,,15.90,2.3661,true,1,73692
712963001801,false,עלי שוקולד מריר גרוס,,,עלי שוקולד מריר גרוס,גרמים,125.00,100 גרם,false,,16.90,13.5200,true,1,5983
712963001818,false,עלי שוקולד מריר תפוז,,,עלי שוקולד מריר תפוז,גרמים,125.00,100 גרם,false,,16.90,13.5200,true,1,33887
712963001832,false,עלי שוקולד חלב גרוס,,,עלי שוקולד חלב גרוס,גרמים,125.00,100 גרם,false,,16.90,13.5200,true,1,33884
712963001849,false,עלי שוקולד חלב אגוזי,,,עלי שוקולד חלב אגוזי,גרמים,125.00,100 גרם,false,,16.90,13.5200,true,1,33885
712963004482,false,עלי שוקולד חלב קרמל,,,עלי שוקולד חלב קרמל,גרמים,125.00,100 גרם,false,,16.90,13.5200,true,1,64433
712963004758,false,שוקולד גרוס חלב במיל,גרוסליין,HR,שוקולד גרוס חלב במיל,גרמים,100.00,100 גרם,false,,7.90,7.9000,true,1,77745
712963004772,false,שוקולד גרוס חלב במיל,גרוסליין,HR,שוקולד גרוס חלב במיל,גרמים,100.00,100 גרם,false,,7.90,7.9000,true,1,77746
712963004956,false,שוקולד גרוס חלב 90 ג,גרוסליין,HR,שוקולד גרוס חלב 90 ג,גרמים,90.00,100 גרם,false,,4.90,5.4444,true,1,64725
712963004970,false,שוקולד מריר 60% גרוס,זוקו,,שוקולד מריר 60% גרוס,גרמים,90.00,100 גרם,false,,4.90,5.4444,true,1,64727
712963005441,false,שוקולד GO גרוס במילו,גרוסליין,HR,שוקולד GO גרוס במילו,גרמים,80.00,100 גרם,false,,6.80,8.5000,true,1,77798
712963005472,false,שוקולד GO גרוס במילו,גרוסליין,HR,שוקולד GO גרוס במילו,גרמים,80.00,100 גרם,false,,6.80,8.5000,true,1,77799
712963005502,false,שוקולד GO גרוס במילו,גרוסליין,HR,שוקולד GO גרוס במילו,גרמים,80.00,100 גרם,false,,6.80,8.5000,true,1,77800
712963005557,false,"שוקולד גרוס חלב ללת""",גרוסליין,HR,"שוקולד גרוס חלב ללת""",גרמים,100.00,100 גרם,false,,14.90,14.9000,true,1,78318
712963005564,false,שוקולד גרוס לבן עם ש,גרוסליין,HR,שוקולד גרוס לבן עם ש,גרמים,100.00,100 גרם,false,,14.90,14.9000,true,1,78319
712963005588,false,שוקולד גרוס מריר ללת,גרוסליין,HR,שוקולד גרוס מריר ללת,גרמים,100.00,100 גרם,false,,14.90,14.9000,true,1,78320
712963005601,false,שוקולד גרוס חלב עם ש,גרוסליין,HR,שוקולד גרוס חלב עם ש,גרמים,100.00,100 גרם,false,,14.90,14.9000,true,1,78321
712963005618,false,שוקולד גרוס חלב במיל,גרוסליין,HR,שוקולד גרוס חלב במיל,גרמים,100.00,100 גרם,false,,14.90,14.9000,true,1,78322
712963005625,false,שוקולד גרוס מריר במי,גרוסליין,HR,שוקולד גרוס מריר במי,גרמים,100.00,100 גרם,false,,14.90,14.9000,true,1,78323
712963005755,false,שוקולד גרוס חלב במיל,גרוסליין,HR,שוקולד גרוס חלב במיל,גרמים,100.00,100 גרם,false,,7.90,7.9000,true,1,77744
712963005922,false,עלי שוקולד מריר מנטה,,,עלי שוקולד מריר מנטה,גרמים,125.00,100 גרם,false,,16.90,13.5200,true,1,80226
722776001509,false,ממתיק ספלנדה 1200 יח,,,ממתיק ספלנדה 1200 יח,פריט,1.20,"ק""ג",false,,129.90,108.2500,true,1,52526
722776002445,false,מארז ממתיק ספלנדה שק,,,מארז ממתיק ספלנדה שק,גרמים,715.00,100 גרם,false,,89.90,12.5734,true,1,57519
732973006009,false,קציצות דג וויט פיש א,Ocean Gourmet,US,קציצות דג וויט פיש א,גרמים,624.00,100 גרם,false,,34.90,5.5929,true,1,17406
736040018735,false,וודקה רוסקי סטנדרט 1,,RU,וודקה רוסקי סטנדרט 1,קילוגרמים,1.00,ליטר,false,,89.90,89.9000,true,1,74372
753182231761,false,משקה אנרגיה בלו סיקס,אקווה ויט,PL,משקה אנרגיה בלו סיקס,מיליליטרים,250.00,"100 מ""ל",false,,4.50,1.8000,true,1,16404
768404001640,false,גלידת שמנת בן אנד גר,מוצרי איכות אמריקאיי,IL,גלידת שמנת בן אנד גר,מיליליטרים,500.00,"100 מ""ל",false,,17.50,3.5000,true,1,59014
769904000607,false,"שקדי מרק משובח כל""פ",גיי אפ פי ייצור מזון,IL,"שקדי מרק משובח כל""פ",גרמים,200.00,100 גרם,false,,5.90,2.9500,true,1,13530
769904001116,false,פתיתים קוסקוס משובח,גיי אפ פי ייצור מזון,IL,פתיתים קוסקוס משובח,גרמים,200.00,100 גרם,false,,4.90,2.4500,true,1,20076
811146030383,false,סוכריות קשות בצורת ס,פרימיום פודס,CN,סוכריות קשות בצורת ס,גרמים,180.00,100 גרם,false,,11.90,6.6111,true,1,64373
811146030390,false,סוכריות קשות בצורת ש,פרימיום פודס,CN,סוכריות קשות בצורת ש,גרמים,180.00,100 גרם,false,,11.90,6.6111,true,1,64374
811146030666,false,לקקן טוויסטי פופ בור,פרימיום פודס,CN,לקקן טוויסטי פופ בור,גרמים,408.00,100 גרם,false,,29.90,7.3284,true,1,64269
811146030680,false,לקקן טוויסטי פופ עגו,פרימיום פודס,CN,לקקן טוויסטי פופ עגו,גרמים,408.00,100 גרם,false,,29.90,7.3284,true,1,64271
811146030697,false,לקקן טוויסטי פופ כוכ,פרימיום פודס,CN,לקקן טוויסטי פופ כוכ,Unknown,0.00,יחידה,false,,29.90,0.0000,true,1,64272
811146030741,false,לקקן בטעם פירות לילו,גואנגדונג צאואן פוד,CN,לקקן בטעם פירות לילו,גרמים,150.00,100 גרם,false,,11.90,7.9333,true,1,70611
811146031007,false,לקקן טוויסטי פופ לב,פרימיום פודס,CN,לקקן טוויסטי פופ לב,גרמים,408.00,100 גרם,false,,29.90,7.3284,true,1,79749
835811000068,false,מגבוני טואלט קשת 3*4,עלבד משואות יצחק,IL,מגבוני טואלט קשת 3*4,Unknown,0.00,יחידה,false,,11.90,0.0000,true,1,63602
835811000075,false,עדשים ירוקות הנמל 1.,הנמל,IL,עדשים ירוקות הנמל 1.,פריט,1.20,"ק""ג",false,,13.90,11.5833,true,1,67800
835811000099,false,עדשים אדומות הנמל 1.,הנמל,IL,עדשים אדומות הנמל 1.,פריט,1.20,"ק""ג",false,,13.90,11.5833,true,1,67801
835811000112,false,שעועית לחמין הנמל 1.,הנמל,IL,שעועית לחמין הנמל 1.,פריט,1.20,"ק""ג",false,,14.90,12.4167,true,1,67807
835811000136,false,"כוסמת הנמל 1.2 ק""ג",הנמל,IL,"כוסמת הנמל 1.2 ק""ג",פריט,1.20,"ק""ג",false,,12.90,10.7500,true,1,67802
835811000143,false,מפת ניילון בגליל 1.5,,IL,מפת ניילון בגליל 1.5,Unknown,0.00,יחידה,false,,29.90,0.0000,true,1,76753
835811000150,false,"בורגול הנמל 1.2 ק""ג",הנמל,IL,"בורגול הנמל 1.2 ק""ג",פריט,1.20,"ק""ג",false,,8.90,7.4167,true,1,67803
835811000174,false,שעועית לבנה הנמל 1.2,הנמל,IL,שעועית לבנה הנמל 1.2,פריט,1.20,"ק""ג",false,,9.90,8.2500,true,1,67808
835811000204,false,צמרוני אזניים עץ הנמ,גרנג יוניברס,CN,צמרוני אזניים עץ הנמ,Unknown,0.00,יחידה,false,,4.90,0.0000,true,1,62441
835811000228,false,"חומוס הנמל 1.2 ק""ג",הנמל,IL,"חומוס הנמל 1.2 ק""ג",פריט,1.20,"ק""ג",false,,9.90,8.2500,true,1,67811
835811000280,false,גריסי פנינה הנמל 1.2,הנמל,IL,גריסי פנינה הנמל 1.2,פריט,1.20,"ק""ג",false,,9.90,8.2500,true,1,67804
835811000303,false,"אפונה הנמל 1.2 ק""ג",הנמל,IL,"אפונה הנמל 1.2 ק""ג",פריט,1.20,"ק""ג",false,,8.90,7.4167,true,1,67805
835811000310,false,ספוג לניקוי קשת 4 יח,,IL,ספוג לניקוי קשת 4 יח,Unknown,0.00,יחידה,false,,10.90,0.0000,true,1,65123
835811000327,false,חומוס ענק הנמל 1.2 ק,הנמל,IL,חומוס ענק הנמל 1.2 ק,פריט,1.20,"ק""ג",false,,21.90,18.2500,true,1,67810
835811000334,false,ספוגיות לניקוי קשת 1,סדובסקי,IL,ספוגיות לניקוי קשת 1,Unknown,0.00,יחידה,false,,10.90,0.0000,true,1,65121
835811000341,false,"חיטה הנמל 1.2 ק""ג",הנמל,IL,"חיטה הנמל 1.2 ק""ג",פריט,1.20,"ק""ג",false,,8.90,7.4167,true,1,67806
835811000358,false,מטליות לניקוי כללי מ,סדובסקי,IL,מטליות לניקוי כללי מ,Unknown,0.00,יחידה,false,,19.90,0.0000,true,1,65695
835811000365,false,מטליות רצפה מיקרופיי,סדובסקי,IL,מטליות רצפה מיקרופיי,Unknown,0.00,יחידה,false,,29.90,0.0000,true,1,65696
835811000372,false,שקיות הקפאה עבות הנמ,זמזמ תעשיות פלסטיק,IL,שקיות הקפאה עבות הנמ,Unknown,0.00,יחידה,false,,9.90,0.0000,true,1,61101
835811000389,false,שקיות אוכל עבות הנמל,זמזמ תעשיות פלסטיק,IL,שקיות אוכל עבות הנמל,Unknown,0.00,יחידה,false,,9.90,0.0000,true,1,61102
835811000396,false,נייר אפיה לתבנית מאו,,CN,נייר אפיה לתבנית מאו,Unknown,0.00,יחידה,false,,9.90,0.0000,true,1,63874
835811000464,false,תמצית רום הנמל 250 מ,,IL,תמצית רום הנמל 250 מ,מיליליטרים,250.00,"100 מ""ל",false,,8.90,3.5600,true,1,61542
835811000471,false,תמצית בטעם וניל הנמל,,IL,תמצית בטעם וניל הנמל,מיליליטרים,250.00,"100 מ""ל",false,,8.90,3.5600,true,1,61543
835811000501,false,סירופ מייפל 100% דלי,פרסטייל מייפל,CA,סירופ מייפל 100% דלי,גרמים,250.00,100 גרם,false,,21.90,8.7600,true,1,79509
835811000518,false,תמצית וניל טהור הנמל,,IL,תמצית וניל טהור הנמל,מיליליטרים,29.00,"100 מ""ל",false,,21.90,75.5172,true,1,79611
835811000549,false,מגבוני טואלט מועשר ב,עלבד משואות יצחק,IL,מגבוני טואלט מועשר ב,Unknown,0.00,יחידה,false,,11.90,0.0000,true,1,80013
835811000693,false,כוסיות לחיים מרובעות,ביירט,CN,כוסיות לחיים מרובעות,Unknown,0.00,יחידה,false,,17.90,0.0000,true,1,62855
835811000709,false,מטליות לניקוי רצפה ק,,,מטליות לניקוי רצפה ק,Unknown,0.00,יחידה,false,,6.90,0.0000,true,1,62456
835811000723,false,נרות חימום 100 יח הנ,מולר פבריקה נרות,PL,נרות חימום 100 יח הנ,Unknown,0.00,יחידה,false,,17.90,0.0000,true,1,62442
835811000747,false,מזלגות איכותיות קרם,מיקרו,TR,מזלגות איכותיות קרם,Unknown,0.00,יחידה,false,,19.90,0.0000,true,1,62925
835811000754,false,כפות איכותיות קרם בל,מיקרו,TR,כפות איכותיות קרם בל,Unknown,0.00,יחידה,false,,19.90,0.0000,true,1,62926
835811000761,false,כפיות איכותיות קרם ב,מיקרו,TR,כפיות איכותיות קרם ב,Unknown,0.00,יחידה,false,,19.90,0.0000,true,1,62927
835811000785,false,מזלגות איכותיות שקוף,מיקרו,TR,מזלגות איכותיות שקוף,Unknown,0.00,יחידה,false,,19.90,0.0000,true,1,62929
835811000792,false,כפות איכותיות שקוף ב,מיקרו,TR,כפות איכותיות שקוף ב,Unknown,0.00,יחידה,false,,19.90,0.0000,true,1,62930
835811000808,false,כפיות איכותיות שקוף,מיקרו,TR,כפיות איכותיות שקוף,Unknown,0.00,יחידה,false,,19.90,0.0000,true,1,62931
835811000815,false,סכינים איכותיים שקוף,מיקרו,TR,סכינים איכותיים שקוף,Unknown,0.00,יחידה,false,,19.90,0.0000,true,1,62924
835811000860,false,מפיות מודפסות תלת שכ,דקו פרינט,DE,מפיות מודפסות תלת שכ,Unknown,0.00,יחידה,false,,9.90,0.0000,true,1,64697
835811000907,false,כוסות יין מעוטרות כס,,TR,כוסות יין מעוטרות כס,Unknown,0.00,יחידה,false,,7.90,0.0000,true,1,68349
835811001096,false,סוכריות לקישוט מיני,ממתקי עלה,IL,סוכריות לקישוט מיני,גרמים,400.00,100 גרם,false,,17.90,4.4750,true,1,65365
835811001232,false,נייר אפיה לתבנית עגו,,CN,נייר אפיה לתבנית עגו,Unknown,0.00,יחידה,false,,9.90,0.0000,true,1,71220
835811001300,false,סט אירוח צלחות ונציה,מיקרון מקינה,TR,סט אירוח צלחות ונציה,Unknown,0.00,יחידה,false,,36.90,0.0000,true,1,68149
835811001355,false,כוסות מרובעות בלו שי,בי רייט,CN,כוסות מרובעות בלו שי,Unknown,0.00,יחידה,false,,29.90,0.0000,true,1,68461
835811001409,false,"תבנית ח""פ עבה רוסטר",אופל אריזות בעמ,IL,"תבנית ח""פ עבה רוסטר",Unknown,0.00,יחידה,false,,19.90,0.0000,true,1,71487
835811001416,false,"תבנית ח""פ עבה לחלה 1",אופל אריזות בעמ,IL,"תבנית ח""פ עבה לחלה 1",Unknown,0.00,יחידה,false,,19.90,0.0000,true,1,71488
835811001423,false,"תבנית ח""פ עבה רוסטר",אופל אריזות בעמ,IL,"תבנית ח""פ עבה רוסטר",Unknown,0.00,יחידה,false,,19.90,0.0000,true,1,71489
835811001430,false,"תבנית ח""פ עבה רוסטר",אופל אריזות בעמ,IL,"תבנית ח""פ עבה רוסטר",Unknown,0.00,יחידה,false,,19.90,0.0000,true,1,71490
835811001454,false,גפרורים ארוך מאוד הנ,נור,SE,גפרורים ארוך מאוד הנ,Unknown,0.00,יחידה,false,,9.90,0.0000,true,1,71771
835811001461,false,גפרורים בינוני הנרות,,IL,גפרורים בינוני הנרות,Unknown,0.00,יחידה,false,,5.90,0.0000,true,1,72246
835811001621,false,"קינואה הנמל 1.2 ק""ג",הנמל,IL,"קינואה הנמל 1.2 ק""ג",פריט,1.20,"ק""ג",false,,19.90,16.5833,true,1,70586
835811001713,false,ניילון נצמד הנמל 150,ווינפאק סחר בעמ,IL,ניילון נצמד הנמל 150,מטרים,150.00,מטר,false,,14.90,0.0993,true,1,44331
835811001805,false,כוס קינוח אלגנטית +,מיקרו,CN,כוס קינוח אלגנטית +,Unknown,0.00,יחידה,false,,11.90,0.0000,true,1,42701
835811001812,false,כוס קינוח אלגנטית +,,,כוס קינוח אלגנטית +,Unknown,0.00,יחידה,false,,11.90,0.0000,true,1,42702
835811001928,false,תבניות אישיות לאפיה,בי רייט,CN,תבניות אישיות לאפיה,Unknown,0.00,יחידה,false,,6.90,0.0000,true,1,36569
835811001935,false,תבניות אישיות לאפיה,בי רייט,CN,תבניות אישיות לאפיה,Unknown,0.00,יחידה,false,,6.90,0.0000,true,1,36570
835811002246,false,מאפינס צבעוני 200 יח,יונק,,מאפינס צבעוני 200 יח,Unknown,0.00,יחידה,false,,7.90,0.0000,true,1,50685
835811002253,false,מאפינס צבעוני 200 יח,יונק,,מאפינס צבעוני 200 יח,Unknown,0.00,יחידה,false,,6.90,0.0000,true,1,50684
835811002277,false,שיפודי במבוק עבים הנ,גרנג יוניברס,CN,שיפודי במבוק עבים הנ,Unknown,0.00,יחידה,false,,5.90,0.0000,true,1,72652
835811002406,false,מטליות רצפה מותאם למ,עופרטקס תעשיות 1997,IL,מארז מטליות רצפה מתלבשות על מגב 10 יח,Unknown,0.00,יחידה,false,1,19.90,0.0000,true,1,45735
835811002451,false,נרות צבעוני 6 שעות 2,מולר פבריקה נרות,PL,נרות צבעוני 6 שעות 2,Unknown,0.00,יחידה,false,,12.90,0.0000,true,1,44852
835811002628,false,ופל קראנץ עלמה 60 יח,גילרו,IL,ופל קראנץ עלמה 60 יח,גרמים,720.00,100 גרם,false,,17.90,2.4861,true,1,69914
835811002710,false,סט מרקיות ולפתניות צ,מיקרון מקינה,TR,סט מרקיות ולפתניות צ,Unknown,0.00,יחידה,false,,34.90,0.0000,true,1,70915
835811002970,false,סט אירוח צלחות ונציה,מיקרון מקינה,TR,סט אירוח צלחות ונציה,Unknown,0.00,יחידה,false,,36.90,0.0000,true,1,72031
835811002987,false,סט אירוח צלחות ונציה,מיקרון מקינה,TR,סט אירוח צלחות ונציה,Unknown,0.00,יחידה,false,,36.90,0.0000,true,1,72032
835811003007,false,סט מרקיות ולפתניות צ,מיקרון מקינה,TR,סט מרקיות ולפתניות צ,Unknown,0.00,יחידה,false,,34.90,0.0000,true,1,72034
835811003106,false,כפות הגשה מפלסטיק שק,מיקרון מקינה,TR,כפות הגשה מפלסטיק שק,Unknown,0.00,יחידה,false,,12.90,0.0000,true,1,76787
835811003113,false,מזלגות איכותיות שקוף,מיקרו,TR,מזלגות איכותיות שקוף,Unknown,0.00,יחידה,false,,19.90,0.0000,true,1,73192
835811003120,false,כפות איכותיות שקוף נ,מיקרו,TR,כפות איכותיות שקוף נ,Unknown,0.00,יחידה,false,,19.90,0.0000,true,1,73193
835811003137,false,כפיות איכותיות שקוף,מיקרו,TR,כפיות איכותיות שקוף,Unknown,0.00,יחידה,false,,19.90,0.0000,true,1,73194
835811003144,false,סכינים איכותיים שקוף,מיקרו,TR,סכינים איכותיים שקוף,Unknown,0.00,יחידה,false,,19.90,0.0000,true,1,73195
835811003199,false,נייר אפיה לתבנית מלב,,CN,נייר אפיה לתבנית מלב,Unknown,0.00,יחידה,false,,17.90,0.0000,true,1,74073
835811003328,false,"תבנית ח""פ עבות במיוח",,IL,"תבנית ח""פ עבות במיוח",Unknown,0.00,יחידה,false,,44.90,0.0000,true,1,75829
835811003601,false,צמרוני אוזניים לתינו,ספה,TR,צמרוני אוזניים לתינו,Unknown,0.00,יחידה,false,,5.90,0.0000,true,1,57818
835811003670,false,סירופ בטעם שוקולד 60,O.S,,סירופ בטעם שוקולד 60,גרמים,600.00,100 גרם,false,,9.90,1.6500,true,1,56075
835811003694,false,טישו הנמל 10*140 יח,לילה,TR,טישו הנמל 10*140 יח,Unknown,0.00,יחידה,false,,23.90,0.0000,true,1,55720
835811003700,false,סודה לשתייה הנמל 250,פוליבה,IL,סודה לשתייה הנמל 250,גרמים,250.00,100 גרם,false,,4.90,1.9600,true,1,66861
835811003731,false,צלחות ענק ונציה קרם,מיקרון מקינה,TR,צלחות ענק ונציה קרם 18 יח,Unknown,0.00,יחידה,false,1,29.90,0.0000,true,1,55173
835811003878,false,שקיות אשפה עם ידיות,זמזמ תעשיות פלסטיק,IL,שקיות אשפה עם ידיות,Unknown,0.00,יחידה,false,,11.90,0.0000,true,1,53595
835811004189,false,פירורי לחם מוזהבים ה,הנמל,IL,פירורי לחם מוזהבים ה,גרמים,800.00,100 גרם,false,,9.90,1.2375,true,1,80071
835811004202,false,מפות ניילון עבות הנמ,זמזמ תעשיות פלסטיק,IL,מפות ניילון עבות הנמ,Unknown,0.00,יחידה,false,,9.90,0.0000,true,1,57105
835811004219,false,מפות ניילון עבות הנמ,זמזמ תעשיות פלסטיק,IL,מפות ניילון עבות הנמ,Unknown,0.00,יחידה,false,,9.90,0.0000,true,1,57106
835811004226,false,מפת ניילון בגליל 45,,IL,מפת ניילון בגליל 45,Unknown,0.00,יחידה,false,,29.90,0.0000,true,1,71856
835811004233,false,מפות ניילון  18 יח ה,זמזמ תעשיות פלסטיק,IL,מפות ניילון  18 יח ה,Unknown,0.00,יחידה,false,,16.90,0.0000,true,1,58000
835811004240,false,מפות ניילון 22 יח הנ,זמזמ תעשיות פלסטיק,IL,מפות ניילון 22 יח הנ,Unknown,0.00,יחידה,false,,16.90,0.0000,true,1,57999
835811004257,false,נייר אלומיניום הנמל,גי.טי,CN,נייר אלומיניום הנמל,מטרים,30.00,מטר,false,,19.90,0.6633,true,1,57160
835811004271,false,צלחות סלטינה אמריקאי,ביירט,CN,צלחות סלטינה אמריקאי,Unknown,0.00,יחידה,false,,20.90,0.0000,true,1,59912
835811004394,false,סילאן לחיץ טבעי הנמל,פוליבה,IL,סילאן לחיץ טבעי הנמל,גרמים,800.00,100 גרם,false,,19.90,2.4875,true,1,57589
835811004400,false,סילאן לחיץ הנמל 800,פוליבה,IL,סילאן לחיץ הנמל 800,גרמים,800.00,100 גרם,false,,11.90,1.4875,true,1,57590
835811004417,false,ריבת חלב הנמל 340 גר,,,ריבת חלב הנמל 340 גר,גרמים,340.00,100 גרם,false,,11.90,3.5000,true,1,64845
835811004424,false,חלב מרוכז הנמל 340 ג,פוליבה,IL,חלב מרוכז הנמל 340 ג,גרמים,340.00,100 גרם,false,,11.90,3.5000,true,1,58455
835811004523,false,קשים לשייק הנמל 75 י,,CN,קשים לשייק הנמל 75 י,Unknown,0.00,יחידה,false,,6.90,0.0000,true,1,60583
835811004653,false,"תבניות ח""פ הנמל 4 יח",,,"תבניות ח""פ הנמל 4 יח",Unknown,0.00,יחידה,false,,8.90,0.0000,true,1,59913
835811004660,false,מנגטים  לאפייה כסף/ז,הנג טון,CN,מנגטים  לאפייה כסף/ז,Unknown,0.00,יחידה,false,,4.90,0.0000,true,1,19945
835811004677,false,מנגטים לאפייה כסף/זה,הנג טון,CN,מנגטים לאפייה כסף/זה,Unknown,0.00,יחידה,false,,8.90,0.0000,true,1,19948
835811004691,false,מנגטים לאפייה כסף/זה,הנג טון,CN,מנגטים לאפייה כסף/זה,Unknown,0.00,יחידה,false,,5.90,0.0000,true,1,19946
835811004707,false,פירורי לחם מוזהבים ה,ברמן שוקולד ועוגיות,IL,פירורי לחם מוזהבים ה,גרמים,440.00,100 גרם,false,,5.90,1.3409,true,1,17432
835811004943,false,קסרול שקוף אלגנט 10,אינפלסטיק בעמ,IL,קסרול שקוף אלגנט 10,Unknown,0.00,יחידה,false,,10.90,0.0000,true,1,16280
835811005025,false,סיר אלומיניום בינוני,קינפויל גאנגזו,CN,סיר אלומיניום בינוני,Unknown,0.00,יחידה,false,,14.90,0.0000,true,1,15502
835811005247,false,קערה שקופה 4 יח 4 או,הנג טונג,CN,קערה שקופה 4 יח 4 או,Unknown,0.00,יחידה,false,,7.90,0.0000,true,1,24540
835811005421,false,"שיפודים עבים 25 ס""מ",הנג טונג,CN,"שיפודים עבים 25 ס""מ",Unknown,0.00,יחידה,false,,2.50,0.0000,true,1,21452
835811005704,false,נייר עטיפה לכריכים 1,טופ פלסט 2002 בעמ,IL,נייר עטיפה לכריכים 1,Unknown,0.00,יחידה,false,,8.90,0.0000,true,1,17682
835811005728,false,עלים לקרמשניט 400 גר,רונית מאפים בעמ,IL,עלים לקרמשניט 400 גר,גרמים,400.00,100 גרם,false,,14.90,3.7250,true,1,30071
835811005735,true,כריות לכלים הנמל 12,סדובסקי,IL,כרית יפנית 12 יח,Unknown,0.00,יחידה,false,1,9.90,0.0000,true,1,28965
835811005773,true,מטליות לניקוי אבק הנ,מ.א.יצור ויבוא מטליו,IL,"מטליות אבק 40 יח 34/37 ס""מ",Unknown,0.00,יחידה,false,1,19.90,0.0000,true,1,28961
835811005803,false,שקיות אשפה עם ידיות,תעשיות והשקעה אל רסא,IL,שקיות אשפה עם ידיות,Unknown,0.00,יחידה,false,,11.90,0.0000,true,1,35802
835811006046,false,לפתניות אמריקאיות 10,בי רייט,CN,לפתניות אמריקאיות 10,Unknown,0.00,יחידה,false,,17.90,0.0000,true,1,28620
835811006176,false,כוס קינוח קריסטלי 60,מיקרון מקינה,TR,כוס קינוח קריסטלי 60,Unknown,0.00,יחידה,false,,14.90,0.0000,true,1,26858
835811006183,false,כוס קינוח קריסטלי 12,מיקרון מקינה,TR,כוס קינוח קריסטלי 12,Unknown,0.00,יחידה,false,,14.90,0.0000,true,1,26857
835811006497,false,אבקת סוכר הנמל 500 ג,ר.ס. חברה ליבוא ויצו,IL,אבקת סוכר הנמל 500 ג,גרמים,500.00,100 גרם,false,,6.90,1.3800,true,1,44263
835811006534,false,כוסות נייר 50 יח 16,אכוף,CN,כוסות נייר 50 יח 16,Unknown,0.00,יחידה,false,,22.90,0.0000,true,1,34916
835811006589,false,כוס קינוח נאפולי 60C,מיקרו,CN,כוס קינוח נאפולי 60C,Unknown,0.00,יחידה,false,,11.90,0.0000,true,1,78874
835811006763,false,"תבניות ח""פ לאפיה איש",האנוי ואיוין אינטרנש,CN,"תבניות ח""פ לאפיה איש",Unknown,0.00,יחידה,false,,5.90,0.0000,true,1,31460
835811007166,false,כוסות לקפה + מכסה 16,הנג טונג,IL,כוסות לקפה + מכסה 16,Unknown,0.00,יחידה,false,,12.90,0.0000,true,1,3988
835811007494,false,אבקת גלטין טהור הנמל,טופ גאם,IL,אבקת גלטין טהור הנמל,גרמים,28.00,100 גרם,false,,8.90,31.7857,true,1,3993
835811007562,true,תבניות קרטון אינגליש,דוקרט תעשיית אריזות,IL,תבניות קרטון אינגליש קייק 6 יח,Unknown,0.00,יחידה,false,1,8.90,0.0000,true,1,15851
835811007661,false,שקיות הקפאה הנמל 200,סאם גלובל תורכיה,CN,שקיות הקפאה הנמל 200,Unknown,0.00,יחידה,false,,6.90,0.0000,true,1,3994
835811007678,false,שקיות אוכל הנמל 200,סאם גלובל תורכיה,CN,שקיות אוכל הנמל 200,Unknown,0.00,יחידה,false,,2.80,0.0000,true,1,3995
835811008132,false,ספוג מתכת הנמל 6 יח,הנג טון,CN,ספוג מתכת הנמל 6 יח,Unknown,0.00,יחידה,false,,9.90,0.0000,true,1,4000
835811008606,false,סיר אלומיניום 3 יחיד,קינפויל גאנגזו,CN,סיר אלומיניום 3 יחיד,Unknown,0.00,יחידה,false,,12.90,0.0000,true,1,4779
835811008729,false,צלחות אמריקאיות ענק,בי רייט,CN,צלחות אמריקאיות ענק,Unknown,0.00,יחידה,false,,59.90,0.0000,true,1,14468
835811008736,false,צלחות אמריקאיות גדול,בי רייט,CN,צלחות אמריקאיות גדול,Unknown,0.00,יחידה,false,,48.90,0.0000,true,1,323
835811008774,false,צלחות אמריקאיות קטנו,בי רייט,CN,צלחות אמריקאיות קטנו,Unknown,0.00,יחידה,false,,29.90,0.0000,true,1,322
835811008781,false,"מרקיות אמריקאיות ח""פ",בי רייט,CN,"מרקיות אמריקאיות ח""פ",Unknown,0.00,יחידה,false,,29.90,0.0000,true,1,321
835811008910,false,לפתניות הגשה 8 יח',בי רייט,CN,לפתניות הגשה 8 יח',Unknown,0.00,יחידה,false,,7.90,0.0000,true,1,4764
835811008927,false,כוס ויסקי הנמל 10 יח,בי רייט,CN,כוס ויסקי הנמל 10 יח,Unknown,0.00,יחידה,false,,11.50,0.0000,true,1,80072
835811008996,false,כוסות נייר 50 יח 300,אכוף,CN,כוסות נייר 50 יח 300,Unknown,0.00,יחידה,false,,13.90,0.0000,true,1,4760
835811009016,false,כוסות נייר 50 יח 120,אכוף,CN,כוסות נייר 50 יח 120,Unknown,0.00,יחידה,false,,6.90,0.0000,true,1,4761
835811009146,false,קערה קטן אובלי אלגנט,מיקרון מקינה,CN,קערה קטן אובלי אלגנט,Unknown,0.00,יחידה,false,,13.90,0.0000,true,1,4794
835811009443,false,מפיות מודפסות תלת שכ,גאט פיפר,DE,מפיות מודפסות תלת שכ,Unknown,0.00,יחידה,false,,5.90,0.0000,true,1,4012
838948000048,false,ממרח שוקולד אגוזים ש,SHNEIDER'S,NL,ממרח שוקולד אגוזים ש,גרמים,700.00,100 גרם,false,,21.90,3.1286,true,1,43933
838948002769,false,"מחית פרי תפו""ע שנייד",שניידרס,FR,"מחית פרי תפו""ע שנייד",גרמים,360.00,100 גרם,false,,12.90,3.5833,true,1,49825
844510013125,false,יין ג'רוזלם הילז מרל,אגדת,IL,יין ג'רוזלם הילז מרל,מיליליטרים,750.00,"100 מ""ל",false,,39.90,5.3200,true,1,68071
850008847257,false,יין טברנקל קברנה סוב,יקב טרנקבל,IL,יין טברנקל קברנה סוב,מיליליטרים,750.00,"100 מ""ל",false,,89.90,11.9867,true,1,77434
854928007067,false,שוקולד מריר 41% רוקה,מאונטיין צוקולט ק.פ.,HK,שוקולד מריר 41% רוקה,גרמים,600.00,100 גרם,false,,14.90,2.4833,true,1,69278
856591000055,false,עוגיות מזרחיות קריספ,עבאדי,IL,עוגיות מזרחיות קריספ,גרמים,400.00,100 גרם,false,,16.90,4.2250,true,1,64273
856591000062,false,עוגיות מזרחיות מלח ע,עבאדי,IL,עוגיות מזרחיות מלח ע,גרמים,400.00,100 גרם,false,,16.90,4.2250,true,1,41934
856591000109,false,עוגיות מזרחיות פריכו,עבאדי,IL,עוגיות מזרחיות פריכו,גרמים,400.00,100 גרם,false,,16.90,4.2250,true,1,64254
856591000512,false,עוגיות מזרחיות מקלונ,עבאדי,IL,עוגיות מזרחיות מקלונ,גרמים,400.00,100 גרם,false,,16.90,4.2250,true,1,70594
856591000949,false,עוגיות קטנטנים עבאדי,עבאדי,IL,עוגיות קטנטנים עבאדי,גרמים,350.00,100 גרם,false,,16.90,4.8286,true,1,75467
856591000970,false,עוגיות מזרחיות מקלונ,עבאדי,IL,עוגיות מזרחיות מקלונ,גרמים,400.00,100 גרם,false,,16.90,4.2250,true,1,79052
884912117625,false,דגני בוקר גולדן קריס,פוסט לקיוויל,US,דגני בוקר גולדן קריס,גרמים,418.00,100 גרם,false,,19.90,4.7608,true,1,78938
884912129512,false,דגני בוקר קוקו פאבלס,פוסט לקיוויל,US,דגני בוקר קוקו פאבלס,גרמים,311.00,100 גרם,false,,19.90,6.3987,true,1,78939
884912359162,false,דגני  בוקר האני בנצ',פוסט לקיוויל,US,דגני  בוקר האני בנצ',גרמים,340.00,100 גרם,false,,21.90,6.4412,true,1,78943
884912359414,false,דגני  בוקר האני בנצ',פוסט לקיוויל,US,דגני  בוקר האני בנצ',גרמים,340.00,100 גרם,false,,21.90,6.4412,true,1,78944
884912359421,false,דגני  בוקר האני בנצ',פוסט לקיוויל,US,דגני  בוקר האני בנצ',גרמים,340.00,100 גרם,false,,21.90,6.4412,true,1,78945
3014260022730,false,מברשת אורל בי אדוונט,פרוקטר & גמבל,DE,מברשת אורל בי אדוונט,Unknown,0.00,יחידה,false,,16.90,0.0000,true,1,38985
3014260214692,false,גל גילוח גילט סירייס,פרוקטר & גמבל,,גל גילוח גילט סירייס,מיליליטרים,200.00,"100 מ""ל",false,,12.90,6.4500,true,1,18033
3014400012157,false,ליקר פסטיס אפרון בטע,פיטר הרינג,DK,ליקר פסטיס אפרון בטע,קילוגרמים,1.00,ליטר,false,,79.90,79.9000,true,1,48848
3035542001908,false,ליקר קואנטרו 1 ליטר,קואנטרו,FR,ליקר קואנטרו 1 ליטר,קילוגרמים,1.00,ליטר,false,,119.90,119.9000,true,1,67643
3059944021197,false,קרם להסרת שיער ויט 4,רקיט בנקיזר,FR,קרם להסרת שיער ויט 4,מיליליטרים,400.00,"100 מ""ל",false,,39.90,9.9750,true,1,73237
3059946156330,false,מנקה מדיח פיניש לימו,רקיט בנקיזר,PL,מנקה מדיח פיניש לימו,מיליליטרים,250.00,"100 מ""ל",false,,14.90,5.9600,true,1,25795
3141360054405,false,מפיג ריח פיניש לימון,רקיט בנקיזר,PL,מפיג ריח פיניש לימון,Unknown,0.00,יחידה,false,,14.90,0.0000,true,1,51091
3267682136176,false,ויסקי היילנד קווין 1,אגדת,IL,ויסקי היילנד קווין 1,קילוגרמים,1.00,ליטר,false,,89.90,89.9000,true,1,74476
3387390320244,false,דגני בוקר פיטנס עם פ,נסטלה צרפת איטנקורט,FR,דגני בוקר פיטנס עם פ,גרמים,375.00,100 גרם,false,,19.90,5.3067,true,1,19638
3387390525960,false,דגני בוקר קראנצ 500,אסם,FR,דגני בוקר קראנצ 500,גרמים,500.00,100 גרם,false,,19.90,3.9800,true,1,30981
3574660089547,false,טמפונים אובה פרוקומפ,גונסון אנד גונסון,IT,טמפונים אובה פרוקומפ,Unknown,0.00,יחידה,false,,19.90,0.0000,true,1,23282
3574660115154,false,טמפונים אובה פרוקומפ,גונסון אנד גונסון,IT,טמפונים אובה פרוקומפ,Unknown,0.00,יחידה,false,,19.90,0.0000,true,1,23284
3574660239829,false,קרם ידיים ניוטרוג'ינ,גונסון אנד גונסון,FR,קרם ידיים ניוטרוג'ינ,מיליליטרים,75.00,"100 מ""ל",false,,19.90,26.5333,true,1,79961
3574660464337,false,מגן תחתון קרפרי נורמ,גונסון אנד גונסון,IT,מגן תחתון קרפרי נורמ,Unknown,0.00,יחידה,false,,22.90,0.0000,true,1,38982
3574660464368,false,מגן תחתון קרפרי אלוו,גונסון אנד גונסון,IT,מגן תחתון קרפרי אלוו,Unknown,0.00,יחידה,false,,22.90,0.0000,true,1,38983
3574660514643,false,קרם לחות מרגיע ניוטר,גונסון אנד גונסון,FR,קרם לחות מרגיע ניוטר,מיליליטרים,300.00,"100 מ""ל",false,,19.90,6.6333,true,1,79964
3574660520132,false,מי פה ליסטרין מנטה 1,גונסון אנד גונסון,IT,מי פה ליסטרין מנטה 1,קילוגרמים,1.00,ליטר,false,,29.90,29.9000,true,1,44138
3574661098531,false,תחליב גוף ניוטרוג'ינ,גונסון אנד גונסון,GR,תחליב גוף ניוטרוג'ינ,מיליליטרים,400.00,"100 מ""ל",false,,19.90,4.9750,true,1,79965
3574661098937,false,תחליב גוף ניוטרוג'ינ,גונסון אנד גונסון,GR,תחליב גוף ניוטרוג'ינ,מיליליטרים,400.00,"100 מ""ל",false,,19.90,4.9750,true,1,79966
3574661226491,false,מי פה ליסטרין טוטאל,גונסון אנד גונסון,IT,מי פה ליסטרין טוטאל,קילוגרמים,1.00,ליטר,false,,29.90,29.9000,true,1,71976
3574661487632,false,מגן תחתון קרפרי לארג,קרפרי,IT,מגן תחתון קרפרי לארג,Unknown,0.00,יחידה,false,,22.90,0.0000,true,1,64079
3574661491950,false,מי פה ליסטרין הלבנה,גונסון אנד גונסון,IT,מי פה ליסטרין הלבנה,קילוגרמים,1.00,ליטר,false,,34.90,34.9000,true,1,75887
3574669907682,false,טלק גונסונס בייבי 50,גונסון אנד גונסון,IT,טלק גונסונס בייבי 50,גרמים,500.00,100 גרם,false,,29.90,5.9800,true,1,63014
3574669907729,false,שמפו גונסונס בייבי ג,גונסון אנד גונסון,IT,שמפו גונסונס בייבי ג,מיליליטרים,750.00,"100 מ""ל",false,,23.90,3.1867,true,1,77574
3574669908665,false,אל סבון לפני השינה ג,גונסון אנד גונסון,IT,אל סבון לפני השינה ג,מיליליטרים,750.00,"100 מ""ל",false,,19.90,2.6533,true,1,62971
3574669908948,false,תחליב רחצה עדין גונס,גונסון אנד גונסון,IT,תחליב רחצה עדין גונס,מיליליטרים,750.00,"100 מ""ל",false,,19.90,2.6533,true,1,62972
3607343817547,false,דאו אדידס ספריי לגבר,קולפ,PT,דאו אדידס ספריי לגבר,מיליליטרים,150.00,"100 מ""ל",false,,11.90,7.9333,true,1,79406
3607349687458,false,דאו אדידס ספריי לגבר,קולפ,PT,דאו אדידס ספריי לגבר,מיליליטרים,150.00,"100 מ""ל",false,,11.90,7.9333,true,1,79407
3614223736003,false,דאו אדידס ספריי לגבר,קולפ,PT,דאו אדידס ספריי לגבר,מיליליטרים,150.00,"100 מ""ל",false,,11.90,7.9333,true,1,79408
3661163991146,false,דאו אדידס ספריי לאיש,קולפ,PT,דאו אדידס ספריי לאיש,מיליליטרים,150.00,"100 מ""ל",false,,11.90,7.9333,true,1,14867
3661163991344,false,דאו אדידס ספריי לאיש,קולפ,PT,דאו אדידס ספריי לאיש,מיליליטרים,150.00,"100 מ""ל",false,,11.90,7.9333,true,1,14871
3760262540009,false,יין נדיב ראשית 2018,יקב רקאנטי,IL,יין נדיב ראשית 2018,מיליליטרים,750.00,"100 מ""ל",false,,89.90,11.9867,true,1,68416
4001432773230,false,יין בלו ווין מוסקטו,יקב רמת הגולן,IL,יין בלו ווין מוסקטו,מיליליטרים,750.00,"100 מ""ל",false,,49.90,6.6533,true,1,76722
4002448017684,false,תרסיס סיליט באנג 750,רקיט בנקיזר,PL,תרסיס סיליט באנג 750,מיליליטרים,750.00,"100 מ""ל",false,,9.90,1.3200,true,1,40365
4002448019480,false,תרסיס סיליט באנג מסי,רקיט בנקיזר,PL,תרסיס סיליט באנג מסי,מיליליטרים,750.00,"100 מ""ל",false,,9.90,1.3200,true,1,40366
4002631025069,false,בירה קוניגסבכר פילס,קרלסברג יבוא יצוא,DE,בירה קוניגסבכר פילס,מיליליטרים,500.00,"100 מ""ל",false,,5.90,1.1800,true,1,73785
4002631025830,false,בירה קוניגסבכר חיטה,קרלסברג יבוא יצוא,DE,בירה קוניגסבכר חיטה,מיליליטרים,500.00,"100 מ""ל",false,,5.90,1.1800,true,1,73786
4008287058161,false,מארז בירה קרומבאכר פ,יקבי כרמל,IL,מארז בירה קרומבאכר פ,קילוגרמים,1.98,ליטר,false,,36.90,18.6364,true,1,71826
4008287762020,false,בירה קרומבאכר חיטה ב,יקבי כרמל,IL,בירה קרומבאכר חיטה ב,מיליליטרים,500.00,"100 מ""ל",false,,9.90,1.9800,true,1,71827
4008287905786,false,בירה קרומבאכר חיטה פ,יקבי כרמל,IL,בירה קרומבאכר חיטה פ,מיליליטרים,500.00,"100 מ""ל",false,,9.90,1.9800,true,1,71820
4008496884896,false,מארז 10 סוללות ורטה,,,מארז 10 סוללות ורטה,Unknown,0.00,יחידה,false,,14.90,0.0000,true,1,67773
4008496927364,false,מארז 10 סוללות ורטה,,,מארז 10 סוללות ורטה,Unknown,0.00,יחידה,false,,14.90,0.0000,true,1,67774
4008535095351,false,בננית מצופה שוקולד ש,שקדיה,IL,בננית מצופה שוקולד ש,גרמים,300.00,100 גרם,false,,12.90,4.3000,true,1,73750
4009300522935,false,תה ירוק פומפדור לימו,טייקנה,DE,תה ירוק פומפדור לימו,גרמים,30.00,100 גרם,false,,14.90,49.6667,true,1,33116
4009300522966,false,תה ירוק פומפדור נענע,טייקנה,DE,תה ירוק פומפדור נענע,גרמים,30.00,100 גרם,false,,14.90,49.6667,true,1,33115
4009300524588,false,חליטת צמחים פומפדור,טייקנה,DE,חליטת צמחים פומפדור,גרמים,60.00,100 גרם,false,,11.90,19.8333,true,1,33111
4009300524625,false,תה פומפדר צאי מסאלה,TEEKANNE- POMPADOU,DE,תה פומפדר צאי מסאלה,גרמים,40.00,100 גרם,false,,11.90,29.7500,true,1,33114
4009300525011,false,תה ירוק פומפדור תפוז,TEEKANNE- POMPADOU,,תה ירוק פומפדור תפוז,גרמים,30.00,100 גרם,false,,14.90,49.6667,true,1,33120
4009300525684,false,חליטת פירות פומפדור,טייקנה,DE,חליטת פירות פומפדור,גרמים,35.00,100 גרם,false,,11.90,34.0000,true,1,33108
4009300526438,false,תה ירוק פומפדור קלאס,טייקנה,DE,תה ירוק פומפדור קלאס,גרמים,30.00,100 גרם,false,,14.90,49.6667,true,1,36670
4009900402965,false,מסטיק אורביט בבקבוק,ריגלי,PL,מסטיק אורביט בבקבוק,Unknown,0.00,יחידה,false,,6.60,0.0000,true,1,44247
4009900403023,false,מסטיק אורביט בבקבוק,ריגלי,PL,מסטיק אורביט בבקבוק,Unknown,0.00,יחידה,false,,6.60,0.0000,true,1,44243
4009900420129,false,מסטיק אורביט בבקבוק,ריגלי,PL,מסטיק אורביט בבקבוק,גרמים,64.00,100 גרם,false,,6.60,10.3125,true,1,61366
4009900455299,false,סוכריות סקיטלס פירות,ריגלי,PL,סוכריות סקיטלס פירות,גרמים,174.00,100 גרם,false,,7.90,4.5402,true,1,37520
4009900465304,false,סוכריות סקיטלס פירות,ריגלי,PL,סוכריות סקיטלס פירות,גרמים,174.00,100 גרם,false,,7.90,4.5402,true,1,37521
4009900479998,false,מסטיק אורביט בבקבוק,ריגלי,PL,מסטיק אורביט בבקבוק,גרמים,64.00,100 גרם,false,,6.60,10.3125,true,1,44245
4009900482417,false,מסטיק אורביט בבקבוק,ריגלי,PL,מסטיק אורביט בבקבוק,Unknown,0.00,יחידה,false,,6.60,0.0000,true,1,44244
4009900483803,false,מסטיק אירוובס פרופשי,ריגלי,PL,מסטיק אירוובס פרופשי,גרמים,84.00,100 גרם,false,,12.90,15.3571,true,1,61241
4009900491044,false,מסטיק אירוובס  אוכמנ,ריגלי,PL,מסטיק אירוובס  אוכמנ,גרמים,84.00,100 גרם,false,,12.90,15.3571,true,1,61247
4009900496247,false,מסטיק אורביט בבלימנט,ריגלי,PL,מסטיק אורביט בבלימנט,גרמים,84.00,100 גרם,false,,12.90,15.3571,true,1,61242
4009900531122,false,מסטיק אורביט בבקבוק,ריגלי,PL,מסטיק אורביט בבקבוק,Unknown,0.00,יחידה,false,,6.60,0.0000,true,1,61367
4012273123009,false,קרם ידיים ניוטרוג'ינ,גונסון אנד גונסון,FR,קרם ידיים ניוטרוג'ינ,מיליליטרים,50.00,"100 מ""ל",false,,19.90,39.8000,true,1,79962
4015400564454,false,מגן תחתון אולוויז מג,פרוקטר & גמבל,,מגן תחתון אולוויז מג,Unknown,0.00,יחידה,false,,16.90,0.0000,true,1,29893
4015400598329,false,תחבושות אלוויז קוואט,פרוקטר & גמבל,HU,תחבושות אלוויז קוואט,Unknown,0.00,יחידה,false,,29.90,0.0000,true,1,30611
4015400598381,false,תחבושות אלוויז קוואט,פרוקטר & גמבל,HU,תחבושות אלוויז קוואט,Unknown,0.00,יחידה,false,,29.90,0.0000,true,1,30610
4015400598411,false,תחבושות אלוויז קוואט,פרוקטר & גמבל,HU,תחבושות אלוויז קוואט,Unknown,0.00,יחידה,false,,29.90,0.0000,true,1,30609
4015400629368,false,תחבושות אלוויז דיסקר,פרוקטר & גמבל,DE,תחבושות אלוויז דיסקר,Unknown,0.00,יחידה,false,,13.90,0.0000,true,1,77851
4015400695677,false,חיתולי פמפרס בייבי ד,פרוקטר & גמבל,TR,חיתולי פמפרס בייבי ד,Unknown,0.00,יחידה,false,,64.90,0.0000,true,1,76686
4015400695691,false,חיתולי פמפרס בייבי ד,פרוקטר & גמבל,TR,חיתולי פמפרס בייבי ד,Unknown,0.00,יחידה,false,,64.90,0.0000,true,1,76689
4015400746812,false,מגן תחתון אולוויז מג,פרוקטר & גמבל,,מגן תחתון אולוויז מג,Unknown,0.00,יחידה,false,,16.90,0.0000,true,1,48906
4015400990543,false,אבקת כביסה צבעונית א,פרוקטר & גמבל,FR,אבקת כביסה צבעונית א,פריט,8.00,"ק""ג",false,,52.90,6.6125,true,1,45219
4015600762742,false,שמפו הד&שולדרס קלאסי,פרוקטר & גמבל,,שמפו הד&שולדרס קלאסי,מיליליטרים,500.00,"100 מ""ל",false,,17.90,3.5800,true,1,31949
4015600762780,false,שמפו ומרכך הד&שולדרס,פרוקטר & גמבל,,שמפו ומרכך הד&שולדרס,מיליליטרים,500.00,"100 מ""ל",false,,17.90,3.5800,true,1,31950
4015600762902,false,שמפו הד&שולדרס מנטול,פרוקטר & גמבל,,שמפו הד&שולדרס מנטול,מיליליטרים,500.00,"100 מ""ל",false,,17.90,3.5800,true,1,31951
4015600762940,false,שמפו הד&שולדרס תפוח,,,שמפו הד&שולדרס תפוח,מיליליטרים,500.00,"100 מ""ל",false,,17.90,3.5800,true,1,31955
4015600763022,false,שמפו הד&שולדרס מגע מ,פרוקטר & גמבל,,שמפו הד&שולדרס מגע מ,מיליליטרים,500.00,"100 מ""ל",false,,17.90,3.5800,true,1,31954
4015600810849,false,דאו גל גילט קליר פאו,פרוקטר & גמבל,,דאו גל גילט קליר פאו,גרמים,70.00,100 גרם,false,,17.90,25.5714,true,1,46289
4022025001929,false,יין בלו ווין כחול מב,יקב רמת הגולן,IL,יין בלו ווין כחול מב,מיליליטרים,750.00,"100 מ""ל",false,,49.90,6.6533,true,1,76724
4022025002100,false,יין בלו ווין רוזה 24,יקב רמת הגולן,IL,יין בלו ווין רוזה 24,מיליליטרים,750.00,"100 מ""ל",false,,49.90,6.6533,true,1,76725
4022025261002,false,יין לבן בלו ווין גוו,לנגוט טראבן,DE,יין לבן בלו ווין גוו,מיליליטרים,750.00,"100 מ""ל",false,,44.90,5.9867,true,1,69362
4053700292455,false,רצועות שעווה לעור רג,רקיט בנקיזר,FR,רצועות שעווה לעור רג,Unknown,0.00,יחידה,false,,19.90,0.0000,true,1,64902
4066600999614,false,בירה מעוננת פאולנר 5,פאולנר,DE,בירה מעוננת פאולנר 5,מיליליטרים,500.00,"100 מ""ל",false,,10.90,2.1800,true,1,53244
4084500178137,false,גל טייד אלפיין 4 ליט,פרוקטר & גמבל,FR,גל טייד אלפיין 4 ליט,קילוגרמים,4.00,ליטר,false,,31.90,7.9750,true,1,35663
4084500371422,false,אבקת כביסה אריאל שוש,פרוקטר & גמבל,FR,אבקת כביסה אריאל שוש,פריט,8.00,"ק""ג",false,,52.90,6.6125,true,1,37496
4084500371453,false,אבקת טייד אלפיין 8 ק,פרוקטר & גמבל,FR,אבקת טייד אלפיין 8 ק,פריט,8.00,"ק""ג",false,,39.90,4.9875,true,1,37495
4105120623941,false,בירה ויינשטפן 5.4% 5,קרלסברג ישראל,IL,בירה ויינשטפן 5.4% 5,מיליליטרים,500.00,"100 מ""ל",false,,10.90,2.1800,true,1,54404
4105120624412,false,בירה ויינשטפן 7.7% 5,קרלסברג ישראל,IL,בירה ויינשטפן 7.7% 5,מיליליטרים,500.00,"100 מ""ל",false,,10.90,2.1800,true,1,69772
4210201176688,false,ראש חשמלי למברשת שינ,פרוקטר & גמבל,IE,ראש חשמלי למברשת שינ,Unknown,0.00,יחידה,false,,69.90,0.0000,true,1,75240
4210201181477,false,ראש חשמלי למברשת שינ,פרוקטר & גמבל,IE,ראש חשמלי למברשת שינ,Unknown,0.00,יחידה,false,,69.90,0.0000,true,1,75970
4210201245193,false,מברשת שיניים חשמלית,פרוקטר & גמבל,DE,מברשת שיניים חשמלית,Unknown,0.00,יחידה,false,,69.90,0.0000,true,1,67655
4210201262183,false,מברשת שיניים חשמלית,פרוקטר & גמבל,DE,מברשת שיניים חשמלית,Unknown,0.00,יחידה,false,,69.90,0.0000,true,1,65944
4210201320111,false,מברשת שיניים חשמלית,פרוקטר & גמבל,DE,מברשת שיניים חשמלית,Unknown,0.00,יחידה,false,,69.90,0.0000,true,1,75971
4210201320210,false,ראש חשמלי למברשת שינ,פרוקטר & גמבל,IE,ראש חשמלי למברשת שינ,Unknown,0.00,יחידה,false,,69.90,0.0000,true,1,75974
4210201360742,false,ראש חשמלי למברשת שינ,פרוקטר & גמבל,IE,ראש חשמלי למברשת שינ,Unknown,0.00,יחידה,false,,69.90,0.0000,true,1,75241
4210201403319,false,מברשת שיניים חשמלית,פרוקטר & גמבל,DE,מברשת שיניים חשמלית,Unknown,0.00,יחידה,false,,69.90,0.0000,true,1,75973
4260147890513,false,אטריות ביצים דקות שק,קאוו אס,PL,אטריות ביצים דקות שק,גרמים,500.00,100 גרם,false,,9.90,1.9800,true,1,21235
4260147890537,false,אטריות ביצים רחבות ש,קאוו אס,PL,אטריות ביצים רחבות ש,גרמים,500.00,100 גרם,false,,9.90,1.9800,true,1,21234
4260147890551,false,אטריות ביצים רצועות,קאוו אס,PL,אטריות ביצים רצועות,גרמים,500.00,100 גרם,false,,9.90,1.9800,true,1,21231
4603400000067,false,וודקה רוסקי סטנדרט 1,רוסקי סטנדרט,RU,וודקה רוסקי סטנדרט 1,קילוגרמים,1.00,ליטר,false,,89.90,89.9000,true,1,62799
4603928000983,false,וודקה בלוגה 1 ליטר,מרינסק דיסטילרי,,וודקה בלוגה 1 ליטר,קילוגרמים,1.00,ליטר,false,,129.90,129.9000,true,1,54676
4640018993398,false,טבליות פיניש קוואנטו,רקיט בנקיזר,PL,טבליות פיניש קוואנטו,Unknown,0.00,יחידה,false,,58.90,0.0000,true,1,66587
4710964104916,false,שמן שומשום טהור מזרח,פלייבור פול פודס טיי,TW,שמן שומשום טהור מזרח,מיליליטרים,370.00,"100 מ""ל",false,,19.90,5.3784,true,1,65165
4710964170799,false,שומשום שחור קלוי מזר,פלייבור פול פודס טיי,TW,שומשום שחור קלוי מזר,גרמים,91.00,100 גרם,false,,16.50,18.1319,true,1,65166
4751007730938,false,שפורט מעושן בשמן דבר,karavela,LV,שפורט מעושן בשמן דבר,גרמים,240.00,100 גרם,false,,7.90,3.2917,true,1,58093
4791021002789,false,תה ירוק 100 שקיקים,IMPERIAL TEA EXPORT,,תה ירוק 100 שקיקים,גרמים,200.00,100 גרם,false,,19.90,9.9500,true,1,42154
4791021003588,false,תה שחור אימפרה 100 ש,IMPERIAL TEA EXPORT,LK,תה שחור אימפרה 100 שקיקים,גרמים,150.00,100 גרם,false,1,9.90,6.6000,true,1,37368
4791021004462,false,תה ירוק תפוח 25 שקיק,IMPERIAL TEA EXPORT,,תה ירוק תפוח 25 שקיק,גרמים,50.00,100 גרם,false,,9.90,19.8000,true,1,56533
4791021004554,false,תה ירוק מנטה 25 שקיק,IMPERIAL TEA EXPORT,,תה ירוק מנטה 25 שקיק,גרמים,50.00,100 גרם,false,,9.90,19.8000,true,1,56534
4791021006695,false,תה ירוק יסמין 25 שקי,IMPERIAL TEA EXPORT,,תה ירוק יסמין 25 שקי,גרמים,50.00,100 גרם,false,,9.90,19.8000,true,1,56535
4791021009399,false,תה ירוק קלאסי 25 שקי,IMPERIAL TEA EXPORT,,תה ירוק קלאסי 25 שקי,גרמים,50.00,100 גרם,false,,9.90,19.8000,true,1,56532
4791021901969,false,תה ירוק חמוציות 25 ש,IMPERIAL TEA EXPORT,,תה ירוק חמוציות 25 ש,גרמים,50.00,100 גרם,false,,9.90,19.8000,true,1,56530
4791021901983,false,תה ירוק צאי מסלה 25,IMPERIAL TEA EXPORT,,תה ירוק צאי מסלה 25,גרמים,50.00,100 גרם,false,,9.90,19.8000,true,1,56531
4791021904861,false,תה ירוק גינגר 25 שקי,IMPERIAL TEA EXPORT,,תה ירוק גינגר 25 שקי,גרמים,50.00,100 גרם,false,,9.90,19.8000,true,1,56529
4791021944720,false,תה ארל גריי  שחור 10,IMPERIAL TEA EXPORT,,תה ארל גריי  שחור 10,גרמים,200.00,100 גרם,false,,19.90,9.9500,true,1,57484
4815087000111,false,שמן קנולה אוליס 1 לי,"אגרופודוקט בע""מ",BY,שמן קנולה אוליס 1 לי,קילוגרמים,1.00,ליטר,false,,8.90,8.9000,true,1,77401
4891228430054,false,סכיני גילוח לנשים שי,שיק,CN,סכיני גילוח לנשים שי,Unknown,0.00,יחידה,false,,9.90,0.0000,true,1,51108
4891228430092,false,סכיני גילוח לנשים שי,שיק,CN,סכיני גילוח לנשים שי,Unknown,0.00,יחידה,false,,14.90,0.0000,true,1,53222
4891228460242,false,סכיני גילוח לנשים 4,שיק,CN,סכיני גילוח לנשים 4,Unknown,0.00,יחידה,false,,19.90,0.0000,true,1,64248
4903001904192,false,רוטב סויה יאמאסה 500,יאמאסה,JP,רוטב סויה יאמאסה 500,גרמים,500.00,100 גרם,false,,9.90,1.9800,true,1,77868
4903001925784,false,רוטב סויה מופחת נתרן,יאמאסה,JP,רוטב סויה מופחת נתרן,גרמים,500.00,100 גרם,false,,9.90,1.9800,true,1,77869
4903001930993,false,רוטב טריאקי יאמאסה 5,יאמאסה,JP,רוטב טריאקי יאמאסה 5,גרמים,500.00,100 גרם,false,,9.90,1.9800,true,1,77870
5000157143365,false,רוטב בטעם מיונז וקטש,היינץ,PL,רוטב בטעם מיונז וקטש,גרמים,425.00,100 גרם,false,,14.90,3.5059,true,1,70798
5000267013626,false,ויסקי רד לייבל 1 ליט,ג'וני ווקר,GB,ויסקי רד לייבל 1 ליט,קילוגרמים,1.00,ליטר,false,,79.90,79.9000,true,1,77037
5000299225028,false,ויסקי שיבאס ריגל 18,,,ויסקי שיבאס ריגל 18,מיליליטרים,750.00,"100 מ""ל",false,,199.90,26.6533,true,1,48828
5000299609347,false,ויסקי גלנליווט פאונד,גורג וגיי גי סמית,,ויסקי גלנליווט פאונד,מיליליטרים,700.00,"100 מ""ל",false,,149.90,21.4143,true,1,57467
5000394093812,false,סוללות דורסל סימפלי,דורסל,,סוללות דורסל סימפלי,Unknown,0.00,יחידה,false,,19.90,0.0000,true,1,57109
5000394093836,false,סוללות דורסל סימפלי,דורסל,,סוללות דורסל סימפלי,Unknown,0.00,יחידה,false,,19.90,0.0000,true,1,57110
5010029000252,false,דגני בוקר וויטביקס א,וויטביקס,GB,דגני בוקר וויטביקס א,גרמים,430.00,100 גרם,false,,17.90,4.1628,true,1,78955
5010106111956,false,ויסקי בלנטיינס 1 ליט,גורג בלנטיין,US,ויסקי בלנטיינס 1 ליט,קילוגרמים,1.00,ליטר,false,,99.90,99.9000,true,1,57474
5010327105215,false,ויסקי מאנקי שולדר 70,וויליאם גרנט ובניו,,ויסקי מאנקי שולדר 70,מיליליטרים,700.00,"100 מ""ל",false,,109.90,15.7000,true,1,72689
5010327603056,false,ויסקי מאנקי שולדר 1,וויליאם גרנט ובניו,GB,ויסקי מאנקי שולדר 1,קילוגרמים,1.00,ליטר,false,,159.90,159.9000,true,1,72675
5010391101007,false,ליקר דרמבוי 1 ליטר,גלזגו,GB,ליקר דרמבוי 1 ליטר,קילוגרמים,1.00,ליטר,false,,139.90,139.9000,true,1,73787
5010494560121,false,ויסקי גלנמורנגי 1 לי,,,ויסקי גלנמורנגי 1 לי,קילוגרמים,1.00,ליטר,false,,189.90,189.9000,true,1,54679
5010496003565,false,ויסקי אוכנטושן 700 מ,מוריסון בואומור,GB,ויסקי אוכנטושן 700 מ,מיליליטרים,700.00,"100 מ""ל",false,,129.90,18.5571,true,1,77538
5010677551281,false,בקרדי בריזר לימון 27,בקרדי מרטיני,BE,בקרדי בריזר לימון 27,מיליליטרים,275.00,"100 מ""ל",false,,12.90,4.6909,true,1,12660
5010677551397,false,בקרדי בריזר ליים 275,בקרדי מרטיני,BE,בקרדי בריזר ליים 275,מיליליטרים,275.00,"100 מ""ל",false,,12.90,4.6909,true,1,64995
5010677552387,false,בקרדי בריזר אננס 275,בקרדי מרטיני,BE,בקרדי בריזר אננס 275,מיליליטרים,275.00,"100 מ""ל",false,,12.90,4.6909,true,1,12661
5010677554398,false,בקרדי בריזר אבטיח 27,בקרדי מרטיני,BE,בקרדי בריזר אבטיח 27,מיליליטרים,275.00,"100 מ""ל",false,,12.90,4.6909,true,1,12659
5011007003227,false,ויסקי גיימסון 1 ליטר,אייריש דיסטלריז,,ויסקי גיימסון 1 ליטר,קילוגרמים,1.00,ליטר,false,,109.90,109.9000,true,1,57483
5024546366630,false,ויסקי לאודרס סקוטי 1,אגדת,IL,ויסקי לאודרס סקוטי 1,קילוגרמים,1.00,ליטר,false,,79.90,79.9000,true,1,72645
5050083559761,false,קלוגס קוקו פופס שוקו,קלוגס,DE,קלוגס קוקו פופס שוקו,גרמים,500.00,100 גרם,false,,14.90,2.9800,true,1,23850
5053827215862,false,קלוגס קוקו פופס שוקו,קלוגס,DE,קלוגס קוקו פופס שוקו,גרמים,500.00,100 גרם,false,,14.90,2.9800,true,1,72386
5060060210219,false,תרסיס אסטוניש מבריק,יעקב יעקובי,IL,תרסיס אסטוניש מבריק,מיליליטרים,750.00,"100 מ""ל",false,,9.90,1.3200,true,1,48305
5060060211605,false,קרם אסטוניש לניקוי ב,יעקב יעקובי,IL,קרם אסטוניש לניקוי ב,מיליליטרים,500.00,"100 מ""ל",false,,9.90,1.9800,true,1,75968
5060060211612,false,קרם אסטוניש לניקוי ע,יעקב יעקובי,IL,קרם אסטוניש לניקוי ע,מיליליטרים,500.00,"100 מ""ל",false,,9.90,1.9800,true,1,75969
5060809351371,false,כפפות ויניל 100 יח מ,,,כפפות ויניל 100 יח מ,Unknown,0.00,יחידה,false,,14.90,0.0000,true,1,73739
5060809351395,false,כפפות ויניל 100 יח מ,,,כפפות ויניל 100 יח מ,Unknown,0.00,יחידה,false,,14.90,0.0000,true,1,73741
5060809351401,false,כפפות ויניל 100 יח מ,,,כפפות ויניל 100 יח מ,Unknown,0.00,יחידה,false,,14.90,0.0000,true,1,73742
5060809354747,false,כפפות ניטריל 100 יחי,,,כפפות ניטריל 100 יחי,Unknown,0.00,יחידה,false,,21.90,0.0000,true,1,76089
5060809354761,false,כפפות ניטריל 100 יחי,,,כפפות ניטריל 100 יחי,Unknown,0.00,יחידה,false,,21.90,0.0000,true,1,76091
5060809354778,false,כפפות ניטריל 100 יחי,,,כפפות ניטריל 100 יחי,Unknown,0.00,יחידה,false,,21.90,0.0000,true,1,76092
5099864006384,false,סימילאק מהדרין שלב 2,אבוט,NL,סימילאק מהדרין שלב 2,גרמים,900.00,100 גרם,false,,69.90,7.7667,true,1,20880
5099864006391,false,סימילאק מהדרין שלב 3,אבוט,NL,סימילאק מהדרין שלב 3,גרמים,900.00,100 גרם,false,,69.90,7.7667,true,1,20881
5099873212776,false,ויסקי ג'ק דניאלס סינ,ג'ק דניאלס,US,ויסקי ג'ק דניאלס סינ,מיליליטרים,700.00,"100 מ""ל",false,,180.20,25.7429,true,1,72227
5201085540084,false,סוכריות גילו מיקס 70,אולמפיק,GR,סוכריות גילו מיקס 70,גרמים,700.00,100 גרם,false,,13.90,1.9857,true,1,22392
5201347400545,false,רצועות שעווה פנים וי,רקיט בנקיזר,FR,רצועות שעווה פנים וי,Unknown,0.00,יחידה,false,,19.90,0.0000,true,1,64970
5202175001515,false,נאצ'וס בטעם מלוח אל,אל סבור מקסיקן פוד,TW,נאצ'וס בטעם מלוח אל,גרמים,225.00,100 גרם,false,,10.50,4.6667,true,1,65143
5202175001546,false,נאצ'וס בטעם ברביקיו,אל סבור מקסיקן פוד,TW,נאצ'וס בטעם ברביקיו,גרמים,225.00,100 גרם,false,,10.50,4.6667,true,1,65144
5203819014205,false,ארק אוזו מלטמי 700 מ,אגדת,IL,ארק אוזו מלטמי 700 מ,מיליליטרים,700.00,"100 מ""ל",false,,54.90,7.8429,true,1,78385
5290074003198,false,מיץ תפוזים 100% פאן,קהאן,קפריסין,מיץ תפוזים 100% פאן,קילוגרמים,1.00,ליטר,false,,9.90,9.9000,true,1,79003
5290074003211,false,מיץ אננס 100% פאן 1,קהאן,קפריסין,מיץ אננס 100% פאן 1,קילוגרמים,1.00,ליטר,false,,9.90,9.9000,true,1,79005
5290074003228,false,מיץ תפוחים 100% פאן,קהאן,קפריסין,מיץ תפוחים 100% פאן,קילוגרמים,1.00,ליטר,false,,9.90,9.9000,true,1,79006
5290074004225,false,מיץ מיקס תפוזים תפוח,קהאן,קפריסין,מיץ מיקס תפוזים תפוח,קילוגרמים,1.00,ליטר,false,,9.90,9.9000,true,1,78997
5391523062152,false,סימילאק מהדרין שלב 1,אבוט,IE,סימילאק מהדרין שלב 1,גרמים,400.00,100 גרם,false,,29.90,7.4750,true,1,79037
5410126006087,false,ביסקוויט קרמל לוטוס,לוטוס ביקרי,BE,ביסקוויט קרמל לוטוס,גרמים,700.00,100 גרם,false,,19.90,2.8429,true,1,34773
5410126006360,false,עוגיות סנדוויץ בטעם,,,עוגיות סנדוויץ בטעם,גרמים,150.00,100 גרם,false,,8.90,5.9333,true,1,74709
5410126006377,false,עוגיות סנדוויץ בטעם,,,עוגיות סנדוויץ בטעם,גרמים,150.00,100 גרם,false,,8.90,5.9333,true,1,74710
5410126116953,false,ממרח עוגיות לוטוס 40,לוטוס,BE,ממרח עוגיות לוטוס 40,גרמים,400.00,100 גרם,false,,19.90,4.9750,true,1,28844
5410126666038,false,ביסקוויט קרמל לוטוס,לוטוס ביקרי,BE,ביסקוויט קרמל לוטוס,גרמים,279.00,100 גרם,false,,9.90,3.5484,true,1,58563
5410126726947,false,ממרח עוגיות קראנצ לו,לוטוס,BE,ממרח עוגיות קראנצ לו,גרמים,380.00,100 גרם,false,,19.90,5.2368,true,1,35806
5410228141785,false,"בירה הוגרדן 330 מ""ל",,BE,"בירה הוגרדן 330 מ""ל",מיליליטרים,330.00,"100 מ""ל",false,,3.90,1.1818,true,1,64312
5410228142089,false,בירה לף בלונד 6.6%,קרלסברג יבוא יצוא,,בירה לף בלונד 6.6%,מיליליטרים,330.00,"100 מ""ל",false,,3.90,1.1818,true,1,37179
5410316983693,false,"סמירנוף אייס 275 מ""ל",דיאגו,GB,"סמירנוף אייס 275 מ""ל",מיליליטרים,275.00,"100 מ""ל",false,,12.90,4.6909,true,1,69083
5411188080268,false,משקה סויה אורגני אלפ,אלפרו,BE,משקה סויה אורגני אלפ,קילוגרמים,1.00,ליטר,false,,11.90,11.9000,true,1,35238
5411188081852,false,משקה סויה וניל אלפרו,אלפרו,BE,משקה סויה וניל אלפרו,קילוגרמים,1.00,ליטר,false,,11.90,11.9000,true,1,35237
5411188094173,false,מארז מעדן סויה בטעם,אלפרו,BE,מארז מעדן סויה בטעם,גרמים,500.00,100 גרם,false,,15.90,3.1800,true,1,80000
5411188096108,false,סויה לבישול 4.7% אלפ,אלפרו,BE,סויה לבישול 4.7% אלפ,מיליליטרים,250.00,"100 מ""ל",false,,8.90,3.5600,true,1,37272
5411188106159,false,משקה סויה מופחת שומן,אלפרו,BE,משקה סויה מופחת שומן,קילוגרמים,1.00,ליטר,false,,11.90,11.9000,true,1,37270
5411188110835,false,משקה שקדים אלפרו 1 ל,אלפרו,BE,משקה שקדים אלפרו 1 ל,קילוגרמים,1.00,ליטר,false,,11.90,11.9000,true,1,37268
5411188112549,false,משקה אורז ללא סוכר א,אלפרו,BE,משקה אורז ללא סוכר א,קילוגרמים,1.00,ליטר,false,,11.90,11.9000,true,1,37266
5411188112709,false,משקה שקדים לא ממותק,אלפרו,BE,משקה שקדים לא ממותק,קילוגרמים,1.00,ליטר,false,,11.90,11.9000,true,1,58123
5411188115366,false,משקה שיבולת שועל אלפ,אלפרו,BE,משקה שיבולת שועל אלפ,קילוגרמים,1.00,ליטר,false,,11.90,11.9000,true,1,37265
5411188115434,false,משקה בריסטה סויה אלפ,אלפרו,BE,משקה בריסטה סויה אלפ,קילוגרמים,1.00,ליטר,false,,11.90,11.9000,true,1,77560
5411188115472,false,משקה סויה אלפרו 1 לי,אלפרו,BE,משקה סויה אלפרו 1 לי,קילוגרמים,1.00,ליטר,false,,11.90,11.9000,true,1,69181
5411188118732,false,משקה קוקוס שקדים אלפ,אלפרו,BE,משקה קוקוס שקדים אלפ,קילוגרמים,1.00,ליטר,false,,11.90,11.9000,true,1,47296
5411188120742,false,משקה שקדים וניל אלפר,אלפרו,BE,משקה שקדים וניל אלפר,קילוגרמים,1.00,ליטר,false,,11.90,11.9000,true,1,47297
5411188120957,false,קוקוס לבישול 14% אלפ,שטראוס,IL,קוקוס לבישול 14% אלפ,מיליליטרים,250.00,"100 מ""ל",false,,9.90,3.9600,true,1,76374
5411188124689,false,משקה שיבולת שועל ללא,אלפרו,BE,משקה שיבולת שועל ללא,קילוגרמים,1.00,ליטר,false,,11.90,11.9000,true,1,70070
5411188127697,false,משקה בריסטה שיבולת ש,אלפרו,BE,משקה בריסטה שיבולת ש,קילוגרמים,1.00,ליטר,false,,11.90,11.9000,true,1,70071
5411188134985,false,משקה שיבולת שועל 3.5,שטראוס,IL,משקה שיבולת שועל 3.5,קילוגרמים,1.00,ליטר,false,,13.90,13.9000,true,1,76375
5411188135005,false,משקה שיבולת  1.8% שו,שטראוס,IL,משקה שיבולת  1.8% שו,קילוגרמים,1.00,ליטר,false,,13.90,13.9000,true,1,76370
5411188300328,false,משקה סויה שוקו אלפרו,אלפרו,BE,משקה סויה שוקו אלפרו,קילוגרמים,1.00,ליטר,false,,11.90,11.9000,true,1,35236
5411188543398,false,משקה סויה ללא תוספת,אלפרו,BE,משקה סויה ללא תוספת,קילוגרמים,1.00,ליטר,false,,11.90,11.9000,true,1,68513
5711953106583,false,גבינת שמנת טבעי 24.5,שטראוס,IL,גבינת שמנת טבעי 24.5,גרמים,200.00,100 גרם,false,,13.90,6.9500,true,1,64660
5711953106590,false,גבינת שמנת שום 24% א,שטראוס,IL,גבינת שמנת שום 24% א,גרמים,200.00,100 גרם,false,,13.90,6.9500,true,1,64661
5711953106606,false,גבינת שמנת עשבי תיבו,שטראוס,IL,גבינת שמנת עשבי תיבו,גרמים,200.00,100 גרם,false,,13.90,6.9500,true,1,64662
5900020026552,false,דגני בוקר האני נאט צ,נסטלה צרפת איטנקורט,FR,דגני בוקר האני נאט צ,גרמים,625.00,100 גרם,false,,19.90,3.1840,true,1,65412
5900020039590,false,חטיף דגנים קלאסי פיט,אסם,IL,חטיף דגנים קלאסי פיט,גרמים,141.00,100 גרם,false,,13.90,9.8582,true,1,74256
5900020039620,false,חטיף דגנים שקדים ודב,אסם,IL,חטיף דגנים שקדים ודב,גרמים,141.00,100 גרם,false,,13.90,9.8582,true,1,74257
5900907000583,false,מלפפון בחומץ בצנצנת,urbanek,PL,מלפפון בחומץ בצנצנת,גרמים,920.00,100 גרם,false,,13.90,1.5109,true,1,44279
5900907000835,false,מלפפון בחומץ אורבנק,urbanek,PL,מלפפון בחומץ אורבנק,פריט,2.55,"ק""ג",false,,29.90,11.7255,true,1,44278
5901483010102,false,"חליטת תפו""ע פירות יע",bifix,,"חליטת תפו""ע פירות יע",גרמים,50.00,100 גרם,false,,7.90,15.8000,true,1,37047
5901483020309,false,חליטת פירות יער 25 ש,bifix,,חליטת פירות יער 25 ש,גרמים,50.00,100 גרם,false,,7.90,15.8000,true,1,37150
5901483060022,false,חליטת עלי מרווה 20 ש,bifix,,חליטת עלי מרווה 20 ש,גרמים,40.00,100 גרם,false,,7.90,19.7500,true,1,37155
5901483060060,false,חליטת שומר 20 שקיקים,bifix,,חליטת שומר 20 שקיקים,גרמים,40.00,100 גרם,false,,7.90,19.7500,true,1,56536
5901483060206,false,חליטת מנטה 20 שקיקים,bifix,,חליטת מנטה 20 שקיקים,גרמים,40.00,100 גרם,false,,7.90,19.7500,true,1,37153
5901483060404,false,חליטת בבונג 20 שקיקי,bifix,,חליטת בבונג 20 שקיקי,גרמים,35.00,100 גרם,false,,7.90,22.5714,true,1,37045
5901483081027,false,חליטת לואיזה 20 שקיק,bifix,,חליטת לואיזה 20 שקיק,גרמים,35.00,100 גרם,false,,7.90,22.5714,true,1,37824
5902198160403,false,משקה אנרגיה אקסל ללא,טמפו,IL,משקה אנרגיה אקסל ללא,מיליליטרים,250.00,"100 מ""ל",false,,3.90,1.5600,true,1,52710
5904941750312,false,משקה אנרגיה בלו דיי,אקו ביט,,משקה אנרגיה בלו דיי,מיליליטרים,250.00,"100 מ""ל",false,,4.50,1.8000,true,1,30945
5904941751302,false,משקה אנרגיה בלו 250,אקו ביט,PL,משקה אנרגיה בלו 250,מיליליטרים,250.00,"100 מ""ל",false,,4.50,1.8000,true,1,7976
5904941751920,false,משקה אנרגיה בלו דיי,אקו ביט,,משקה אנרגיה בלו דיי,מיליליטרים,250.00,"100 מ""ל",false,,4.50,1.8000,true,1,30481
5904941752262,false,משקה אנרגיה בלו סיקס,אקווה ויט,PL,משקה אנרגיה בלו סיקס,מיליליטרים,250.00,"100 מ""ל",false,,4.50,1.8000,true,1,68990
5906485301012,false,משקה אנרגיה אקסל 250,טמפו,IL,משקה אנרגיה אקסל 250,מיליליטרים,250.00,"100 מ""ל",false,,3.90,1.5600,true,1,15025
6009606260218,false,דגני בוקר וויטביקס 4,ויטביקס,GB,דגני בוקר וויטביקס 4,גרמים,450.00,100 גרם,false,,17.90,3.9778,true,1,77878
6009684861000,false,חטיף דגנים בטעם דבש,,MK,חטיף דגנים בטעם דבש,גרמים,125.00,100 גרם,false,,7.90,6.3200,true,1,5728
6102020000948,false,מארז 24 סוללות פאואר,,,מארז 24 סוללות פאואר,Unknown,0.00,יחידה,false,,19.90,0.0000,true,1,68336
6102021100869,false,מארז 19 סוללות כפתור,,,מארז 19 סוללות כפתור,Unknown,0.00,יחידה,false,,14.90,0.0000,true,1,75101
6102022100202,false,מארז 12 סוללות אלקלי,,,מארז 12 סוללות אלקלי,Unknown,0.00,יחידה,false,,11.90,0.0000,true,1,78251
6102022100219,false,מארז 12 סוללות אלקלי,,,מארז 12 סוללות אלקלי,Unknown,0.00,יחידה,false,,11.90,0.0000,true,1,78250
6111049000051,false,סרדין מרוקאי בשמן סו,,,סרדין מרוקאי בשמן סו,גרמים,125.00,100 גרם,false,,4.90,3.9200,true,1,25108
6111049000150,false,סרדין בשמן ולימון 12,אטלנטיק הום סרדינס א,MA,סרדין בשמן ולימון 12,גרמים,125.00,100 גרם,false,,4.90,3.9200,true,1,29454
6111049002055,false,סרדין מרוקאי בשמן סו,אטלנטיק הום סרדינס א,MA,סרדין מרוקאי בשמן סו,גרמים,125.00,100 גרם,false,,4.90,3.9200,true,1,25109
6111049003113,false,מארז סרדין מרוקאי בש,אטלנטיק הום סרדינס א,MA,מארז סרדין מרוקאי בש,גרמים,500.00,100 גרם,false,,14.90,2.9800,true,1,62451
6111119000011,false,קוסקוס מרוקאי פרידה,,,קוסקוס מרוקאי פרידה,פריט,1.00,"ק""ג",false,,12.90,12.9000,true,1,5007
6111251700138,false,מארז פילה אנשובי וצל,,,מארז פילה אנשובי וצל,גרמים,200.00,100 גרם,false,,21.90,10.9500,true,1,62453
6112014100301,false,נר הבדלה פמוט פירמיד,,,נר הבדלה פמוט פירמיד,Unknown,0.00,יחידה,false,,14.90,0.0000,true,1,37996
6112014100318,false,נר הבדלה דלוקס,,,נר הבדלה דלוקס,Unknown,0.00,יחידה,false,,5.90,0.0000,true,1,37995
6112017100513,false,נר הבדלה דגם מס 7,,,נר הבדלה דגם מס 7,Unknown,0.00,יחידה,false,,12.90,0.0000,true,1,51215
6112017101855,false,שקית סינון לשמירת אי,,,שקית סינון לשמירת אי,Unknown,0.00,יחידה,false,,9.90,0.0000,true,1,53894
6112017103811,false,כדוריות אולינהום לאס,yiwu kai yun,CN,כדוריות אולינהום לאס,גרמים,224.00,100 גרם,false,,12.90,5.7589,true,1,58640
6112017103996,false,שקיות הקפאה פסגור או,יואן קאי יון,CN,שקיות הקפאה פסגור או,Unknown,0.00,יחידה,false,,14.90,0.0000,true,1,59695
6112017104016,false,שקיות אוכל פסגור אול,,,שקיות אוכל פסגור אול,Unknown,0.00,יחידה,false,,14.90,0.0000,true,1,59962
6112017104030,true,ספוג מסאג אמבטיה 2 י,,,ספוג מסאג אמבטיה 2 יח,Unknown,0.00,יחידה,false,1,13.90,0.0000,true,1,58698
6112017104313,false,נרות יום הולדת,,,נרות יום הולדת,Unknown,0.00,יחידה,false,,4.90,0.0000,true,1,59924
6112017105358,false,שקיות הקפאה 30 יח,,,שקיות הקפאה 30 יח,Unknown,0.00,יחידה,false,,14.90,0.0000,true,1,63081
6112017105549,false,כריות קרצוף זוג מסיל,,,כריות קרצוף זוג מסיל,Unknown,0.00,יחידה,false,,16.90,0.0000,true,1,63184
6112017105556,false,כריות קרצוף זוג מסיל,,,כריות קרצוף זוג מסיל,Unknown,0.00,יחידה,false,,16.90,0.0000,true,1,63185
6112017105723,false,חוט דנטלי זוג,,,חוט דנטלי זוג,Unknown,0.00,יחידה,false,,9.90,0.0000,true,1,63618
6112017105860,false,אטבי כביסה מסיליקון,,,אטבי כביסה מסיליקון,Unknown,0.00,יחידה,false,,17.90,0.0000,true,1,64585
6112017105877,false,אטבי כביסה אולינהום,,,אטבי כביסה אולינהום,Unknown,0.00,יחידה,false,,17.90,0.0000,true,1,64586
6112017106256,false,אטבי כביסה אולינהום,,,אטבי כביסה אולינהום,Unknown,0.00,יחידה,false,,17.90,0.0000,true,1,65137
6112017106782,false,ספוג למקלחת זוג,,,ספוג למקלחת זוג,Unknown,0.00,יחידה,false,,19.90,0.0000,true,1,69735
6112017106799,false,זוג מברשות לניקוי בק,,,זוג מברשות לניקוי בק,Unknown,0.00,יחידה,false,,11.90,0.0000,true,1,68110
6112017106881,false,כפפות גומי 4 יח' S א,,,כפפות גומי 4 יח' S א,Unknown,0.00,יחידה,false,,8.90,0.0000,true,1,68185
6112017106898,false,כפפות גומי 4 יח' M א,,,כפפות גומי 4 יח' M א,Unknown,0.00,יחידה,false,,8.90,0.0000,true,1,68186
6224009175062,false,תחתיות ארטישוק קפוא,O.K FRUIT,EG,תחתיות ארטישוק קפוא,פריט,1.00,"ק""ג",false,,14.90,14.9000,true,1,65282
6224009175147,false,"במיה קפואה 1 ק""ג",O.K FRUIT,EG,"במיה קפואה 1 ק""ג",פריט,1.00,"ק""ג",false,,11.90,11.9000,true,1,65284
6224009175192,false,"תות שדה קפוא 1 ק""ג",O.K FRUIT,EG,"תות שדה קפוא 1 ק""ג",פריט,1.00,"ק""ג",false,,14.90,14.9000,true,1,65285
6412700021027,false,וודקה פינלנדיה 1 ליט,,,וודקה פינלנדיה 1 ליט,קילוגרמים,1.00,ליטר,false,,78.90,78.9000,true,1,53285
6910191800287,false,אצות נורי לסושי מזרח,ננטונג הידה אקוטיק פ,CN,אצות נורי לסושי מזרח,Unknown,0.00,יחידה,false,,10.80,0.0000,true,1,65156
6912977000140,false,אטריות שעועית מזרח ו,יאנטאי ינסידה לנוגקא,CN,אטריות שעועית מזרח ו,גרמים,250.00,100 גרם,false,,8.90,3.5600,true,1,65145
6922276100083,false,מחית וואסבי חזרת מזר,דליאן ג'ינדה קונדימנ,CN,מחית וואסבי חזרת מזר,גרמים,43.00,100 גרם,false,,8.70,20.2326,true,1,65157
6934731200078,false,אטריות טריות דקות מז,יאנטאי ינסידה לנוגקא,CN,אטריות טריות דקות מז,גרמים,200.00,100 גרם,false,,6.90,3.4500,true,1,80131
6934731210138,false,אטריות טריות עבות מז,יאנטאי ינסידה לנוגקא,CN,אטריות טריות עבות מז,גרמים,200.00,100 גרם,false,,6.90,3.4500,true,1,80132
6934930849016,false,שמן חמניות אורו 1 לי,גומא,RU,שמן חמניות אורו 1 לי,קילוגרמים,1.00,ליטר,false,,8.90,8.9000,true,1,78641
6935487561246,false,מסכות כירורגיות 50 י,,,מסכות כירורגיות 50 י,Unknown,0.00,יחידה,false,,5.90,0.0000,true,1,70452
6936613888664,false,שום 4 ראשים,אראל תוצרת חקלאית בע,IL,שום 4 ראשים,Unknown,4.00,יחידה,false,,7.90,1.9750,true,1,66391
6936613888667,false,שום 4 ראשים,אראל תוצרת חקלאית בע,IL,שום 4 ראשים,Unknown,4.00,יחידה,false,,7.90,1.9750,true,1,72054
6936745600462,false,מירין מזרח ומערב 500,דאנינג יוה פודס קו,CN,מירין מזרח ומערב 500,מיליליטרים,500.00,"100 מ""ל",false,,17.90,3.5800,true,1,65168
6936745600783,false,חומץ אורז מזרח ומערב,דאנינג יוה פודס קו,CN,חומץ אורז מזרח ומערב,מיליליטרים,500.00,"100 מ""ל",false,,14.90,2.9800,true,1,65158
6952379521317,false,ספוג רחצה 3 יח',,,ספוג רחצה 3 יח',Unknown,0.00,יחידה,false,,12.90,0.0000,true,1,35515
6974800740104,false,"טבעות תפו""ע טבעי עם",היאגואן,CN,"טבעות תפו""ע טבעי עם",גרמים,88.00,100 גרם,false,,12.90,14.6591,true,1,79028
6974800740203,false,"טבעות תפו""ע טבעי עם",היאגואן,CN,"טבעות תפו""ע טבעי עם",גרמים,88.00,100 גרם,false,,12.90,14.6591,true,1,79029
6974800740302,false,"טבעות תפו""ע טבעי מיו",היאגואן,CN,"טבעות תפו""ע טבעי מיו",גרמים,88.00,100 גרם,false,,12.90,14.6591,true,1,79030
6985425120165,false,ליפה לרחצה,,,ליפה לרחצה,Unknown,0.00,יחידה,false,,7.90,0.0000,true,1,17395
7162203029004,false,שמיכת פוך יחיד אינדי,,,שמיכת פוך יחיד אינדי,Unknown,0.00,יחידה,false,,99.90,0.0000,true,1,80449
7162203029011,false,שמיכת פוך זוגי אינדי,,,שמיכת פוך זוגי אינדי,Unknown,0.00,יחידה,false,,119.90,0.0000,true,1,80450
7290000000282,false,שום 12 ראשים,אראל תוצרת חקלאית בע,IL,שום 12 ראשים,Unknown,12.00,יחידה,false,,19.90,1.6583,true,1,1528
7290000000411,false,שום 4 ראשים,אראל תוצרת חקלאית בע,IL,שום 4 ראשים,Unknown,4.00,יחידה,false,,7.90,1.9750,true,1,45594
7290000000978,false,חסה גלאט ברכת קטיף,ברכת קטיף,IL,חסה גלאט ברכת קטיף,Unknown,0.00,יחידה,false,,5.90,0.0000,true,1,5534
7290000000985,false,פטרוזיליה גלאט ברכת,ברכת קטיף,IL,פטרוזיליה גלאט ברכת,Unknown,0.00,יחידה,false,,5.90,0.0000,true,1,5535
7290000001043,false,כרוב לבן ברכת קטיף,ברכת קטיף,IL,כרוב לבן ברכת קטיף,קילוגרמים,1.00,"ק""ג",true,,13.90,13.9000,true,1,5542
7290000001074,false,כרוב אדום ברכת קטיף,ברכת קטיף,IL,כרוב אדום ברכת קטיף,קילוגרמים,1.00,"ק""ג",true,,9.90,9.9000,true,1,5544
7290000001524,false,בצל ירוק,ברכת קטיף,IL,בצל ירוק,Unknown,0.00,יחידה,false,,5.90,0.0000,true,1,5541
7290000001579,false,סלרי גלאט ברכת קטיף,ברכת קטיף,IL,סלרי גלאט ברכת קטיף,Unknown,0.00,יחידה,false,,5.90,0.0000,true,1,5539
7290000001616,false,כוסברה גלאט ברכת קטי,ברכת קטיף,IL,כוסברה גלאט ברכת קטי,Unknown,0.00,יחידה,false,,5.90,0.0000,true,1,5536
7290000023007,false,"ברנדי שטוק 84 750 מ""",יינות סגל,IL,"ברנדי שטוק 84 750 מ""",מיליליטרים,750.00,"100 מ""ל",false,,64.90,8.6533,true,1,15269
7290000023083,false,ארק אשקלון 40% 700 מ,יקבי ברקן,IL,ארק אשקלון 40% 700 מ,מיליליטרים,700.00,"100 מ""ל",false,,46.90,6.7000,true,1,35385
7290000023427,false,ליקר סטוק אמרטו 750,יקבי ברקן,,ליקר סטוק אמרטו 750,מיליליטרים,750.00,"100 מ""ל",false,,49.90,6.6533,true,1,15272
7290000023809,false,יין קלאסיק קברנה,יקבי ברקן,IL,יין קלאסיק קברנה,מיליליטרים,750.00,"100 מ""ל",false,,27.90,3.7200,true,1,13735
7290000023816,false,יין קלאסיק אמרלד ריז,יקבי ברקן,IL,יין קלאסיק אמרלד ריז,מיליליטרים,750.00,"100 מ""ל",false,,27.90,3.7200,true,1,12754
7290000023977,false,יין קלאסיק מרלו,יקבי ברקן,IL,יין קלאסיק מרלו,מיליליטרים,750.00,"100 מ""ל",false,,27.90,3.7200,true,1,12657
7290000024202,false,יין רזרב קברנה סובני,יקבי ברקן,IL,יין רזרב קברנה סובני,מיליליטרים,750.00,"100 מ""ל",false,,38.90,5.1867,true,1,31687
7290000024264,false,יין רזרב מרלו,יקבי ברקן,IL,יין רזרב מרלו,מיליליטרים,750.00,"100 מ""ל",false,,38.90,5.1867,true,1,31688
7290000024523,false,מיץ ענבים תירוש אדום,יינות סגל,IL,מיץ ענבים תירוש אדום,קילוגרמים,1.00,ליטר,false,,12.90,12.9000,true,1,71965
7290000024554,false,יין ריחן אסמבלאז,יקבי ברקן,IL,יין ריחן אסמבלאז,מיליליטרים,750.00,"100 מ""ל",false,,49.90,6.6533,true,1,57496
7290000024561,false,יין אסמבלאז איתן,יקבי ברקן,IL,יין אסמבלאז איתן,מיליליטרים,750.00,"100 מ""ל",false,,49.90,6.6533,true,1,57494
7290000024905,false,וודקה קגלביץ קלאסיקה,יקבי ברקן,IL,וודקה קגלביץ קלאסיקה,מיליליטרים,700.00,"100 מ""ל",false,,49.90,7.1286,true,1,6734
7290000024912,false,וודקה קגלביץ לימון 2,יקבי ברקן,IL,וודקה קגלביץ לימון 2,מיליליטרים,700.00,"100 מ""ל",false,,39.90,5.7000,true,1,6735
7290000034256,false,ביסקוויט חצי מצופה ת,אפיפית נצרת תעשיות ב,IL,ביסקוויט חצי מצופה ת,גרמים,175.00,100 גרם,false,,5.90,3.3714,true,1,12654
7290000040066,false,יופלה דובדבן 3% 150,תנובה מרכז שיתופי לש,IL,יופלה דובדבן 3% 150,מיליליטרים,150.00,"100 מ""ל",false,,4.70,3.1333,true,1,2085
7290000040301,false,גבינה קממבר 24% תנוב,תנובה מרכז שיתופי לש,IL,גבינה קממבר 24% תנוב,גרמים,125.00,100 גרם,false,,16.90,13.5200,true,1,2095
7290000040318,false,גבינת עדי/ברי תנובה,תנובה מרכז שיתופי לש,,גבינת עדי/ברי תנובה,גרמים,125.00,100 גרם,false,,17.90,14.3200,true,1,2096
7290000040974,false,חלב טרי דל לקטוז 1 ל,תנובה מרכז שיתופי לש,,חלב טרי דל לקטוז 1 ל,קילוגרמים,1.00,ליטר,false,,6.90,6.9000,true,1,21349
7290000041407,false,"גיל תנובה 125 מ""ל",תנובה מרכז שיתופי לש,IL,"גיל תנובה 125 מ""ל",מיליליטרים,125.00,"מ""ל",false,,0.90,0.0072,true,1,2202
7290000041445,false,קוטג 5% תנובה 250 גר,תנובה מרכז שיתופי לש,IL,קוטג 5% תנובה 250 גר,גרמים,250.00,100 גרם,false,,5.40,2.1600,true,1,2203
7290000041452,false,קוטג 9% תנובה 250 גר,תנובה מרכז שיתופי לש,IL,קוטג 9% תנובה 250 גר,גרמים,250.00,100 גרם,false,,5.40,2.1600,true,1,2204
7290000041858,false,שמנת חמוצה 15% יטבתה,שטראוס,IL,שמנת חמוצה 15% יטבתה,מיליליטרים,200.00,"100 מ""ל",false,,2.40,1.2000,true,1,20632
7290000042367,false,חלב בבקבוק 3% תנובה,תנובה מרכז שיתופי לש,IL,חלב בבקבוק 3% תנובה,קילוגרמים,1.00,ליטר,false,,6.20,6.2000,true,1,54347
7290000042671,false,חלב עמיד 3% תנובה 1,תנובה מרכז שיתופי לש,IL,חלב עמיד 3% תנובה 1,קילוגרמים,1.00,ליטר,false,,6.90,6.9000,true,1,2254
7290000042855,false,שוקו שקית יטבתה 225,יטבתה,IL,שוקו שקית יטבתה 225,מיליליטרים,225.00,"100 מ""ל",false,,2.50,1.1111,true,1,18668
7290000043012,false,שוקו עמיד תנובה 250,תנובה מרכז שיתופי לש,IL,שוקו עמיד תנובה 250,מיליליטרים,250.00,"100 מ""ל",false,,4.40,1.7600,true,1,18209
7290000043814,false,שמנת להקצפה 38% השף,תנובה מרכז שיתופי לש,IL,שמנת להקצפה 38% השף,מיליליטרים,250.00,"100 מ""ל",false,,6.40,2.5600,true,1,2264
7290000043890,false,רויון 1.5% תנובה 1 ל,תנובה מרכז שיתופי לש,IL,רויון 1.5% תנובה 1 ל,קילוגרמים,1.00,ליטר,false,,10.90,10.9000,true,1,2265
7290000044712,false,פרילי תות 500 גרם,תנובה מרכז שיתופי לש,IL,פרילי תות 500 גרם,מיליליטרים,500.00,"100 מ""ל",false,,9.90,1.9800,true,1,2295
7290000044880,false,"באדי תות 500 מ""ל",תנובה מרכז שיתופי לש,IL,"באדי תות 500 מ""ל",מיליליטרים,500.00,"100 מ""ל",false,,8.90,1.7800,true,1,2296
7290000045771,false,משקה יוגורט 4% תנובה,תנובה מרכז שיתופי לש,IL,משקה יוגורט 4% תנובה,קילוגרמים,3.00,ליטר,false,,26.90,8.9667,true,1,5866
7290000047621,false,גבינה 5% תנובה 250 ג,תנובה מרכז שיתופי לש,IL,גבינה 5% תנובה 250 ג,גרמים,250.00,100 גרם,false,,4.90,1.9600,true,1,2411
7290000047942,false,גבינה 9% תנובה 250 ג,תנובה מרכז שיתופי לש,IL,גבינה 9% תנובה 250 ג,גרמים,250.00,100 גרם,false,,4.90,1.9600,true,1,2415
7290000048185,false,גבינה 5% תנובה 250 ג,תנובה מרכז שיתופי לש,IL,גבינה 5% תנובה 250 ג,גרמים,250.00,100 גרם,false,,4.90,1.9600,true,1,2416
7290000048413,false,גבינת חמד 16% פיראוס,תנובה מרכז שיתופי לש,IL,גבינת חמד 16% פיראוס,גרמים,250.00,100 גרם,false,,17.50,7.0000,true,1,2419
7290000048437,false,גבינה צפתית 5% פיראו,תנובה מרכז שיתופי לש,IL,גבינה צפתית 5% פיראו,גרמים,200.00,100 גרם,false,,13.90,6.9500,true,1,2425
7290000050447,false,יופלה תות 3% 500 גרם,תנובה מרכז שיתופי לש,IL,יופלה תות 3% 500 גרם,מיליליטרים,500.00,"100 מ""ל",false,,12.60,2.5200,true,1,5886
7290000050454,false,יופלה אפרסק 3% 500 ג,תנובה מרכז שיתופי לש,IL,יופלה אפרסק 3% 500 ג,מיליליטרים,500.00,"100 מ""ל",false,,12.60,2.5200,true,1,5869
7290000050966,false,גבינה 5% תנובה 850 ג,תנובה מרכז שיתופי לש,IL,גבינה 5% תנובה 850 ג,גרמים,850.00,100 גרם,false,,15.90,1.8706,true,1,8402
7290000051307,false,מארז הפסקת אוכל דגני,תנובה מרכז שיתופי לש,IL,מארז הפסקת אוכל דגני,מיליליטרים,150.00,"100 מ""ל",false,,8.90,5.9333,true,1,31289
7290000051376,false,יופלה דיאט 0% אננס 1,תנובה מרכז שיתופי לש,IL,יופלה דיאט 0% אננס 1,גרמים,150.00,100 גרם,false,,4.70,3.1333,true,1,62733
7290000052311,false,גבינה עמק מופחת שומן,תנובה מרכז שיתופי לש,IL,גבינה עמק מופחת שומן,גרמים,200.00,100 גרם,false,,14.90,7.4500,true,1,18808
7290000052649,false,לאבנה על בסיס יוגורט,תנובה מרכז שיתופי לש,IL,לאבנה על בסיס יוגורט,גרמים,500.00,100 גרם,false,,18.90,3.7800,true,1,14465
7290000052946,false,מארז יופלה וניל במתי,תנובה מרכז שיתופי לש,IL,מארז יופלה וניל במתי,גרמים,800.00,100 גרם,false,,19.90,2.4875,true,1,15210
7290000053981,false,מארז יופלה מחית תות/,תנובה מרכז שיתופי לש,IL,מארז יופלה מחית תות/,קילוגרמים,1.20,ליטר,false,,25.90,21.5833,true,1,16346
7290000055015,false,גבינת פטה כבשים 5% פ,תנובה מרכז שיתופי לש,IL,גבינת פטה כבשים 5% פ,גרמים,250.00,100 גרם,false,,24.90,9.9600,true,1,20115
7290000055329,false,משקה יוגורט יופלה תו,תנובה מרכז שיתופי לש,IL,משקה יוגורט יופלה תו,גרמים,250.00,100 גרם,false,,4.90,1.9600,true,1,31418
7290000055336,false,משקה יוגורט יופלה בנ,תנובה מרכז שיתופי לש,IL,משקה יוגורט יופלה בנ,גרמים,250.00,100 גרם,false,,4.90,1.9600,true,1,31419
7290000055343,false,משקה יוגורט יופלה טר,תנובה מרכז שיתופי לש,IL,משקה יוגורט יופלה טר,גרמים,250.00,100 גרם,false,,4.90,1.9600,true,1,31420
7290000055756,false,מארז גבינה 5% תנובה,תנובה מרכז שיתופי לש,IL,מארז גבינה 5% תנובה,פריט,1.70,"ק""ג",false,,31.90,18.7647,true,1,20116
7290000055893,false,חמאה תנובה 200 גרם,תנובה מרכז שיתופי לש,IL,חמאה תנובה 200 גרם,גרמים,200.00,100 גרם,false,,7.60,3.8000,true,1,22295
7290000056081,false,מארז פרילי טבע גרנול,תנובה מרכז שיתופי לש,IL,מארז פרילי טבע גרנול,פריט,1.20,"ק""ג",false,,21.90,18.2500,true,1,28691
7290000056272,false,גבינה 5% עם זיתים תנ,תנובה מרכז שיתופי לש,IL,גבינה 5% עם זיתים תנ,גרמים,250.00,100 גרם,false,,5.30,2.1200,true,1,24629
7290000056760,false,גבינה עמק 28% 400 גר,תנובה מרכז שיתופי לש,IL,גבינה עמק 28% 400 גר,גרמים,400.00,100 גרם,false,,28.90,7.2250,true,1,27752
7290000056883,false,מארז יופלה פרי 8*150,תנובה מרכז שיתופי לש,IL,מארז יופלה פרי 8*150,פריט,1.20,"ק""ג",false,,27.90,23.2500,true,1,22822
7290000056890,false,מארז יופלה פרי דיאט,תנובה מרכז שיתופי לש,IL,מארז יופלה פרי דיאט,קילוגרמים,1.20,ליטר,false,,27.90,23.2500,true,1,23149
7290000057088,false,גבינה עמק דק דק 28%,תנובה מרכז שיתופי לש,IL,גבינה עמק דק דק 28%,גרמים,200.00,100 גרם,false,,14.90,7.4500,true,1,32885
7290000057477,false,חלב 3% תנובה 1.5 ליט,תנובה מרכז שיתופי לש,IL,חלב 3% תנובה 1.5 ליט,קילוגרמים,1.50,ליטר,false,,9.30,6.2000,true,1,25713
7290000058047,false,שמנת להקצפה 38% השף,תנובה מרכז שיתופי לש,IL,שמנת להקצפה 38% השף,גרמים,500.00,100 גרם,false,,12.80,2.5600,true,1,26697
7290000058979,false,גיל בטעם תות תנובה 1,תנובה מרכז שיתופי לש,IL,גיל בטעם תות תנובה 1,גרמים,125.00,100 גרם,false,,1.30,1.0400,true,1,28498
7290000060088,false,בייגלה מקלות מלח אסם,אסם,IL,בייגלה מקלות מלח אסם,גרמים,400.00,100 גרם,false,,8.90,2.2250,true,1,18743
7290000060163,false,אטריות דקות אסם 400,אסם,IL,אטריות דקות אסם 400,גרמים,400.00,100 גרם,false,,4.90,1.2250,true,1,2842
7290000060200,false,פתיתים קוסקוס אסם 50,אסם,IL,פתיתים קוסקוס אסם 50,גרמים,500.00,100 גרם,false,,4.90,0.9800,true,1,2843
7290000060217,false,מקרוני 7 אסם 500 גרם,זארה,IL,מקרוני 7 אסם 500 גרם,גרמים,500.00,100 גרם,false,,4.90,0.9800,true,1,2844
7290000060248,false,פסטה תלתלים אסם 500,זארה,IL,פסטה תלתלים אסם 500,גרמים,500.00,100 גרם,false,,4.90,0.9800,true,1,2845
7290000060408,false,פתיתים טבעות אסם 500,אסם,IL,פתיתים טבעות אסם 500,גרמים,500.00,100 גרם,false,,4.90,0.9800,true,1,2848
7290000060415,false,לזניה פרפקטו 500 גרם,פסטה לנסי,IL,לזניה פרפקטו 500 גרם,גרמים,500.00,100 גרם,false,,9.90,1.9800,true,1,12270
7290000060576,false,פתיתים כוכבים אסם 50,אסם,IL,פתיתים כוכבים אסם 50,גרמים,500.00,100 גרם,false,,4.90,0.9800,true,1,2851
7290000060781,false,פסטה מסולסלת אסם 500,זארה,IL,פסטה מסולסלת אסם 500,גרמים,500.00,100 גרם,false,,4.90,0.9800,true,1,2855
7290000060828,false,פסטה קרניים אסם 500,זארה,IL,פסטה קרניים אסם 500,גרמים,500.00,100 גרם,false,,4.90,0.9800,true,1,2856
7290000060842,false,פסטה צדפים גדולים אס,זארה,IL,פסטה צדפים גדולים אס,גרמים,500.00,100 גרם,false,,4.90,0.9800,true,1,2857
7290000060880,false,ספגטי אסם 500 גרם,זארה,IL,ספגטי אסם 500 גרם,גרמים,500.00,100 גרם,false,,4.90,0.9800,true,1,2859
7290000060903,false,פתיתים אורז אסם 500,אסם,IL,פתיתים אורז אסם 500,גרמים,500.00,100 גרם,false,,4.90,0.9800,true,1,2860
7290000060958,false,אטריות בינוניות אסם,אסם,IL,אטריות בינוניות אסם,גרמים,400.00,100 גרם,false,,4.90,1.2250,true,1,2861
7290000060965,false,אטריות רחבות אסם 400,אסם,IL,אטריות רחבות אסם 400,גרמים,400.00,100 גרם,false,,4.90,1.2250,true,1,2862
7290000061061,false,קרקר בצל אסם 250 גרם,אסם,IL,קרקר בצל אסם 250 גרם,גרמים,250.00,100 גרם,false,,8.90,3.5600,true,1,2865
7290000061108,false,רוטב טריאקי אסם 360,אסם,IL,רוטב טריאקי אסם 360,גרמים,360.00,100 גרם,false,,8.90,2.4722,true,1,12688
7290000061214,false,פתיתים עם בצל אסם 50,אסם,IL,פתיתים עם בצל אסם 50,גרמים,500.00,100 גרם,false,,4.90,0.9800,true,1,7609
7290000061245,false,עוגיות שוקולד ציפס מ,אסם,IL,עוגיות שוקולד ציפס מ,גרמים,220.00,100 גרם,false,,7.50,3.4091,true,1,12645
7290000062129,false,פודינג אינסטנט וניל,אסם,IL,פודינג אינסטנט וניל,פריט,1.00,"ק""ג",false,,19.90,19.9000,true,1,2872
7290000063140,false,שקדי מרק אסם 400 גרם,אסם,IL,שקדי מרק אסם 400 גרם,גרמים,400.00,100 גרם,false,,9.90,2.4750,true,1,2892
7290000063157,false,"קמח תופח אסם 1 ק""ג",אסם,IL,"קמח תופח אסם 1 ק""ג",פריט,1.00,"ק""ג",false,,7.90,7.9000,true,1,2893
7290000064871,false,מנה חמה פירה בצל אסם,אסם,IL,מנה חמה פירה בצל אסם,גרמים,56.00,100 גרם,false,,4.90,8.7500,true,1,2919
7290000065090,false,מיני קרוטונים למרק/ס,עינת,IL,מיני קרוטונים למרק/ס,גרמים,400.00,100 גרם,false,,19.90,4.9750,true,1,2948
7290000065335,false,מנה חמה פירה עם ירקו,אסם,IL,מנה חמה פירה עם ירקו,גרמים,55.00,100 גרם,false,,4.90,8.9091,true,1,2953
7290000065540,false,מנה חמה פסטה מוקרמת,אסם,IL,מנה חמה פסטה מוקרמת,גרמים,55.00,100 גרם,false,,4.90,8.9091,true,1,44335
7290000065557,false,מנה חמה קוסקוס וירקו,אסם,IL,מנה חמה קוסקוס וירקו,גרמים,84.00,100 גרם,false,,4.90,5.8333,true,1,44336
7290000066141,false,ביסלי גריל 70 גרם,אסם,IL,ביסלי גריל 70 גרם,גרמים,70.00,100 גרם,false,,3.90,5.5714,true,1,12417
7290000066172,false,ביסלי פיצה 70 גרם,אסם,IL,ביסלי פיצה 70 גרם,גרמים,70.00,100 גרם,false,,3.90,5.5714,true,1,12420
7290000066189,false,ביסלי פלאפל 200 גרם,אסם,IL,ביסלי פלאפל 200 גרם,גרמים,200.00,100 גרם,false,,6.50,3.2500,true,1,2966
7290000066196,false,ביסלי גריל 200 גרם,אסם,IL,ביסלי גריל 200 גרם,גרמים,200.00,100 גרם,false,,6.50,3.2500,true,1,2967
7290000066226,false,ביסלי פיצה 200 גרם,אסם,IL,ביסלי פיצה 200 גרם,גרמים,200.00,100 גרם,false,,6.50,3.2500,true,1,2970
7290000066318,false,במבה 80 גרם,גבעול,IL,במבה 80 גרם,גרמים,80.00,100 גרם,false,,3.90,4.8750,true,1,2976
7290000066332,false,אפרופו 50 גרם,אסם,IL,אפרופו 50 גרם,גרמים,50.00,100 גרם,false,,4.50,9.0000,true,1,26849
7290000066431,false,פופקו 80 גרם,גבעול,IL,פופקו 80 גרם,גרמים,80.00,100 גרם,false,,4.50,5.6250,true,1,8489
7290000067599,false,מנה חמה ספגטי בולונז,אסם,IL,מנה חמה ספגטי בולונז,גרמים,65.00,100 גרם,false,,4.90,7.5385,true,1,3025
7290000068138,false,פודינג אינסטנט וניל,אסם,IL,פודינג אינסטנט וניל,גרמים,80.00,100 גרם,false,,4.90,6.1250,true,1,3084
7290000068190,false,גלי בטעם תות אסם 85,אסם,IL,גלי בטעם תות אסם 85,גרמים,85.00,100 גרם,false,,5.90,6.9412,true,1,3086
7290000068206,false,גלי בטעם משמש אסם 80,אסם,IL,גלי בטעם משמש אסם 80,גרמים,85.00,100 גרם,false,,5.90,6.9412,true,1,3087
7290000068251,false,גלי בטעם אננס אסם 85,אסם,IL,גלי בטעם אננס אסם 85,גרמים,85.00,100 גרם,false,,5.90,6.9412,true,1,3095
7290000068343,false,פריכונים מאורז מלא א,פרח תעשיות,IL,פריכונים מאורז מלא א,גרמים,140.00,100 גרם,false,,6.90,4.9286,true,1,20421
7290000068770,false,במבה יום הולדת 80 גר,גבעול,IL,במבה יום הולדת 80 גר,גרמים,80.00,100 גרם,false,,3.90,4.8750,true,1,3104
7290000069364,false,פריכונים אורז דל נתר,הרטו בלגיה,,פריכונים אורז דל נתר,גרמים,140.00,100 גרם,false,,6.90,4.9286,true,1,53048
7290000070322,false,מרק פטריות ר.טבעיים,אסם,IL,מרק פטריות ר.טבעיים,גרמים,400.00,100 גרם,false,,13.90,3.4750,true,1,3134
7290000070353,false,מרק בצל ר.טבעיים אסם,אסם,IL,מרק בצל ר.טבעיים אסם,גרמים,400.00,100 גרם,false,,21.90,5.4750,true,1,3135
7290000072067,false,במבה חלוה 60 גרם,אסם,IL,במבה חלוה 60 גרם,גרמים,60.00,100 גרם,false,,4.50,7.5000,true,1,12731
7290000072241,false,רוטב לפיצה אסם 320 מ,אסם,IL,רוטב לפיצה אסם 320 מ,מיליליטרים,320.00,"100 מ""ל",false,,8.90,2.7813,true,1,12689
7290000072623,false,קטשופ לחיץ אסם 750 ג,אסם,IL,קטשופ לחיץ אסם 750 ג,גרמים,750.00,100 גרם,false,,9.90,1.3200,true,1,3150
7290000072630,false,קטשופ חריף אסם 750 ג,אסם,IL,קטשופ חריף אסם 750 ג,גרמים,750.00,100 גרם,false,,11.90,1.5867,true,1,3151
7290000072753,false,קפה נמס טסטרס צויס 2,גלידות נסטלה,IL,קפה נמס טסטרס צויס 2,גרמים,200.00,100 גרם,false,,29.90,14.9500,true,1,3153
7290000072777,false,קפה נמס טסטרס צויס נ,נסטלה קוריאה קפה,IL,קפה נמס טסטרס צויס נ,גרמים,200.00,100 גרם,false,,35.80,17.9000,true,1,3154
7290000073415,false,מנה חמה פסטה רוטב פי,אסם,IL,מנה חמה פסטה רוטב פי,גרמים,61.00,100 גרם,false,,4.90,8.0328,true,1,3859
7290000073750,false,מנה חמה נודלס בטעם ע,טאי רזידנט,CN,מנה חמה נודלס בטעם ע,גרמים,70.00,100 גרם,false,,4.90,7.0000,true,1,17295
7290000073767,false,מנה חמה נודלס בטעם ב,טאי רזידנט,CN,מנה חמה נודלס בטעם ב,גרמים,71.00,100 גרם,false,,4.90,6.9014,true,1,17294
7290000073774,false,מנה חמה נודלס פיקנטי,טאי רזידנט,CN,מנה חמה נודלס פיקנטי,גרמים,76.00,100 גרם,false,,4.90,6.4474,true,1,17296
7290000074153,false,פתיבר שוקו אסם 500 ג,,,פתיבר שוקו אסם 500 ג,גרמים,500.00,100 גרם,false,,8.90,1.7800,true,1,12015
7290000074184,false,פתיבר אסם 500 גרם,אסם,IL,פתיבר אסם 500 גרם,גרמים,500.00,100 גרם,false,,8.90,1.7800,true,1,12016
7290000074245,false,קרם קרקר 250 גרם,אסם,IL,קרם קרקר 250 גרם,גרמים,250.00,100 גרם,false,,7.80,3.1200,true,1,97
7290000074252,false,קרקר שומשום אסם 250,אסם,IL,קרקר שומשום אסם 250,גרמים,250.00,100 גרם,false,,7.90,3.1600,true,1,3866
7290000074276,false,קרקר פיקנטי אסם 250,אסם,IL,קרקר פיקנטי אסם 250,גרמים,250.00,100 גרם,false,,8.90,3.5600,true,1,3867
7290000074375,false,קרקר זהב 150 גרם,אסם,IL,קרקר זהב 150 גרם,גרמים,150.00,100 גרם,false,,6.50,4.3333,true,1,3869
7290000074481,false,לחמית אגוזים 160 גרם,אסם,IL,לחמית אגוזים 160 גרם,גרמים,160.00,100 גרם,false,,8.90,5.5625,true,1,23825
7290000074696,false,"קרם קרקר 1 ק""ג",אסם,IL,"קרם קרקר 1 ק""ג",פריט,1.00,"ק""ג",false,,19.90,19.9000,true,1,98
7290000074764,false,קרקר זהב 900 גרם,אסם,IL,קרקר זהב 900 גרם,גרמים,900.00,100 גרם,false,,19.90,2.2111,true,1,100
7290000075204,false,לחמית חיטה מלאה 250,אסם,IL,לחמית חיטה מלאה 250,גרמים,250.00,100 גרם,false,,7.90,3.1600,true,1,3873
7290000075693,false,עוגת שמרים בריוש שוק,אסם,IL,עוגת שמרים בריוש שוק,גרמים,360.00,100 גרם,false,,14.90,4.1389,true,1,21987
7290000076133,false,בייגלה שמיניות מלח א,אסם,IL,בייגלה שמיניות מלח א,גרמים,400.00,100 גרם,false,,8.90,2.2250,true,1,18740
7290000077017,false,עוגיות ממולאות שוקול,אסם,IL,עוגיות ממולאות שוקול,גרמים,200.00,100 גרם,false,,7.50,3.7500,true,1,12650
7290000077253,false,לחמית כפרית 190 גרם,אסם,IL,לחמית כפרית 190 גרם,גרמים,190.00,100 גרם,false,,8.90,4.6842,true,1,16010
7290000077925,false,צנימים חיטה מלאה טוס,ון דר מולן,NL,צנימים חיטה מלאה טוס,גרמים,125.00,100 גרם,false,,9.50,7.6000,true,1,19645
7290000078762,false,פריכונים אורז מלא וד,הרטו בלגיה,BE,פריכונים אורז מלא וד,גרמים,80.00,100 גרם,false,,6.90,8.6250,true,1,20420
7290000081663,false,בייגלה טבעות שומשום,אסם,IL,בייגלה טבעות שומשום,גרמים,300.00,100 גרם,false,,8.90,2.9667,true,1,18741
7290000100272,false,כרובית סנפרוסט 600 ג,תנובה,IL,כרובית סנפרוסט 600 ג,גרמים,600.00,100 גרם,false,,23.90,3.9833,true,1,58170
7290000103532,false,גרעיני תירס סנפרוסט,סנפרוסט בעמ,IL,גרעיני תירס סנפרוסט,גרמים,700.00,100 גרם,false,,15.90,2.2714,true,1,35392
7290000104218,false,במיה סנפרוסט 600 גרם,סנפרוסט בעמ,IL,במיה סנפרוסט 600 גרם,גרמים,600.00,100 גרם,false,,14.90,2.4833,true,1,752
7290000104713,false,פול ירוק סנפרוסט 800,סנפרוסט בעמ,IL,פול ירוק סנפרוסט 800,גרמים,800.00,100 גרם,false,,21.90,2.7375,true,1,760
7290000104768,false,עלי תרד סנפרוסט 800,סנפרוסט בעמ,IL,עלי תרד סנפרוסט 800,גרמים,800.00,100 גרם,false,,19.90,2.4875,true,1,39189
7290000104775,false,מדליוני תרד סנפרוסט,סנפרוסט בעמ,IL,מדליוני תרד סנפרוסט,גרמים,800.00,100 גרם,false,,19.90,2.4875,true,1,39190
7290000104799,false,שעועית לבנה סנפרוסט,סנפרוסט בעמ,IL,שעועית לבנה סנפרוסט,גרמים,800.00,100 גרם,false,,18.90,2.3625,true,1,763
7290000107189,false,תחתיות ארטישוק סנפרו,סנפרוסט בעמ,IL,תחתיות ארטישוק סנפרו,גרמים,400.00,100 גרם,false,,19.90,4.9750,true,1,769
7290000111353,false,"מיונז תלמה 1 ק""ג",יוניליוור,IL,"מיונז תלמה 1 ק""ג",פריט,1.00,"ק""ג",false,,15.90,15.9000,true,1,781
7290000112237,false,"טחינה בארכה 1 ק""ג",רושדי תעשיות מזון,IL,"טחינה בארכה 1 ק""ג",פריט,1.00,"ק""ג",false,,19.90,19.9000,true,1,33248
7290000121079,false,גבינה מותכת שום שמיר,גהשאן,IL,גבינה מותכת שום שמיר,גרמים,120.00,100 גרם,false,,8.90,7.4167,true,1,21432
7290000121093,false,גבינה מותכת שוויצרי,גהשאן,IL,גבינה מותכת שוויצרי,גרמים,120.00,100 גרם,false,,8.90,7.4167,true,1,21433
7290000121109,false,גבינה מותכת זיתים 7%,גהשאן,IL,גבינה מותכת זיתים 7%,גרמים,120.00,100 גרם,false,,8.90,7.4167,true,1,21434
7290000133645,false,משחת אורביטול הלבנה,טרופיקל דגיל,IL,משחת אורביטול הלבנה,גרמים,435.00,100 גרם,false,,16.50,3.7931,true,1,345
7290000135045,false,משקה אנרגיה אקסל תן,טמפו,IL,משקה אנרגיה אקסל תן,מיליליטרים,250.00,"100 מ""ל",false,,3.90,1.5600,true,1,61926
7290000135052,false,משקה אנרגיה אקסל תן,טמפו,IL,משקה אנרגיה אקסל תן,מיליליטרים,250.00,"100 מ""ל",false,,3.90,1.5600,true,1,61927
7290000135113,false,משקה אנרגיה אקסל נענ,טמפו,IL,משקה אנרגיה אקסל נענ,מיליליטרים,250.00,"100 מ""ל",false,,3.90,1.5600,true,1,64936
7290000135311,false,פפסי מקס ליים 1.5 לי,טמפו,IL,פפסי מקס ליים 1.5 לי,קילוגרמים,1.50,ליטר,false,,6.00,4.0000,true,1,78718
7290000135465,false,מארז סודה טמפו 12*50,טמפו,IL,מארז סודה טמפו 12*50,קילוגרמים,6.00,ליטר,false,,24.90,4.1500,true,1,72200
7290000135595,false,פפסי מקס דובדבן 1.5,טמפו,IL,פפסי מקס דובדבן 1.5,קילוגרמים,1.50,ליטר,false,,6.00,4.0000,true,1,72201
7290000136141,false,פפסי קולה 1.5 ליטר,טמפו,IL,פפסי קולה 1.5 ליטר,קילוגרמים,1.50,ליטר,false,,6.00,4.0000,true,1,74966
7290000136158,false,פפסי מקס 1.5 ליטר,טמפו,IL,פפסי מקס 1.5 ליטר,קילוגרמים,1.50,ליטר,false,,6.00,4.0000,true,1,74967
7290000136165,false,מירינדה 1.5 ליטר,טמפו,IL,מירינדה 1.5 ליטר,קילוגרמים,1.50,ליטר,false,,6.00,4.0000,true,1,74961
7290000136172,false,סבן אפ 1.5 ליטר,טמפו,IL,סבן אפ 1.5 ליטר,קילוגרמים,1.50,ליטר,false,,6.00,4.0000,true,1,74968
7290000136189,false,סבן אפ דיאט 1.5 ליטר,טמפו,IL,סבן אפ דיאט 1.5 ליטר,קילוגרמים,1.50,ליטר,false,,6.00,4.0000,true,1,74962
7290000136516,false,גאמפ מנגו פסיפלורה 1,טמפו,IL,גאמפ מנגו פסיפלורה 1,קילוגרמים,1.50,ליטר,false,,5.80,3.8667,true,1,74929
7290000136523,false,גאמפ ענבים 1.5 ליטר,טמפו,IL,גאמפ ענבים 1.5 ליטר,קילוגרמים,1.50,ליטר,false,,6.90,4.6000,true,1,74933
7290000136561,false,גאמפ תות בננה 1.5 לי,טמפו,IL,גאמפ תות בננה 1.5 לי,קילוגרמים,1.50,ליטר,false,,6.90,4.6000,true,1,74934
7290000136585,false,גאמפ תפוז 1.5 ליטר,טמפו,IL,גאמפ תפוז 1.5 ליטר,קילוגרמים,1.50,ליטר,false,,6.90,4.6000,true,1,74930
7290000136646,false,בירה נשר מאלט 1.5 לי,טמפו,IL,בירה נשר מאלט 1.5 לי,קילוגרמים,1.50,ליטר,false,,7.90,5.2667,true,1,74925
7290000136653,false,בירה נשר מאלט דיאט 1,טמפו,IL,בירה נשר מאלט דיאט 1,קילוגרמים,1.50,ליטר,false,,8.80,5.8667,true,1,74926
7290000136769,false,מארז פפסי קולה 6*1.5,טמפו,IL,מארז פפסי קולה 6*1.5,קילוגרמים,9.00,ליטר,false,,35.90,3.9889,true,1,74969
7290000136776,false,מארז פפסי מקס 6*1.5,טמפו,IL,מארז פפסי מקס 6*1.5,קילוגרמים,9.00,ליטר,false,,35.90,3.9889,true,1,74970
7290000136790,false,מארז סודה טמפו 6*1.5,טמפו,IL,מארז סודה טמפו 6*1.5,קילוגרמים,9.00,ליטר,false,,15.90,1.7667,true,1,74958
7290000136813,false,מארז סודה אננס טמפו,טמפו,IL,מארז סודה אננס טמפו,קילוגרמים,6.00,ליטר,false,,10.90,1.8167,true,1,75694
7290000136820,false,מארז סודה פירות יער,טמפו,IL,מארז סודה פירות יער,קילוגרמים,6.00,ליטר,false,,10.90,1.8167,true,1,75695
7290000136837,false,מארז סודה אפרסק טמפו,טמפו,IL,מארז סודה אפרסק טמפו,קילוגרמים,6.00,ליטר,false,,10.90,1.8167,true,1,75693
7290000136844,false,מים אקווה נובה 6*2 ל,טמפו,IL,מים אקווה נובה 6*2 ל,קילוגרמים,12.00,ליטר,false,,11.90,0.9917,true,1,74927
7290000137643,false,מארז קסטה טעמקור 8 י,גלידות שטראוס,IL,מארז קסטה טעמקור 8 י,גרמים,416.00,100 גרם,false,,27.50,6.6106,true,1,890
7290000139104,false,שלווה חיטה תפוחה ומת,אשבל,IL,שלווה חיטה תפוחה ומת,גרמים,230.00,100 גרם,false,,8.70,3.7826,true,1,14819
7290000139227,false,תירס תפוח מתוק אשבול,אשבול בעמ,IL,תירס תפוח מתוק אשבול,גרמים,150.00,100 גרם,false,,8.70,5.8000,true,1,14820
7290000143187,false,שמפו הוואי לגבר 700,הנקל סוד,IL,שמפו הוואי לגבר 700,מיליליטרים,700.00,"100 מ""ל",false,,8.90,1.2714,true,1,22164
7290000143200,false,מרכך הוואי לשיער יבש,הנקל סוד,IL,מרכך הוואי לשיער יבש,מיליליטרים,700.00,"100 מ""ל",false,,8.90,1.2714,true,1,15682
7290000143217,false,שמפו הוואי לשיער יבש,הנקל סוד,IL,שמפו הוואי לשיער יבש,מיליליטרים,700.00,"100 מ""ל",false,,8.90,1.2714,true,1,15681
7290000143255,false,שמפו הוואי לשיער רגי,הנקל סוד,IL,שמפו הוואי לשיער רגי,מיליליטרים,700.00,"100 מ""ל",false,,8.90,1.2714,true,1,12639
7290000143279,false,שמפו הוואי למניעת קש,הנקל סוד,IL,שמפו הוואי למניעת קש,מיליליטרים,700.00,"100 מ""ל",false,,8.90,1.2714,true,1,12640
7290000143286,false,מרכך הוואי לשיער רגי,הנקל סוד,IL,מרכך הוואי לשיער רגי,מיליליטרים,700.00,"100 מ""ל",false,,8.90,1.2714,true,1,12641
7290000143293,false,מרכך הוואי לילדים 70,הנקל סוד,IL,מרכך הוואי לילדים 70,מיליליטרים,700.00,"100 מ""ל",false,,8.90,1.2714,true,1,15909
7290000144467,false,שמן חמניות בריאות עץ,שמן תעשיות,IL,שמן חמניות בריאות עץ,קילוגרמים,1.00,ליטר,false,,13.90,13.9000,true,1,897
7290000144474,false,שמן קנולה בריאות עץ,שמן תעשיות,IL,שמן קנולה בריאות עץ,קילוגרמים,1.00,ליטר,false,,14.90,14.9000,true,1,898
7290000149615,false,סבון מוצק נקה 7 לתינ,גליל כימיקלים בעמ,IL,סבון מוצק נקה 7 לתינ,גרמים,400.00,100 גרם,false,,10.90,2.7250,true,1,914
7290000149851,false,סינטבון כפול לנקיון,סנו,IL,סינטבון כפול לנקיון,גרמים,460.00,100 גרם,false,,9.90,2.1522,true,1,915
7290000149905,false,טקסטיל שמפו נוזלי 1,סנו,IL,טקסטיל שמפו נוזלי 1,קילוגרמים,1.00,ליטר,false,,12.90,12.9000,true,1,916
7290000152288,false,נקניקיות עוף טוב 400,עוף טוב,IL,נקניקיות עוף טוב 400,גרמים,400.00,100 גרם,false,,9.90,2.4750,true,1,37332
7290000152943,false,מארז פסטרמה/סלמי כפר,אסם,IL,מארז פסטרמה/סלמי כפר,גרמים,700.00,100 גרם,false,,18.90,2.7000,true,1,60603
7290000153469,false,קציצות עוף קלאסיות ע,עוף טוב,IL,קציצות עוף קלאסיות ע,גרמים,600.00,100 גרם,false,,24.90,4.1500,true,1,22536
7290000158105,false,שניצל עוף דינוזאור ע,עוף טוב,IL,שניצל עוף דינוזאור ע,גרמים,700.00,100 גרם,false,,29.90,4.2714,true,1,27604
7290000174723,false,שוקולית 500 גרם,שטראוס גרופ,IL,שוקולית 500 גרם,גרמים,500.00,100 גרם,false,,11.90,2.3800,true,1,39633
7290000176079,false,קפה טורקי הל עלית 10,שטראוס קפה בי.וי,IL,קפה טורקי הל עלית 10,גרמים,100.00,100 גרם,false,,8.90,8.9000,true,1,75645
7290000176420,false,קפה נמס 200 גרם,שטראוס,PL,קפה נמס 200 גרם,גרמים,200.00,100 גרם,false,,18.90,9.4500,true,1,54
7290000176475,false,קפה נמס האג נטול קפא,שטראוס,IL,קפה נמס האג נטול קפא,גרמים,200.00,100 גרם,false,,33.90,16.9500,true,1,970
7290000178707,false,תפוציפס טבעי 50 גרם,,,תפוציפס טבעי 50 גרם,גרמים,50.00,100 גרם,false,,3.50,7.0000,true,1,23386
7290000178721,false,תפוציפס מלוח 200 גרם,שטראוס,IL,תפוציפס מלוח 200 גרם,גרמים,200.00,100 גרם,false,,9.90,4.9500,true,1,972
7290000186337,false,מטליות לחות לניקוי כ,עלבד משואות יצחק,IL,מטליות לחות לניקוי כ,Unknown,0.00,יחידה,false,,21.90,0.0000,true,1,43183
7290000186535,false,נייר טואלט לילי טריפ,קימברלי קלארק,IL,נייר טואלט לילי טריפ,מטרים,537.00,מטר,false,,37.90,0.0706,true,1,69074
7290000187921,false,נייר טואלט לבן לילי,קימברלי קלארק,IL,נייר טואלט לבן לילי,מטרים,0.00,מטר,false,,37.90,0.0000,true,1,115
7290000187938,false,נייר טואלט פסטל לילי,קימברלי קלארק,IL,נייר טואלט פסטל לילי,מטרים,0.00,מטר,false,,38.90,0.0000,true,1,114
7290000187952,false,נייר טואלט לילי טריפ,קימברלי קלארק,IL,נייר טואלט לילי טריפ,מטרים,537.00,מטר,false,,37.90,0.0706,true,1,69075
7290000188386,false,מגבות נייר ניקול 12,חוגלה קימברלי,IL,מגבות נייר ניקול 12,מטרים,129.00,מטר,false,,19.90,0.1543,true,1,36779
7290000188553,false,מגן תחתון קוטקס נורמ,חוגלה קימברלי,CN,מגן תחתון קוטקס נורמ,Unknown,0.00,יחידה,false,,15.90,0.0000,true,1,36797
7290000188591,false,מגן תחתון קוטקס יאנג,חוגלה קימברלי,CN,מגן תחתון קוטקס יאנג,Unknown,0.00,יחידה,false,,15.90,0.0000,true,1,36798
7290000189680,false,מטליות לחות לרצפה ני,חוגלה קימברלי,,מטליות לחות לרצפה ני,Unknown,0.00,יחידה,false,,19.90,0.0000,true,1,43182
7290000191225,false,חיתולי האגיס 44 יח ש,חוגלה קימברלי,IL,חיתולי האגיס 44 יח ש,Unknown,0.00,יחידה,false,,28.90,0.0000,true,1,42963
7290000191539,false,טישו צבעוני לילי 5*9,חוגלה קימברלי,IL,טישו צבעוני לילי 5*9,גרמים,593.00,100 גרם,false,,11.90,2.0067,true,1,36753
7290000191652,false,טישו קלינקס 3*90 יח,חוגלה קימברלי,IL,טישו קלינקס 3*90 יח,Unknown,0.00,יחידה,false,,9.90,0.0000,true,1,36777
7290000193083,false,תחבושות לילי נובה לי,חוגלה קימברלי,IL,תחבושות לילי נובה לי,Unknown,0.00,יחידה,false,,8.90,0.0000,true,1,36755
7290000193472,false,מגן תחתון לילי נטורל,חוגלה קימברלי,IL,מגן תחתון לילי נטורל,Unknown,0.00,יחידה,false,,14.90,0.0000,true,1,36759
7290000193540,false,מגן תחתון לילי נטורל,חוגלה קימברלי,IL,מגן תחתון לילי נטורל,Unknown,0.00,יחידה,false,,14.90,0.0000,true,1,36760
7290000193953,false,תחבושות ללי נורמל עם,אונטקס,ES,תחבושות ללי נורמל עם,Unknown,0.00,יחידה,false,,23.90,0.0000,true,1,39706
7290000193960,false,תחבושות לילי סופר +,אונטקס,ES,תחבושות לילי סופר +,Unknown,0.00,יחידה,false,,23.90,0.0000,true,1,39707
7290000194172,false,חטיפים מעורב 250 גרם,ממתקי השלום,IL,חטיפים מעורב 250 גרם,גרמים,300.00,100 גרם,false,,12.90,4.3000,true,1,16096
7290000195537,false,מגבונים האגיס ללא בי,חוגלה קימברלי,IL,מגבונים האגיס ללא בי,Unknown,0.00,יחידה,false,,18.90,0.0000,true,1,36765
7290000195773,false,מגבונים האגיס ללא בי,חוגלה קימברלי,IL,מגבונים האגיס ללא בי,Unknown,0.00,יחידה,false,,18.90,0.0000,true,1,74387
7290000197425,false,חיתולי האגיס פרידום,חוגלה קימברלי,IL,חיתולי האגיס פרידום,Unknown,0.00,יחידה,false,,41.90,0.0000,true,1,69869
7290000197456,false,חיתולי האגיס פרידום,חוגלה קימברלי,IL,חיתולי האגיס פרידום,Unknown,0.00,יחידה,false,,41.90,0.0000,true,1,69870
7290000197463,false,חיתולי האגיס פרידום,חוגלה קימברלי,IL,חיתולי האגיס פרידום,Unknown,0.00,יחידה,false,,41.90,0.0000,true,1,69871
7290000197548,false,חיתולי האגיס פרידום,חוגלה קימברלי,IL,חיתולי האגיס פרידום,Unknown,0.00,יחידה,false,,41.90,0.0000,true,1,69872
7290000197678,false,חיתולי האגיס פרידום,חוגלה קימברלי,IL,חיתולי האגיס פרידום,Unknown,0.00,יחידה,false,,41.90,0.0000,true,1,69873
7290000201818,false,חיתולי טיטולים פרימי,חוגלה קימברלי,IL,חיתולי טיטולים פרימי,Unknown,0.00,יחידה,false,,29.90,0.0000,true,1,62844
7290000201832,false,חיתולי טיטולים פרימי,חוגלה קימברלי,IL,חיתולי טיטולים פרימי,Unknown,0.00,יחידה,false,,29.90,0.0000,true,1,62845
7290000201849,false,חיתולי טיטולים פרימי,חוגלה קימברלי,IL,חיתולי טיטולים פרימי,Unknown,0.00,יחידה,false,,29.90,0.0000,true,1,62846
7290000201856,false,חיתולי טיטולים פרימי,חוגלה קימברלי,IL,חיתולי טיטולים פרימי,Unknown,0.00,יחידה,false,,29.90,0.0000,true,1,62847
7290000201863,false,חיתולי טיטולים פרימי,חוגלה קימברלי,IL,חיתולי טיטולים פרימי,Unknown,0.00,יחידה,false,,29.90,0.0000,true,1,62848
7290000201870,false,חיתולי טיטולים פרימי,חוגלה קימברלי,IL,חיתולי טיטולים פרימי,Unknown,0.00,יחידה,false,,29.90,0.0000,true,1,62849
7290000204086,false,כריות קרצוף ניקול 3,חוגלה קימברלי,IL,כריות קרצוף ניקול 3,Unknown,0.00,יחידה,false,,9.90,0.0000,true,1,36767
7290000204253,false,מטליות לניקוי כללי נ,נ אורים,IL,מטליות לניקוי כללי נ,Unknown,0.00,יחידה,false,,9.90,0.0000,true,1,36769
7290000208077,false,אפונה גדולה יכין 550,זנלכל,IL,אפונה גדולה יכין 550,גרמים,550.00,100 גרם,false,,6.90,1.2545,true,1,27670
7290000208114,false,אפונה וגזר יכין 550,זנלכל,IL,אפונה וגזר יכין 550,גרמים,550.00,100 גרם,false,,6.90,1.2545,true,1,27773
7290000208138,false,סירופ יכין ענבים דיא,זנלכל,IL,סירופ יכין ענבים דיא,קילוגרמים,1.00,ליטר,false,,16.70,16.7000,true,1,21359
7290000208213,false,שעועית לבנה ברוטב יכ,זנלכל,IL,שעועית לבנה ברוטב יכ,גרמים,560.00,100 גרם,false,,6.90,1.2321,true,1,27769
7290000208220,false,שעועית צילי חריף יכי,זנלכל,IL,שעועית צילי חריף יכי,גרמים,580.00,100 גרם,false,,9.50,1.6379,true,1,27770
7290000208329,false,תירס גרעינים יכין 55,זנלכל,IL,תירס גרעינים יכין 55,גרמים,550.00,100 גרם,false,,6.90,1.2545,true,1,27767
7290000208350,false,עגבניות מרוסקות עם ב,זנלכל,IL,עגבניות מרוסקות עם ב,גרמים,800.00,100 גרם,false,,9.90,1.2375,true,1,22790
7290000208428,false,חומוס שלם יכין 550 ג,זנלכל,IL,חומוס שלם יכין 550 ג,גרמים,550.00,100 גרם,false,,6.90,1.2545,true,1,27771
7290000209012,false,חומץ  5% יכין 1 ליטר,זנלכל,IL,חומץ  5% יכין 1 ליטר,קילוגרמים,1.00,ליטר,false,,6.90,6.9000,true,1,11725
7290000209043,false,רוטב לימון משומר יכי,זנלכל,IL,רוטב לימון משומר יכי,קילוגרמים,1.00,ליטר,false,,5.90,5.9000,true,1,11726
7290000209524,false,סירופ יכין פטל דיאט,זנלכל,IL,סירופ יכין פטל דיאט,קילוגרמים,1.00,ליטר,false,,16.70,16.7000,true,1,21360
7290000209555,false,סירופ יכין תפוע דיאט,זנלכל,IL,סירופ יכין תפוע דיאט,קילוגרמים,1.00,ליטר,false,,16.70,16.7000,true,1,21361
7290000209579,false,סירופ יכין אננס דיאט,זנלכל,IL,סירופ יכין אננס דיאט,קילוגרמים,1.00,ליטר,false,,16.70,16.7000,true,1,21365
7290000209722,false,תרכיז עגבניות פריכוז,זנלכל,IL,תרכיז עגבניות פריכוז,גרמים,580.00,100 גרם,false,,9.90,1.7069,true,1,12242
7290000211442,false,"אורז פרסי סוגת 1 ק""ג",סוגת,IL,"אורז פרסי סוגת 1 ק""ג",פריט,1.00,"ק""ג",false,,9.90,9.9000,true,1,1197
7290000211503,false,"סוכר סוגת 1 ק""ג",סוגת,IL,"סוכר סוגת 1 ק""ג",פריט,1.00,"ק""ג",false,,4.90,4.9000,true,1,1198
7290000211985,false,אורז ריזוטו עגול סוג,סוגת,IL,אורז ריזוטו עגול סוג,פריט,1.00,"ק""ג",false,,9.90,9.9000,true,1,1203
7290000226514,false,עוגת דובוש ריבת חלב,קפולסקי אדל בעמ,IL,עוגת דובוש ריבת חלב,גרמים,450.00,100 גרם,false,,38.90,8.6444,true,1,1248
7290000226545,false,עוגת טורט היער השחור,קפולסקי אדל בעמ,IL,עוגת טורט היער השחור,פריט,1.00,"ק""ג",false,,59.90,59.9000,true,1,1250
7290000226552,false,עוגת טורט בטעם ריבת,קפולסקי אדל בעמ,IL,עוגת טורט בטעם ריבת,פריט,1.00,"ק""ג",false,,59.90,59.9000,true,1,1251
7290000226569,false,עוגת טורט קצפת בטעם,קפולסקי אדל בעמ,IL,עוגת טורט קצפת בטעם,פריט,1.00,"ק""ג",false,,59.90,59.9000,true,1,1252
7290000226576,false,עוגת טורט בטעם שוקול,קפולסקי אדל בעמ,IL,עוגת טורט בטעם שוקול,פריט,1.00,"ק""ג",false,,59.90,59.9000,true,1,1253
7290000226613,false,עוגת דובוש מצופה שוק,קפולסקי אדל בעמ,IL,עוגת דובוש מצופה שוק,גרמים,400.00,100 גרם,false,,38.90,9.7250,true,1,1255
7290000238029,false,בצק עלים מרודד מעדנו,מעדנות,IL,בצק עלים מרודד מעדנו,פריט,1.00,"ק""ג",false,,17.90,17.9000,true,1,18194
7290000238036,false,מלוואח מעדנות 700 גר,מעדנות,IL,מלוואח מעדנות 700 גר,גרמים,700.00,100 גרם,false,,12.90,1.8429,true,1,18263
7290000238173,false,בורקס גבינה מעדנות 8,מעדנות,IL,בורקס גבינה מעדנות 8,גרמים,800.00,100 גרם,false,,17.90,2.2375,true,1,18195
7290000238180,false,בורקס תפוא מעדנות 80,מעדנות,IL,בורקס תפוא מעדנות 80,גרמים,800.00,100 גרם,false,,16.90,2.1125,true,1,18196
7290000245089,false,מרכך סוד סגול 4 ליטר,הנקל סוד,IL,מרכך סוד סגול 4 ליטר,קילוגרמים,4.00,ליטר,false,,16.90,4.2250,true,1,20590
7290000245157,false,מרכך סוד לבן 4 ליטר,הנקל סוד,IL,מרכך סוד לבן 4 ליטר,קילוגרמים,4.00,ליטר,false,,16.90,4.2250,true,1,20717
7290000245782,false,מרכך סוד ורוד 4 ליטר,הנקל סוד,IL,מרכך סוד ורוד 4 ליטר,קילוגרמים,4.00,ליטר,false,,16.90,4.2250,true,1,20592
7290000245799,false,מרכך סוד כחול 4 ליטר,הנקל סוד,IL,מרכך סוד כחול 4 ליטר,קילוגרמים,4.00,ליטר,false,,16.90,4.2250,true,1,20593
7290000253084,false,שוקולד ציפס חום לבן,אופנהיימר,IL,שוקולד ציפס חום לבן,גרמים,750.00,100 גרם,false,,19.90,2.6533,true,1,39234
7290000253107,false,צמקאו לבישול ואפיה א,אופנהיימר,IL,צמקאו לבישול ואפיה א,גרמים,900.00,100 גרם,false,,16.90,1.8778,true,1,38795
7290000253206,false,שוקולד ציפס אופנהיימ,אופנהיימר,IL,שוקולד ציפס אופנהיימ,גרמים,680.00,100 גרם,false,,19.90,2.9265,true,1,33648
7290000253251,false,שוקולד ציפס לבן אופנ,אופנהיימר,IL,שוקולד ציפס לבן אופנ,גרמים,250.00,100 גרם,false,,9.90,3.9600,true,1,19534
7290000253329,false,צמקאו חום/לבן לבישול,אופנהיימר,IL,צמקאו חום/לבן לבישול,גרמים,900.00,100 גרם,false,,16.90,1.8778,true,1,39235
7290000253565,false,מזרה צבעוני ארוך אופ,אופנהיימר,IL,מזרה צבעוני ארוך אופ,גרמים,170.00,100 גרם,false,,6.90,4.0588,true,1,70526
7290000253589,false,מזרה חום ארוך אופנהי,אופנהיימר,IL,מזרה חום ארוך אופנהי,גרמים,200.00,100 גרם,false,,6.90,3.4500,true,1,68521
7290000253596,false,מזרה צבעוני עגול אופ,אופנהיימר,IL,מזרה צבעוני עגול אופ,גרמים,200.00,100 גרם,false,,6.90,3.4500,true,1,68522
7290000262161,false,נייר טואלט מולט 40 ג,חוגלה קימברלי,IL,נייר טואלט מולט 40 ג,מטרים,704.00,מטר,false,,31.90,0.0453,true,1,36771
7290000263359,false,חיתולי האגיס 40 יח ש,חוגלה קימברלי,IL,חיתולי האגיס 40 יח ש,Unknown,0.00,יחידה,false,,28.90,0.0000,true,1,36785
7290000272443,false,סירופ עסיס תפוז דיאט,בית השיטה עסיס תעשיו,IL,סירופ עסיס תפוז דיאט,קילוגרמים,1.00,ליטר,false,,15.90,15.9000,true,1,30782
7290000272467,false,סירופ עסיס פטל דיאט,בית השיטה עסיס תעשיו,IL,סירופ עסיס פטל דיאט,קילוגרמים,1.00,ליטר,false,,15.90,15.9000,true,1,28607
7290000272696,false,מיץ לימון משומר עסיס,בית השיטה עסיס תעשיו,IL,מיץ לימון משומר עסיס,קילוגרמים,1.00,ליטר,false,,7.90,7.9000,true,1,24887
7290000272726,false,חומץ 5% עסיס 1 ליטר,בית השיטה עסיס תעשיו,IL,חומץ 5% עסיס 1 ליטר,קילוגרמים,1.00,ליטר,false,,5.90,5.9000,true,1,24888
7290000286228,false,ספוגיות סנו סושי 6 י,סדובסקי,IL,ספוגיות סנו סושי 6 י,Unknown,0.00,יחידה,false,,9.90,0.0000,true,1,1539
7290000286488,false,ספוג כיף פיראט,קוסמופארם,IL,ספוג כיף פיראט,Unknown,0.00,יחידה,false,,6.90,0.0000,true,1,1542
7290000286525,false,ספוג כיף רחצה פרינה,קוסמופארם,IL,ספוג כיף רחצה פרינה,Unknown,0.00,יחידה,false,,9.90,0.0000,true,1,1545
7290000286761,false,ניילון נצמד סנו סושי,FV HK,IL,ניילון נצמד סנו סושי,מטרים,60.00,מטר,false,,9.90,0.1650,true,1,1550
7290000286921,false,תרסיס רסס כבס סנוקל,סנו,IL,תרסיס רסס כבס סנוקל,מיליליטרים,750.00,"100 מ""ל",false,,10.90,1.4533,true,1,5780
7290000287102,false,תרסיס סנו שטיחים איר,סנו,IL,תרסיס סנו שטיחים איר,מיליליטרים,600.00,"100 מ""ל",false,,19.70,3.2833,true,1,1562
7290000287195,false,תרסיס סנו רהיט 305 מ,סנו,IL,תרסיס סנו רהיט 305 מ,מיליליטרים,305.00,"100 מ""ל",false,,13.70,4.4918,true,1,1568
7290000287409,false,סבון אסלה סנובון תות,סנו,IL,סבון אסלה סנובון תות,גרמים,165.00,100 גרם,false,,10.70,6.4848,true,1,1570
7290000287430,false,סבון אסלה סנובון צבע,סנו,IL,סבון אסלה סנובון צבע,גרמים,165.00,100 גרם,false,,10.70,6.4848,true,1,1571
7290000287485,false,סבון אסלה סנובון לוב,סנו,IL,סבון אסלה סנובון לוב,גרמים,165.00,100 גרם,false,,10.70,6.4848,true,1,1572
7290000287492,false,סנובון נוזלי לימון 7,סנו,IL,סנובון נוזלי לימון 7,מיליליטרים,750.00,"100 מ""ל",false,,8.90,1.1867,true,1,34657
7290000288024,false,אקונומיקה סנו גאוול,סנו,IL,אקונומיקה סנו גאוול,קילוגרמים,4.00,ליטר,false,,16.90,4.2250,true,1,1577
7290000288048,false,תרסיס ניקוי סנו ז'או,סנו,IL,תרסיס ניקוי סנו ז'או,קילוגרמים,1.00,ליטר,false,,16.90,16.9000,true,1,1579
7290000288086,false,אבקת ניקוי סנו גאוול,סנו,IL,אבקת ניקוי סנו גאוול,גרמים,600.00,100 גרם,false,,9.90,1.6500,true,1,1580
7290000288291,false,סנומט דוחה יתושים 30,זובאלה,IL,סנומט דוחה יתושים 30,Unknown,0.00,יחידה,false,,11.90,0.0000,true,1,1584
7290000288383,false,קוטל K500 נמלים סנו,סנו,IL,קוטל K500 נמלים סנו,מיליליטרים,400.00,"100 מ""ל",false,,19.90,4.9750,true,1,1589
7290000288390,false,"קוטל K600 סנו 500 מ""",סנו,IL,"קוטל K600 סנו 500 מ""",מיליליטרים,500.00,"100 מ""ל",false,,19.90,3.9800,true,1,1590
7290000288529,false,משחת כלים סנוסאן ברי,סנו,IL,משחת כלים סנוסאן ברי,פריט,3.50,"ק""ג",false,,19.90,5.6857,true,1,1594
7290000288642,false,מרכך מקסימה סנסטיב 4,סנו,IL,מרכך מקסימה סנסטיב 4,קילוגרמים,4.00,ליטר,false,,16.90,4.2250,true,1,1596
7290000289052,false,פוליויקס סחלבים 4 לי,סנו,IL,פוליויקס סחלבים 4 לי,קילוגרמים,4.00,ליטר,false,,34.90,8.7250,true,1,1598
7290000289069,false,תרסיס ניקוי סנו גאוו,סנו,IL,תרסיס ניקוי סנו גאוו,קילוגרמים,1.00,ליטר,false,,16.90,16.9000,true,1,1599
7290000289472,false,שקיות אשפה 76*90 סנו,אשפלסט,IL,שקיות אשפה 76*90 סנו,Unknown,0.00,יחידה,false,,16.90,0.0000,true,1,1604
7290000289595,false,משחת אורביטול ילדים,טרופיקל דגיל,IL,משחת אורביטול ילדים,גרמים,145.00,100 גרם,false,,6.90,4.7586,true,1,1605
7290000291932,false,סנובון נוזלי לבנדר 7,סנו,IL,סנובון נוזלי לבנדר 7,מיליליטרים,750.00,"100 מ""ל",false,,8.90,1.1867,true,1,34659
7290000292007,false,גל פיתיון K3 סנו,סנו,IL,גל פיתיון K3 סנו,גרמים,10.00,100 גרם,false,,39.90,399.0000,true,1,60876
7290000292137,false,תחליב סנו לניקוי עור,סנו,IL,תחליב סנו לניקוי עור,מיליליטרים,500.00,"100 מ""ל",false,,29.90,5.9800,true,1,1622
7290000292557,false,מילוי סנומט נוזלי 45,זובאלה,IL,מילוי סנומט נוזלי 45,Unknown,0.00,יחידה,false,,14.90,0.0000,true,1,1631
7290000292564,false,קוטל K2000 ללא ריח ס,סנו,IL,קוטל K2000 ללא ריח ס,מיליליטרים,750.00,"100 מ""ל",false,,28.90,3.8533,true,1,1632
7290000292595,false,סופר פוליש סנו 2 ליט,סנו,IL,סופר פוליש סנו 2 ליט,קילוגרמים,2.00,ליטר,false,,39.90,19.9500,true,1,1634
7290000292687,false,סנובון כחול 3 יח,סנו,IL,סנובון כחול 3 יח,גרמים,165.00,100 גרם,false,,14.90,9.0303,true,1,1635
7290000292915,false,תרסיס סנו רסס ונגב 7,סנו,IL,תרסיס סנו רסס ונגב 7,מיליליטרים,750.00,"100 מ""ל",false,,12.90,1.7200,true,1,1636
7290000293073,false,מרכך מקסימה ביו 4 לי,סנו,IL,מרכך מקסימה ביו 4 לי,קילוגרמים,4.00,ליטר,false,,16.90,4.2250,true,1,1639
7290000293943,false,תרסיס אנטי קאלק מסיר,סנו,IL,תרסיס אנטי קאלק מסיר,קילוגרמים,1.00,ליטר,false,,16.70,16.7000,true,1,1647
7290000294780,false,אקונומיקה סנו גאוול,סנו,IL,אקונומיקה סנו גאוול,קילוגרמים,4.00,ליטר,false,,16.90,4.2250,true,1,1667
7290000295503,false,שקיות אוכל סנו סושי,אשפלסט,IL,שקיות אוכל סנו סושי,Unknown,0.00,יחידה,false,,13.70,0.0000,true,1,1676
7290000295558,false,נייר אלומיניום סנו ס,בורסה פזרי,IL,נייר אלומיניום סנו ס,מטרים,15.00,מטר,false,,9.90,0.6600,true,1,1678
7290000295565,false,נייר אלומניום סנו סו,בורסה פזרי,IL,נייר אלומניום סנו סו,מטרים,15.00,מטר,false,,14.90,0.9933,true,1,1679
7290000295749,false,ספוג כיף סאקי מסאז,קוסמופארם,IL,ספוג כיף סאקי מסאז,Unknown,0.00,יחידה,false,,9.90,0.0000,true,1,1682
7290000295824,false,נייר אלומיניום סנו ס,,IL,נייר אלומיניום סנו ס,Unknown,0.00,יחידה,false,,47.90,0.0000,true,1,24567
7290000305882,false,סלט אס ירקות עם דגים,יונה,IL,סלט אס ירקות עם דגים,גרמים,120.00,100 גרם,false,,4.90,4.0833,true,1,15872
7290000311098,false,ופל מן לימון 3*200 ג,רוקחמן,IL,ופל מן לימון 3*200 ג,גרמים,600.00,100 גרם,false,,12.90,2.1500,true,1,67094
7290000311128,false,עוגיות בטעם חמאה מן,רוקחמן,IL,עוגיות בטעם חמאה מן,גרמים,300.00,100 גרם,false,,6.70,2.2333,true,1,1767
7290000311135,false,עוגיות סטיקס שוקו מן,רוקחמן,IL,עוגיות סטיקס שוקו מן,גרמים,300.00,100 גרם,false,,6.70,2.2333,true,1,1768
7290000311180,false,ופלית מן 10 יח,רוקחמן,IL,ופלית מן 10 יח,גרמים,250.00,100 גרם,false,,6.90,2.7600,true,1,1770
7290000311326,false,ופל קפה מן 3*200 גרם,רוקחמן,IL,ופל קפה מן 3*200 גרם,גרמים,600.00,100 גרם,false,,12.90,2.1500,true,1,67095
7290000311357,false,ופל אגוזית מן 10 יח,רוקחמן,IL,ופל אגוזית מן 10 יח,גרמים,280.00,100 גרם,false,,9.90,3.5357,true,1,1775
7290000311425,false,ופל מצופה מן 10 יח,רוקחמן,IL,ופל מצופה מן 10 יח,גרמים,220.00,100 גרם,false,,6.90,3.1364,true,1,1777
7290000311463,false,עוגיות חיטה בטעם חמא,רוקחמן,IL,עוגיות חיטה בטעם חמא,גרמים,200.00,100 גרם,false,,8.70,4.3500,true,1,78970
7290000311487,false,ופל בטעם שוקולד קמח,רוקחמן,IL,ופל בטעם שוקולד קמח,גרמים,140.00,100 גרם,false,,6.90,4.9286,true,1,80032
7290000311500,false,ופל שוקולד מן 500 גר,רוקחמן,IL,ופל שוקולד מן 500 גר,גרמים,500.00,100 גרם,false,,8.90,1.7800,true,1,1778
7290000311517,false,ופל לימון מן 500 גרם,רוקחמן,IL,ופל לימון מן 500 גרם,גרמים,500.00,100 גרם,false,,8.90,1.7800,true,1,1779
7290000311708,false,עוגיות חיטה מלאה מן,רוקחמן,IL,עוגיות חיטה מלאה מן,גרמים,300.00,100 גרם,false,,6.70,2.2333,true,1,1780
7290000311715,false,עוגיות כוכבים שוקולד,רוקחמן,IL,עוגיות כוכבים שוקולד,גרמים,300.00,100 גרם,false,,6.70,2.2333,true,1,1781
7290000311722,false,עוגיות כוכבים וניל מ,רוקחמן,IL,עוגיות כוכבים וניל מ,גרמים,300.00,100 גרם,false,,6.70,2.2333,true,1,1782
7290000311746,false,עוגיות בטעם קרמל מן,רוקחמן,IL,עוגיות בטעם קרמל מן,גרמים,300.00,100 גרם,false,,6.70,2.2333,true,1,44999
7290000311753,false,עוגיות חיטה מלאה בטע,רוקחמן,IL,עוגיות חיטה מלאה בטע,גרמים,250.00,100 גרם,false,,6.70,2.6800,true,1,64304
7290000311845,false,עוגיות חיטה ללא סוכר,רוקחמן,IL,עוגיות חיטה ללא סוכר,גרמים,200.00,100 גרם,false,,8.70,4.3500,true,1,45000
7290000311869,false,ופל ללא סוכר בטעם שו,רוקחמן,IL,ופל ללא סוכר בטעם שו,גרמים,180.00,100 גרם,false,,7.90,4.3889,true,1,45002
7290000311876,false,ופל ללא סוכר בטעם ונ,רוקחמן,IL,ופל ללא סוכר בטעם ונ,גרמים,180.00,100 גרם,false,,7.90,4.3889,true,1,45001
7290000311883,false,עוגיות גרנולה ללא סו,רוקחמן,IL,עוגיות גרנולה ללא סו,גרמים,200.00,100 גרם,false,,8.70,4.3500,true,1,1784
7290000311890,false,ופל ללא סוכר בטעם לי,רוקחמן,,ופל ללא סוכר בטעם לי,גרמים,180.00,100 גרם,false,,7.90,4.3889,true,1,69191
7290000311975,false,ופל מן 5*200 גרם,רוקחמן,IL,ופל מן 5*200 גרם,פריט,1.00,"ק""ג",false,,19.70,19.7000,true,1,1787
7290000312767,false,בייגלה שטוחים מלוח מ,מאיר בייגל,IL,בייגלה שטוחים מלוח מ,גרמים,200.00,100 גרם,false,,4.90,2.4500,true,1,34156
7290000312842,false,בייגלה שמיניות מלך ה,מאיר בייגל,IL,בייגלה שמיניות מלך ה,גרמים,300.00,100 גרם,false,,5.90,1.9667,true,1,71759
7290000312859,false,גריסיני קלאסי מלך הג,מאיר בייגל,IL,גריסיני קלאסי מלך הג,גרמים,180.00,100 גרם,false,,4.90,2.7222,true,1,71760
7290000312866,false,גריסיני שומשום מלך ה,מאיר בייגל,IL,גריסיני שומשום מלך ה,גרמים,160.00,100 גרם,false,,4.90,3.0625,true,1,71761
7290000312873,false,בייגלה שטוח שומשום מ,מאיר בייגל,IL,בייגלה שטוח שומשום מ,גרמים,180.00,100 גרם,false,,4.90,2.7222,true,1,78820
7290000312880,false,בייגלה שטוח כפרי מלך,מאיר בייגל,IL,בייגלה שטוח כפרי מלך,גרמים,180.00,100 גרם,false,,4.90,2.7222,true,1,78821
7290000313290,false,נודלס אטריות מסולסלו,אסם,IL,נודלס אטריות מסולסלו,גרמים,200.00,100 גרם,false,,7.90,3.9500,true,1,23156
7290000327020,false,"מארז פפסי 6*330 מ""ל",מודרן גרופ משקאות בע,IL,"מארז פפסי 6*330 מ""ל",קילוגרמים,1.98,ליטר,false,,18.90,9.5455,true,1,77107
7290000327037,false,מארז מירינדה 6*330 מ,מודרן גרופ משקאות בע,IL,מארז מירינדה 6*330 מ,קילוגרמים,1.98,ליטר,false,,18.90,9.5455,true,1,77108
7290000327044,false,"מארז סבן אפ 6*330 מ""",מודרן גרופ משקאות בע,IL,"מארז סבן אפ 6*330 מ""",קילוגרמים,1.98,ליטר,false,,18.90,9.5455,true,1,77106
7290000345048,false,תה 74 ויסוצקי 125 גר,ויסוצקי,IL,תה 74 ויסוצקי 125 גר,גרמים,125.00,100 גרם,false,,12.80,10.2400,true,1,14591
7290000345055,false,תה ארל גריי תה עלים,ויסוצקי,IL,תה ארל גריי תה עלים,גרמים,100.00,100 גרם,false,,12.90,12.9000,true,1,14592
7290000345215,false,תה ויסוצקי טעם מעודן,ויסוצקי,IL,תה ויסוצקי טעם מעודן,גרמים,100.00,100 גרם,false,,15.90,15.9000,true,1,112
7290000345307,false,תה ארל גריי ויסוצקי,ויסוצקי,IL,תה ארל גריי ויסוצקי,גרמים,75.00,100 גרם,false,,19.90,26.5333,true,1,16363
7290000345536,false,תה נענע 1.5 גרם 25 ש,ויסוצקי,IL,תה נענע 1.5 גרם 25 ש,גרמים,38.00,100 גרם,false,,16.50,43.4211,true,1,40248
7290000347738,false,תה ירוק נענע 25 שקיק,ויסוצקי,IL,תה ירוק נענע 25 שקיק,גרמים,38.00,100 גרם,false,,21.90,57.6316,true,1,19029
7290000347752,false,תה ירוק לימון ולואיז,ויסוצקי,IL,תה ירוק לימון ולואיז,גרמים,38.00,100 גרם,false,,21.90,57.6316,true,1,19030
7290000363363,false,קבנוס מיוחד טירת צבי,טירת צבי,IL,קבנוס מיוחד טירת צבי,גרמים,160.00,100 גרם,false,,14.90,9.3125,true,1,6561
7290000364261,false,סלסולי כתף בקר מעושן,טירת צבי,IL,סלסולי כתף בקר מעושן,גרמים,120.00,100 גרם,false,,12.90,10.7500,true,1,24721
7290000364278,false,סלסולי סלמי בסגנון א,טירת צבי,,סלסולי סלמי בסגנון א,גרמים,120.00,100 גרם,false,,12.90,10.7500,true,1,24722
7290000364285,false,סלסולי פסטרמה הודו ט,טירת צבי,,סלסולי פסטרמה הודו ט,גרמים,120.00,100 גרם,false,,12.90,10.7500,true,1,24723
7290000364292,false,סלסולי פסטרמה הודו ע,טירת צבי,IL,סלסולי פסטרמה הודו ע,גרמים,120.00,100 גרם,false,,12.90,10.7500,true,1,24724
7290000364858,false,נקניקיות עוף טירת צב,טירת צבי,IL,נקניקיות עוף טירת צב,פריט,1.00,"ק""ג",false,,22.90,22.9000,true,1,1953
7290000367590,false,מארז פסטרמה כפרי/סלמ,טירת צבי,IL,מארז פסטרמה כפרי/סלמ,גרמים,800.00,100 גרם,false,,24.90,3.1125,true,1,1967
7290000369037,false,סלט קוביות בולגרית ב,נטורל קייקס,IL,סלט קוביות בולגרית ב,גרמים,200.00,100 גרם,false,,12.90,6.4500,true,1,51687
7290000379203,false,לחם עינן קל אנגל 500,מאפית אנגל,IL,לחם עינן קל אנגל 500,גרמים,500.00,100 גרם,false,,14.90,2.9800,true,1,58421
7290000379258,false,חלה קונדיטוריה אנגל,מאפית אנגל,IL,חלה קונדיטוריה אנגל,גרמים,500.00,100 גרם,false,,12.90,2.5800,true,1,58427
7290000396224,false,תפוח אדמה גורמה,אראל תוצרת חקלאית בע,IL,תפוח אדמה גורמה,Unknown,0.00,יחידה,false,,9.90,0.0000,true,1,52470
7290000408354,false,דנונה בר פצפוצים,שטראוס,IL,דנונה בר פצפוצים,מיליליטרים,175.00,"100 מ""ל",false,,4.30,2.4571,true,1,2100
7290000412481,false,מנקה אסלות 00 1 ליטר,סנו,IL,מנקה אסלות 00 1 ליטר,קילוגרמים,1.00,ליטר,false,,7.50,7.5000,true,1,2131
7290000416632,false,ממרח בטעם שוקולד השח,השחר העולה תעשית ממת,IL,ממרח בטעם שוקולד השח,פריט,1.00,"ק""ג",false,,22.90,22.9000,true,1,8400
7290000416861,false,ממרח בטעם שוקולד השח,השחר העולה תעשית ממת,IL,ממרח בטעם שוקולד השח,גרמים,750.00,100 גרם,false,,19.90,2.6533,true,1,67292
7290000418131,false,תחבושות טופ פד 18 יח,מוצרי נייר עמיר,IL,תחבושות טופ פד 18 יח,Unknown,0.00,יחידה,false,,5.90,0.0000,true,1,2211
7290000418155,false,תחבושות טופ פד סופר,מוצרי נייר עמיר,IL,תחבושות טופ פד סופר,Unknown,0.00,יחידה,false,,5.90,0.0000,true,1,2212
7290000419220,false,מארז קפה טורקי לנדוו,קפה לנדוור,IL,מארז קפה טורקי לנדוו,גרמים,300.00,100 גרם,false,,18.90,6.3000,true,1,22333
7290000419374,false,מארז קפה טורקי לנדוו,קפה לנדוור,IL,מארז קפה טורקי לנדוו,גרמים,300.00,100 גרם,false,,18.90,6.3000,true,1,22334
7290000426150,false,כרובית פרחים בודק 60,"מטר ארצכם בע""מ",IL,כרובית פרחים בודק 60,גרמים,600.00,100 גרם,false,,24.90,4.1500,true,1,64671
7290000426181,false,תרד קצוץ בודק 907 גר,"מטר ארצכם בע""מ",IL,תרד קצוץ בודק 907 גר,גרמים,907.00,100 גרם,false,,26.90,2.9658,true,1,73899
7290000426921,false,ברוקולי פרחים בודק 9,"מטר ארצכם בע""מ",IL,ברוקולי פרחים בודק 9,גרמים,709.00,100 גרם,false,,34.90,4.9224,true,1,73897
7290000432359,false,נר נשמה בכוס שבועי פ,פאלאס,CN,נר נשמה בכוס שבועי פ,Unknown,0.00,יחידה,false,,9.90,0.0000,true,1,43899
7290000436135,false,עוגיות מקושטות ברמן,ברמן שוקולד ועוגיות,IL,עוגיות מקושטות ברמן,גרמים,180.00,100 גרם,false,,3.90,2.1667,true,1,54696
7290000436326,false,עוגיות שוקולד ציפס ב,ברמן שוקולד ועוגיות,IL,עוגיות שוקולד ציפס ב,פריט,1.00,"ק""ג",false,,19.90,19.9000,true,1,56278
7290000436340,false,עוגיות במילוי שוקולד,ברמן שוקולד ועוגיות,IL,עוגיות במילוי שוקולד,גרמים,900.00,100 גרם,false,,19.90,2.2111,true,1,56280
7290000436357,false,עוגיות ממולאות בטעם,ברמן שוקולד ועוגיות,IL,עוגיות ממולאות בטעם,פריט,1.00,"ק""ג",false,,19.90,19.9000,true,1,57912
7290000442310,false,משחת החתלה לתינוק 10,"רצט שקיים בע""מ",IL,משחת החתלה לתינוק 10,גרמים,100.00,100 גרם,false,,10.90,10.9000,true,1,61051
7290000446325,false,תרכיז ב.ד תפוחים טבע,בטר אנד דיפרנט,IL,תרכיז ב.ד תפוחים טבע,קילוגרמים,1.20,ליטר,false,,41.90,34.9167,true,1,5849
7290000446394,false,דייסת שיבולת שועל ב.,בטר אנד דיפרנט,IL,דייסת שיבולת שועל ב.,גרמים,200.00,100 גרם,false,,9.90,4.9500,true,1,2281
7290000446523,false,חמאת בוטנים מתוקה ב.,בטר אנד דיפרנט,IL,חמאת בוטנים מתוקה ב.,גרמים,350.00,100 גרם,false,,13.90,3.9714,true,1,2282
7290000446530,false,חמאת בוטנים מתוקה ב.,בטר אנד דיפרנט,IL,חמאת בוטנים מתוקה ב.,פריט,1.00,"ק""ג",false,,26.90,26.9000,true,1,2283
7290000446547,false,חמאת בוטנים טבעית ב.,בטר אנד דיפרנט,IL,חמאת בוטנים טבעית ב.,גרמים,350.00,100 גרם,false,,13.90,3.9714,true,1,2284
7290000446554,false,חמאת בוטנים טבעית ב.,בטר אנד דיפרנט,IL,חמאת בוטנים טבעית ב.,פריט,1.00,"ק""ג",false,,26.90,26.9000,true,1,2285
7290000446745,false,חמאת שקדים ב.ד 350 ג,בטר אנד דיפרנט,IL,חמאת שקדים ב.ד 350 ג,גרמים,350.00,100 גרם,false,,38.90,11.1143,true,1,28592
7290000446776,false,פצפוצי אורז ללא תוספ,בטר אנד דיפרנט,IL,פצפוצי אורז ללא תוספ,גרמים,450.00,100 גרם,false,,18.90,4.2000,true,1,2287
7290000453019,false,שמרים טריים שמרית 50,פאקא תעשיות בעמ,IL,שמרים טריים שמרית 50,גרמים,50.00,100 גרם,false,,3.90,7.8000,true,1,2314
7290000453125,false,שמרים טריים+משפר אפי,פאקא תעשיות בעמ,IL,שמרים טריים+משפר אפי,גרמים,100.00,100 גרם,false,,6.90,6.9000,true,1,2315
7290000453385,false,שמרים יבשים פאקא 500,פאקא תעשיות בעמ,IL,שמרים יבשים פאקא 500,גרמים,500.00,100 גרם,false,,11.90,2.3800,true,1,22857
7290000453408,false,בצק פיצה מוכן לאפיה,פאקא תעשיות בעמ,FR,בצק פיצה מוכן לאפיה,גרמים,415.00,100 גרם,false,,15.80,3.8072,true,1,69158
7290000453415,false,בצק עלים מוכן לאפיה,פאקא תעשיות בעמ,FR,בצק עלים מוכן לאפיה,גרמים,300.00,100 גרם,false,,14.80,4.9333,true,1,69159
7290000453422,false,בצק פילו מוכן לאפיה,פאקא תעשיות בעמ,GR,בצק פילו מוכן לאפיה,גרמים,300.00,100 גרם,false,,14.80,4.9333,true,1,69160
7290000453484,false,בצק קדאיף שמרית 350,פאקא תעשיות בעמ,GR,בצק קדאיף שמרית 350,גרמים,350.00,100 גרם,false,,12.90,3.6857,true,1,77517
7290000453866,false,נטורינה תחליף מרגרינ,פאקא תעשיות בעמ,IL,נטורינה תחליף מרגרינ,גרמים,200.00,100 גרם,false,,6.50,3.2500,true,1,64127
7290000453880,false,מרגרינה ללא מלח שמרי,פאקא תעשיות בעמ,IL,מרגרינה ללא מלח שמרי,גרמים,200.00,100 גרם,false,,4.60,2.3000,true,1,46766
7290000453897,false,מרגרינה בטעם חמאה שמ,פאקא תעשיות בעמ,IL,מרגרינה בטעם חמאה שמ,גרמים,200.00,100 גרם,false,,4.60,2.3000,true,1,46765
7290000462103,false,סחוג תימני זהבי 150,זהבי הכרם,IL,סחוג תימני זהבי 150,גרמים,150.00,100 גרם,false,,6.90,4.6000,true,1,6026
7290000462141,false,סחוג תימני חריף זהבי,זהבי הכרם,IL,סחוג תימני חריף זהבי,גרמים,150.00,100 גרם,false,,6.90,4.6000,true,1,6027
7290000462172,false,סחוג ירוק זהבי 150 ג,זהבי הכרם,IL,סחוג ירוק זהבי 150 ג,גרמים,140.00,100 גרם,false,,6.90,4.9286,true,1,6028
7290000467153,false,חומוס עם המון טחינה,צבר,IL,חומוס עם המון טחינה,גרמים,400.00,100 גרם,false,,13.90,3.4750,true,1,35096
7290000467320,false,חומוס אבו מרוואן צבר,צבר,IL,חומוס אבו מרוואן צבר,גרמים,400.00,100 גרם,false,,13.90,3.4750,true,1,35097
7290000469638,false,ספריי לגיהוץ מריטו 5,בולטון,,ספריי לגיהוץ מריטו 5,מיליליטרים,500.00,"100 מ""ל",false,,19.90,3.9800,true,1,23269
7290000474090,false,חלב 1% טרה 1 ליטר,טרה,IL,חלב 1% טרה 1 ליטר,קילוגרמים,1.00,ליטר,false,,5.80,5.8000,true,1,2400
7290000474373,false,שמנת חמוצה 15% טרה 2,טרה,IL,שמנת חמוצה 15% טרה 2,מיליליטרים,200.00,"100 מ""ל",false,,2.40,1.2000,true,1,2403
7290000474502,false,גבינה 5% טרה 250 גרם,טרה,IL,גבינה 5% טרה 250 גרם,גרמים,250.00,100 גרם,false,,4.90,1.9600,true,1,6680
7290000474540,false,גבינה 3% טוב טעם 250,טרה,IL,גבינה 3% טוב טעם 250,גרמים,250.00,100 גרם,false,,10.20,4.0800,true,1,2406
7290000474830,false,גבינה מגורדת 28% טרה,טרה,IL,גבינה מגורדת 28% טרה,גרמים,500.00,100 גרם,false,,29.90,5.9800,true,1,2407
7290000480107,false,שיבולת שועל קוואקר 5,קואקר אוטס,GB,שיבולת שועל קוואקר 5,גרמים,500.00,100 גרם,false,,9.90,1.9800,true,1,22479
7290000484747,false,"עלית הארק 40% 700 מ""",יקב הגליל שווק בעמ,IL,"עלית הארק 40% 700 מ""",מיליליטרים,700.00,"100 מ""ל",false,,49.90,7.1286,true,1,47277
7290000490601,false,מאגדת גלידל  שלגון ב,הגלידות של פלדמן,IL,מאגדת גלידל  שלגון ב,גרמים,400.00,100 גרם,false,,28.90,7.2250,true,1,79914
7290000490717,false,מאגדת גלית 8 יח',הגלידות של פלדמן,IL,מאגדת גלית 8 יח',גרמים,560.00,100 גרם,false,,19.90,3.5536,true,1,67375
7290000490762,false,מאגדת גלידל שלגון בט,הגלידות של פלדמן,IL,מאגדת גלידל שלגון בט,גרמים,400.00,100 גרם,false,,28.90,7.2250,true,1,79915
7290000493176,false,אבקה להכנת רוטב צלי,אסם,IL,אבקה להכנת רוטב צלי,גרמים,22.00,100 גרם,false,,3.60,16.3636,true,1,2429
7290000493183,false,אבקת רוטב פטריות אסם,אסם,IL,אבקת רוטב פטריות אסם,גרמים,30.00,100 גרם,false,,3.50,11.6667,true,1,2430
7290000494760,false,קפה טורקי בוואקום כת,רוני רג'ואן,IL,קפה טורקי בוואקום כת,פריט,1.00,"ק""ג",false,,39.90,39.9000,true,1,6890
7290000497044,false,לחם אקטיב ברמן 750 ג,מאפית י את א ברמן בע,IL,לחם אקטיב ברמן 750 ג,גרמים,750.00,100 גרם,false,,15.90,2.1200,true,1,36692
7290000497198,false,פיתות ברמן 10 יח,מאפית י את א ברמן בע,IL,פיתות ברמן 10 יח,פריט,1.00,"ק""ג",false,,10.90,10.9000,true,1,7282
7290000497228,false,לחמניות אצבע ברמן 6,מאפית י את א ברמן בע,IL,לחמניות אצבע ברמן 6,גרמים,450.00,100 גרם,false,,9.90,2.2000,true,1,2439
7290000497273,false,לחמניות קמח מלא אקטי,מאפית י את א ברמן בע,IL,לחמניות קמח מלא אקטי,גרמים,450.00,100 גרם,false,,13.90,3.0889,true,1,48290
7290000497303,false,לחמניות קמח מלא ברמן,מאפית י את א ברמן בע,IL,לחמניות קמח מלא ברמן,גרמים,450.00,100 גרם,false,,12.90,2.8667,true,1,2440
7290000497358,false,חלה מתוקה חלומית ברמ,מאפית י את א ברמן בע,IL,חלה מתוקה חלומית ברמ,גרמים,500.00,100 גרם,false,,11.90,2.3800,true,1,11934
7290000497426,false,לחם לעניין פלוס ברמן,מאפית י את א ברמן בע,IL,לחם לעניין פלוס ברמן,גרמים,500.00,100 גרם,false,,12.90,2.5800,true,1,7286
7290000497532,false,לחם קמח מלא לעניין ב,מאפית י את א ברמן בע,IL,לחם קמח מלא לעניין ב,גרמים,750.00,100 גרם,false,,12.90,1.7200,true,1,2442
7290000497570,false,לחם דגנים פלוס ברמן,מאפית י את א ברמן בע,IL,לחם דגנים פלוס ברמן,גרמים,500.00,100 גרם,false,,12.90,2.5800,true,1,7289
7290000498003,false,לחם קמח מלא E-FREE ב,מאפית י את א ברמן בע,IL,לחם קמח מלא E-FREE ב,גרמים,750.00,100 גרם,false,,14.70,1.9600,true,1,56194
7290000498034,false,לחם קמח מלא כוסמין E,מאפית י את א ברמן בע,IL,לחם קמח מלא כוסמין E,גרמים,750.00,100 גרם,false,,14.70,1.9600,true,1,63463
7290000498058,false,חלה כוסמין חלומית בר,מאפית י את א ברמן בע,IL,חלה כוסמין חלומית בר,גרמים,500.00,100 גרם,false,,15.90,3.1800,true,1,77659
7290000498300,false,חלה מתוקה ברמן 500 ג,מאפית י את א ברמן בע,IL,חלה מתוקה ברמן 500 ג,גרמים,500.00,100 גרם,false,,10.90,2.1800,true,1,71387
7290000504049,false,ממתיק קלאסי סוכרזית,שטראוס,IL,ממתיק קלאסי סוכרזית,גרמים,98.00,100 גרם,false,,17.90,18.2653,true,1,2490
7290000504209,false,ממתיק נוזלי קלאסי סו,שטראוס,IL,ממתיק נוזלי קלאסי סו,מיליליטרים,220.00,"100 מ""ל",false,,14.80,6.7273,true,1,2491
7290000504278,false,ממתיק קלאסי סוכרזית,שטראוס,IL,ממתיק קלאסי סוכרזית,גרמים,57.00,100 גרם,false,,13.90,24.3860,true,1,2493
7290000521008,false,יין סגל אדום יבש,יקבי ברקן,IL,יין סגל אדום יבש,מיליליטרים,750.00,"100 מ""ל",false,,21.50,2.8667,true,1,14114
7290000521404,false,יין סגל מרום גליל קב,יקבי ברקן,IL,יין סגל מרום גליל קב,מיליליטרים,750.00,"100 מ""ל",false,,28.90,3.8533,true,1,31685
7290000523224,false,מלח עדין הים האדום 5,תעשיות מלח לישראל,IL,מלח עדין הים האדום 5,גרמים,500.00,100 גרם,false,,7.90,1.5800,true,1,20545
7290000523804,false,"מלח עדין 1 ק""ג בצנצנ",ויסוצקי,IL,"מלח עדין 1 ק""ג בצנצנ",פריט,1.00,"ק""ג",false,,6.90,6.9000,true,1,31794
7290000523811,false,"מלח גס 1 ק""ג בצנצנת",תעשיות מלח לישראל,IL,"מלח גס 1 ק""ג בצנצנת",פריט,1.00,"ק""ג",false,,6.90,6.9000,true,1,31795
7290000530086,false,סלמי מעושן 7000 זוגל,זוגלובק,IL,סלמי מעושן 7000 זוגל,גרמים,600.00,100 גרם,false,,24.90,4.1500,true,1,14942
7290000530109,false,זוג קבנוס זוגלובק 2*,זוגלובק,IL,זוג קבנוס זוגלובק 2*,גרמים,360.00,100 גרם,false,,24.90,6.9167,true,1,14944
7290000530116,false,סלמי בשן זוגלובק 470,זוגלובק,IL,נקניק סלמי בשן 470 גרם,Unknown,0.00,יחידה,false,1,24.90,0.0000,true,1,14943
7290000530468,false,נקניקיות וינר זוגלוב,,,נקניקיות וינר זוגלוב,פריט,1.00,"ק""ג",false,,22.50,22.5000,true,1,34654
7290000530703,false,מארז סלמי תה/חרמון ז,זוגלובק,IL,מארז סלמי תה/חרמון ז,גרמים,800.00,100 גרם,false,,25.90,3.2375,true,1,16392
7290000531977,false,בורקס גבינה זוגלובק,זוגלובק,IL,בורקס גבינה זוגלובק,גרמים,800.00,100 גרם,false,,13.90,1.7375,true,1,15828
7290000533353,false,בצק עלים זוגלובק 1 ק,זוגלובק,IL,בצק עלים זוגלובק 1 ק,פריט,1.00,"ק""ג",false,,13.90,13.9000,true,1,2540
7290000536316,false,שניצל מן הצומח זוגלו,זוגלובק,IL,שניצל מן הצומח זוגלו,פריט,1.00,"ק""ג",false,,23.90,23.9000,true,1,2543
7290000536743,false,קריספי סטיקס טבעי זו,זוגלובק,IL,קריספי סטיקס טבעי זו,גרמים,500.00,100 גרם,false,,14.90,2.9800,true,1,36923
7290000536774,false,נקניקיות מן הצומח זו,זוגלובק,IL,נקניקיות מן הצומח זו,פריט,1.00,"ק""ג",false,,23.90,23.9000,true,1,2545
7290000536781,false,קבב מן הצומח זוגלובק,זוגלובק,IL,קבב מן הצומח זוגלובק,פריט,1.00,"ק""ג",false,,23.90,23.9000,true,1,2546
7290000537603,false,נקניקיות עוף זוגלובק,זוגלובק,IL,נקניקיות עוף זוגלובק,פריט,1.00,"ק""ג",false,,22.50,22.5000,true,1,14945
7290000554402,false,מלבי גד 160 גרם,מחלבות גד,IL,מלבי גד 160 גרם,מיליליטרים,160.00,"100 מ""ל",false,,5.60,3.5000,true,1,2734
7290000554471,false,גבינת מוצרלה 22% גד,מחלבות גד,IL,גבינת מוצרלה 22% גד,גרמים,180.00,100 גרם,false,,15.90,8.8333,true,1,2736
7290000554600,false,גבינת מוצרלה מגורדת,מחלבות גד,IL,גבינת מוצרלה מגורדת,גרמים,300.00,100 גרם,false,,19.90,6.6333,true,1,2737
7290000554624,false,מעדן ירח מתוק  3% גד,מחלבות גד,IL,מעדן ירח מתוק  3% גד,מיליליטרים,150.00,"100 מ""ל",false,,4.90,3.2667,true,1,2738
7290000554822,false,גבינת ריקוטה 5% גד 2,מחלבות גד,IL,גבינת ריקוטה 5% גד 2,גרמים,250.00,100 גרם,false,,12.90,5.1600,true,1,2740
7290000554839,false,גבינת מסקרפונה 40% ג,מחלבות גד,IL,גבינת מסקרפונה 40% ג,גרמים,250.00,100 גרם,false,,19.90,7.9600,true,1,23788
7290000571386,false,יוגורמה 5% המחלבה 85,מחלבת בית יצחק,IL,יוגורמה 5% המחלבה 85,מיליליטרים,850.00,"100 מ""ל",false,,24.90,2.9294,true,1,7549
7290000571812,false,גבינה פרמזן מגורדת ה,מחלבת בית יצחק,IL,גבינה פרמזן מגורדת ה,גרמים,200.00,100 גרם,false,,16.90,8.4500,true,1,34774
7290000572055,false,חלוה אגוזים ללא סוכר,אחדות ביחר לטחינה חל,IL,חלוה אגוזים ללא סוכר,גרמים,400.00,100 גרם,false,,14.90,3.7250,true,1,2781
7290000572086,false,טחינה אורגנית אחוה 5,אחדות ביחר לטחינה חל,IL,טחינה אורגנית אחוה 5,גרמים,500.00,100 גרם,false,,10.90,2.1800,true,1,2782
7290000572215,false,חטיף חלוה מצופה אחוה,אחדות ביחר לטחינה חל,IL,חטיף חלוה מצופה אחוה,גרמים,80.00,100 גרם,false,,2.90,3.6250,true,1,18040
7290000572222,false,חלוה בטעם וניל אחוה,אחדות ביחר לטחינה חל,IL,חלוה בטעם וניל אחוה,גרמים,500.00,100 גרם,false,,9.80,1.9600,true,1,2784
7290000572529,false,חלוה פיסטוק אחוה 400,אחדות ביחר לטחינה חל,IL,חלוה פיסטוק אחוה 400,גרמים,400.00,100 גרם,false,,11.90,2.9750,true,1,2785
7290000572536,false,חלוה וניל אחוה 400 ג,אחדות ביחר לטחינה חל,IL,חלוה וניל אחוה 400 ג,גרמים,400.00,100 גרם,false,,9.80,2.4500,true,1,2786
7290000572543,false,חלוה שוקו וניל אחוה,אחדות ביחר לטחינה חל,IL,חלוה שוקו וניל אחוה,גרמים,400.00,100 גרם,false,,9.80,2.4500,true,1,2787
7290000572628,false,חטיפי חלוה ללא סוכר,אחדות ביחר לטחינה חל,IL,חטיפי חלוה ללא סוכר,גרמים,275.00,100 גרם,false,,11.90,4.3273,true,1,2789
7290000572673,false,חטיפי חלוה בטעמים אח,אחדות ביחר לטחינה חל,IL,חטיפי חלוה בטעמים אח,גרמים,300.00,100 גרם,false,,11.90,3.9667,true,1,4611
7290000572819,false,"טחינה אחוה 1 ק""ג",אחדות ביחר לטחינה חל,IL,"טחינה אחוה 1 ק""ג",פריט,1.00,"ק""ג",false,,18.90,18.9000,true,1,2792
7290000596020,false,פתיבר בטעם שוקו הדר,מגדנית הדר,IL,פתיבר בטעם שוקו הדר,פריט,1.80,"ק""ג",false,,21.90,12.1667,true,1,2801
7290000598116,false,מצות חמץ יהודה 1.5 ק,מצות יהודה,IL,מצות חמץ יהודה 1.5 ק,פריט,1.50,"ק""ג",false,,24.90,16.6000,true,1,2812
7290000598918,false,עוגיות בטעם חמאה יהו,מצות יהודה,IL,עוגיות בטעם חמאה יהו,פריט,1.50,"ק""ג",false,,24.90,16.6000,true,1,2827
7290000630076,false,עוף מס 2 קפוא עטרה,עטרה,IL,עוף מס 2 קפוא עטרה,קילוגרמים,1.00,"ק""ג",true,,21.90,21.9000,true,1,2887
7290000631035,false,כבד עוף קפוא עטרה,עטרה,IL,כבד עוף קפוא עטרה,קילוגרמים,1.00,"ק""ג",true,,24.90,24.9000,true,1,2889
7290000631226,false,כבד עוף טרי עטרה,,,כבד עוף טרי עטרה,קילוגרמים,1.00,"ק""ג",true,,32.90,32.9000,true,1,483
7290000631271,false,לבבות עוף קפוא עטרה,עטרה,IL,לבבות עוף קפוא עטרה,קילוגרמים,1.00,"ק""ג",true,,29.90,29.9000,true,1,2891
7290000631295,false,לבבות עוף טרי עטרה,,,לבבות עוף טרי עטרה,קילוגרמים,1.00,"ק""ג",true,,32.90,32.9000,true,1,484
7290000632209,false,חזה עוף קפוא עטרה,עטרה,IL,חזה עוף קפוא עטרה,קילוגרמים,1.00,"ק""ג",true,,31.90,31.9000,true,1,2894
7290000632391,false,כרעיים עוף קפוא עטרה,עטרה,IL,כרעיים עוף קפוא עטרה,קילוגרמים,1.00,"ק""ג",true,,31.90,31.9000,true,1,2895
7290000632599,false,ירכיים עוף קפוא עטרה,עטרה,IL,ירכיים עוף קפוא עטרה,קילוגרמים,1.00,"ק""ג",true,,29.90,29.9000,true,1,2896
7290000632698,false,שוקיים עוף קפוא עטרה,עטרה,IL,שוקיים עוף קפוא עטרה,קילוגרמים,1.00,"ק""ג",true,,31.90,31.9000,true,1,2897
7290000633800,false,כנפיים עוף קפוא עטרה,עטרה,IL,כנפיים עוף קפוא עטרה,קילוגרמים,1.00,"ק""ג",true,,11.90,11.9000,true,1,2900
7290000644516,false,גרונות הודו קפוא עטר,,,גרונות הודו קפוא עטר,קילוגרמים,1.00,"ק""ג",true,,29.90,29.9000,true,1,2913
7290000646114,false,כנפיים הודו קפוא עטר,,,כנפיים הודו קפוא עטר,קילוגרמים,1.00,"ק""ג",true,,16.90,16.9000,true,1,2916
7290000688381,false,"מים מי עדן 6*500 מ""ל",מי עדן,IL,"מים מי עדן 6*500 מ""ל",קילוגרמים,3.00,ליטר,false,,12.70,4.2333,true,1,15054
7290000688503,false,מים מי עדן ספורט 6*7,מי עדן,IL,מים מי עדן ספורט 6*7,קילוגרמים,4.50,ליטר,false,,14.90,3.3111,true,1,30213
7290000692135,false,דאו ספיד סטיק פאואר,קולגייט פלמוליב,BY,דאו ספיד סטיק פאואר,Unknown,0.00,יחידה,false,,14.90,0.0000,true,1,30694
7290000692203,false,נוזל אג'קס לימון 2 ל,קולגייט פלמוליב,BY,נוזל אג'קס לימון 2 ל,קילוגרמים,2.00,ליטר,false,,19.90,9.9500,true,1,23260
7290000692210,false,נוזל אג'קס לבנדר 2 ל,קולגייט פלמוליב,BY,נוזל אג'קס לבנדר 2 ל,קילוגרמים,2.00,ליטר,false,,19.90,9.9500,true,1,23258
7290000694108,false,מקלוני חומוס דאבייל,חטיפי יעקובי,IL,מקלוני חומוס דאבייל,גרמים,230.00,100 גרם,false,,11.90,5.1739,true,1,19339
7290000901022,false,פקדון בקבוק/ פחית,,,פקדון בקבוק/ פחית,Unknown,0.00,יחידה,false,,0.30,0.0000,true,1,4255
7290000901046,false,מיחזור אריזה,,,מיחזור אריזה,Unknown,0.00,יחידה,false,,0.30,0.0000,true,1,348
7290000901121,false,צלעות טרי בלי עצם עט,,,צלעות טרי בלי עצם עט,קילוגרמים,1.00,"ק""ג",true,,69.90,69.9000,true,1,535
7290000901152,false,צלעות כבש טרי  עטרה,,,צלעות כבש טרי  עטרה,קילוגרמים,1.00,"ק""ג",true,,199.90,199.9000,true,1,556
7290000901305,false,לחמניה רגילה 10 ב- 1,,,לחמניה רגילה 10 ב- 1,Unknown,0.00,יחידה,false,,12.00,0.0000,true,1,11818
7290000901336,false,לחמניה מיוחדת 8 ב -,,,לחמניה מיוחדת 8 ב -,Unknown,0.00,יחידה,false,,15.00,0.0000,true,1,11819
7290000901343,false,לחמניות ביס 15 ב- 12,,,לחמניות ביס 15 ב- 12,Unknown,0.00,יחידה,false,,11.90,0.0000,true,1,11825
7290000901367,false,עוגת שמרים,,,עוגת שמרים,גרמים,180.00,100 גרם,false,,14.90,8.2778,true,1,11820
7290000901398,false,עוגת פלטה 2 ב - 25,,,עוגת פלטה 2 ב - 25,Unknown,0.00,יחידה,false,,25.00,0.0000,true,1,11823
7290000901404,false,עוגיות מזרחיות,,,עוגיות מזרחיות,קילוגרמים,1.00,"ק""ג",true,,48.00,48.0000,true,1,10272
7290000901428,false,לחם מחמצת,,,לחם מחמצת,Unknown,0.00,יחידה,false,,15.00,0.0000,true,1,10274
7290000901442,false,מאפה חלבי במשקל,,,מאפה חלבי במשקל,קילוגרמים,1.00,"ק""ג",true,,37.90,37.9000,true,1,10278
7290000901459,false,מאפה פרווה במשקל,,,מאפה פרווה במשקל,קילוגרמים,1.00,"ק""ג",true,,37.90,37.9000,true,1,10279
7290000901466,false,סופגניה רגילה 6 יח,,,סופגניה רגילה 6 יח,Unknown,0.00,יחידה,false,,20.00,0.0000,true,1,10280
7290000901480,false,לחמניה רגילה,,,לחמניה רגילה,Unknown,0.00,יחידה,false,,1.50,0.0000,true,1,10282
7290000901534,false,בגט 3 ב- 11,,,בגט 3 ב- 11,Unknown,0.00,יחידה,false,,11.00,0.0000,true,1,10287
7290000901558,false,פיתה דרדס 10 ב - 10,,,פיתה דרדס 10 ב - 10,Unknown,0.00,יחידה,false,,9.00,0.0000,true,1,10292
7290000901572,false,חצי באגט 4 ב-11,,,חצי באגט 4 ב-11,Unknown,0.00,יחידה,false,,10.90,0.0000,true,1,10291
7290000901589,false,חצי בגט,,,חצי בגט,Unknown,0.00,יחידה,false,,3.50,0.0000,true,1,10289
7290000901633,false,זוג לחמי מחמצת,,,זוג לחמי מחמצת,גרמים,425.00,100 גרם,false,,24.90,5.8588,true,1,10297
7290000901640,false,פיתה זעתר 3 ב- 10,,,פיתה זעתר 3 ב- 10,גרמים,250.00,100 גרם,false,,10.00,4.0000,true,1,10298
7290000901657,false,חלה מיני,,,חלה מיני,גרמים,250.00,100 גרם,false,,5.00,2.0000,true,1,10299
7290000901671,false,חלות מיני קלועות / מ,,,חלות מיני קלועות / מ,גרמים,250.00,100 גרם,false,,13.00,5.2000,true,1,10301
7290000901688,false,חלה קלועה/מתוקה,,,חלה קלועה/מתוקה,גרמים,500.00,100 גרם,false,,9.00,1.8000,true,1,10302
7290000901701,false,חלות קלועות/ מתוקות,,,חלות קלועות/ מתוקות,גרמים,180.00,100 גרם,false,,24.00,13.3333,true,1,10303
7290000901725,false,פרנה ענק זוג,,,פרנה ענק זוג,Unknown,0.00,יחידה,false,,18.00,0.0000,true,1,10305
7290000901763,false,עוגות טורט,,,עוגות טורט,Unknown,0.00,יחידה,false,,14.90,0.0000,true,1,10309
7290000901800,false,פיתה רגילה 10 יח',,,פיתה רגילה 10 יח',Unknown,0.00,יחידה,false,,13.00,0.0000,true,1,10313
7290000901817,false,פיתה עם זעתר,,,פיתה עם זעתר,Unknown,1.00,יחידה,false,,4.00,4.0000,true,1,10314
7290000901824,false,מארז פיתה קמח מלא 10,,,מארז פיתה קמח מלא 10,Unknown,0.00,יחידה,false,,8.90,0.0000,true,1,10315
7290000901848,false,בייגלה 4 ב- 10.90,,,בייגלה 4 ב- 10.90,Unknown,0.00,יחידה,false,,10.90,0.0000,true,1,11207
7290000901855,false,ביגלה ארוך/עגול,,,ביגלה ארוך/עגול,Unknown,0.00,יחידה,false,,3.30,0.0000,true,1,11208
7290000901909,false,לחמניות 4 יח,,,לחמניות 4 יח,Unknown,0.00,יחידה,false,,6.00,0.0000,true,1,11213
7290000901916,false,לחמניות 5 יח,,,לחמניות 5 יח,Unknown,0.00,יחידה,false,,7.50,0.0000,true,1,11214
7290000901992,false,מאפה במבצע סוף יום,,,מאפה במבצע סוף יום,קילוגרמים,1.00,"ק""ג",true,,29.90,29.9000,true,1,11222
7290000902005,false,לחמניות 7 יח,,,לחמניות 7 יח,Unknown,0.00,יחידה,false,,10.50,0.0000,true,1,11223
7290000902043,false,פרנה 3 יח,,,פרנה 3 יח,Unknown,0.00,יחידה,false,,12.00,0.0000,true,1,11227
7290000902050,false,לחמניות 6 יח,,,לחמניות 6 יח,Unknown,0.00,יחידה,false,,9.00,0.0000,true,1,11824
7290000902203,false,בשר עגל טחון טרי עטר,,,בשר עגל טחון טרי עטר,קילוגרמים,1.00,"ק""ג",true,,49.90,49.9000,true,1,11465
7290000902241,false,אנטריקוט עגל טרי עטר,,,אנטריקוט עגל טרי עטר,קילוגרמים,1.00,"ק""ג",true,,79.90,79.9000,true,1,11470
7290000902258,false,צלי כתף עגל טרי עטרה,,,צלי כתף עגל טרי עטרה,קילוגרמים,1.00,"ק""ג",true,,79.90,79.9000,true,1,11472
7290000902265,false,פילה מדומה עגל טרי ע,,,פילה מדומה עגל טרי ע,קילוגרמים,1.00,"ק""ג",true,,49.90,49.9000,true,1,11473
7290000902272,false,כתף עגל טרי עטרה,,,כתף עגל טרי עטרה,קילוגרמים,1.00,"ק""ג",true,,49.90,49.9000,true,1,11474
7290000902289,false,אוסובוקו עגל טרי עטר,,,אוסובוקו עגל טרי עטר,קילוגרמים,1.00,"ק""ג",true,,59.90,59.9000,true,1,11475
7290000902296,false,שריר עגל טרי עטרה,,,שריר עגל טרי עטרה,קילוגרמים,1.00,"ק""ג",true,,64.90,64.9000,true,1,11476
7290000902357,false,אסאדו עם עצם טרי עטר,,,אסאדו עם עצם טרי עטר,קילוגרמים,1.00,"ק""ג",true,,69.90,69.9000,true,1,11485
7290000902609,false,מיחזור אריזה בקבוק 1,,,מיחזור אריזה בקבוק 1,Unknown,0.00,יחידה,false,,3.60,0.0000,true,1,13736
7290000904900,false,מגבות נייר קירקלנד 1,,,מגבות נייר קירקלנד 1,מטרים,28.30,מטר,false,,9.90,0.3498,true,1,31100
7290000906423,false,לחמניות מיוחדת,,,לחמניות מיוחדת,Unknown,0.00,יחידה,false,,2.20,0.0000,true,1,34525
7290000906430,false,זוג פוקצות ב -10,,,זוג פוקצות ב -10,Unknown,0.00,יחידה,false,,10.00,0.0000,true,1,34526
7290000906447,false,לחמניות מיוחדת 3 יח,,,לחמניות מיוחדת 3 יח,Unknown,0.00,יחידה,false,,6.60,0.0000,true,1,34527
7290000906454,false,לחמניות מיוחדת 4 יח,,,לחמניות מיוחדת 4 יח,Unknown,0.00,יחידה,false,,8.80,0.0000,true,1,34528
7290000906461,false,לחמניות מיוחדת 5 יח,,,לחמניות מיוחדת 5 יח,Unknown,0.00,יחידה,false,,11.00,0.0000,true,1,34529
7290000906478,false,לחמניות מיוחדת 6 יח,,,לחמניות מיוחדת 6 יח,Unknown,0.00,יחידה,false,,13.20,0.0000,true,1,34530
7290000906485,false,לחמניות מיוחדת 7 יח,,,לחמניות מיוחדת 7 יח,Unknown,0.00,יחידה,false,,15.40,0.0000,true,1,34531
7290000906645,false,מקל בייגלה 2 יח,,,מקל בייגלה 2 יח,Unknown,0.00,יחידה,false,,6.60,0.0000,true,1,35046
7290000906669,false,פוקצת ירקות,,,פוקצת ירקות,Unknown,0.00,יחידה,false,,6.00,0.0000,true,1,35048
7290000906676,false,סופגניה 3 יח,,,סופגניה 3 יח,Unknown,0.00,יחידה,false,,10.00,0.0000,true,1,35049
7290000906720,false,חצי בגט 3 יח,,,חצי בגט 3 יח,Unknown,0.00,יחידה,false,,9.90,0.0000,true,1,35054
7290000906737,false,בגט גדול,,,בגט גדול,Unknown,0.00,יחידה,false,,4.50,0.0000,true,1,35055
7290000906744,false,בגט גדול 2 יח,,,בגט גדול 2 יח,Unknown,0.00,יחידה,false,,9.00,0.0000,true,1,35056
7290000906751,false,פיתות 2 חבילות,,,פיתות 2 חבילות,Unknown,20.00,יחידה,false,,13.00,0.6500,true,1,35057
7290000906980,false,פרנה מלבן 200 גרם,,,פרנה מלבן 200 גרם,גרמים,200.00,100 גרם,false,,4.50,2.2500,true,1,44354
7290000906997,false,חלה מיני 2 ב - 10,,,חלה מיני 2 ב - 10,Unknown,0.00,יחידה,false,,10.00,0.0000,true,1,44355
7290000907048,false,עוגת קראנץ פרימיום,,,עוגת קראנץ פרימיום,Unknown,0.00,יחידה,false,,24.90,0.0000,true,1,44357
7290000907161,false,סברינה,,,סברינה,Unknown,0.00,יחידה,false,,11.00,0.0000,true,1,44358
7290000907253,false,בגט איטלקי,,,בגט איטלקי,Unknown,0.00,יחידה,false,,7.90,0.0000,true,1,36513
7290000907277,false,סופגניה רגילה,,,סופגניה רגילה,Unknown,0.00,יחידה,false,,4.00,0.0000,true,1,36515
7290000915883,false,דונטס 3 ב - 10,,,דונטס 3 ב - 10,Unknown,0.00,יחידה,false,,10.00,0.0000,true,1,49623
7290000916354,false,"ספריבס ע""ע עגל וויל",,,"ספריבס ע""ע עגל וויל",קילוגרמים,1.00,"ק""ג",true,,49.90,49.9000,true,1,53403
7290000921488,false,פוקצת ירקות 3 ב- 15,,,פוקצת ירקות 3 ב- 15,Unknown,0.00,יחידה,false,,15.00,0.0000,true,1,68758
7290000921518,false,חלה מיני קמח מלא,,,חלה מיני קמח מלא,Unknown,0.00,יחידה,false,,6.00,0.0000,true,1,68761
7290000961804,false,דלעת,ברכת קטיף,IL,דלעת,Unknown,0.00,יחידה,false,,7.90,0.0000,true,1,30268
7290000964652,false,קיווי יח,אראל תוצרת חקלאית בע,IL,קיווי יח,Unknown,0.00,יחידה,false,,14.90,0.0000,true,1,42287
7290000976433,false,קשיו טבעי במשקל,דין שיווק,VN,קשיו טבעי במשקל,קילוגרמים,1.00,"ק""ג",true,,85.00,85.0000,true,1,63587
7290000976471,false,גרעין דלעת מקולפת במ,דין שיווק,IL,גרעין דלעת מקולפת במ,קילוגרמים,1.00,"ק""ג",true,,55.00,55.0000,true,1,5724
7290000976785,false,קשיו מסוכר במשקל,דין שיווק,VN,קשיו מסוכר במשקל,קילוגרמים,1.00,"ק""ג",true,,85.00,85.0000,true,1,50070
7290000976846,false,פיסטוק מקולף,,,פיסטוק מקולף,קילוגרמים,1.00,"ק""ג",true,,150.00,150.0000,true,1,12860
7290000977102,false,תערובת פיצוחים במשקל,דין שיווק,TR,תערובת פיצוחים במשקל,קילוגרמים,1.00,"ק""ג",true,,85.00,85.0000,true,1,7566
7290000977881,false,"תפו""ע במשקל",דין שיווק,CN,"תפו""ע במשקל",קילוגרמים,1.00,"ק""ג",true,,45.00,45.0000,true,1,7546
7290000978406,false,אננס רצועות במשקל תפ,דין שיווק,CN,אננס רצועות במשקל תפ,קילוגרמים,1.00,"ק""ג",true,,25.00,25.0000,true,1,5629
7290000978703,false,סוכריות קשות במשקל,,GB,סוכריות קשות במשקל,קילוגרמים,1.00,"ק""ג",true,,36.00,36.0000,true,1,5680
7290000978864,false,תבלינים קבוצה 5,נפטון,IL,תבלינים קבוצה 5,קילוגרמים,1.00,"ק""ג",true,,200.00,200.0000,true,1,5655
7290000989778,false,חמוציות במשקל,דין שיווק,IL,חמוציות במשקל,קילוגרמים,1.00,"ק""ג",true,,25.00,25.0000,true,1,5840
7290001022153,false,חמאה יורו וילי פוד ב,דותן,IL,חמאה יורו וילי פוד ב,קילוגרמים,1.00,"ק""ג",true,,49.00,49.0000,true,1,79434
7290001041017,false,חוואיג תימני מיה 50,מיה תעשיות מזון בעמ,IL,חוואיג תימני מיה 50,גרמים,50.00,100 גרם,false,,5.80,11.6000,true,1,717
7290001041048,false,תבלין על האש מיה 50,מיה תעשיות מזון בעמ,IL,תבלין על האש מיה 50,גרמים,50.00,100 גרם,false,,5.80,11.6000,true,1,720
7290001041291,false,לקקנים בטעם פירות מי,מיה תעשיות מזון בעמ,IL,לקקנים בטעם פירות מי,גרמים,600.00,100 גרם,false,,16.90,2.8167,true,1,737
7290001041482,false,זנגוויל מיה 50 גרם,מיה תעשיות מזון בעמ,IL,זנגוויל מיה 50 גרם,גרמים,50.00,100 גרם,false,,5.80,11.6000,true,1,738
7290001041888,false,פפריקה מתוקה מיה 300,מיה תעשיות מזון בעמ,IL,פפריקה מתוקה מיה 300,גרמים,300.00,100 גרם,false,,14.90,4.9667,true,1,745
7290001041895,false,פלפל שחור מיה 300 גר,מיה תעשיות מזון בעמ,IL,פלפל שחור מיה 300 גר,גרמים,300.00,100 גרם,false,,27.90,9.3000,true,1,746
7290001072882,false,שמפו לסירוק קל נובו,סאסאטק,IL,שמפו לסירוק קל נובו,מיליליטרים,700.00,"100 מ""ל",false,,5.90,0.8429,true,1,80035
7290001072899,false,מרכך לסירוק קל נובו,סאסאטק,IL,מרכך לסירוק קל נובו,מיליליטרים,700.00,"100 מ""ל",false,,5.90,0.8429,true,1,80036
7290001123010,false,בשר מס 2 צלעות קפוא,עטרה,IL,בשר מס 2 צלעות קפוא,קילוגרמים,1.00,"ק""ג",true,,36.90,36.9000,true,1,785
7290001123041,false,בשר מס 5 צלי כתף קפו,פריזא,,בשר מס 5 צלי כתף קפו,קילוגרמים,1.00,"ק""ג",true,,69.90,69.9000,true,1,786
7290001123058,false,בשר מס 6 פילה מדומה,פניסקור בארת,,בשר מס 6 פילה מדומה,קילוגרמים,1.00,"ק""ג",true,,39.90,39.9000,true,1,787
7290001123065,false,בשר מס 7 מכסה הצלע ק,קונספסיון פניסקור פר,,בשר מס 7 מכסה הצלע ק,קילוגרמים,1.00,"ק""ג",true,,32.90,32.9000,true,1,534
7290001123072,false,בשר מס 8 שריר קפוא ח,טאק טורו,,בשר מס 8 שריר קפוא ח,קילוגרמים,1.00,"ק""ג",true,,34.90,34.9000,true,1,788
7290001134146,false,שישליק הודו טרי ארוז,,,שישליק הודו טרי ארוז,קילוגרמים,1.00,"ק""ג",true,,24.90,24.9000,true,1,58890
7290001134153,false,גרונות הודו קפוא כשר,,,גרונות הודו קפוא כשר,קילוגרמים,1.00,"ק""ג",true,,19.90,19.9000,true,1,63800
7290001134443,false,גרונות הודו קפוא כשר,,,גרונות הודו קפוא כשר,קילוגרמים,1.00,"ק""ג",true,,19.90,19.9000,true,1,63801
7290001136287,false,שמפו נקה 7 לשיער רגי,אמיליה קוסמטיקס,IL,שמפו נקה 7 לשיער רגי,מיליליטרים,750.00,"100 מ""ל",false,,9.90,1.3200,true,1,794
7290001136294,false,שמפו נקה 7 לשיער יבש,אמיליה קוסמטיקס,IL,שמפו נקה 7 לשיער יבש,מיליליטרים,700.00,"100 מ""ל",false,,9.90,1.4143,true,1,795
7290001136362,false,תחליב נקה 7 אלוורה ו,אמיליה קוסמטיקס,IL,תחליב נקה 7 אלוורה ו,קילוגרמים,1.00,ליטר,false,,11.90,11.9000,true,1,797
7290001136683,false,מרכך נקה 7 לשיער רגי,אמיליה קוסמטיקס,IL,מרכך נקה 7 לשיער רגי,מיליליטרים,750.00,"100 מ""ל",false,,9.90,1.3200,true,1,800
7290001136799,false,תחליב נקה 7 ורד ויסמ,אמיליה קוסמטיקס,IL,תחליב נקה 7 ורד ויסמ,קילוגרמים,1.00,ליטר,false,,11.90,11.9000,true,1,802
7290001136973,false,תחליב נקה 7 קמומיל 1,אמיליה קוסמטיקס,IL,תחליב נקה 7 קמומיל 1,קילוגרמים,1.00,ליטר,false,,11.90,11.9000,true,1,803
7290001208403,false,חמצוצים / ליקריץ במש,,ES,חמצוצים / ליקריץ במש,קילוגרמים,1.00,"ק""ג",true,,50.00,50.0000,true,1,5656
7290001209042,false,רוסטביף מעובד קפוא ע,עטרה,IL,רוסטביף מעובד קפוא ע,קילוגרמים,1.00,"ק""ג",true,,56.90,56.9000,true,1,811
7290001209158,false,שניצל עוף קפוא עטרה,עטרה,IL,שניצל עוף קפוא עטרה,קילוגרמים,1.00,"ק""ג",true,,31.90,31.9000,true,1,815
7290001209189,false,נקניקיות חריפות קפוא,עטרה,IL,נקניקיות חריפות קפוא,גרמים,400.00,100 גרם,false,,9.90,2.4750,true,1,816
7290001209271,false,חזה עוף פרימיום טרי,,,חזה עוף פרימיום טרי,קילוגרמים,1.00,"ק""ג",true,,34.90,34.9000,true,1,44924
7290001209349,false,עוף שלם טרי עטרה,,,עוף שלם טרי עטרה,קילוגרמים,1.00,"ק""ג",true,,22.90,22.9000,true,1,416
7290001209356,false,כרעיים עוף טרי עטרה,,,כרעיים עוף טרי עטרה,קילוגרמים,1.00,"ק""ג",true,,32.90,32.9000,true,1,417
7290001209363,false,שניצל עוף טרי עטרה,,,שניצל עוף טרי עטרה,קילוגרמים,1.00,"ק""ג",true,,34.90,34.9000,true,1,418
7290001209370,false,ירכיים עוף טרי עטרה,,,ירכיים עוף טרי עטרה,קילוגרמים,1.00,"ק""ג",true,,32.90,32.9000,true,1,419
7290001209387,false,שוקיים עוף טרי עטרה,,,שוקיים עוף טרי עטרה,קילוגרמים,1.00,"ק""ג",true,,32.90,32.9000,true,1,420
7290001209394,false,כנפיים עוף טרי עטרה,,,כנפיים עוף טרי עטרה,קילוגרמים,1.00,"ק""ג",true,,15.90,15.9000,true,1,421
7290001209509,false,סטייק עוף עטרה 800 ג,עטרה,IL,סטייק עוף עטרה 800 ג,גרמים,800.00,100 גרם,false,,24.90,3.1125,true,1,820
7290001209516,false,סטייק עין עטרה 800 ג,עטרה,IL,סטייק עין עטרה 800 ג,גרמים,800.00,100 גרם,false,,49.90,6.2375,true,1,821
7290001209547,false,פילה עוף קפוא עטרה,עטרה,IL,פילה עוף קפוא עטרה,קילוגרמים,1.00,"ק""ג",true,,34.90,34.9000,true,1,45859
7290001216057,false,"טחינה אל ארז  1 ק""ג",טחינה אל ארז,IL,"טחינה אל ארז  1 ק""ג",פריט,1.00,"ק""ג",false,,26.90,26.9000,true,1,15913
7290001216101,false,טחינה מלאה אל ארז  1,טחינה אל ארז,IL,טחינה מלאה אל ארז  1,פריט,1.00,"ק""ג",false,,28.90,28.9000,true,1,69611
7290001245613,false,מטליות לחות לניקוי כ,סאסאטק,IL,מטליות לחות לניקוי כ,Unknown,0.00,יחידה,false,,14.90,0.0000,true,1,60101
7290001246498,false,נוזל רצפות מגיק סחלב,סאסאטק,IL,נוזל רצפות מגיק סחלב,קילוגרמים,4.00,ליטר,false,,9.90,2.4750,true,1,20056
7290001247068,false,נקטר ספרינג תות בננה,יפאורה תבורי,IL,נקטר ספרינג תות בננה,קילוגרמים,1.00,ליטר,false,,6.50,6.5000,true,1,839
7290001247082,false,נקטר ספרינג עגבניות,יפאורה תבורי,IL,נקטר ספרינג עגבניות,קילוגרמים,1.00,ליטר,false,,6.50,6.5000,true,1,841
7290001247099,false,נקטר ספרינג מנגו 1 ל,יפאורה תבורי,IL,נקטר ספרינג מנגו 1 ל,קילוגרמים,1.00,ליטר,false,,6.50,6.5000,true,1,842
7290001247105,false,נקטר ספרינג אפרסק 1,יפאורה תבורי,IL,נקטר ספרינג אפרסק 1,קילוגרמים,1.00,ליטר,false,,6.50,6.5000,true,1,843
7290001247112,false,נקטר ספרינג לימון 1,יפאורה תבורי,IL,נקטר ספרינג לימון 1,קילוגרמים,1.00,ליטר,false,,6.50,6.5000,true,1,844
7290001247129,false,נקטר ספרינג תפוז 1 ל,יפאורה תבורי,IL,נקטר ספרינג תפוז 1 ל,קילוגרמים,1.00,ליטר,false,,6.50,6.5000,true,1,845
7290001247143,false,נקטר ספרינג תפוח 1 ל,יפאורה תבורי,IL,נקטר ספרינג תפוח 1 ל,קילוגרמים,1.00,ליטר,false,,6.50,6.5000,true,1,847
7290001274934,false,מאגדת גלידל פרי לימו,הגלידות של פלדמן,IL,מאגדת גלידל פרי לימו,גרמים,640.00,100 גרם,false,,20.90,3.2656,true,1,67379
7290001274941,false,מאגדת גלידל פרי פטל,הגלידות של פלדמן,IL,מאגדת גלידל פרי פטל,גרמים,640.00,100 גרם,false,,20.90,3.2656,true,1,67380
7290001327180,false,גלידה קרמיסימו וניל,גלידות שטראוס,IL,גלידה קרמיסימו וניל,קילוגרמים,1.33,ליטר,false,,17.50,13.1579,true,1,868
7290001327791,false,גלידה קרמיסימו וניל,גלידות שטראוס,IL,גלידה קרמיסימו וניל,קילוגרמים,1.33,ליטר,false,,17.50,13.1579,true,1,872
7290001342183,false,סלמון אפוי על גחלים,אלדג,IL,סלמון אפוי על גחלים,קילוגרמים,1.00,"ק""ג",true,,230.00,230.0000,true,1,73908
7290001342251,false,שום כתוש אלדג 360 גר,אלדג,IL,שום כתוש אלדג 360 גר,גרמים,360.00,100 גרם,false,,16.90,4.6944,true,1,77151
7290001342565,false,חזרת ללא סוכר אלדג 3,אלדג,IL,חזרת ללא סוכר אלדג 3,גרמים,300.00,100 גרם,false,,16.90,5.6333,true,1,14537
7290001343845,false,גרנולה עם פירות יבשי,דין שיווק,IL,גרנולה עם פירות יבשי,פריט,1.00,"ק""ג",false,,19.90,19.9000,true,1,679
7290001476208,false,גבינה ברי פקאן גד במ,מחלבות גד,IL,גבינה ברי פקאן גד במ,קילוגרמים,1.00,"ק""ג",true,,99.90,99.9000,true,1,25576
7290001482186,false,לפתן אננס חתוך ויליפ,טקרנג,TH,לפתן אננס חתוך ויליפ,גרמים,565.00,100 גרם,false,,5.90,1.0442,true,1,68698
7290001482506,false,חומץ בלסמי ויליפוד 5,אצטום,IT,חומץ בלסמי ויליפוד 5,מיליליטרים,500.00,"100 מ""ל",false,,14.90,2.9800,true,1,23960
7290001485019,false,גבינת שמנת טבעי 5% ט,טרה,IL,גבינת שמנת טבעי 5% ט,גרמים,200.00,100 גרם,false,,9.90,4.9500,true,1,905
7290001491096,false,תה ירוק לימונית לואי,ויסוצקי,IL,תה ירוק לימונית לואי,גרמים,75.00,100 גרם,false,,36.90,49.2000,true,1,16362
7290001546666,false,ענבים לבנים,אראל תוצרת חקלאית בע,IL,ענבים לבנים,קילוגרמים,1.00,"ק""ג",true,,19.90,19.9000,true,1,59434
7290001591840,false,גבינה גאודה עלמה 1 ק,,,גבינה גאודה עלמה 1 ק,פריט,1.00,"ק""ג",false,,32.90,32.9000,true,1,77601
7290001594568,false,בירה קרלסברג פחית 5%,מבשלות בירה בינלאומי,TR,בירה קרלסברג פחית 5%,מיליליטרים,500.00,"100 מ""ל",false,,8.90,1.7800,true,1,73388
7290001594575,false,בירה טובורג רד פחית,מבשלות בירה בינלאומי,IL,בירה טובורג רד פחית,מיליליטרים,500.00,"100 מ""ל",false,,9.90,1.9800,true,1,73416
7290001594810,false,"בירה מאלטי 6*330 מ""ל",,,"בירה מאלטי 6*330 מ""ל",קילוגרמים,1.98,ליטר,false,,22.90,11.5657,true,1,930
7290001594858,false,מארז בירה טובורג רד,קרלסברג ישראל,IL,מארז בירה טובורג רד,קילוגרמים,1.98,ליטר,false,,29.90,15.1010,true,1,931
7290001594865,false,מארז בירה קרלסברג 5%,קרלסברג ישראל,IL,מארז בירה קרלסברג 5%,קילוגרמים,1.98,ליטר,false,,29.90,15.1010,true,1,932
7290001648285,false,אבקה להכנת שוקו מוקו,רוני רג'ואן,IL,אבקה להכנת שוקו מוקו,פריט,1.30,"ק""ג",false,,11.90,9.1538,true,1,75529
7290001648643,false,מארז קפה טורקי כתר 3,רוני רג'ואן,IL,מארז קפה טורקי כתר 3,גרמים,300.00,100 גרם,false,,10.90,3.6333,true,1,946
7290001670514,false,מלית אוכמניות הנמל 4,הנמל,IL,מלית אוכמניות הנמל 4,גרמים,400.00,100 גרם,false,,9.90,2.4750,true,1,953
7290001670668,false,שקיות הקפאה לקרח הנמ,סאדאת איסטנבול,TR,שקיות הקפאה לקרח הנמ,Unknown,0.00,יחידה,false,,2.90,0.0000,true,1,956
7290001670859,false,מלית דובדבנים הנמל 4,פוליבה,IL,מלית דובדבנים הנמל 4,גרמים,400.00,100 גרם,false,,9.90,2.4750,true,1,961
7290001670873,false,צלחות גדולות עבות במ,אריזות מדף פלזית אגש,IL,צלחות גדולות עבות במ,Unknown,0.00,יחידה,false,,38.90,0.0000,true,1,962
7290001679609,false,מארז עוגיות אוראו 4*,מונדליז,CZ,מארז עוגיות אוראו 4*,גרמים,704.00,100 גרם,false,,26.90,3.8210,true,1,57919
7290001780428,false,שלגוני לייט נסטלה שו,גלידות נסטלה,IL,שלגוני לייט נסטלה שו,גרמים,312.00,100 גרם,false,,19.90,6.3782,true,1,12462
7290001791356,false,מבשם אויר סנו פרש או,סנו,IL,מבשם אויר סנו פרש או,מיליליטרים,250.00,"100 מ""ל",false,,10.90,4.3600,true,1,975
7290001791776,false,סנו די רול און אלוור,קוסמופארם,IL,סנו די רול און אלוור,מיליליטרים,50.00,"100 מ""ל",false,,17.90,35.8000,true,1,5762
7290001813454,false,עוגיות חיוכים שוקו ע,אפיפית נצרת תעשיות ב,IL,עוגיות חיוכים שוקו ע,גרמים,900.00,100 גרם,false,,18.90,2.1000,true,1,986
7290001813478,false,עוגיות חיוכים וניל ע,אפיפית נצרת תעשיות ב,IL,עוגיות חיוכים וניל ע,גרמים,900.00,100 גרם,false,,18.90,2.1000,true,1,987
7290001855232,false,שמן למאור מרום הגליל,ירושלים שיווק שמן זי,IL,שמן למאור מרום הגליל,קילוגרמים,1.00,ליטר,false,,10.90,10.9000,true,1,28125
7290001867655,false,תפוח אדמה פרימיום,אראל תוצרת חקלאית בע,IL,תפוח אדמה פרימיום,Unknown,0.00,יחידה,false,,14.90,0.0000,true,1,71914
7290001901045,false,רולדה גפילטע פיש ירו,דג טעים בעמ,IL,רולדה גפילטע פיש ירו,גרמים,600.00,100 גרם,false,,24.90,4.1500,true,1,1027
7290001901052,false,רולדה גפילטע פיש הונ,דג טעים בעמ,IL,רולדה גפילטע פיש הונ,גרמים,600.00,100 גרם,false,,24.90,4.1500,true,1,1028
7290001901410,false,רולדה גפילטע פיש הונ,דג טעים בעמ,IL,רולדה גפילטע פיש הונ,גרמים,500.00,100 גרם,false,,22.90,4.5800,true,1,12532
7290001901670,false,גפילטע פיש קלאסי 4 י,דג טעים בעמ,IL,גפילטע פיש קלאסי 4 י,גרמים,510.00,100 גרם,false,,12.90,2.5294,true,1,45217
7290001946121,false,פפריקה מרוקאית יוחאי,תבליני ביטון,IL,פפריקה מרוקאית יוחאי,גרמים,400.00,גרם,false,,17.90,0.0447,true,1,19246
7290001970263,false,רחת לוקום במשקל,דין שיווק,IL,רחת לוקום במשקל,קילוגרמים,1.00,"ק""ג",true,,79.00,79.0000,true,1,59088
7290001970492,false,קשיו קלוי על גחלים ב,דין שיווק,VN,קשיו קלוי על גחלים ב,קילוגרמים,1.00,"ק""ג",true,,96.00,96.0000,true,1,54539
7290001970768,false,פקאן קלוי במשקל,דין שיווק,IL,פקאן קלוי במשקל,קילוגרמים,1.00,"ק""ג",true,,130.00,130.0000,true,1,58002
7290001970775,false,בוטן קלוי ענק במשקל,דין שיווק,CN,בוטן קלוי ענק במשקל,קילוגרמים,1.00,"ק""ג",true,,35.00,35.0000,true,1,58001
7290001990094,false,"סוכר חום סוגת 1 ק""ג",סוגת,IL,"סוכר חום סוגת 1 ק""ג",פריט,1.00,"ק""ג",false,,14.90,14.9000,true,1,1043
7290002003168,false,קרם ידיים פנגל 3*80,אינטרקוסמא 1985 במ,IL,קרם ידיים פנגל 3*80,גרמים,240.00,100 גרם,false,,13.90,5.7917,true,1,12830
7290002007296,false,צמר פלדה הנמל 350 גר,פלסטו פוליש,IL,צמר פלדה הנמל 350 גר,גרמים,350.00,100 גרם,false,,8.90,2.5429,true,1,1057
7290002007487,false,צמר פלדה הנמל 100 גר,פלסטו פוליש,IL,צמר פלדה הנמל 100 גר,Unknown,0.00,יחידה,false,,2.90,0.0000,true,1,1063
7290002007623,false,כוסיות ליין 50 יח,סאם גלובל תורכיה,TR,כוסיות ליין 50 יח,Unknown,0.00,יחידה,false,,3.90,0.0000,true,1,275
7290002007760,false,"פירורי לחם הנמל 1 ק""",הנמל,IL,"פירורי לחם הנמל 1 ק""",פריט,1.00,"ק""ג",false,,9.90,9.9000,true,1,1066
7290002008071,false,עטרות חום בקופסא מס2,הנמל,IL,עטרות חום בקופסא מס2,Unknown,0.00,יחידה,false,,3.90,0.0000,true,1,1076
7290002008149,false,מדליק פחם מוצק 40 קו,מ.א.יצור ויבוא מטליו,IL,מדליק פחם מוצק 40 קו,מיליליטרים,300.00,"100 מ""ל",false,,5.90,1.9667,true,1,1077
7290002008156,false,עטרות חום בקופסא מס5,הנמל,IL,עטרות חום בקופסא מס5,Unknown,0.00,יחידה,false,,4.90,0.0000,true,1,1078
7290002008170,false,עטרות מס 3 חום בקופס,הנמל,IL,עטרות מס 3 חום בקופס,Unknown,0.00,יחידה,false,,4.90,0.0000,true,1,1079
7290002008309,false,עטרות מס 4 חום בקופס,הנמל,IL,עטרות מס 4 חום בקופס,Unknown,0.00,יחידה,false,,4.90,0.0000,true,1,1082
7290002008460,false,עטרות חום מס 1.5 קופ,הנמל,IL,עטרות חום מס 1.5 קופ,Unknown,0.00,יחידה,false,,3.30,0.0000,true,1,1086
7290002008903,false,נייר טואלט חתוך הנמל,הויזהו טאימי פפר,CN,נייר טואלט חתוך הנמל,Unknown,0.00,יחידה,false,,14.90,0.0000,true,1,1095
7290002008989,false,קישקשים בקופסא 225 י,הנג טונג,CN,קישקשים בקופסא 225 י,Unknown,0.00,יחידה,false,,6.90,0.0000,true,1,1098
7290002015444,false,זית חרוזית בני דרום,בני דרום,IL,זית חרוזית בני דרום,פריט,1.25,"ק""ג",false,,15.90,12.7200,true,1,1136
7290002015475,false,זית מנזלינו בני דרום,בני דרום,IL,זית מנזלינו בני דרום,פריט,1.25,"ק""ג",false,,13.90,11.1200,true,1,1138
7290002015628,false,פלפל אדום בחומץ בני,בני דרום,IL,פלפל אדום בחומץ בני,גרמים,540.00,100 גרם,false,,6.90,1.2778,true,1,1143
7290002015765,false,חציל במלח בני דרום 5,בני דרום,IL,חציל במלח בני דרום 5,גרמים,560.00,100 גרם,false,,5.90,1.0536,true,1,1146
7290002015833,false,זית חרוזית בני דרום,בני דרום,IL,זית חרוזית בני דרום,פריט,3.00,"ק""ג",false,,29.90,9.9667,true,1,1148
7290002016472,false,מלפפון במלח צנצנת בנ,בני דרום,IL,מלפפון במלח צנצנת בנ,גרמים,540.00,100 גרם,false,,7.90,1.4630,true,1,15490
7290002022923,false,סוכריות על מקל בטעם,כרמית,IL,סוכריות על מקל בטעם,גרמים,500.00,100 גרם,false,,12.90,2.5800,true,1,1151
7290002024002,false,"חומוס שמיר 3 ק""ג",סלטי שמיר 2006 בעמ,IL,"חומוס שמיר 3 ק""ג",פריט,3.00,"ק""ג",false,,29.90,9.9667,true,1,54360
7290002026341,false,ציפס בטטה קראנצ 500,רסט האוס,,ציפס בטטה קראנצ 500,גרמים,500.00,100 גרם,false,,15.90,3.1800,true,1,44722
7290002026358,false,ציפס בטטה זיגזג קראנ,רסט האוס,,ציפס בטטה זיגזג קראנ,גרמים,500.00,100 גרם,false,,15.90,3.1800,true,1,44721
7290002026365,false,טבעות בצל קראנצ 500,פספרוסט,IL,טבעות בצל קראנצ 500,גרמים,500.00,100 גרם,false,,8.90,1.7800,true,1,44720
7290002026402,false,בלינצס גבינה ב.קראנצ,מוצרי איכות אמריקאיי,IL,בלינצס גבינה ב.קראנצ,גרמים,350.00,100 גרם,false,,9.90,2.8286,true,1,39351
7290002026440,false,פרצל ב.קראנצ 280 גרם,מוצרי איכות אמריקאיי,IL,פרצל ב.קראנצ 280 גרם,גרמים,280.00,100 גרם,false,,9.90,3.5357,true,1,39349
7290002026587,false,וופל בלגי  ב.קראנצ 2,ביסקוטר ת.ס,BE,וופל בלגי  ב.קראנצ 2,גרמים,280.00,100 גרם,false,,9.90,3.5357,true,1,66471
7290002035138,false,מקרל שלם אלדג במשקל,אלדג,IL,מקרל שלם אלדג במשקל,קילוגרמים,1.00,"ק""ג",true,,119.00,119.0000,true,1,39765
7290002035169,false,פילה מקרל מקרוסקה אל,אלדג,IL,פילה מקרל מקרוסקה אל,קילוגרמים,1.00,"ק""ג",true,,149.00,149.0000,true,1,39767
7290002035206,false,חזרת אלדג 360 גרם,אלדג,IL,חזרת אלדג 360 גרם,גרמים,360.00,100 גרם,false,,16.90,4.6944,true,1,14536
7290002035312,false,טונה מעושנת אלדג במש,אלדג,IL,טונה מעושנת אלדג במש,קילוגרמים,1.00,"ק""ג",true,,199.00,199.0000,true,1,39769
7290002035336,false,פילה הרינג הולנדי אל,אלדג,IL,פילה הרינג הולנדי אל,גרמים,300.00,100 גרם,false,,24.90,8.3000,true,1,39770
7290002035862,false,פילה הרינג הולנדי אל,אלדג,IL,פילה הרינג הולנדי אל,גרמים,700.00,100 גרם,false,,44.90,6.4143,true,1,73906
7290002035886,false,פילה הרינג עם בצל וש,אלדג,IL,פילה הרינג עם בצל וש,גרמים,300.00,100 גרם,false,,24.90,8.3000,true,1,39774
7290002035947,false,מעדן נסיכת הנילוס מע,אלדג,IL,מעדן נסיכת הנילוס מע,קילוגרמים,1.00,"ק""ג",true,,199.00,199.0000,true,1,73909
7290002037057,false,לחם פרוס ודש 500 גרם,מאפית י את א ברמן בע,IL,לחם פרוס ודש 500 גרם,גרמים,500.00,100 גרם,false,,4.90,0.9800,true,1,7585
7290002037194,false,לחם שחור מלא ודש 750,מאפית י את א ברמן בע,IL,לחם שחור מלא ודש 750,גרמים,750.00,100 גרם,false,,7.90,1.0533,true,1,14771
7290002037309,false,לחמניות המבורגר ודש,מאפית י את א ברמן בע,IL,לחמניות המבורגר ודש,גרמים,400.00,100 גרם,false,,11.90,2.9750,true,1,7664
7290002040064,false,קוסקוס דק מזון 350 ג,קוסקוס מזון,IL,קוסקוס דק מזון 350 ג,גרמים,350.00,100 גרם,false,,5.30,1.5143,true,1,1153
7290002040071,false,קוסקוס עבה מזון 350,קוסקוס מזון,IL,קוסקוס עבה מזון 350,גרמים,350.00,100 גרם,false,,5.30,1.5143,true,1,1154
7290002040088,false,קוסקוס מלא מזון 350,קוסקוס מזון,IL,קוסקוס מלא מזון 350,גרמים,350.00,100 גרם,false,,6.30,1.8000,true,1,1155
7290002040095,false,מארז קוסקוס מזון 3*3,קוסקוס מזון,IL,מארז קוסקוס מזון 3*3,פריט,1.05,"ק""ג",false,,13.90,13.2381,true,1,4807
7290002044628,false,שומן כבש קפוא עטרה 2,,,שומן כבש קפוא עטרה 2,גרמים,200.00,100 גרם,false,,24.90,12.4500,true,1,17018
7290002065555,false,לחמניות רגילות אנגל,מאפית אנגל,IL,לחמניות רגילות אנגל,גרמים,450.00,100 גרם,false,,10.90,2.4222,true,1,58441
7290002065616,false,לחם שיפון בתוספת גרע,מאפית אנגל,IL,לחם שיפון בתוספת גרע,גרמים,750.00,100 גרם,false,,12.90,1.7200,true,1,58420
7290002065623,false,לחם שיפון כפרי אחדות,מאפית אורנים,IL,לחם שיפון כפרי אחדות,גרמים,750.00,100 גרם,false,,12.90,1.7200,true,1,58425
7290002075035,false,אובלטים בשקית 500 גר,שוקוטרייד בעמ,IL,אובלטים בשקית 500 גר,גרמים,500.00,100 גרם,false,,16.90,3.3800,true,1,1159
7290002075271,false,סוכריות צמחים ריקולה,ריקולה,CH,סוכריות צמחים ריקולה,גרמים,75.00,100 גרם,false,,9.90,13.2000,true,1,61666
7290002077268,false,מיני קציצות דג לבישו,דלידג,IL,מיני קציצות דג לבישו,גרמים,500.00,100 גרם,false,,18.40,3.6800,true,1,27777
7290002096498,false,דובשניות חפץ 600 גרם,דובשנית,IL,דובשניות חפץ 600 גרם,גרמים,600.00,100 גרם,false,,10.70,1.7833,true,1,16907
7290002107071,false,גבינת בולגרית עיזים,מחלבת משק צוריאל,IL,גבינת בולגרית עיזים,גרמים,200.00,100 גרם,false,,22.90,11.4500,true,1,6682
7290002107385,false,גבינה מה עז 20% צורי,מחלבת משק צוריאל,IL,גבינה מה עז 20% צורי,גרמים,180.00,100 גרם,false,,19.90,11.0556,true,1,6683
7290002107491,false,גבינת עיזים 5% למריח,מחלבת משק צוריאל,IL,גבינת עיזים 5% למריח,גרמים,250.00,100 גרם,false,,13.90,5.5600,true,1,1169
7290002107798,false,גבינה בולגרית מעודנת,מחלבת משק צוריאל,IL,גבינה בולגרית מעודנת,גרמים,250.00,100 גרם,false,,19.90,7.9600,true,1,1173
7290002107965,false,גבינה טבורוג 5% צורי,מחלבת משק צוריאל,IL,גבינה טבורוג 5% צורי,גרמים,500.00,100 גרם,false,,22.90,4.5800,true,1,11879
7290002109037,false,טחון עוף נתח בקר 500,טיבון ויל,IL,טחון עוף נתח בקר 500,גרמים,500.00,100 גרם,false,,8.90,1.7800,true,1,23876
7290002109372,false,בורקס פילו גבינה בול,שלושת האופים,IL,בורקס פילו גבינה בול,גרמים,700.00,100 גרם,false,,16.90,2.4143,true,1,35769
7290002111085,false,רוטב עגבניות מרוכז מ,זנלכל,IL,רוטב עגבניות מרוכז מ,גרמים,100.00,100 גרם,false,,1.40,1.4000,true,1,1174
7290002111122,false,"רסק תפו""ע בתוספת סוכ",זנלכל,IL,"רסק תפו""ע בתוספת סוכ",גרמים,560.00,100 גרם,false,,8.90,1.5893,true,1,1175
7290002111139,false,"רסק תפו""ע ללא תוספת",זנלכל,IL,"רסק תפו""ע ללא תוספת",גרמים,560.00,100 גרם,false,,8.90,1.5893,true,1,1176
7290002111214,false,תירס גרעינים לייט מב,זנלכל,IL,תירס גרעינים לייט מב,גרמים,550.00,100 גרם,false,,6.50,1.1818,true,1,1177
7290002111313,false,עגבניות קוביות מבורך,זנלכל,IL,עגבניות קוביות מבורך,גרמים,800.00,100 גרם,false,,9.90,1.2375,true,1,1179
7290002111337,false,רוטב עגבניות מרוכז מ,זנלכל,IL,רוטב עגבניות מרוכז מ,גרמים,240.00,100 גרם,false,,3.90,1.6250,true,1,1180
7290002111474,false,אפונה גדולה מבורך 55,זנלכל,IL,אפונה גדולה מבורך 55,גרמים,550.00,100 גרם,false,,5.90,1.0727,true,1,1181
7290002111511,false,אפונה וגזר מבורך 550,זנלכל,IL,אפונה וגזר מבורך 550,גרמים,550.00,100 גרם,false,,5.90,1.0727,true,1,1183
7290002111634,false,חומוס שלם מבורך 550,זנלכל,IL,חומוס שלם מבורך 550,גרמים,550.00,100 גרם,false,,5.90,1.0727,true,1,1184
7290002111665,false,רוטב עגבניות 28% מבו,זנלכל,IL,רוטב עגבניות 28% מבו,גרמים,600.00,100 גרם,false,,9.90,1.6500,true,1,1185
7290002111672,false,רוטב עגבניות 22% מבו,זנלכל,IL,רוטב עגבניות 22% מבו,גרמים,570.00,100 גרם,false,,7.90,1.3860,true,1,1186
7290002111696,false,עגבניות מרוסקות מבור,זנלכל,IL,עגבניות מרוסקות מבור,גרמים,800.00,100 גרם,false,,9.90,1.2375,true,1,1188
7290002111764,false,שעועית לבנה ברוטב מב,זנלכל,IL,שעועית לבנה ברוטב מב,גרמים,560.00,100 גרם,false,,5.90,1.0536,true,1,1190
7290002111818,false,תירס גרעינים מבורך 4,זנלכל,IL,תירס גרעינים מבורך 4,גרמים,400.00,100 גרם,false,,5.90,1.4750,true,1,1191
7290002111825,false,תירס גרעינים מבורך 5,זנלכל,IL,תירס גרעינים מבורך 5,גרמים,550.00,100 גרם,false,,5.90,1.0727,true,1,1192
7290002118435,false,צמרוני אוזניים ביוטי,ספה,TR,צמרוני אוזניים ביוטי,Unknown,0.00,יחידה,false,,4.90,0.0000,true,1,4808
7290002129424,false,שניצל דג מצופה דלידג,דלידג,IL,שניצל דג מצופה דלידג,פריט,1.00,"ק""ג",false,,29.90,29.9000,true,1,49540
7290002129493,false,מארז פיצה איטלקית דק,,,מארז פיצה איטלקית דק,גרמים,960.00,100 גרם,false,,24.90,2.5937,true,1,51563
7290002131748,false,בשר מס 9 קשתית קפוא,,,בשר מס 9 קשתית קפוא,קילוגרמים,1.00,"ק""ג",true,,39.90,39.9000,true,1,16221
7290002132011,false,עוגיות מזרחיות עבאדי,עבאדי,IL,עוגיות מזרחיות עבאדי,גרמים,400.00,100 גרם,false,,16.90,4.2250,true,1,39839
7290002133506,false,יוגורט עיזים שומרון,מחלבת השומרון,IL,יוגורט עיזים שומרון,גרמים,400.00,100 גרם,false,,9.90,2.4750,true,1,24106
7290002133551,false,לאבנה עם שמן זית וזע,מחלבת השומרון,IL,לאבנה עם שמן זית וזע,גרמים,500.00,100 גרם,false,,15.90,3.1800,true,1,24108
7290002133889,false,גבינה בולגרית מעודנת,מחלבת השומרון,IL,גבינה בולגרית מעודנת,גרמים,250.00,100 גרם,false,,17.90,7.1600,true,1,24101
7290002157427,false,סינטה בקר טרי עטרה,,,סינטה בקר טרי עטרה,קילוגרמים,1.00,"ק""ג",true,,79.90,79.9000,true,1,46401
7290002157694,false,כבד עוף צלוי טרי עטר,,,כבד עוף צלוי טרי עטר,גרמים,200.00,100 גרם,false,,24.90,12.4500,true,1,44869
7290002157953,false,טונה בשמן קנולה וילי,,,טונה בשמן קנולה וילי,גרמים,560.00,100 גרם,false,,15.90,2.8393,true,1,47055
7290002157960,false,טונה במים ויליגר 4*1,ויליגר,,טונה במים ויליגר 4*1,גרמים,560.00,100 גרם,false,,15.90,2.8393,true,1,46002
7290002206682,false,שניצל עוף פרימיום טר,,,שניצל עוף פרימיום טר,קילוגרמים,1.00,"ק""ג",true,,48.90,48.9000,true,1,44572
7290002206729,false,עצמות מח קפוא קהילות,,,עצמות מח קפוא קהילות,קילוגרמים,1.00,"ק""ג",true,,44.90,44.9000,true,1,35878
7290002206736,false,עצמות עגל קהילות,,,עצמות עגל קהילות,קילוגרמים,1.00,"ק""ג",true,,29.90,29.9000,true,1,59919
7290002253006,false,שום כתוש דורות 200 ג,דורות,IL,שום כתוש דורות 200 ג,גרמים,200.00,100 גרם,false,,15.90,7.9500,true,1,12894
7290002253105,false,שום קוביות דורות 80,דורות,IL,שום קוביות דורות 80,גרמים,80.00,100 גרם,false,,9.50,11.8750,true,1,12896
7290002253150,false,בזיליקום קצוץ דורות,דורות,IL,בזיליקום קצוץ דורות,גרמים,70.00,100 גרם,false,,9.50,13.5714,true,1,12897
7290002253167,false,פטרוזיליה קצוצה דורו,דורות,IL,פטרוזיליה קצוצה דורו,גרמים,70.00,100 גרם,false,,9.50,13.5714,true,1,12898
7290002253181,false,כוסברה קצוצה דורות 7,דורות,IL,כוסברה קצוצה דורות 7,גרמים,70.00,100 גרם,false,,9.50,13.5714,true,1,26917
7290002253198,false,גינגר כתוש דורות 70,דורות,IL,גינגר כתוש דורות 70,גרמים,70.00,100 גרם,false,,9.50,13.5714,true,1,26918
7290002253235,false,רוטב פסטו דורות 160,דורות,IL,רוטב פסטו דורות 160,גרמים,160.00,100 גרם,false,,9.50,5.9375,true,1,63591
7290002255055,false,פלאפל אלקיים 700 גרם,חטיפי אלקיים בעמ,IL,פלאפל אלקיים 700 גרם,גרמים,700.00,100 גרם,false,,13.90,1.9857,true,1,11354
7290002255086,false,קובה ביתית אלקיים 70,חטיפי אלקיים בעמ,IL,קובה ביתית אלקיים 70,גרמים,700.00,100 גרם,false,,21.90,3.1286,true,1,11350
7290002255116,false,קרפלך בשר אלקיים 800,חטיפי אלקיים בעמ,IL,קרפלך בשר אלקיים 800,גרמים,800.00,100 גרם,false,,21.90,2.7375,true,1,11357
7290002255185,false,סמבוסק חומוס אלקיים,חטיפי אלקיים בעמ,IL,סמבוסק חומוס אלקיים,גרמים,600.00,100 גרם,false,,21.90,3.6500,true,1,11361
7290002255215,false,עלי סיגר אלקיים 500,חטיפי אלקיים בעמ,IL,עלי סיגר אלקיים 500,גרמים,500.00,100 גרם,false,,7.90,1.5800,true,1,11355
7290002281405,false,סלט סלמון מעושן וילי,ויליגר,IL,סלט סלמון מעושן וילי,גרמים,320.00,100 גרם,false,,9.90,3.0938,true,1,62966
7290002281429,false,סטייק טונה אדומה דלי,בון צון פישארי,VN,סטייק טונה אדומה דלי,קילוגרמים,1.00,"ק""ג",true,,54.90,54.9000,true,1,59590
7290002281436,false,סטייק טונה בהירה דלי,דלידג,IL,סטייק טונה בהירה דלי,קילוגרמים,1.00,"ק""ג",true,,44.90,44.9000,true,1,60057
7290002281443,false,סטייק טונה דלידג,בון צון פישארי,VN,סטייק טונה דלידג,קילוגרמים,1.00,"ק""ג",true,,39.90,39.9000,true,1,59591
7290002281474,false,מארז פיצה דקה טעם מה,שלושת האופים,IL,מארז פיצה דקה טעם מה,פריט,2.00,"ק""ג",false,,49.90,24.9500,true,1,61168
7290002281498,false,צהובה מגורדת ריצ 500,שלושת האופים,IL,צהובה מגורדת ריצ 500,גרמים,500.00,100 גרם,false,,17.90,3.5800,true,1,59630
7290002281979,false,בשר מס 8 שריר קפוא ח,טאק טורו,,בשר מס 8 שריר קפוא ח,קילוגרמים,1.00,"ק""ג",true,,34.90,34.9000,true,1,63799
7290002285069,false,קבב חריף אש עטרה 500,,,קבב חריף אש עטרה 500,גרמים,500.00,100 גרם,false,,14.90,2.9800,true,1,587
7290002285816,false,שניצל עוף פרימיום טר,,,שניצל עוף פרימיום טר,קילוגרמים,1.00,"ק""ג",true,,44.90,44.9000,true,1,44573
7290002292142,false,קבב אנגוס עטרה 700 ג,טיבון ויל,IL,קבב אנגוס עטרה 700 ג,גרמים,700.00,100 גרם,false,,29.90,4.2714,true,1,75882
7290002292159,false,המבורגר אנגוס עטרה 7,טיבון ויל,IL,המבורגר אנגוס עטרה 7,גרמים,700.00,100 גרם,false,,29.90,4.2714,true,1,75883
7290002292166,false,קבבוני טלה עטרה 700,טיבון ויל,IL,קבבוני טלה עטרה 700,גרמים,700.00,100 גרם,false,,29.90,4.2714,true,1,75884
7290002292173,false,שיפודי קבב עטרה 700,טיבון ויל,IL,שיפודי קבב עטרה 700,גרמים,700.00,100 גרם,false,,29.90,4.2714,true,1,75885
7290002292203,false,פילה עוף  פרימיום טר,,,פילה עוף  פרימיום טר,קילוגרמים,1.00,"ק""ג",true,,34.90,34.9000,true,1,75892
7290002292210,false,שניצל פרימיום טרי מה,,,שניצל פרימיום טרי מה,קילוגרמים,1.00,"ק""ג",true,,39.90,39.9000,true,1,75893
7290002292227,false,כנפיים עוף פרימיום ח,,,כנפיים עוף פרימיום ח,קילוגרמים,1.00,"ק""ג",true,,17.90,17.9000,true,1,75894
7290002292234,false,שוקיים עוף פרימיום ב,,,שוקיים עוף פרימיום ב,קילוגרמים,1.00,"ק""ג",true,,19.90,19.9000,true,1,75895
7290002292265,false,"פרגית לתנור ע""ע טרי",,,"פרגית לתנור ע""ע טרי",קילוגרמים,1.00,"ק""ג",true,,59.90,59.9000,true,1,76026
7290002292289,false,"פרגית לתנור ע""ע טרי",,,"פרגית לתנור ע""ע טרי",קילוגרמים,1.00,"ק""ג",true,,48.90,48.9000,true,1,76710
7290002292456,false,עצמות בשר לחמין לנדא,,IL,עצמות בשר לחמין לנדא,קילוגרמים,1.00,"ק""ג",true,,39.90,39.9000,true,1,77332
7290002292982,false,מרגז אמיתי עטרה 700,טיבון ויל,IL,מרגז אמיתי עטרה 700,גרמים,700.00,100 גרם,false,,29.90,4.2714,true,1,79097
7290002292999,false,נקניקיות עוף פיקנטיו,,,נקניקיות עוף פיקנטיו,גרמים,400.00,100 גרם,false,,11.90,2.9750,true,1,78924
7290002296003,false,נקניקיות עוף קראנץ',עטרה,IL,נקניקיות עוף קראנץ',פריט,1.00,"ק""ג",false,,23.90,23.9000,true,1,79178
7290002319030,false,אבקת בצל מיה 80 גרם,מיה תעשיות מזון בעמ,IL,אבקת בצל מיה 80 גרם,גרמים,80.00,100 גרם,false,,5.80,7.2500,true,1,1278
7290002319405,false,קינמון מיה 80 גרם,מיה תעשיות מזון בעמ,IL,קינמון מיה 80 גרם,גרמים,80.00,100 גרם,false,,5.80,7.2500,true,1,1287
7290002319412,false,פפריקה חריפה מיה 80,מיה תעשיות מזון בעמ,IL,פפריקה חריפה מיה 80,גרמים,80.00,100 גרם,false,,5.80,7.2500,true,1,1288
7290002319429,false,פפריקה מתוקה מיה 80,מיה תעשיות מזון בעמ,IL,פפריקה מתוקה מיה 80,גרמים,80.00,100 גרם,false,,5.80,7.2500,true,1,1289
7290002319436,false,פלפל שחור מיה 70 גרם,מיה תעשיות מזון בעמ,IL,פלפל שחור מיה 70 גרם,גרמים,70.00,100 גרם,false,,8.90,12.7143,true,1,1290
7290002319443,false,כמון מיה 80 גרם,מיה תעשיות מזון בעמ,IL,כמון מיה 80 גרם,גרמים,80.00,100 גרם,false,,5.80,7.2500,true,1,1291
7290002319450,false,כורכום מיה 80 גרם,מיה תעשיות מזון בעמ,IL,כורכום מיה 80 גרם,גרמים,80.00,100 גרם,false,,5.80,7.2500,true,1,1292
7290002319467,false,אורגנו מיה 35 גרם,מיה תעשיות מזון בעמ,IL,אורגנו מיה 35 גרם,גרמים,35.00,100 גרם,false,,5.80,16.5714,true,1,1293
7290002319474,false,אבקת שום מיה 80 גרם,מיה תעשיות מזון בעמ,IL,אבקת שום מיה 80 גרם,גרמים,80.00,100 גרם,false,,7.90,9.8750,true,1,1294
7290002319580,false,מלח לימון מיה 100 גר,מיה תעשיות מזון בעמ,IL,מלח לימון מיה 100 גר,גרמים,100.00,100 גרם,false,,5.80,5.8000,true,1,1295
7290002319597,false,כוסברה מיה 80 גרם,מיה תעשיות מזון בעמ,IL,כוסברה מיה 80 גרם,גרמים,80.00,100 גרם,false,,5.80,7.2500,true,1,1296
7290002319641,false,גריל עוף מיה 80 גרם,מיה תעשיות מזון בעמ,IL,גריל עוף מיה 80 גרם,גרמים,80.00,100 גרם,false,,5.80,7.2500,true,1,1300
7290002319658,false,תבלין לסטייק מיה 80,מיה תעשיות מזון בעמ,IL,תבלין לסטייק מיה 80,גרמים,80.00,100 גרם,false,,5.80,7.2500,true,1,1301
7290002319689,false,סודה לשתיה מיה 150 ג,מיה תעשיות מזון בעמ,IL,סודה לשתיה מיה 150 ג,גרמים,150.00,100 גרם,false,,5.80,3.8667,true,1,1302
7290002319696,false,פלפל לבן מיה 70 גרם,מיה תעשיות מזון בעמ,IL,פלפל לבן מיה 70 גרם,גרמים,70.00,100 גרם,false,,10.90,15.5714,true,1,1303
7290002319702,false,ציפורן שלם מיה 40 גר,מיה תעשיות מזון בעמ,IL,ציפורן שלם מיה 40 גר,גרמים,40.00,100 גרם,false,,8.90,22.2500,true,1,1304
7290002327042,false,בורקס תפוא ש.האופים,שלושת האופים,IL,בורקס תפוא ש.האופים,גרמים,800.00,100 גרם,false,,16.90,2.1125,true,1,1323
7290002327059,false,בצק עלים ש.האופים 1,שלושת האופים,IL,בצק עלים ש.האופים 1,פריט,1.00,"ק""ג",false,,16.90,16.9000,true,1,1324
7290002327066,false,קונכיות בצק למילוי ש,שלושת האופים,IL,קונכיות בצק למילוי ש,גרמים,625.00,100 גרם,false,,16.90,2.7040,true,1,1325
7290002327073,false,בורקס גבינה ש.האופים,שלושת האופים,IL,בורקס גבינה ש.האופים,גרמים,800.00,100 גרם,false,,16.90,2.1125,true,1,1326
7290002331360,false,מים נביעות טו גו 6*5,נביעות,IL,מים נביעות טו גו 6*5,קילוגרמים,3.00,ליטר,false,,14.70,4.9000,true,1,39386
7290002345299,false,פילה סלמון טרי דלידג,,,פילה סלמון טרי דלידג,קילוגרמים,1.00,"ק""ג",true,,89.90,89.9000,true,1,55161
7290002348160,false,תירס גמדי ויליגר 425,ויליגר,IL,תירס גמדי ויליגר 425,גרמים,425.00,100 גרם,false,,6.50,1.5294,true,1,25750
7290002360124,false,חליטת צמחים פומפדור,טייקנה,DE,חליטת צמחים פומפדור,גרמים,70.00,100 גרם,false,,11.90,17.0000,true,1,33109
7290002360278,false,חליטת צמחים פומפדור,טייקנה,DE,חליטת צמחים פומפדור,גרמים,45.00,100 גרם,false,,11.90,26.4444,true,1,33110
7290002360285,false,חליטת צמחים פומפדור,טייקנה,DE,חליטת צמחים פומפדור,גרמים,30.00,100 גרם,false,,11.90,39.6667,true,1,33112
7290002371533,false,סלסולי פסטרמה בדבש ט,טירת צבי,,סלסולי פסטרמה בדבש ט,גרמים,120.00,100 גרם,false,,12.90,10.7500,true,1,35789
7290002371540,false,קורנדביף טירת צבי 12,טירת צבי,IL,קורנדביף טירת צבי 12,גרמים,120.00,100 גרם,false,,12.90,10.7500,true,1,35791
7290002381808,false,נר נשמה בפח 24 שעות,,CN,נר נשמה בפח 24 שעות,Unknown,0.00,יחידה,false,,1.20,0.0000,true,1,4897
7290002385738,false,גבינה מנצגו גד במשקל,מחלבות גד,IL,גבינה מנצגו גד במשקל,קילוגרמים,1.00,"ק""ג",true,,99.90,99.9000,true,1,24259
7290002385745,false,גבינה פקורינו גד במש,מחלבות גד,IL,גבינה פקורינו גד במש,קילוגרמים,1.00,"ק""ג",true,,99.90,99.9000,true,1,24260
7290002386667,false,בשר מס 8 שריר קפוא ק,,,בשר מס 8 שריר קפוא ק,קילוגרמים,1.00,"ק""ג",true,,79.90,79.9000,true,1,18185
7290002386834,false,נקניקיות עוף קפוא קה,,,נקניקיות עוף קפוא קה,גרמים,400.00,100 גרם,false,,11.90,2.9750,true,1,18844
7290002386841,false,רולדה הודו אדום קהיל,,,רולדה הודו אדום קהיל,קילוגרמים,1.00,"ק""ג",true,,54.90,54.9000,true,1,20485
7290002386872,false,רולדה חזה הודו קהילו,,,רולדה חזה הודו קהילו,קילוגרמים,1.00,"ק""ג",true,,44.90,44.9000,true,1,29681
7290002405757,false,פת בוקר חיטה מלאה 1,מצות כרמל,IL,פת בוקר חיטה מלאה 1,פריט,1.00,"ק""ג",false,,19.90,19.9000,true,1,16247
7290002487364,false,בורקס פילו גבינה וזי,שלושת האופים,IL,בורקס פילו גבינה וזי,גרמים,700.00,100 גרם,false,,16.90,2.4143,true,1,35770
7290002505020,false,שוקיים עוף קפוא קהיל,קהילות,IL,שוקיים עוף קפוא קהיל,קילוגרמים,1.00,"ק""ג",true,,38.90,38.9000,true,1,16970
7290002505068,false,שניצל עוף קפוא קהילו,,,שניצל עוף קפוא קהילו,קילוגרמים,1.00,"ק""ג",true,,39.90,39.9000,true,1,16974
7290002505105,false,עוף שלם טרי קהילות,,,עוף שלם טרי קהילות,קילוגרמים,1.00,"ק""ג",true,,25.90,25.9000,true,1,16991
7290002505112,false,שוקיים עוף טרי קהילו,,,שוקיים עוף טרי קהילו,קילוגרמים,1.00,"ק""ג",true,,39.90,39.9000,true,1,16992
7290002505129,false,ירכיים עוף טרי קהילו,,,ירכיים עוף טרי קהילו,קילוגרמים,1.00,"ק""ג",true,,34.90,34.9000,true,1,16993
7290002505136,false,כנפיים עוף טרי קהילו,,,כנפיים עוף טרי קהילו,קילוגרמים,1.00,"ק""ג",true,,18.90,18.9000,true,1,16994
7290002505143,false,שניצל עוף טרי קהילות,,,שניצל עוף טרי קהילות,קילוגרמים,1.00,"ק""ג",true,,42.90,42.9000,true,1,16995
7290002505204,false,פרגית עוף טרי קהילות,,,פרגית עוף טרי קהילות,קילוגרמים,1.00,"ק""ג",true,,79.90,79.9000,true,1,16999
7290002505266,false,חזה עוף חצוי טרי קהי,,,חזה עוף חצוי טרי קהי,קילוגרמים,1.00,"ק""ג",true,,22.90,22.9000,true,1,17000
7290002505297,false,עוף מס 2 קפוא קהילות,קהילות,IL,עוף מס 2 קפוא קהילות,קילוגרמים,1.00,"ק""ג",true,,23.90,23.9000,true,1,16967
7290002505303,false,עוף מס 3 קפוא קהילות,קהילות,IL,עוף מס 3 קפוא קהילות,קילוגרמים,1.00,"ק""ג",true,,23.90,23.9000,true,1,16968
7290002505433,false,כבד עוף צלוי טרי קהי,,,כבד עוף צלוי טרי קהי,גרמים,200.00,100 גרם,false,,25.90,12.9500,true,1,17646
7290002505464,false,כרעיים עוף טרי קהילו,,,כרעיים עוף טרי קהילו,קילוגרמים,1.00,"ק""ג",true,,36.90,36.9000,true,1,17002
7290002505471,false,חזה עוף טרי קהילות,,,חזה עוף טרי קהילות,קילוגרמים,1.00,"ק""ג",true,,39.90,39.9000,true,1,17003
7290002505488,false,עוף מחולק קפוא קהילו,,,עוף מחולק קפוא קהילו,קילוגרמים,1.00,"ק""ג",true,,23.90,23.9000,true,1,16980
7290002505600,false,גרונות הודו קפוא קהי,,,גרונות הודו קפוא קהי,קילוגרמים,1.00,"ק""ג",true,,34.90,34.9000,true,1,16981
7290002505624,false,שוקיים הודו קפוא קהי,,,שוקיים הודו קפוא קהי,קילוגרמים,1.00,"ק""ג",true,,24.90,24.9000,true,1,16983
7290002512035,false,"בצק עלים צנעני 1 ק""ג",צנעני,IL,"בצק עלים צנעני 1 ק""ג",פריט,1.00,"ק""ג",false,,17.90,17.9000,true,1,22220
7290002512509,false,מלוואח אלפא 700 גרם,,,מלוואח אלפא 700 גרם,גרמים,700.00,100 גרם,false,,6.90,0.9857,true,1,49775
7290002512547,false,בצק עלים אלפא 750 גר,צנעני,IL,בצק עלים אלפא 750 גר,גרמים,750.00,100 גרם,false,,5.90,0.7867,true,1,70457
7290002512554,false,גחנון אלפא 700 גרם,,,גחנון אלפא 700 גרם,גרמים,700.00,100 גרם,false,,6.90,0.9857,true,1,49776
7290002538110,false,קרמבו 32 יח',,,קרמבו 32 יח',Unknown,0.00,יחידה,false,,26.90,0.0000,true,1,74318
7290002538158,false,גלידה חמה 15 יח',,,גלידה חמה 15 יח',גרמים,225.00,100 גרם,false,,16.90,7.5111,true,1,53406
7290002538899,false,קרמבו 12 יח',,,קרמבו 12 יח',גרמים,300.00,100 גרם,false,,7.90,2.6333,true,1,39979
7290002542780,false,מארז בירה סטלה 5% 6*,,,מארז בירה סטלה 5% 6*,קילוגרמים,1.98,ליטר,false,,24.90,12.5758,true,1,74608
7290002543237,false,קורנפלקס קלוגס 750 ג,קלוגס,DE,קורנפלקס קלוגס 750 ג,גרמים,750.00,100 גרם,false,,13.90,1.8533,true,1,23262
7290002603474,false,פיצת השף רוטב פטריות,סוילה אס.אר.אל,IT,פיצת השף רוטב פטריות,גרמים,200.00,100 גרם,false,,14.90,7.4500,true,1,56286
7290002603498,false,פיצת השף אנטיפסטי שג,סוילה אס.אר.אל,IT,פיצת השף אנטיפסטי שג,גרמים,200.00,100 גרם,false,,14.90,7.4500,true,1,56289
7290002603504,false,פיצת השף עגבניות שרי,סוילה אס.אר.אל,IT,פיצת השף עגבניות שרי,גרמים,200.00,100 גרם,false,,14.90,7.4500,true,1,56287
7290002627210,false,גפילטע פיש דלידג 7 מ,,,גפילטע פיש דלידג 7 מ,גרמים,520.00,100 גרם,false,,7.90,1.5192,true,1,63457
7290002649144,false,מארז זוג עופיונים,,,מארז זוג עופיונים,קילוגרמים,1.00,"ק""ג",true,,49.90,49.9000,true,1,77511
7290002657408,false,טונה בשמן פוסידון 96,פוסידון,IL,טונה בשמן פוסידון 96,גרמים,960.00,100 גרם,false,,29.90,3.1146,true,1,18799
7290002657866,false,פילה אמנון דלידג העד,דלידג,IL,פילה אמנון דלידג העד,קילוגרמים,1.00,"ק""ג",true,,24.90,24.9000,true,1,14008
7290002661115,false,"לחם הולנדי ברמן 1 ק""",מאפית י את א ברמן בע,IL,"לחם הולנדי ברמן 1 ק""",פריט,1.00,"ק""ג",false,,13.90,13.9000,true,1,7580
7290002661153,false,"לחם דני קל ברמן 1 ק""",מאפית י את א ברמן בע,IL,"לחם דני קל ברמן 1 ק""",פריט,1.00,"ק""ג",false,,13.90,13.9000,true,1,7689
7290002661214,false,לחם קל גלילי ברמן 75,מאפית י את א ברמן בע,IL,לחם קל גלילי ברמן 75,גרמים,750.00,100 גרם,false,,9.90,1.3200,true,1,19445
7290002661535,false,פירורי לחם מוזהבים 1,מאפית י את א ברמן בע,IL,פירורי לחם מוזהבים 1,פריט,1.00,"ק""ג",false,,9.90,9.9000,true,1,57531
7290002661900,false,מארז 6 לחמניות 720 ג,מאפית י את א ברמן בע,IL,מארז 6 לחמניות 720 ג,גרמים,720.00,100 גרם,false,,10.90,1.5139,true,1,57696
7290002661924,false,מארז 6 לחמניות מזונו,מאפית י את א ברמן בע,IL,מארז 6 לחמניות מזונו,גרמים,540.00,100 גרם,false,,10.90,2.0185,true,1,57698
7290002661948,false,מארז 6 לחמניות כפריו,מאפית י את א ברמן בע,IL,מארז 6 לחמניות כפריו,גרמים,720.00,100 גרם,false,,10.90,1.5139,true,1,58088
7290002661962,false,קרקר תירס פריך בתוספ,אבונט ק.פ.ט,HU,קרקר תירס פריך בתוספ,גרמים,100.00,100 גרם,false,,8.90,8.9000,true,1,68493
7290002661979,false,קרקר תירס פריך בתוספ,אבונט ק.פ.ט,HU,קרקר תירס פריך בתוספ,גרמים,100.00,100 גרם,false,,8.90,8.9000,true,1,68494
7290002661986,false,קרקר תירס פריך ברמן,אבונט ק.פ.ט,HU,קרקר תירס פריך ברמן,גרמים,100.00,100 גרם,false,,8.90,8.9000,true,1,68495
7290002692768,false,תרסיס שמן קנולה עץ ה,טרנסומס פוד איי בי,IL,תרסיס שמן קנולה עץ ה,מיליליטרים,200.00,"100 מ""ל",false,,14.90,7.4500,true,1,20860
7290002692782,false,תרסיס שמן זית כתית ע,י.ב טכנולוגיות אריזה,IL,תרסיס שמן זית כתית ע,מיליליטרים,150.00,"100 מ""ל",false,,14.90,9.9333,true,1,20861
7290002701026,false,פערפיל בתנור משובח 4,גיי אפ פי ייצור מזון,IL,פערפיל בתנור משובח 4,גרמים,400.00,100 גרם,false,,7.90,1.9750,true,1,1468
7290002703068,false,"דבש עין חרוד 1 ק""ג",עין חרוד,IL,"דבש עין חרוד 1 ק""ג",פריט,1.00,"ק""ג",false,,39.90,39.9000,true,1,5744
7290002703358,false,דבש עין חרוד 350 גרם,עין חרוד,IL,דבש עין חרוד 350 גרם,גרמים,350.00,100 גרם,false,,14.90,4.2571,true,1,5745
7290002716280,false,שבבי תפוא דרומה 500,דרומה י.א.ט בעמ,IL,שבבי תפוא דרומה 500,גרמים,500.00,100 גרם,false,,11.90,2.3800,true,1,1479
7290002730811,false,משחת קולגייט טריפל ג,קולגייט פלמוליב,PL,משחת קולגייט טריפל ג,גרמים,100.00,100 גרם,false,,11.90,11.9000,true,1,23240
7290002730903,false,סבון מוצק פלמוליב ור,קולגייט פלמוליב,,סבון מוצק פלמוליב ור,גרמים,360.00,100 גרם,false,,16.50,4.5833,true,1,23294
7290002730958,false,סבון מוצק פלמוליב יר,קולגייט פלמוליב,,סבון מוצק פלמוליב יר,גרמים,360.00,100 גרם,false,,16.50,4.5833,true,1,23296
7290002739173,false,גולש עגל קהילות,,,גולש עגל קהילות,קילוגרמים,1.00,"ק""ג",true,,59.90,59.9000,true,1,20512
7290002739685,false,נקניקיות מרגז קפוא ע,עטרה,IL,נקניקיות מרגז קפוא ע,גרמים,400.00,100 גרם,false,,19.90,4.9750,true,1,46359
7290002739692,false,נקניקיות צוריסוס קפו,עטרה,IL,נקניקיות צוריסוס קפו,גרמים,500.00,100 גרם,false,,24.90,4.9800,true,1,46360
7290002739906,false,עצמות עוף קפוא קהילו,,,עצמות עוף קפוא קהילו,קילוגרמים,1.00,"ק""ג",true,,6.90,6.9000,true,1,33816
7290002752493,false,סוכריות טיק טק מנטה,פררו,ZA,סוכריות טיק טק מנטה,גרמים,64.00,100 גרם,false,,9.90,15.4688,true,1,35226
7290002753223,false,סוכריות טיק טק תפוז,פררו,ZA,סוכריות טיק טק תפוז,גרמים,64.00,100 גרם,false,,9.90,15.4688,true,1,43649
7290002757139,false,מלוואח ש.האופים 700,שלושת האופים,IL,מלוואח ש.האופים 700,גרמים,700.00,100 גרם,false,,11.90,1.7000,true,1,11325
7290002757146,false,קובה חמוסטה ש.האופים,שלושת האופים,IL,קובה חמוסטה ש.האופים,פריט,1.00,"ק""ג",false,,18.90,18.9000,true,1,6045
7290002757511,false,קציצות דג לבישול דלי,דלידג,IL,קציצות דג לבישול דלי,גרמים,750.00,100 גרם,false,,24.90,3.3200,true,1,8042
7290002757535,false,בורקס פילו אצבעות גב,שלושת האופים,IL,בורקס פילו אצבעות גב,גרמים,700.00,100 גרם,false,,16.90,2.4143,true,1,8040
7290002768036,false,"מי פה תיאדנט 150 מ""ל",אמיליה קוסמטיקס,IL,"מי פה תיאדנט 150 מ""ל",מיליליטרים,150.00,"100 מ""ל",false,,14.70,9.8000,true,1,1498
7290002768043,false,מי פה תיאדנט פלואורי,אמיליה קוסמטיקס,IL,מי פה תיאדנט פלואורי,מיליליטרים,150.00,"100 מ""ל",false,,14.70,9.8000,true,1,1499
7290002768074,false,דרמפון 1 ליטר,אמיליה קוסמטיקס,IL,דרמפון 1 ליטר,קילוגרמים,1.00,ליטר,false,,17.90,17.9000,true,1,1500
7290002775317,false,פילה זהבנון ל.עור דל,דלידג,IL,פילה זהבנון ל.עור דל,פריט,1.00,"ק""ג",false,,22.90,22.9000,true,1,14279
7290002780007,false,מלפפון במלח 30-36 בנ,בני דרום,IL,מלפפון במלח 30-36 בנ,פריט,3.00,"ק""ג",false,,17.90,5.9667,true,1,1508
7290002780045,false,מלפפון בחומץ 30-36 ב,בני דרום,IL,מלפפון בחומץ 30-36 ב,פריט,3.00,"ק""ג",false,,17.90,5.9667,true,1,1510
7290002780571,false,מלפפון במלח 15-20 בנ,בני דרום,IL,מלפפון במלח 15-20 בנ,פריט,1.25,"ק""ג",false,,11.90,9.5200,true,1,1517
7290002780588,false,זית חרוזית מושחר בני,בני דרום,IL,זית חרוזית מושחר בני,גרמים,560.00,100 גרם,false,,7.90,1.4107,true,1,1518
7290002780601,false,מלפפון בחומץ 15-20 ב,בני דרום,IL,מלפפון בחומץ 15-20 ב,פריט,1.25,"ק""ג",false,,11.90,9.5200,true,1,1519
7290002781271,false,סירופ בטעם מייפל מיט,מיטב,,סירופ בטעם מייפל מיט,גרמים,700.00,100 גרם,false,,10.90,1.5571,true,1,23100
7290002781691,false,ממרח קקאו בטעם שוקול,מיטב,IL,ממרח קקאו בטעם שוקול,גרמים,400.00,100 גרם,false,,4.90,1.2250,true,1,23102
7290002804758,false,כרעיים עוף קפוא דליק,,,כרעיים עוף קפוא דליק,קילוגרמים,1.00,"ק""ג",true,,29.90,29.9000,true,1,29686
7290002804765,false,חזה עוף קפוא דליקטסו,,,חזה עוף קפוא דליקטסו,קילוגרמים,1.00,"ק""ג",true,,31.90,31.9000,true,1,29687
7290002804772,false,כנפיים עוף קפוא דליק,,,כנפיים עוף קפוא דליק,קילוגרמים,1.00,"ק""ג",true,,12.90,12.9000,true,1,29688
7290002804796,false,שוקיים עוף קפוא דליק,,,שוקיים עוף קפוא דליק,קילוגרמים,1.00,"ק""ג",true,,32.90,32.9000,true,1,29690
7290002804802,false,ירכיים עוף קפוא דליק,,,ירכיים עוף קפוא דליק,קילוגרמים,1.00,"ק""ג",true,,29.90,29.9000,true,1,29691
7290002804819,false,שניצל עוף קפוא דליקט,,,שניצל עוף קפוא דליקט,קילוגרמים,1.00,"ק""ג",true,,35.90,35.9000,true,1,29692
7290002814016,false,תרסיס סנט מוריץ מסיר,אלמוג דיל בעמ,IL,תרסיס סנט מוריץ מסיר,מיליליטרים,750.00,"100 מ""ל",false,,9.90,1.3200,true,1,7964
7290002814603,false,תרסיס סנט מוריץ מסיר,אלמוג דיל בעמ,IL,תרסיס סנט מוריץ מסיר,מיליליטרים,750.00,"100 מ""ל",false,,9.90,1.3200,true,1,55719
7290002814870,false,תרסיס סנט מוריץ מסיר,,,תרסיס סנט מוריץ מסיר,מיליליטרים,750.00,"100 מ""ל",false,,9.90,1.3200,true,1,65727
7290002824183,false,גבינה 5% סקי 500 גרם,שטראוס,IL,גבינה 5% סקי 500 גרם,גרמים,500.00,100 גרם,false,,9.20,1.8400,true,1,1529
7290002824466,false,יוגורט ביו דנונה 0%,שטראוס,IL,יוגורט ביו דנונה 0%,גרמים,200.00,100 גרם,false,,3.40,1.7000,true,1,42682
7290002824640,false,גבינה 5% סקי 250 גרם,שטראוס,IL,גבינה 5% סקי 250 גרם,גרמים,250.00,100 גרם,false,,4.90,1.9600,true,1,1531
7290002868996,false,קוטג 5% טרה 250 גרם,טרה,IL,קוטג 5% טרה 250 גרם,גרמים,250.00,100 גרם,false,,5.30,2.1200,true,1,1556
7290002871248,false,בירה טובורג רד ב.חוז,קרלסברג ישראל,IL,בירה טובורג רד ב.חוז,מיליליטרים,500.00,"100 מ""ל",false,,7.90,1.5800,true,1,27914
7290002871361,false,בירה קרלסברג ב.חוזר,קרלסברג ישראל,IL,בירה קרלסברג ב.חוזר,מיליליטרים,500.00,"100 מ""ל",false,,7.90,1.5800,true,1,27913
7290002904694,false,דאו ספריי טיטניום 18,אמיליה קוסמטיקס,IL,דאו ספריי טיטניום 18,מיליליטרים,180.00,"100 מ""ל",false,,14.90,8.2778,true,1,1610
7290002920311,false,גבינה קממבר צאן גד ב,מחלבות גד,IL,גבינה קממבר צאן גד ב,קילוגרמים,1.00,"ק""ג",true,,99.90,99.9000,true,1,25577
7290002922797,false,חזה הודו טרי עטרה,עטרה,,חזה הודו טרי עטרה,קילוגרמים,1.00,"ק""ג",true,,32.90,32.9000,true,1,518
7290002922865,false,קבב מזרחי טאק טורו 5,,,קבב מזרחי טאק טורו 5,גרמים,500.00,100 גרם,false,,14.90,2.9800,true,1,7181
7290002922872,false,המבורגר טאק טורו 500,,,המבורגר טאק טורו 500,גרמים,500.00,100 גרם,false,,14.90,2.9800,true,1,7180
7290002922964,false,קוקטייל עוף טרי קהיל,,,קוקטייל עוף טרי קהיל,קילוגרמים,1.00,"ק""ג",true,,37.90,37.9000,true,1,44571
7290002922971,false,חזה עוף חצוי  עם עצם,,,חזה עוף חצוי  עם עצם,קילוגרמים,1.00,"ק""ג",true,,19.90,19.9000,true,1,15035
7290002929642,false,טונה בשמן ויליגר 4*1,,,טונה בשמן ויליגר 4*1,גרמים,560.00,100 גרם,false,,15.90,2.8393,true,1,35881
7290002930235,false,בשר לחמין עטרה,,,בשר לחמין עטרה,קילוגרמים,1.00,"ק""ג",true,,45.90,45.9000,true,1,38386
7290002939078,false,נגיסי עוף עטרה 600 ג,,,נגיסי עוף עטרה 600 ג,גרמים,600.00,100 גרם,false,,16.90,2.8167,true,1,1646
7290002939139,false,כנפיים הודו טרי עטרה,עטרה,IL,כנפיים הודו טרי עטרה,קילוגרמים,1.00,"ק""ג",true,,19.90,19.9000,true,1,428
7290002939153,false,שווארמה הודו טרי עטר,עטרה,IL,שווארמה הודו טרי עטר,קילוגרמים,1.00,"ק""ג",true,,74.90,74.9000,true,1,430
7290002939160,false,בשר אדום טרי עטרה,עטרה,IL,בשר אדום טרי עטרה,קילוגרמים,1.00,"ק""ג",true,,59.90,59.9000,true,1,431
7290002939498,false,בשר מס 8 שריר קפוא ע,עטרה,IL,בשר מס 8 שריר קפוא ע,קילוגרמים,1.00,"ק""ג",true,,53.90,53.9000,true,1,1650
7290002939511,false,רגל בקר קפוא עטרה,עטרה,IL,רגל בקר קפוא עטרה,קילוגרמים,1.00,"ק""ג",true,,39.90,39.9000,true,1,177
7290002939528,false,גידים בקר קפוא עטרה,,,גידים בקר קפוא עטרה,קילוגרמים,1.00,"ק""ג",true,,54.90,54.9000,true,1,1652
7290002939535,false,בשר ראש קפוא עטרה,,,בשר ראש קפוא עטרה,קילוגרמים,1.00,"ק""ג",true,,79.90,79.9000,true,1,1653
7290002939542,false,לשון בקר קפוא עטרה,עטרה,IL,לשון בקר קפוא עטרה,קילוגרמים,1.00,"ק""ג",true,,39.90,39.9000,true,1,1654
7290002954187,false,אורז יסמין שוקחה 5 ק,קפיטל רייס אל טי די,IN,אורז יסמין שוקחה 5 ק,פריט,5.00,"ק""ג",false,,39.90,7.9800,true,1,54175
7290002954477,false,אורז אוסטרלי עגול שו,לסיור,IN,אורז אוסטרלי עגול שו,פריט,5.00,"ק""ג",false,,39.90,7.9800,true,1,54173
7290002977032,false,"סוכר לבן סטודן 1 ק""ג",,,"סוכר לבן סטודן 1 ק""ג",פריט,1.00,"ק""ג",false,,3.90,3.9000,true,1,31786
7290003011087,false,אורז בסמטי אלפנט 1 ק,,IN,אורז בסמטי אלפנט 1 ק,פריט,1.00,"ק""ג",false,,11.90,11.9000,true,1,37025
7290003015627,false,ריצפז פרש אפרסק 2 לי,סנו,IL,ריצפז פרש אפרסק 2 לי,קילוגרמים,2.00,ליטר,false,,16.90,8.4500,true,1,1721
7290003029181,false,משקה שוקו יטבתה 1 לי,שטראוס,IL,משקה שוקו יטבתה 1 לי,קילוגרמים,1.00,ליטר,false,,11.50,11.5000,true,1,21755
7290003029372,false,משקה בננה יטבתה 1 לי,שטראוס,IL,משקה בננה יטבתה 1 לי,קילוגרמים,1.00,ליטר,false,,11.50,11.5000,true,1,25453
7290003029389,false,משקה בננה בקבוק יטבת,יטבתה,IL,משקה בננה בקבוק יטבת,גרמים,250.00,100 גרם,false,,5.20,2.0800,true,1,63095
7290003029433,false,משקה שוקו בקבוק יטבת,יטבתה,IL,משקה שוקו בקבוק יטבת,גרמים,250.00,100 גרם,false,,5.20,2.0800,true,1,22528
7290003029532,false,משקה מוקה יטבתה 1 לי,יטבתה,IL,משקה מוקה יטבתה 1 לי,קילוגרמים,1.00,ליטר,false,,11.50,11.5000,true,1,25451
7290003029792,false,מארז שוקו שקית יטבתה,יטבתה,IL,מארז שוקו שקית יטבתה,קילוגרמים,1.80,ליטר,false,,18.90,10.5000,true,1,16932
7290003029815,false,חלב מועשר 3% יטבתה 2,שטראוס,IL,חלב מועשר 3% יטבתה 2,קילוגרמים,2.00,ליטר,false,,13.90,6.9500,true,1,6012
7290003029907,false,משקה אייס קפה יטבתה,שטראוס,IL,משקה אייס קפה יטבתה,קילוגרמים,1.00,ליטר,false,,11.50,11.5000,true,1,25452
7290003031689,false,מארז פסטרמה סלמי/כפר,טירת צבי,IL,מארז פסטרמה סלמי/כפר,פריט,1.00,"ק""ג",false,,29.90,29.9000,true,1,70440
7290003031702,false,נקניקיות הודו חלק טי,טירת צבי,IL,נקניקיות הודו חלק טי,פריט,1.00,"ק""ג",false,,24.90,24.9000,true,1,1728
7290003031733,false,פסטרמה גחלים טירת צב,טירת צבי,IL,פסטרמה גחלים טירת צב,גרמים,400.00,100 גרם,false,,24.90,6.2250,true,1,1730
7290003031740,false,פסטרמה בדבש טירת צבי,טירת צבי,IL,פסטרמה בדבש טירת צבי,גרמים,400.00,100 גרם,false,,24.90,6.2250,true,1,1731
7290003031757,false,פסטרמה הודו פפריקה ט,טירת צבי,IL,פסטרמה הודו פפריקה ט,גרמים,400.00,100 גרם,false,,24.90,6.2250,true,1,1732
7290003031788,false,מארז פסטרמה הודו+סלמ,טירת צבי,IL,מארז פסטרמה הודו+סלמ,גרמים,800.00,100 גרם,false,,24.90,3.1125,true,1,1735
7290003031849,false,מארז פסטרמה כפרית דב,טירת צבי,IL,מארז פסטרמה כפרית דב,גרמים,600.00,100 גרם,false,,24.90,4.1500,true,1,43771
7290003054657,false,חרדל דיזון אקסטרא פו,ריין דיזון,FR,חרדל דיזון אקסטרא פו,גרמים,370.00,100 גרם,false,,9.90,2.6757,true,1,12188
7290003060009,false,קמח בהיר טחנות ישראל,טחנות ישראליות,IL,קמח בהיר טחנות ישראל,פריט,1.00,"ק""ג",false,,3.90,3.9000,true,1,6857
7290003060023,false,סולת טחנות ישראליות,טחנות ישראליות,IL,סולת טחנות ישראליות,פריט,1.00,"ק""ג",false,,4.90,4.9000,true,1,6858
7290003060047,false,קמח תופח טחנות ישראל,טחנות ישראליות,IL,קמח תופח טחנות ישראל,פריט,1.00,"ק""ג",false,,5.90,5.9000,true,1,6859
7290003069583,false,סטייק סלמון דלידג קפ,דלידג,IL,סטייק סלמון דלידג קפ,קילוגרמים,1.00,"ק""ג",true,,59.90,59.9000,true,1,22842
7290003069705,false,פיצה מרגריטה ש.האופי,שמגור בעמ,IL,פיצה מרגריטה ש.האופי,גרמים,80.00,100 גרם,false,,2.80,3.5000,true,1,18911
7290003072521,false,פסטרמה כתף בקר מעושנ,טירת צבי,IL,פסטרמה כתף בקר מעושנ,גרמים,300.00,100 גרם,false,,24.90,8.3000,true,1,62757
7290003075102,false,"לאבנה רגב 1 ק""ג",מחלבת רג'ב,IL,"לאבנה רגב 1 ק""ג",פריט,1.00,"ק""ג",false,,29.90,29.9000,true,1,55934
7290003075409,false,כדורי לאבנה בשמן רגב,מחלבת רג'ב,IL,כדורי לאבנה בשמן רגב,גרמים,360.00,100 גרם,false,,24.90,6.9167,true,1,55937
7290003075553,false,לאבנה רגב 500 גרם,מחלבת רג'ב,IL,לאבנה רגב 500 גרם,גרמים,500.00,100 גרם,false,,16.90,3.3800,true,1,55935
7290003075805,false,גבינת ברינזה רגב 400,מחלבת רג'ב,IL,גבינת ברינזה רגב 400,גרמים,400.00,100 גרם,false,,24.90,6.2250,true,1,55938
7290003075850,false,לאבנה עם שמן וזעתר ר,מחלבת רג'ב,IL,לאבנה עם שמן וזעתר ר,גרמים,250.00,100 גרם,false,,12.90,5.1600,true,1,55936
7290003078066,false,שום כתוש פרג 250 גרם,תבליני הדור השלישי,IL,שום כתוש פרג 250 גרם,גרמים,250.00,100 גרם,false,,14.90,5.9600,true,1,1747
7290003078073,false,תיבול לשניצל פרג 400,תבליני הדור השלישי,IL,תיבול לשניצל פרג 400,גרמים,400.00,100 גרם,false,,12.90,3.2250,true,1,1748
7290003078516,false,פלפל צומה פרג 250 גר,תבליני הדור השלישי,IL,פלפל צומה פרג 250 גר,גרמים,250.00,100 גרם,false,,14.90,5.9600,true,1,1751
7290003078554,false,תיבול לשניצל מקסיקני,תבליני הדור השלישי,IL,תיבול לשניצל מקסיקני,גרמים,400.00,100 גרם,false,,12.90,3.2250,true,1,1752
7290003078561,false,תיבול לשניצל אמריקאי,תבליני הדור השלישי,IL,תיבול לשניצל אמריקאי,גרמים,400.00,100 גרם,false,,12.90,3.2250,true,1,1753
7290003078639,false,פפריקה מתוקה בשמן פר,תבליני הדור השלישי,IL,פפריקה מתוקה בשמן פר,גרמים,500.00,100 גרם,false,,34.90,6.9800,true,1,1756
7290003078684,false,פלפל שחור פרג 400 גר,תבליני הדור השלישי,IL,פלפל שחור פרג 400 גר,גרמים,400.00,100 גרם,false,,39.90,9.9750,true,1,1757
7290003087945,false,בולי 80 גרם,א מ חטיפי העמק בעמ,IL,בולי 80 גרם,גרמים,80.00,100 גרם,false,,2.90,3.6250,true,1,7835
7290003087952,false,מארז בולי 10*25 גרם,א מ חטיפי העמק בעמ,IL,מארז בולי 10*25 גרם,גרמים,250.00,100 גרם,false,,7.90,3.1600,true,1,10334
7290003107216,false,"קמח לבן דגן 1 ק""ג",טחנות קמח דגן 2006,IL,"קמח לבן דגן 1 ק""ג",פריט,1.00,"ק""ג",false,,5.90,5.9000,true,1,22626
7290003107223,false,"סולת דגן 1 ק""ג",טחנות קמח דגן 2006,IL,"סולת דגן 1 ק""ג",פריט,1.00,"ק""ג",false,,6.50,6.5000,true,1,31512
7290003107353,false,משפר אפיה שטיבל 30 ג,ט.ק דגן טכנולוגיות ב,IL,משפר אפיה שטיבל 30 ג,גרמים,30.00,100 גרם,false,,5.90,19.6667,true,1,21500
7290003119509,false,פקדון בקבוק בירה ריק,,,פקדון בקבוק בירה ריק,Unknown,0.00,יחידה,false,,1.20,0.0000,true,1,27912
7290003126712,false,יוגורט עיזים צוריאל,מחלבת משק צוריאל,IL,יוגורט עיזים צוריאל,מיליליטרים,150.00,"100 מ""ל",false,,5.90,3.9333,true,1,6685
7290003126958,false,טופו גולמי צוריאל 30,א.י.ן תעשיות בעמ,IL,טופו גולמי צוריאל 30,גרמים,300.00,100 גרם,false,,11.90,3.9667,true,1,40169
7290003203086,false,גרונות הודיות קפוא ג,מ ב גלאט עוף למהדרין,IL,גרונות הודיות קפוא ג,קילוגרמים,1.00,"ק""ג",true,,33.90,33.9000,true,1,1821
7290003203369,false,שוקיים עוף קפוא גלאט,גלאט עוף,IL,שוקיים עוף קפוא גלאט,קילוגרמים,1.00,"ק""ג",true,,34.90,34.9000,true,1,14049
7290003203581,false,בשר מס 9 פלאנקען לחמ,ביראניצקי,PL,בשר מס 9 פלאנקען לחמ,קילוגרמים,1.00,"ק""ג",true,,89.90,89.9000,true,1,78685
7290003229109,false,פסטרמה בפפריקה טירת,טירת צבי,IL,פסטרמה בפפריקה טירת,גרמים,400.00,100 גרם,false,,25.90,6.4750,true,1,1823
7290003229154,false,סלמי קוניאק טירת צבי,טירת צבי,IL,סלמי קוניאק טירת צבי,גרמים,300.00,100 גרם,false,,24.90,8.3000,true,1,1827
7290003229192,false,פסטרמה כתף בקר מעושנ,טירת צבי,IL,פסטרמה כתף בקר מעושנ,גרמים,400.00,100 גרם,false,,24.90,6.2250,true,1,1828
7290003318100,false,ופל שוקולד מנעמים 20,מנעמים תעשיות מזון,IL,ופל שוקולד מנעמים 20,גרמים,200.00,100 גרם,false,,2.90,1.4500,true,1,14793
7290003318131,false,ופל אגוז מנעמים 200,מנעמים תעשיות מזון,IL,ופל אגוז מנעמים 200,גרמים,200.00,100 גרם,false,,2.90,1.4500,true,1,14796
7290003318155,false,ופל לימון מנעמים 200,מנעמים תעשיות מזון,IL,ופל לימון מנעמים 200,גרמים,200.00,100 גרם,false,,2.90,1.4500,true,1,14794
7290003318162,false,ופל מצופה בריידמן 80,מנעמים תעשיות מזון,IL,ופל מצופה בריידמן 80,גרמים,800.00,100 גרם,false,,13.90,1.7375,true,1,60252
7290003318599,false,ופל וניל מנעמים 200,מנעמים תעשיות מזון,IL,ופל וניל מנעמים 200,גרמים,200.00,100 גרם,false,,2.90,1.4500,true,1,14795
7290003319084,false,גפילטע פיש הדג המיוח,דג טעים בעמ,IL,גפילטע פיש הדג המיוח,פריט,1.00,"ק""ג",false,,21.90,21.9000,true,1,16782
7290003321155,false,דנונה בר פקאן,שטראוס,IL,דנונה בר פקאן,מיליליטרים,175.00,"100 מ""ל",false,,4.30,2.4571,true,1,1851
7290003332014,false,קפה נחלה אדום עם הל,קפה נחלה,IL,קפה נחלה אדום עם הל,גרמים,500.00,100 גרם,false,,26.90,5.3800,true,1,7902
7290003384945,false,פילה מיניון טרי עטרה,,,פילה מיניון טרי עטרה,קילוגרמים,1.00,"ק""ג",true,,199.90,199.9000,true,1,75096
7290003387410,false,פדים להסרת איפור בלו,SEPTONA,,פדים להסרת איפור בלו,Unknown,0.00,יחידה,false,,16.90,0.0000,true,1,44586
7290003411948,false,צמר גפן הנמל 100 גרם,ספה,TR,צמר גפן הנמל 100 גרם,Unknown,0.00,יחידה,false,,3.90,0.0000,true,1,1897
7290003411993,false,גפרורים 10 יח,נור,SE,גפרורים 10 יח,Unknown,0.00,יחידה,false,,2.80,0.0000,true,1,1898
7290003424245,false,מרלוזה צ'ירינה קפוא,,AR,מרלוזה צ'ירינה קפוא,קילוגרמים,1.00,"ק""ג",true,,27.90,27.9000,true,1,78726
7290003424283,false,פילה סלמון קפוא צ'יר,,,פילה סלמון קפוא צ'יר,קילוגרמים,1.00,"ק""ג",true,,64.90,64.9000,true,1,77509
7290003427154,false,שמן זית כתית פיית מז,זיתא,IL,שמן זית כתית פיית מז,מיליליטרים,750.00,"100 מ""ל",false,,28.90,3.8533,true,1,31585
7290003450602,false,ממרח חרדל לחיץ היינץ,היינץ,US,ממרח חרדל לחיץ היינץ,גרמים,255.00,100 גרם,false,,7.50,2.9412,true,1,23206
7290003457991,false,טילוני קורנטו וניל 6,גלידות שטראוס,IL,טילוני קורנטו וניל 6,גרמים,360.00,100 גרם,false,,21.90,6.0833,true,1,1913
7290003521197,false,סרקל תרסיס מתיר קשרי,פישר מעבדות פרמצבטיו,IL,סרקל תרסיס מתיר קשרי,מיליליטרים,340.00,"100 מ""ל",false,,22.90,6.7353,true,1,26566
7290003521340,false,"אל סבון קמיל בלו ד""ר",פישר מעבדות פרמצבטיו,IL,"אל סבון קמיל בלו ד""ר",קילוגרמים,2.00,ליטר,false,,35.90,17.9500,true,1,29939
7290003521395,false,אל סבון קמיל בלו סנס,פישר מעבדות פרמצבטיו,IL,אל סבון קמיל בלו סנס,קילוגרמים,2.00,ליטר,false,,34.90,17.4500,true,1,30219
7290003521463,false,שמפו אלדמע קמיל בלו,פישר מעבדות פרמצבטיו,IL,שמפו אלדמע קמיל בלו,קילוגרמים,2.00,ליטר,false,,34.90,17.4500,true,1,29940
7290003521760,false,ג'ל לחות אלוורה אולט,פישר מעבדות פרמצבטיו,IL,ג'ל לחות אלוורה אולט,מיליליטרים,200.00,"100 מ""ל",false,,17.90,8.9500,true,1,78247
7290003578108,false,לפתן אננס חתוך ויליפ,טקרנג,TH,לפתן אננס חתוך ויליפ,גרמים,850.00,100 גרם,false,,8.90,1.0471,true,1,23409
7290003578177,false,תירס גמדי ויליפוד 41,מגסטיק פוד,TH,תירס גמדי ויליפוד 41,גרמים,410.00,100 גרם,false,,6.90,1.6829,true,1,15987
7290003578313,false,דובדבנים חמוצים מגול,יורוביקה,HR,דובדבנים חמוצים מגול,גרמים,680.00,100 גרם,false,,8.90,1.3088,true,1,23410
7290003578672,false,שמן חמניות וילי פוד,,,שמן חמניות וילי פוד,קילוגרמים,1.00,ליטר,false,,8.90,8.9000,true,1,40286
7290003643004,false,"אורז בסמטי סוגת 1 ק""",סוגת,IL,"אורז בסמטי סוגת 1 ק""",פריט,1.00,"ק""ג",false,,13.90,13.9000,true,1,1949
7290003643646,false,"סוכר דמררה סוגת 1 ק""",סוגת,IL,"סוכר דמררה סוגת 1 ק""",פריט,1.00,"ק""ג",false,,10.90,10.9000,true,1,1951
7290003648344,false,מטיאס הולנדי בשמן שמ,סלטי שמיר 2006 בעמ,IL,מטיאס הולנדי בשמן שמ,גרמים,550.00,100 גרם,false,,29.90,5.4364,true,1,16132
7290003648351,false,הרינג כבוש שמיר 750,סלטי שמיר 2006 בעמ,IL,הרינג כבוש שמיר 750,גרמים,550.00,100 גרם,false,,29.90,5.4364,true,1,16133
7290003648849,false,מקרל בשמן שמיר 750 ג,סלטי שמיר 2006 בעמ,IL,מקרל בשמן שמיר 750 ג,גרמים,550.00,100 גרם,false,,39.90,7.2545,true,1,15637
7290003648856,false,מטיאס הולנדי שמיר 75,סלטי שמיר 2006 בעמ,IL,מטיאס הולנדי שמיר 75,גרמים,550.00,100 גרם,false,,29.90,5.4364,true,1,16134
7290003681242,false,זעתר מיה 50 גרם,מיה תעשיות מזון בעמ,IL,זעתר מיה 50 גרם,גרמים,50.00,100 גרם,false,,5.80,11.6000,true,1,1976
7290003681341,false,קונפיטורה תות מיה 34,מיה תעשיות מזון בעמ,IL,קונפיטורה תות מיה 34,גרמים,340.00,100 גרם,false,,8.70,2.5588,true,1,13836
7290003681723,false,תבלין לפיצה מיה 80 ג,מיה תעשיות מזון בעמ,IL,תבלין לפיצה מיה 80 ג,גרמים,80.00,100 גרם,false,,5.80,7.2500,true,1,1985
7290003681730,false,תבלין גריל דג מיה 80,מיה תעשיות מזון בעמ,IL,תבלין גריל דג מיה 80,גרמים,80.00,100 גרם,false,,5.80,7.2500,true,1,1986
7290003681747,false,תבלין גריל בשר מיה 8,מיה תעשיות מזון בעמ,IL,תבלין גריל בשר מיה 8,גרמים,80.00,100 גרם,false,,5.80,7.2500,true,1,1987
7290003681754,false,תבלין קארי מיה 80 גר,מיה תעשיות מזון בעמ,IL,תבלין קארי מיה 80 גר,גרמים,80.00,100 גרם,false,,5.80,7.2500,true,1,1988
7290003681761,false,גבישי שום מיה 80 גרם,מיה תעשיות מזון בעמ,IL,גבישי שום מיה 80 גרם,גרמים,100.00,100 גרם,false,,7.90,7.9000,true,1,1989
7290003726141,false,טופו גולמי גאיה 300,משק ויילר,IL,טופו גולמי גאיה 300,גרמים,300.00,100 גרם,false,,9.90,3.3000,true,1,7570
7290003726592,false,טופו מתובל בפסטו משק,שטראוס,IL,טופו מתובל בפסטו משק,מיליליטרים,300.00,"100 מ""ל",false,,10.90,3.6333,true,1,76371
7290003726615,false,טופו הבית משק ויילר,שטראוס,IL,טופו הבית משק ויילר,מיליליטרים,300.00,"100 מ""ל",false,,10.90,3.6333,true,1,76372
7290003726684,false,טופו חומוס בטעם טבעי,שטראוס,IL,טופו חומוס בטעם טבעי,מיליליטרים,300.00,"100 מ""ל",false,,12.90,4.3000,true,1,76373
7290003751099,false,עוף מחולק קפוא גלאט,גלאט עוף,IL,עוף מחולק קפוא גלאט,קילוגרמים,1.00,"ק""ג",true,,29.90,29.9000,true,1,1999
7290003751105,false,כרעיים עוף קפוא גלאט,מ ב גלאט עוף למהדרין,IL,כרעיים עוף קפוא גלאט,קילוגרמים,1.00,"ק""ג",true,,44.90,44.9000,true,1,2000
7290003751136,false,כנפיים עוף קפוא גלאט,מ ב גלאט עוף למהדרין,IL,כנפיים עוף קפוא גלאט,קילוגרמים,1.00,"ק""ג",true,,14.90,14.9000,true,1,2002
7290003751143,false,גרונות עוף קפוא גלאט,גלאט עוף,IL,גרונות עוף קפוא גלאט,קילוגרמים,1.00,"ק""ג",true,,8.90,8.9000,true,1,2003
7290003751174,false,גולש עגל גלאט עוף,מ ב גלאט עוף למהדרין,IL,גולש עגל גלאט עוף,קילוגרמים,1.00,"ק""ג",true,,79.90,79.9000,true,1,2005
7290003751204,false,רולדה הודו גלאט עוף,מ ב גלאט עוף למהדרין,IL,רולדה הודו גלאט עוף,קילוגרמים,1.00,"ק""ג",true,,51.90,51.9000,true,1,2007
7290003751211,false,בקר טחון גלאט עוף 50,מ ב גלאט עוף למהדרין,IL,בקר טחון גלאט עוף 50,גרמים,500.00,100 גרם,false,,44.90,8.9800,true,1,16022
7290003751228,false,בשר לחמין גלאט עוף,מ ב גלאט עוף למהדרין,IL,בשר לחמין גלאט עוף,קילוגרמים,1.00,"ק""ג",true,,79.90,79.9000,true,1,2008
7290003751242,false,הודו טחון גלאט עוף 5,מ ב גלאט עוף למהדרין,IL,הודו טחון גלאט עוף 5,גרמים,500.00,100 גרם,false,,21.90,4.3800,true,1,2010
7290003751839,false,עצמות עוף קפוא גלאט,גלאט עוף,IL,עצמות עוף קפוא גלאט,קילוגרמים,1.00,"ק""ג",true,,6.90,6.9000,true,1,2020
7290003751846,false,ירכיים עוף קפוא גלאט,מ ב גלאט עוף למהדרין,IL,ירכיים עוף קפוא גלאט,קילוגרמים,1.00,"ק""ג",true,,39.90,39.9000,true,1,2021
7290003751990,false,עוף מס 3 קפוא גלאט ע,גלאט עוף,IL,עוף מס 3 קפוא גלאט ע,קילוגרמים,1.00,"ק""ג",true,,28.90,28.9000,true,1,2023
7290003779499,false,גינגר ארוז 200 גרם,מרינה,IL,גינגר ארוז 200 גרם,גרמים,200.00,100 גרם,false,,7.90,3.9500,true,1,38406
7290003882922,false,עלי גפן ממולאים וילי,פליריה,,עלי גפן ממולאים וילי,גרמים,400.00,100 גרם,false,,8.50,2.1250,true,1,23414
7290003989539,false,רביולי גבינה קלאסי ש,שטראוס,IL,רביולי גבינה קלאסי ש,גרמים,400.00,100 גרם,false,,19.90,4.9750,true,1,25440
7290003989553,false,טורטליני פטריות שטרא,שטראוס,IL,טורטליני פטריות שטרא,גרמים,400.00,100 גרם,false,,19.90,4.9750,true,1,25441
7290003996018,false,חסה ערבית גלאט,יעל ירק עלים,IL,חסה ערבית גלאט,Unknown,0.00,יחידה,false,,7.90,0.0000,true,1,2051
7290003996049,false,פטרוזיליה מהדרין,יעל ירק עלים,IL,פטרוזיליה מהדרין,Unknown,0.00,יחידה,false,,6.90,0.0000,true,1,2052
7290003996056,false,כוסברה מהדרין,יעל ירק עלים,IL,כוסברה מהדרין,Unknown,0.00,יחידה,false,,6.90,0.0000,true,1,2053
7290003996070,false,נענע מהדרין,יעל ירק עלים,IL,נענע מהדרין,Unknown,0.00,יחידה,false,,6.90,0.0000,true,1,2055
7290003996094,false,סלרי מהדרין,יעל ירק עלים,IL,סלרי מהדרין,Unknown,0.00,יחידה,false,,7.90,0.0000,true,1,4264
7290003996506,false,כרוב לבן 400 גרם,יעל ירק עלים,IL,כרוב לבן 400 גרם,גרמים,400.00,100 גרם,false,,12.90,3.2250,true,1,2064
7290003996513,false,כרוב אדום 400 גרם,יעל ירק עלים,IL,כרוב אדום 400 גרם,גרמים,400.00,100 גרם,false,,11.90,2.9750,true,1,2065
7290003996537,false,שבבי גזר 400 גרם,יעל ירק עלים,IL,שבבי גזר 400 גרם,גרמים,410.00,100 גרם,false,,14.90,3.6341,true,1,2066
7290003996544,false,חסה קצוצה 300 גרם,יעל ירק עלים,IL,חסה קצוצה 300 גרם,גרמים,310.00,100 גרם,false,,12.90,4.1613,true,1,2067
7290003996551,false,סלט קולסלאו 400 גרם,יעל ירק עלים,IL,סלט קולסלאו 400 גרם,גרמים,400.00,100 גרם,false,,12.90,3.2250,true,1,2068
7290003996605,false,לקט ים תיכוני 350 גר,יעל ירק עלים,IL,לקט ים תיכוני 350 גר,גרמים,350.00,100 גרם,false,,12.90,3.6857,true,1,2069
7290003996742,false,עלי תרד שטופים 200 ג,יעל ירק עלים,IL,עלי תרד שטופים 200 ג,גרמים,300.00,100 גרם,false,,10.90,3.6333,true,1,2073
7290003996971,false,"כרוב לבן קצוץ 1 ק""ג",יעל ירק עלים,IL,"כרוב לבן קצוץ 1 ק""ג",פריט,1.00,"ק""ג",false,,17.90,17.9000,true,1,2078
7290003996995,false,"סלט  קולסלאו 1 ק""ג",יעל ירק עלים,IL,"סלט  קולסלאו 1 ק""ג",פריט,1.00,"ק""ג",false,,17.90,17.9000,true,1,2080
7290004011284,false,בסיס להכנת קצפת 25%,ריץ,IL,בסיס להכנת קצפת 25%,מיליליטרים,212.00,"100 מ""ל",false,,6.90,3.2547,true,1,13991
7290004011345,false,תרסיס קצפת צמחית ריץ,ריץ,IL,תרסיס קצפת צמחית ריץ,מיליליטרים,250.00,"100 מ""ל",false,,8.90,3.5600,true,1,22543
7290004030018,false,מיץ לימון טבעי פריני,פריניב,,מיץ לימון טבעי פריני,מיליליטרים,500.00,"100 מ""ל",false,,6.90,1.3800,true,1,16483
7290004030612,false,מיץ תפוח קיווי ואגס,פריניב,IL,מיץ תפוח קיווי ואגס,קילוגרמים,1.00,ליטר,false,,13.90,13.9000,true,1,34960
7290004030834,false,מיץ רימונים 100% פרי,פריניב,IL,מיץ רימונים 100% פרי,קילוגרמים,1.00,ליטר,false,,19.90,19.9000,true,1,21267
7290004033705,false,לחמניות המבורגר הבור,מאפית י את א ברמן בע,IL,לחמניות המבורגר הבור,גרמים,600.00,100 גרם,false,,12.90,2.1500,true,1,72984
7290004033712,false,לחם עננים קמח חיטה מ,מאפית י את א ברמן בע,IL,לחם עננים קמח חיטה מ,גרמים,750.00,100 גרם,false,,14.90,1.9867,true,1,72986
7290004033729,false,לחם עננים מקמח כוסמי,מאפית י את א ברמן בע,IL,לחם עננים מקמח כוסמי,גרמים,750.00,100 גרם,false,,15.90,2.1200,true,1,72985
7290004033736,false,לחם עננים לבן בסגנון,מאפית י את א ברמן בע,IL,לחם עננים לבן בסגנון,גרמים,500.00,100 גרם,false,,13.90,2.7800,true,1,76182
7290004048679,false,קובה למרק ש.האופים 1,שלושת האופים,IL,קובה למרק ש.האופים 1,פריט,1.00,"ק""ג",false,,18.90,18.9000,true,1,2099
7290004064174,false,"מלח דק הימלאיה 1 ק""ג",מלח הארץ,IL,"מלח דק הימלאיה 1 ק""ג",פריט,1.00,"ק""ג",false,,14.90,14.9000,true,1,60359
7290004064181,false,"מלח גס הימלאיה 1 ק""ג",מלח הארץ,IL,"מלח גס הימלאיה 1 ק""ג",פריט,1.00,"ק""ג",false,,14.90,14.9000,true,1,60360
7290004064280,false,מלח מופחת נתרן 600 ג,מלח הארץ,IL,מלח מופחת נתרן 600 ג,גרמים,600.00,100 גרם,false,,15.90,2.6500,true,1,61569
7290004064297,false,מלח ים מועשר ביוד 1,מלח הארץ,IL,מלח ים מועשר ביוד 1,פריט,1.00,"ק""ג",false,,8.90,8.9000,true,1,61570
7290004064303,false,מלח ים אטלנטי 800 גר,מלח הארץ,IL,מלח ים אטלנטי 800 גר,גרמים,800.00,100 גרם,false,,17.90,2.2375,true,1,61571
7290004068172,false,יוגורט עיזים ביו גד,מחלבות גד,IL,יוגורט עיזים ביו גד,גרמים,600.00,100 גרם,false,,16.90,2.8167,true,1,30206
7290004068196,false,גבינה מוצרלה לפיצה 2,מחלבות גד,IL,גבינה מוצרלה לפיצה 2,גרמים,500.00,100 גרם,false,,25.90,5.1800,true,1,30047
7290004068332,false,גבינה קממבר גד במשקל,מחלבות גד,IL,גבינה קממבר גד במשקל,קילוגרמים,1.00,"ק""ג",true,,99.90,99.9000,true,1,34747
7290004091217,false,מבריק גודרס לכלי כסף,אס סי גונסון פורטוגל,PT,מבריק גודרס לכלי כסף,גרמים,125.00,100 גרם,false,,14.90,11.9200,true,1,12789
7290004091255,false,וזלין פטרולאום גלי 2,יוניליוור,IL,וזלין פטרולאום גלי 2,גרמים,212.00,100 גרם,false,,14.90,7.0283,true,1,17414
7290004093006,false,עוף שלם טרי עוף הכפר,,,עוף שלם טרי עוף הכפר,קילוגרמים,1.00,"ק""ג",true,,14.90,14.9000,true,1,49795
7290004093013,false,כרעיים עוף טרי עוף ה,,,כרעיים עוף טרי עוף ה,קילוגרמים,1.00,"ק""ג",true,,19.90,19.9000,true,1,49796
7290004093020,false,חזה עוף טרי עוף הכפר,,,חזה עוף טרי עוף הכפר,קילוגרמים,1.00,"ק""ג",true,,24.90,24.9000,true,1,49798
7290004093037,false,כנפיים עוף טרי עוף ה,,,כנפיים עוף טרי עוף ה,קילוגרמים,1.00,"ק""ג",true,,9.90,9.9000,true,1,49799
7290004093044,false,שוקיים עוף טרי עוף ה,,,שוקיים עוף טרי עוף ה,קילוגרמים,1.00,"ק""ג",true,,23.90,23.9000,true,1,49800
7290004093051,false,ירכיים עוף טרי עוף ה,,,ירכיים עוף טרי עוף ה,קילוגרמים,1.00,"ק""ג",true,,19.90,19.9000,true,1,49797
7290004093068,false,שניצל עוף טרי עוף הכ,,,שניצל עוף טרי עוף הכ,קילוגרמים,1.00,"ק""ג",true,,29.90,29.9000,true,1,49801
7290004093075,false,פרגית עוף טרי עוף הכ,,,פרגית עוף טרי עוף הכ,קילוגרמים,1.00,"ק""ג",true,,59.90,59.9000,true,1,49802
7290004093082,false,כבד עוף טרי עוף הכפר,,,כבד עוף טרי עוף הכפר,קילוגרמים,1.00,"ק""ג",true,,17.90,17.9000,true,1,49803
7290004093112,false,כרעיים עוף קפוא עוף,,,כרעיים עוף קפוא עוף,קילוגרמים,1.00,"ק""ג",true,,23.90,23.9000,true,1,51443
7290004093129,false,חזה עוף קפוא עוף הכפ,,,חזה עוף קפוא עוף הכפ,קילוגרמים,1.00,"ק""ג",true,,24.90,24.9000,true,1,51444
7290004093136,false,כנפיים עוף קפוא עוף,,,כנפיים עוף קפוא עוף,קילוגרמים,1.00,"ק""ג",true,,7.90,7.9000,true,1,51445
7290004093143,false,שוקיים עוף קפוא עוף,,,שוקיים עוף קפוא עוף,קילוגרמים,1.00,"ק""ג",true,,26.90,26.9000,true,1,51446
7290004093150,false,ירכיים עוף קפוא עוף,,,ירכיים עוף קפוא עוף,קילוגרמים,1.00,"ק""ג",true,,23.90,23.9000,true,1,51447
7290004093167,false,שניצל עוף קפוא עוף ה,,,שניצל עוף קפוא עוף ה,קילוגרמים,1.00,"ק""ג",true,,27.90,27.9000,true,1,51448
7290004093181,false,סטייק פרגית עוף קפוא,,,סטייק פרגית עוף קפוא,קילוגרמים,1.00,"ק""ג",true,,49.90,49.9000,true,1,51450
7290004093198,false,סטייק פרגית עוף טרי,,,סטייק פרגית עוף טרי,קילוגרמים,1.00,"ק""ג",true,,59.90,59.9000,true,1,49863
7290004093211,false,כבד עוף קפוא עוף הכפ,,,כבד עוף קפוא עוף הכפ,קילוגרמים,1.00,"ק""ג",true,,16.90,16.9000,true,1,64382
7290004093501,false,פילה עוף טרי  דליקטס,,,פילה עוף טרי  דליקטס,קילוגרמים,1.00,"ק""ג",true,,36.90,36.9000,true,1,61149
7290004119225,false,"יופלה אננס 3% 150 מ""",תנובה מרכז שיתופי לש,IL,"יופלה אננס 3% 150 מ""",מיליליטרים,150.00,"100 מ""ל",false,,4.70,3.1333,true,1,2102
7290004119973,false,קרלו שוקולדה 125 גרם,תנובה מרכז שיתופי לש,IL,קרלו שוקולדה 125 גרם,מיליליטרים,125.00,"100 מ""ל",false,,2.80,2.2400,true,1,2105
7290004120061,false,קרלו שוקולד וניל 125,תנובה מרכז שיתופי לש,IL,קרלו שוקולד וניל 125,מיליליטרים,125.00,"100 מ""ל",false,,2.90,2.3200,true,1,2106
7290004120108,false,יופלה דיאט 0% דובדבן,תנובה מרכז שיתופי לש,IL,יופלה דיאט 0% דובדבן,גרמים,150.00,100 גרם,false,,4.70,3.1333,true,1,2107
7290004120573,false,גבינה בולגרית 16% פי,תנובה מרכז שיתופי לש,IL,גבינה בולגרית 16% פי,גרמים,250.00,100 גרם,false,,19.90,7.9600,true,1,2112
7290004120634,false,גבינה בולגרית 5% פיר,תנובה מרכז שיתופי לש,IL,גבינה בולגרית 5% פיר,גרמים,250.00,100 גרם,false,,19.90,7.9600,true,1,2113
7290004121488,false,יופלה דיאט 0% אפרסק,תנובה מרכז שיתופי לש,IL,יופלה דיאט 0% אפרסק,גרמים,150.00,100 גרם,false,,4.70,3.1333,true,1,2116
7290004121839,false,גבינת פטה כבשים 20%,תנובה מרכז שיתופי לש,IL,גבינת פטה כבשים 20%,גרמים,250.00,100 גרם,false,,24.90,9.9600,true,1,2120
7290004121853,false,גבינה בולגרית קוביות,תנובה מרכז שיתופי לש,IL,גבינה בולגרית קוביות,גרמים,200.00,גרם,false,,19.90,0.0995,true,1,2121
7290004122348,false,גבינה עמק 9% 200 גרם,תנובה מרכז שיתופי לש,IL,גבינה עמק 9% 200 גרם,גרמים,200.00,100 גרם,false,,16.90,8.4500,true,1,2123
7290004122676,false,גבינת חמד לייט 5% פי,תנובה מרכז שיתופי לש,IL,גבינת חמד לייט 5% פי,גרמים,250.00,100 גרם,false,,17.50,7.0000,true,1,7583
7290004122683,false,אצבעות גבינת עמק 172,תנובה מרכז שיתופי לש,IL,אצבעות גבינת עמק 172,גרמים,172.00,100 גרם,false,,15.90,9.2442,true,1,2126
7290004124205,false,יופלה דיאט 0% תות 15,תנובה מרכז שיתופי לש,IL,יופלה דיאט 0% תות 15,גרמים,150.00,100 גרם,false,,4.70,3.1333,true,1,2130
7290004124847,false,קצפת צמחית השף הלבן,תנובה מרכז שיתופי לש,IL,קצפת צמחית השף הלבן,מיליליטרים,500.00,"100 מ""ל",false,,13.90,2.7800,true,1,2132
7290004125370,false,שמנת חמוצה 9% תנובה,תנובה מרכז שיתופי לש,IL,שמנת חמוצה 9% תנובה,מיליליטרים,200.00,"100 מ""ל",false,,3.60,1.8000,true,1,2134
7290004125400,false,"אשל תנובה 200 מ""ל",תנובה מרכז שיתופי לש,IL,"אשל תנובה 200 מ""ל",מיליליטרים,200.00,"100 מ""ל",false,,1.65,0.8250,true,1,2135
7290004125417,false,"גיל תנובה 200 מ""ל",תנובה מרכז שיתופי לש,IL,"גיל תנובה 200 מ""ל",מיליליטרים,206.00,"100 מ""ל",false,,1.50,0.7282,true,1,2136
7290004125455,false,שמנת חמוצה 15% תנובה,תנובה מרכז שיתופי לש,IL,שמנת חמוצה 15% תנובה,מיליליטרים,200.00,"100 מ""ל",false,,2.40,1.2000,true,1,2137
7290004125462,false,שמנת חמוצה 15% תנובה,תנובה מרכז שיתופי לש,IL,שמנת חמוצה 15% תנובה,מיליליטרים,500.00,"100 מ""ל",false,,5.50,1.1000,true,1,2138
7290004125509,false,שמנת חמוצה 15% תנובה,תנובה מרכז שיתופי לש,IL,שמנת חמוצה 15% תנובה,גרמים,100.00,100 גרם,false,,1.60,1.6000,true,1,19699
7290004125578,false,משקה סויה אלטרנטיב 1,תנובה מרכז שיתופי לש,IL,משקה סויה אלטרנטיב 1,קילוגרמים,1.00,ליטר,false,,9.90,9.9000,true,1,2139
7290004125585,false,משקה סויה וניל אלטרנ,תנובה מרכז שיתופי לש,IL,משקה סויה וניל אלטרנ,קילוגרמים,1.00,ליטר,false,,9.90,9.9000,true,1,2140
7290004125721,false,שמנת לבישול 15% השף,תנובה מרכז שיתופי לש,IL,שמנת לבישול 15% השף,מיליליטרים,250.00,"100 מ""ל",false,,7.90,3.1600,true,1,2142
7290004125738,false,שמנת להקצפה 32% השף,תנובה מרכז שיתופי לש,IL,שמנת להקצפה 32% השף,מיליליטרים,250.00,"100 מ""ל",false,,5.90,2.3600,true,1,2143
7290004126674,false,גבינה עמק בסגנון אמנ,תנובה מרכז שיתופי לש,IL,גבינה עמק בסגנון אמנ,גרמים,200.00,100 גרם,false,,17.90,8.9500,true,1,2144
7290004127077,false,קוטג 3% תנובה 250 גר,תנובה מרכז שיתופי לש,IL,קוטג 3% תנובה 250 גר,גרמים,250.00,100 גרם,false,,5.40,2.1600,true,1,2146
7290004127329,false,קוטג 5% תנובה 250 גר,תנובה מרכז שיתופי לש,IL,קוטג 5% תנובה 250 גר,גרמים,250.00,100 גרם,false,,5.40,2.1600,true,1,2147
7290004127336,false,קוטג 9% תנובה 250 גר,תנובה מרכז שיתופי לש,IL,קוטג 9% תנובה 250 גר,גרמים,250.00,100 גרם,false,,5.40,2.1600,true,1,2148
7290004127800,false,גבינה 5% תנובה 500 ג,תנובה מרכז שיתופי לש,IL,גבינה 5% תנובה 500 ג,גרמים,500.00,100 גרם,false,,9.70,1.9400,true,1,2151
7290004127817,false,גבינה 9% תנובה 500 ג,תנובה מרכז שיתופי לש,IL,גבינה 9% תנובה 500 ג,גרמים,500.00,100 גרם,false,,9.70,1.9400,true,1,2152
7290004127862,false,גבינה 5% תנובה 750 ג,תנובה מרכז שיתופי לש,IL,גבינה 5% תנובה 750 ג,גרמים,750.00,100 גרם,false,,13.80,1.8400,true,1,2153
7290004127916,false,גבינה 1/2% תנובה 500,תנובה מרכז שיתופי לש,IL,גבינה 1/2% תנובה 500,גרמים,500.00,100 גרם,false,,9.70,1.9400,true,1,2154
7290004129101,false,גבינת שמנת טבעי 25%,תנובה מרכז שיתופי לש,IL,גבינת שמנת טבעי 25%,גרמים,225.00,100 גרם,false,,12.90,5.7333,true,1,2158
7290004129156,false,גבינת שמנת שום שמיר,תנובה מרכז שיתופי לש,IL,גבינת שמנת שום שמיר,גרמים,225.00,100 גרם,false,,12.90,5.7333,true,1,2160
7290004130794,false,משקה סויה במתיקות מו,תנובה מרכז שיתופי לש,IL,משקה סויה במתיקות מו,קילוגרמים,1.00,ליטר,false,,9.90,9.9000,true,1,2164
7290004130916,false,יופלה פירות יער 3% 1,תנובה מרכז שיתופי לש,IL,יופלה פירות יער 3% 1,מיליליטרים,150.00,"100 מ""ל",false,,4.70,3.1333,true,1,5884
7290004131074,false,חלב 3% תנובה 1 ליטר,תנובה מרכז שיתופי לש,IL,חלב 3% תנובה 1 ליטר,קילוגרמים,1.00,ליטר,false,,6.20,6.2000,true,1,2166
7290004131814,false,גבינה צפתית מעודנת 5,תנובה מרכז שיתופי לש,IL,גבינה צפתית מעודנת 5,גרמים,200.00,100 גרם,false,,13.90,6.9500,true,1,2174
7290004131845,false,לאבנה 9% פיראוס 750,תנובה מרכז שיתופי לש,IL,לאבנה 9% פיראוס 750,גרמים,750.00,100 גרם,false,,20.90,2.7867,true,1,24545
7290004132552,false,משקה סויה לייט אלטרנ,תנובה מרכז שיתופי לש,IL,משקה סויה לייט אלטרנ,קילוגרמים,1.00,ליטר,false,,9.90,9.9000,true,1,2180
7290004132606,false,מאגדת קרלו מיני שוקו,תנובה מרכז שיתופי לש,,מאגדת קרלו מיני שוקו,מיליליטרים,800.00,"100 מ""ל",false,,12.90,1.6125,true,1,2181
7290004132712,false,אצבעות גבינת מוצרלה,תנובה מרכז שיתופי לש,IL,אצבעות גבינת מוצרלה,גרמים,172.00,100 גרם,false,,15.90,9.2442,true,1,2182
7290004132903,false,גבינה 3% תנובה 250 ג,תנובה מרכז שיתופי לש,IL,גבינה 3% תנובה 250 ג,גרמים,250.00,100 גרם,false,,4.90,1.9600,true,1,2184
7290004134945,false,יופלה מוקה 3% גביע 1,תנובה מרכז שיתופי לש,IL,יופלה מוקה 3% גביע 1,מיליליטרים,150.00,"100 מ""ל",false,,4.70,3.1333,true,1,5883
7290004135058,false,מאגדת קרלו מיני שוקו,תנובה מרכז שיתופי לש,IL,מאגדת קרלו מיני שוקו,מיליליטרים,800.00,"100 מ""ל",false,,13.20,1.6500,true,1,2192
7290004135072,false,מארז קרלו מיני שוקול,תנובה מרכז שיתופי לש,IL,מארז קרלו מיני שוקול,מיליליטרים,800.00,"100 מ""ל",false,,13.20,1.6500,true,1,2193
7290004135119,false,מארז קרלו מיני וניל,תנובה מרכז שיתופי לש,IL,מארז קרלו מיני וניל,מיליליטרים,800.00,"100 מ""ל",false,,13.20,1.6500,true,1,2194
7290004136598,false,מארז הפסקת אוכל חלב,תנובה מרכז שיתופי לש,IL,מארז הפסקת אוכל חלב,מיליליטרים,150.00,"100 מ""ל",false,,8.90,5.9333,true,1,31288
7290004136857,false,גלי פטל תנובה 125 גר,תנובה מרכז שיתופי לש,IL,גלי פטל תנובה 125 גר,מיליליטרים,125.00,"100 מ""ל",false,,2.30,1.8400,true,1,32293
7290004136871,false,גלי אפרסק תנובה 125,תנובה מרכז שיתופי לש,IL,גלי אפרסק תנובה 125,מיליליטרים,125.00,"100 מ""ל",false,,2.20,1.7600,true,1,32295
7290004137021,false,שמנת לבישול 10% השף,תנובה מרכז שיתופי לש,IL,שמנת לבישול 10% השף,מיליליטרים,250.00,"100 מ""ל",false,,7.90,3.1600,true,1,2201
7290004150112,false,חומוס מזרחי פיקנטי 3,סלטי שמיר 2006 בעמ,,חומוס מזרחי פיקנטי 3,גרמים,300.00,100 גרם,false,,11.90,3.9667,true,1,79392
7290004150181,false,חמוצים סיני  פיקנטי,סלטי שמיר 2006 בעמ,,חמוצים סיני  פיקנטי,גרמים,300.00,100 גרם,false,,11.90,3.9667,true,1,79393
7290004150365,false,חומוס דלעת פיקנטי 30,סלטי שמיר 2006 בעמ,,חומוס דלעת פיקנטי 30,גרמים,300.00,100 גרם,false,,11.90,3.9667,true,1,79400
7290004193980,false,פרגיות עוף קפוא דליק,,,פרגיות עוף קפוא דליק,קילוגרמים,1.00,"ק""ג",true,,64.90,64.9000,true,1,45617
7290004220013,false,"בקר טחון קהילות 1 ק""",,,"בקר טחון קהילות 1 ק""",פריט,1.00,"ק""ג",false,,44.90,44.9000,true,1,26508
7290004220037,false,סטייק אנטריקוט עטרה,,,סטייק אנטריקוט עטרה,גרמים,800.00,100 גרם,false,,49.90,6.2375,true,1,31091
7290004220044,false,קציצות ביתיות עטרה 4,,,קציצות ביתיות עטרה 4,גרמים,400.00,100 גרם,false,,14.90,3.7250,true,1,32718
7290004220105,false,שניצלוני עוף עטרה 60,,,שניצלוני עוף עטרה 60,גרמים,600.00,100 גרם,false,,24.90,4.1500,true,1,61567
7290004220273,false,חזה עוף טרי דליקטסו,,,חזה עוף טרי דליקטסו,קילוגרמים,1.00,"ק""ג",true,,35.90,35.9000,true,1,35404
7290004220280,false,כנפיים עוף טרי דליקט,,,כנפיים עוף טרי דליקט,קילוגרמים,1.00,"ק""ג",true,,9.90,9.9000,true,1,35405
7290004220310,false,ירכיים עוף טרי דליקט,,,ירכיים עוף טרי דליקט,קילוגרמים,1.00,"ק""ג",true,,30.90,30.9000,true,1,35407
7290004220761,false,קבב כבש ביתי עטרה 50,,,קבב כבש ביתי עטרה 50,גרמים,500.00,100 גרם,false,,14.90,2.9800,true,1,32717
7290004226619,false,שישליק הודו טרי ארוז,,,שישליק הודו טרי ארוז,קילוגרמים,1.00,"ק""ג",true,,34.90,34.9000,true,1,59023
7290004230944,false,מקלות בורקס פילו גבי,שלושת האופים,IL,מקלות בורקס פילו גבי,גרמים,700.00,100 גרם,false,,16.90,2.4143,true,1,35771
7290004234218,false,ברווז טרי,,,ברווז טרי,קילוגרמים,1.00,"ק""ג",true,,48.90,48.9000,true,1,79414
7290004244446,false,פילה סלמון ללא עור ה,"דגי בר אילן בע""מ",IL,פילה סלמון ללא עור ה,קילוגרמים,1.00,"ק""ג",true,,64.90,64.9000,true,1,78067
7290004244644,false,פילה סלמון קפוא הדיי,"דגי בר אילן בע""מ",IL,פילה סלמון קפוא הדיי,קילוגרמים,1.00,"ק""ג",true,,64.90,64.9000,true,1,75614
7290004244743,false,מנות פילה סלמון הדיי,"דגי בר אילן בע""מ",,מנות פילה סלמון הדיי,קילוגרמים,1.00,"ק""ג",true,,69.90,69.9000,true,1,76573
7290004252274,false,אשכולות שוקולד חלב ק,טחנת האבן תעשיות,IL,אשכולות שוקולד חלב ק,גרמים,120.00,100 גרם,false,,7.90,6.5833,true,1,79375
7290004252281,false,בייגלה מצופה שוקולד,טחנת האבן תעשיות,IL,בייגלה מצופה שוקולד,גרמים,120.00,100 גרם,false,,7.90,6.5833,true,1,79376
7290004252366,false,בייגלה מצופה שוקולד,טחנת האבן תעשיות,IL,בייגלה מצופה שוקולד,גרמים,120.00,100 גרם,false,,7.90,6.5833,true,1,79379
7290004252380,false,רולעדין גלילית אגוזי,עדין,IL,רולעדין גלילית אגוזי,גרמים,500.00,100 גרם,false,,16.90,3.3800,true,1,70642
7290004256883,false,פילה סלמון טרי פרימי,,,פילה סלמון טרי פרימי,קילוגרמים,1.00,"ק""ג",true,,109.90,109.9000,true,1,61114
7290004257101,false,אנטריקוט דקדק עטרה 2,עטרה,IL,אנטריקוט דקדק עטרה 2,גרמים,250.00,100 גרם,false,,29.90,11.9600,true,1,59124
7290004257118,false,מילנסה דק דק עטרה 25,,,מילנסה דק דק עטרה 25,גרמים,250.00,100 גרם,false,,29.90,11.9600,true,1,59489
7290004257125,false,סינטה דק דק עטרה 250,,,סינטה דק דק עטרה 250,גרמים,250.00,100 גרם,false,,29.90,11.9600,true,1,64596
7290004257422,false,חזה עוף טחון 100% קה,,,חזה עוף טחון 100% קה,פריט,1.00,"ק""ג",false,,37.90,37.9000,true,1,63659
7290004257439,false,טחון הודו 100% קהילו,,,טחון הודו 100% קהילו,פריט,1.00,"ק""ג",false,,37.90,37.9000,true,1,63660
7290004257446,false,טחון בקר 100% קהילות,,,טחון בקר 100% קהילות,פריט,1.00,"ק""ג",false,,54.90,54.9000,true,1,63661
7290004257477,false,חזה עוף טחון 100% עט,,,חזה עוף טחון 100% עט,פריט,1.00,"ק""ג",false,,34.90,34.9000,true,1,63657
7290004257484,false,טחון הודו 100% עטרה,,,טחון הודו 100% עטרה,פריט,1.00,"ק""ג",false,,34.90,34.9000,true,1,63662
7290004257491,false,טחון בקר 100% עטרה 1,,,טחון בקר 100% עטרה 1,פריט,1.00,"ק""ג",false,,39.90,39.9000,true,1,63663
7290004263027,false,קבב מזרחי עטרה 500 ג,עטרה,IL,קבב מזרחי עטרה 500 ג,גרמים,500.00,100 גרם,false,,18.90,3.7800,true,1,2226
7290004263041,false,גולש עגל עטרה,עטרה,IL,גולש עגל עטרה,קילוגרמים,1.00,"ק""ג",true,,44.90,44.9000,true,1,2228
7290004263096,false,צלי כתף מעובד קפוא ע,עטרה,IL,צלי כתף מעובד קפוא ע,קילוגרמים,1.00,"ק""ג",true,,49.90,49.9000,true,1,2231
7290004263201,false,צלעות כבש קפוא עטרה,עטרה,IL,צלעות כבש קפוא עטרה,קילוגרמים,1.00,"ק""ג",true,,169.90,169.9000,true,1,2236
7290004263393,false,קישקע ירושלמי עטרה 5,עטרה,IL,קישקע ירושלמי עטרה 5,גרמים,500.00,100 גרם,false,,12.90,2.5800,true,1,2239
7290004263485,false,בשר מס 2 צלעות קפוא,עטרה,IL,בשר מס 2 צלעות קפוא,קילוגרמים,1.00,"ק""ג",true,,39.90,39.9000,true,1,2241
7290004263515,false,מעורב ירושלמי קפוא ע,,,מעורב ירושלמי קפוא ע,גרמים,800.00,100 גרם,false,,19.90,2.4875,true,1,2242
7290004263553,false,בשר מס 3 חזה בקר צרכ,עטרה,IL,בשר מס 3 חזה בקר צרכ,קילוגרמים,1.00,"ק""ג",true,,29.90,29.9000,true,1,2243
7290004263621,false,בשר מס 4 כתף מרכזי צ,עטרה,IL,בשר מס 4 כתף מרכזי צ,קילוגרמים,1.00,"ק""ג",true,,43.90,43.9000,true,1,2245
7290004263652,false,נקניקיות עוף קפוא עט,עטרה,IL,נקניקיות עוף קפוא עט,גרמים,400.00,100 גרם,false,,9.90,2.4750,true,1,2246
7290004263676,false,הודו טחון עטרה 500 ג,עטרה,IL,הודו טחון עטרה 500 ג,גרמים,500.00,100 גרם,false,,11.90,2.3800,true,1,2247
7290004263782,false,עצמות מח קפוא עטרה,,,עצמות מח קפוא עטרה,קילוגרמים,1.00,"ק""ג",true,,29.90,29.9000,true,1,33815
7290004263799,false,בשר מס 5 צלי כתף קפו,עטרה,IL,בשר מס 5 צלי כתף קפו,קילוגרמים,1.00,"ק""ג",true,,89.90,89.9000,true,1,2249
7290004263935,false,בשר מס 7 מכסה הצלע ק,עטרה,IL,בשר מס 7 מכסה הצלע ק,קילוגרמים,1.00,"ק""ג",true,,29.90,29.9000,true,1,2251
7290004436056,false,גולש לחמין 100% הקר,א. הקר,IL,גולש לחמין 100% הקר,קילוגרמים,1.00,"ק""ג",true,,74.90,74.9000,true,1,15694
7290004436186,false,המבורגר הקר 500 גרם,א. הקר,IL,המבורגר הקר 500 גרם,גרמים,500.00,100 גרם,false,,19.90,3.9800,true,1,15707
7290004436216,false,קבב בקר הקר 500 גרם,א. הקר,IL,קבב בקר הקר 500 גרם,גרמים,500.00,100 גרם,false,,19.90,3.9800,true,1,15706
7290004436650,false,עוף טחון הקר 500 גרם,א. הקר,IL,עוף טחון הקר 500 גרם,גרמים,500.00,100 גרם,false,,19.90,3.9800,true,1,30952
7290004460471,false,סוכר דמררה קוסטה ריק,ליכה אגריקולה,CR,סוכר דמררה קוסטה ריק,פריט,1.00,"ק""ג",false,,4.90,4.9000,true,1,70065
7290004460877,false,סרדין בשמן סויה גולד,,CN,סרדין בשמן סויה גולד,גרמים,125.00,100 גרם,false,,2.90,2.3200,true,1,75036
7290004460884,false,סרדין בשמן עם פלפל צ,,CN,סרדין בשמן עם פלפל צ,גרמים,125.00,100 גרם,false,,2.90,2.3200,true,1,75037
7290004480332,false,גבינה גאודה משולשים,מחלבות גד,IL,גבינה גאודה משולשים,קילוגרמים,1.00,"ק""ג",true,,99.00,99.0000,true,1,76475
7290004537241,false,אפונת גינה שדה בשקית,בסט מייסטר,IL,אפונת גינה שדה בשקית,גרמים,800.00,100 גרם,false,,8.90,1.1125,true,1,78637
7290004544065,false,עוגיות טבעות בטעם לי,מאפיית ישראל חיפה,IL,עוגיות טבעות בטעם לי,גרמים,500.00,100 גרם,false,,11.50,2.3000,true,1,74307
7290004544072,false,עוגיות טבעות עם שומש,מאפיית ישראל חיפה,IL,עוגיות טבעות עם שומש,גרמים,500.00,100 גרם,false,,11.50,2.3000,true,1,74308
7290004544089,false,עוגיות טבעות עם פרג,מאפיית ישראל חיפה,IL,עוגיות טבעות עם פרג,גרמים,500.00,100 גרם,false,,11.50,2.3000,true,1,74309
7290004551193,false,קמח מצה חמץ דרומה 40,דרומה י.א.ט בעמ,IL,קמח מצה חמץ דרומה 40,גרמים,400.00,100 גרם,false,,4.90,1.2250,true,1,2321
7290004551926,false,אבקת פלאפל דרומה 1 ק,דרומה י.א.ט בעמ,IL,אבקת פלאפל דרומה 1 ק,פריט,1.00,"ק""ג",false,,19.90,19.9000,true,1,2328
7290004575007,false,טילוני ריאו בטעמים 5,"גלידות ריאו ביח""ר לג",IL,טילוני ריאו בטעמים 5,גרמים,350.00,100 גרם,false,,14.50,4.1429,true,1,2332
7290004575069,false,חטיפי גלידה מיניס שו,"גלידות ריאו ביח""ר לג",IL,חטיפי גלידה מיניס שו,גרמים,700.00,100 גרם,false,,29.90,4.2714,true,1,2334
7290004575229,false,מארז קסטה סנקור 5 יח,"גלידות ריאו ביח""ר לג",IL,מארז קסטה סנקור 5 יח,גרמים,500.00,100 גרם,false,,18.90,3.7800,true,1,45173
7290004575335,false,שלגוני מיני מגיק 8 י,"גלידות ריאו ביח""ר לג",IL,שלגוני מיני מגיק 8 י,גרמים,360.00,100 גרם,false,,16.90,4.6944,true,1,2342
7290004575632,false,קרמבו בטעם וניל ריאו,"גלידות ריאו ביח""ר לג",IL,קרמבו בטעם וניל ריאו,גרמים,480.00,100 גרם,false,,21.50,4.4792,true,1,2350
7290004584351,false,גבינת שמנת 5% סימפונ,שטראוס,IL,גבינת שמנת 5% סימפונ,גרמים,200.00,100 גרם,false,,9.90,4.9500,true,1,2351
7290004603175,false,מלח גס הים האדום 500,תעשיות מלח לישראל,IL,מלח גס הים האדום 500,גרמים,500.00,100 גרם,false,,7.90,1.5800,true,1,34136
7290004645106,false,מנות סלמון 100% רוזנ,,,מנות סלמון 100% רוזנ,קילוגרמים,1.00,"ק""ג",true,,94.90,94.9000,true,1,38380
7290004645137,false,פילה טונה אלבקור ללא,,,פילה טונה אלבקור ללא,קילוגרמים,1.00,"ק""ג",true,,59.90,59.9000,true,1,49561
7290004645175,false,פילה טונה פרוס רוזנר,,VN,פילה טונה פרוס רוזנר,קילוגרמים,1.00,"ק""ג",true,,39.90,39.9000,true,1,62825
7290004645267,false,מנות נסיכת הנילוס רו,,,מנות נסיכת הנילוס רו,קילוגרמים,1.00,"ק""ג",true,,49.90,49.9000,true,1,38377
7290004645274,false,פילה נסיכת הנילוס ע.,,,פילה נסיכת הנילוס ע.,קילוגרמים,1.00,"ק""ג",true,,44.90,44.9000,true,1,77348
7290004645328,false,פילה סלמון  100% רוז,,,פילה סלמון  100% רוז,קילוגרמים,1.00,"ק""ג",true,,89.90,89.9000,true,1,38379
7290004645434,false,מנות סלמון 100% ל.עו,,,מנות סלמון 100% ל.עו,קילוגרמים,1.00,"ק""ג",true,,99.90,99.9000,true,1,49717
7290004645526,false,פילה פורל ים רוזנרס,,,פילה פורל ים רוזנרס,קילוגרמים,1.00,"ק""ג",true,,74.90,74.9000,true,1,56463
7290004645748,false,פילה אמנון רוזנרס לל,,CN,פילה אמנון רוזנרס לל,קילוגרמים,1.00,"ק""ג",true,,19.90,19.9000,true,1,71955
7290004645854,false,פילה פורל ים רוזנרס,,,פילה פורל ים רוזנרס,קילוגרמים,1.00,"ק""ג",true,,74.90,74.9000,true,1,76767
7290004645878,false,פילה אמנון רוזנרס לל,,CN,פילה אמנון רוזנרס לל,קילוגרמים,1.00,"ק""ג",true,,19.90,19.9000,true,1,78724
7290004652517,false,פילה בורי טרי אושר פ,,,פילה בורי טרי אושר פ,גרמים,400.00,100 גרם,false,,49.90,12.4750,true,1,71459
7290004652524,false,פילה אמנון טרי אושר,,,פילה אמנון טרי אושר,גרמים,400.00,100 גרם,false,,39.90,9.9750,true,1,71460
7290004652531,false,פילה דניס טרי אושר פ,,,פילה דניס טרי אושר פ,גרמים,400.00,100 גרם,false,,59.90,14.9750,true,1,71461
7290004652579,false,פילה אדמונית טרי אוש,,,פילה אדמונית טרי אוש,גרמים,400.00,100 גרם,false,,39.90,9.9750,true,1,71464
7290004652593,false,אמנון שלם טרי אושר פ,,,אמנון שלם טרי אושר פ,גרמים,400.00,100 גרם,false,,19.90,4.9750,true,1,71467
7290004652609,false,קרפיון פרוס טרי אושר,,,קרפיון פרוס טרי אושר,גרמים,750.00,100 גרם,false,,39.90,5.3200,true,1,71468
7290004652616,false,דניס שלם טרי אושר פי,,,דניס שלם טרי אושר פי,גרמים,450.00,100 גרם,false,,39.90,8.8667,true,1,71469
7290004652623,false,פילה ברמונדי טרי אוש,,,פילה ברמונדי טרי אוש,גרמים,400.00,100 גרם,false,,59.90,14.9750,true,1,72915
7290004685010,false,לחם שיפון קל לחם האר,מאפית י את א ברמן בע,IL,לחם שיפון קל לחם האר,גרמים,500.00,100 גרם,false,,15.90,3.1800,true,1,26519
7290004685027,false,לחם חיטה מלאה קל לחם,מאפית י את א ברמן בע,IL,לחם חיטה מלאה קל לחם,גרמים,500.00,100 גרם,false,,15.90,3.1800,true,1,26520
7290004685089,false,לחם חמניות לחם הארץ,מאפית י את א ברמן בע,IL,לחם חמניות לחם הארץ,גרמים,500.00,100 גרם,false,,15.90,3.1800,true,1,26521
7290004685126,false,לחם 5 דגנים לחם הארץ,מאפית י את א ברמן בע,IL,לחם 5 דגנים לחם הארץ,גרמים,750.00,100 גרם,false,,15.90,2.1200,true,1,2373
7290004685157,false,לחם שיפון לחם הארץ 7,מאפית י את א ברמן בע,IL,לחם שיפון לחם הארץ 7,גרמים,750.00,100 גרם,false,,15.90,2.1200,true,1,2375
7290004685195,false,לחם 10 דגנים לחם האר,מאפית י את א ברמן בע,IL,לחם 10 דגנים לחם האר,גרמים,750.00,100 גרם,false,,15.90,2.1200,true,1,7698
7290004685201,false,לחם שיפון אגוזים לחם,מאפית י את א ברמן בע,IL,לחם שיפון אגוזים לחם,גרמים,500.00,100 גרם,false,,15.90,3.1800,true,1,8555
7290004685225,false,לחם פומפרניקל לחם הא,מאפית י את א ברמן בע,IL,לחם פומפרניקל לחם הא,גרמים,750.00,100 גרם,false,,15.90,2.1200,true,1,2376
7290004685430,false,לחם כוסמין לחם הארץ,מאפית י את א ברמן בע,IL,לחם כוסמין לחם הארץ,גרמים,500.00,100 גרם,false,,15.90,3.1800,true,1,51502
7290004685447,false,לחמניות כוסמין לחם ה,מאפית י את א ברמן בע,IL,לחמניות כוסמין לחם ה,גרמים,450.00,100 גרם,false,,13.90,3.0889,true,1,63460
7290004685454,false,לחם שיבולת שועל לחם,מאפית י את א ברמן בע,IL,לחם שיבולת שועל לחם,גרמים,500.00,100 גרם,false,,15.90,3.1800,true,1,67869
7290004685478,false,פיתות ברמן 100% כוסמ,מאפית י את א ברמן בע,IL,פיתות ברמן 100% כוסמ,גרמים,550.00,100 גרם,false,,15.90,2.8909,true,1,77792
7290004731076,false,אלסבון כיף אלוורה 1,סנו,IL,אלסבון כיף אלוורה 1,קילוגרמים,1.00,ליטר,false,,9.90,9.9000,true,1,630
7290004731083,false,אלסבון כיף גינסנג 1,סנו,IL,אלסבון כיף גינסנג 1,קילוגרמים,1.00,ליטר,false,,9.90,9.9000,true,1,2378
7290004731090,false,אלסבון כיף קמומיל 1,סנו,IL,אלסבון כיף קמומיל 1,קילוגרמים,1.00,ליטר,false,,9.90,9.9000,true,1,631
7290004731472,false,אל סבון כיף מעורב 3*,קוסמופארם,IL,אל סבון כיף מעורב 3*,קילוגרמים,1.50,ליטר,false,,16.90,11.2667,true,1,17537
7290004731557,false,תרסיס מקסימה למייבש,סנו,IL,תרסיס מקסימה למייבש,מיליליטרים,750.00,"100 מ""ל",false,,13.50,1.8000,true,1,2388
7290004731564,false,תרסיס מקסימה למייבש,סנו,IL,תרסיס מקסימה למייבש,מיליליטרים,750.00,"100 מ""ל",false,,13.50,1.8000,true,1,54341
7290004731670,false,מטהר סנו דאופרש לבנד,סנו,IL,מטהר סנו דאופרש לבנד,מיליליטרים,300.00,"100 מ""ל",false,,10.70,3.5667,true,1,20785
7290004731687,false,מטהר סנו דאופרש וניל,סנו,IL,מטהר סנו דאופרש וניל,מיליליטרים,300.00,"100 מ""ל",false,,10.70,3.5667,true,1,20786
7290004737719,false,אספרגוס שלם ויליפוד,heze sanqing food,CN,אספרגוס שלם ויליפוד,גרמים,330.00,100 גרם,false,,8.90,2.6970,true,1,23406
7290004758028,false,אנטריקוט פרימיום דק,,,אנטריקוט פרימיום דק,קילוגרמים,1.00,"ק""ג",true,,149.90,149.9000,true,1,61009
7290004758172,false,בריסקט טרי עטרה,,,בריסקט טרי עטרה,קילוגרמים,1.00,"ק""ג",true,,69.90,69.9000,true,1,64914
7290004944032,false,חומוס אסלי 400 גרם,סלטי שמיר 2006 בעמ,IL,חומוס אסלי 400 גרם,גרמים,400.00,100 גרם,false,,10.90,2.7250,true,1,12237
7290004944049,false,טחינה אסלי 400 גרם,סלטי שמיר 2006 בעמ,IL,טחינה אסלי 400 גרם,גרמים,400.00,100 גרם,false,,10.90,2.7250,true,1,12240
7290004944056,false,חציל במיונז אסלי 400,סלטי שמיר 2006 בעמ,IL,חציל במיונז אסלי 400,גרמים,400.00,100 גרם,false,,10.90,2.7250,true,1,12238
7290004944063,false,סלט טורקי אסלי 400 ג,סלטי שמיר 2006 בעמ,IL,סלט טורקי אסלי 400 ג,גרמים,400.00,100 גרם,false,,10.90,2.7250,true,1,12241
7290004944070,false,כרוב אדום אסלי 400 ג,סלטי שמיר 2006 בעמ,IL,כרוב אדום אסלי 400 ג,גרמים,400.00,100 גרם,false,,10.90,2.7250,true,1,12239
7290005008481,false,דאו גל ספיד סטיק ספו,קולגייט פלמוליב,BY,דאו גל ספיד סטיק ספו,גרמים,85.00,100 גרם,false,,14.90,17.5294,true,1,30176
7290005011405,false,עמבה עם פרי 500 גרם,תבליני שמש בעמ,IL,עמבה עם פרי 500 גרם,גרמים,500.00,100 גרם,false,,8.90,1.7800,true,1,2469
7290005017483,false,שיפודי פרגית מתובל ק,נתח אדום,IL,שיפודי פרגית מתובל ק,גרמים,600.00,100 גרם,false,,49.90,8.3167,true,1,68632
7290005017742,false,חזה טלה לתנור ולמעשנ,נתח אדום,IL,חזה טלה לתנור ולמעשנ,קילוגרמים,1.00,"ק""ג",true,,59.90,59.9000,true,1,66979
7290005017780,false,קאט דנוור סטיק נתח א,נתח אדום,IL,קאט דנוור סטיק נתח א,גרמים,600.00,100 גרם,false,,59.90,9.9833,true,1,79590
7290005017889,false,קציצות ריב אנטריקוט,נתח אדום,IL,קציצות ריב אנטריקוט,גרמים,600.00,100 גרם,false,,29.90,4.9833,true,1,68636
7290005017902,false,נקניקיות מרגז פרימיו,נתח אדום,IL,נקניקיות מרגז פרימיו,גרמים,600.00,100 גרם,false,,29.90,4.9833,true,1,68637
7290005017919,false,המבורגר אנטריקוט XL,נתח אדום,IL,המבורגר אנטריקוט XL,גרמים,600.00,100 גרם,false,,29.90,4.9833,true,1,68638
7290005017926,false,המבורגר טלה XL  פרימ,נתח אדום,IL,המבורגר טלה XL  פרימ,גרמים,600.00,100 גרם,false,,29.90,4.9833,true,1,68639
7290005017933,false,טחול ממולא נתח אדום,נתח אדום,IL,טחול ממולא נתח אדום,גרמים,400.00,100 גרם,false,,39.90,9.9750,true,1,68631
7290005017940,false,נקניקיות מרגז כבד פר,נתח אדום,IL,נקניקיות מרגז כבד פר,גרמים,600.00,100 גרם,false,,29.90,4.9833,true,1,68640
7290005017957,false,קבב בקר פרימיום בית,נתח אדום,IL,קבב בקר פרימיום בית,גרמים,600.00,100 גרם,false,,29.90,4.9833,true,1,68641
7290005017964,false,קבב טלה פרימיום בית,נתח אדום,IL,קבב טלה פרימיום בית,גרמים,600.00,100 גרם,false,,29.90,4.9833,true,1,68644
7290005017971,false,קבב עיראקי פרימיום ב,נתח אדום,IL,קבב עיראקי פרימיום ב,גרמים,600.00,100 גרם,false,,29.90,4.9833,true,1,68642
7290005017988,false,נקניקיות צ'וריסוס פר,נתח אדום,IL,נקניקיות צ'וריסוס פר,גרמים,600.00,100 גרם,false,,29.90,4.9833,true,1,68634
7290005017995,false,שיפודי פרגית קפוא נת,נתח אדום,IL,שיפודי פרגית קפוא נת,גרמים,600.00,100 גרם,false,,49.90,8.3167,true,1,68635
7290005168284,false,יין גן עדן עתיק,יקבי ציון,IL,יין גן עדן עתיק,מיליליטרים,750.00,"100 מ""ל",false,,19.90,2.6533,true,1,12616
7290005168420,false,מיץ ענבים אדום בית ס,יקבי ציון,IL,מיץ ענבים אדום בית ס,קילוגרמים,1.00,ליטר,false,,16.90,16.9000,true,1,12618
7290005168475,false,מיץ ענבים תירוש אדום,יקבי ציון,IL,מיץ ענבים תירוש אדום,קילוגרמים,1.00,ליטר,false,,16.90,16.9000,true,1,66914
7290005174513,false,חציל במיונז אחלה 500,שטראוס,IL,חציל במיונז אחלה 500,גרמים,500.00,100 גרם,false,,14.90,2.9800,true,1,5996
7290005200786,false,תפוציפס שמנת בצל 50,שטראוס,IL,תפוציפס שמנת בצל 50,גרמים,50.00,100 גרם,false,,3.50,7.0000,true,1,13554
7290005287510,false,טונה בשמן פלפל חריף,סטארקיסט,IL,טונה בשמן פלפל חריף,גרמים,160.00,100 גרם,false,,6.90,4.3125,true,1,31182
7290005287527,false,טונה בשמן לימון ס.ק,סטארקיסט,IL,טונה בשמן לימון ס.ק,גרמים,160.00,100 גרם,false,,6.90,4.3125,true,1,31183
7290005287534,false,טונה בשמן עישון טבעי,סטארקיסט,IL,טונה בשמן עישון טבעי,גרמים,160.00,100 גרם,false,,6.90,4.3125,true,1,31181
7290005317125,false,ביסקויט חצי מצופה בט,אפיפית נצרת תעשיות ב,IL,ביסקויט חצי מצופה בט,גרמים,175.00,100 גרם,false,,5.50,3.1429,true,1,2528
7290005358753,false,לשון בקר קפוא חלק,,,לשון בקר קפוא חלק,קילוגרמים,1.00,"ק""ג",true,,29.90,29.9000,true,1,63526
7290005358883,false,בשר מס 8 שריר קפוא ח,טאק טורו,,בשר מס 8 שריר קפוא ח,קילוגרמים,1.00,"ק""ג",true,,34.90,34.9000,true,1,60433
7290005416019,false,חלב עיזים מחלבת טל 1,"ל.ד בר אל בע""מ",IL,חלב עיזים מחלבת טל 1,קילוגרמים,1.00,ליטר,false,,14.90,14.9000,true,1,14488
7290005416033,false,משקה יוגורט עיזים טל,"ל.ד בר אל בע""מ",IL,משקה יוגורט עיזים טל,מיליליטרים,500.00,"100 מ""ל",false,,14.80,2.9600,true,1,14494
7290005416095,false,גבינה עיזים 5% טל 20,"ל.ד בר אל בע""מ",IL,גבינה עיזים 5% טל 20,גרמים,200.00,100 גרם,false,,14.80,7.4000,true,1,14490
7290005416262,false,משקה יוגורט עיזים תו,"ל.ד בר אל בע""מ",IL,משקה יוגורט עיזים תו,גרמים,200.00,100 גרם,false,,14.80,7.4000,true,1,14496
7290005416279,false,משקה יוגורט עיזים פי,"ל.ד בר אל בע""מ",IL,משקה יוגורט עיזים פי,גרמים,500.00,100 גרם,false,,14.80,2.9600,true,1,14495
7290005416286,false,משקה יוגורט עיזים אנ,"ל.ד בר אל בע""מ",IL,משקה יוגורט עיזים אנ,מיליליטרים,500.00,"100 מ""ל",false,,14.80,2.9600,true,1,14497
7290005416293,false,משקה יוגורט עיזים מש,"ל.ד בר אל בע""מ",IL,משקה יוגורט עיזים מש,גרמים,200.00,100 גרם,false,,14.80,7.4000,true,1,14498
7290005416491,false,משקה יוגורט עיזים טל,מחלבת טל טלה,IL,משקה יוגורט עיזים טל,גרמים,750.00,100 גרם,false,,19.90,2.6533,true,1,39142
7290005416606,false,יוגורט עיזים מחלב מל,מחלבת טל טלה,IL,יוגורט עיזים מחלב מל,מיליליטרים,400.00,"100 מ""ל",false,,12.90,3.2250,true,1,76519
7290005416613,false,יוגורט כבשים מחלב מל,מחלבת טל טלה,IL,יוגורט כבשים מחלב מל,מיליליטרים,400.00,"100 מ""ל",false,,12.90,3.2250,true,1,76520
7290005418709,false,קרם לחות נטורל לשיער,אמיליה קוסמטיקס,IL,קרם לחות נטורל לשיער,מיליליטרים,400.00,"100 מ""ל",false,,20.70,5.1750,true,1,2561
7290005423055,false,תרסיס פורטה פלוס לימ,סנו,IL,תרסיס פורטה פלוס לימ,קילוגרמים,1.00,ליטר,false,,16.90,16.9000,true,1,60223
7290005423253,false,תרסיס מקסימה למייבש,סנו,IL,תרסיס מקסימה למייבש,מיליליטרים,750.00,"100 מ""ל",false,,13.50,1.8000,true,1,2563
7290005423567,false,מטליות לניקוי כללי ב,זינרגד,IL,מטליות לניקוי כללי ב,Unknown,0.00,יחידה,false,,18.90,0.0000,true,1,2574
7290005423734,false,מרכך מקסימה אולטרא פ,סנו,IL,מרכך מקסימה אולטרא פ,קילוגרמים,4.00,ליטר,false,,16.90,4.2250,true,1,2576
7290005423871,false,משחת אורביטול פלואור,טרופיקל דגיל,IL,משחת אורביטול פלואור,גרמים,435.00,100 גרם,false,,16.50,3.7931,true,1,346
7290005423918,false,מרכך מקסימה בייבי אל,סנו,IL,מרכך מקסימה בייבי אל,קילוגרמים,4.00,ליטר,false,,16.90,4.2250,true,1,2578
7290005424472,false,מי פה אורביטול הלבנה,סנו,IL,מי פה אורביטול הלבנה,קילוגרמים,1.00,ליטר,false,,26.90,26.9000,true,1,50679
7290005424700,false,תרסיס פורטה פלוס מסי,סנו,IL,תרסיס פורטה פלוס מסי,קילוגרמים,1.00,ליטר,false,,16.90,16.9000,true,1,57830
7290005424762,false,ריצפז + דוחה תיקנים,סנו,IL,ריצפז + דוחה תיקנים,קילוגרמים,2.00,ליטר,false,,25.90,12.9500,true,1,2588
7290005424847,false,מפיות סנו סושי 150 י,איפק,IL,מפיות סנו סושי 150 י,Unknown,0.00,יחידה,false,,6.50,0.0000,true,1,2592
7290005424991,false,מבשם אויר סנו פרש או,סנו,IL,מבשם אויר סנו פרש או,מיליליטרים,250.00,"100 מ""ל",false,,10.90,4.3600,true,1,64410
7290005425073,false,מטהר סנו דאופרש יסמי,סנו,IL,מטהר סנו דאופרש יסמי,גרמים,300.00,100 גרם,false,,10.70,3.5667,true,1,2599
7290005425110,false,תרסיס סנו 99.9 חיטוי,סנו,IL,תרסיס סנו 99.9 חיטוי,מיליליטרים,750.00,"100 מ""ל",false,,14.90,1.9867,true,1,60872
7290005425127,false,תרסיס סנו 99.9 חיטוי,סנו,IL,תרסיס סנו 99.9 חיטוי,מיליליטרים,750.00,"100 מ""ל",false,,14.90,1.9867,true,1,60873
7290005425646,false,תרסיס סנוקליר 1 ליטר,סנו,IL,תרסיס סנוקליר 1 ליטר,קילוגרמים,1.00,ליטר,false,,9.90,9.9000,true,1,2606
7290005425912,false,גל אוקסיגן 4 ליטר,סנו,IL,גל אוקסיגן 4 ליטר,קילוגרמים,4.00,ליטר,false,,29.90,7.4750,true,1,2611
7290005426018,false,אל סבון בייבי כיף 2,קוסמופארם,IL,אל סבון בייבי כיף 2,קילוגרמים,2.00,ליטר,false,,24.90,12.4500,true,1,2613
7290005426193,false,ספוג הפלא סנו סושי 6,U F O,IL,ספוג הפלא סנו סושי 6,Unknown,0.00,יחידה,false,,9.90,0.0000,true,1,2615
7290005426230,false,מטלית רצפה מיקרופייב,N S,IL,מטלית רצפה מיקרופייב,Unknown,0.00,יחידה,false,,9.90,0.0000,true,1,2616
7290005426568,false,קרם לחות קרמה לשיער,קוסמופארם,IL,קרם לחות קרמה לשיער,מיליליטרים,400.00,"100 מ""ל",false,,16.90,4.2250,true,1,2622
7290005426575,false,קרם לחות קרמה לשיער,קוסמופארם,IL,קרם לחות קרמה לשיער,מיליליטרים,400.00,"100 מ""ל",false,,16.90,4.2250,true,1,2623
7290005426629,false,מטהר סנו דאופרש דובד,סנו,IL,מטהר סנו דאופרש דובד,מיליליטרים,300.00,"100 מ""ל",false,,10.70,3.5667,true,1,20787
7290005426803,false,מ.כביסה מקסימה פצולי,סנו,,מ.כביסה מקסימה פצולי,קילוגרמים,4.00,ליטר,false,,16.90,4.2250,true,1,2627
7290005426940,false,קוטל K300 פלוס 8 סנו,סנו,IL,קוטל K300 פלוס 8 סנו,מיליליטרים,400.00,"100 מ""ל",false,,19.90,4.9750,true,1,2632
7290005426971,false,סנובון כחול תפוח 3 י,סנו,IL,סנובון כחול תפוח 3 י,גרמים,165.00,100 גרם,false,,14.90,9.0303,true,1,2634
7290005427633,false,גל כיף לעיצוב שיער 1,קוסמופארם,IL,גל כיף לעיצוב שיער 1,פריט,1.00,"ק""ג",false,,19.90,19.9000,true,1,2660
7290005427732,false,אלסבון כיף קמומיל 2,קוסמופארם,IL,אלסבון כיף קמומיל 2,קילוגרמים,2.00,ליטר,false,,13.90,6.9500,true,1,641
7290005427749,false,אלסבון כיף אצות ים 2,קוסמופארם,IL,אלסבון כיף אצות ים 2,קילוגרמים,2.00,ליטר,false,,13.90,6.9500,true,1,2663
7290005427756,false,אלסבון כיף אלוורה 2,קוסמופארם,IL,אלסבון כיף אלוורה 2,קילוגרמים,2.00,ליטר,false,,13.90,6.9500,true,1,642
7290005427763,false,אלסבון כיף גינסינג 2,קוסמופארם,IL,אלסבון כיף גינסינג 2,קילוגרמים,2.00,ליטר,false,,13.90,6.9500,true,1,2664
7290005427770,false,קרם לחות קרמה לשיער,קוסמופארם,IL,קרם לחות קרמה לשיער,מיליליטרים,400.00,"100 מ""ל",false,,16.90,4.2250,true,1,2665
7290005427848,false,מטליות לניקוי כללי ב,זינרגד,IL,מטליות לניקוי כללי ב,Unknown,0.00,יחידה,false,,18.90,0.0000,true,1,2668
7290005429279,false,אבקת מקסימה גאוול 6,סנו,IL,אבקת מקסימה גאוול 6,פריט,6.00,"ק""ג",false,,44.90,7.4833,true,1,2688
7290005429286,false,"אבקת מקסימה ביו 6 ק""",סנו,IL,"אבקת מקסימה ביו 6 ק""",פריט,6.00,"ק""ג",false,,44.90,7.4833,true,1,2689
7290005430602,false,"תרסיס אוקסיגן 750 מ""",סנו,IL,"תרסיס אוקסיגן 750 מ""",מיליליטרים,750.00,"100 מ""ל",false,,17.70,2.3600,true,1,2693
7290005437069,false,שמן זית למאור טעמן 1,,,שמן זית למאור טעמן 1,קילוגרמים,1.00,ליטר,false,,19.90,19.9000,true,1,2701
7290005437502,false,פטריות חתוכות טעמן 4,פרוצאמפ,NL,פטריות חתוכות טעמן 4,גרמים,400.00,100 גרם,false,,3.30,0.8250,true,1,2705
7290005437755,false,פסטה צינורות טעמן 50,מוטלו,TR,פסטה צינורות טעמן 50,גרמים,500.00,100 גרם,false,,3.90,0.7800,true,1,2706
7290005437762,false,פסטה ספירלה טעמן 500,מוטלו,TR,פסטה ספירלה טעמן 500,גרמים,500.00,100 גרם,false,,3.90,0.7800,true,1,2707
7290005437861,false,לפתן קוקטייל טעמן 90,פ.ת גרייט פנאפל,ID,לפתן קוקטייל טעמן 90,גרמים,900.00,100 גרם,false,,11.90,1.3222,true,1,13571
7290005437946,false,ספגטי טעמן 500 גרם,,,ספגטי טעמן 500 גרם,גרמים,500.00,100 גרם,false,,3.90,0.7800,true,1,2714
7290005559990,false,בצק פילאס תורכי מעדנ,מעדנות,IL,בצק פילאס תורכי מעדנ,גרמים,600.00,100 גרם,false,,19.90,3.3167,true,1,18918
7290005576010,false,חסה ערבית גלאט,רביבים,IL,חסה ערבית גלאט,Unknown,0.00,יחידה,false,,6.90,0.0000,true,1,16730
7290005576027,false,פטרוזיליה מהדרין,רביבים,IL,פטרוזיליה מהדרין,Unknown,0.00,יחידה,false,,5.90,0.0000,true,1,19446
7290005576034,false,כוסברה מהדרין,רביבים,IL,כוסברה מהדרין,Unknown,0.00,יחידה,false,,5.90,0.0000,true,1,19447
7290005576041,false,שמיר מהדרין,רביבים,IL,שמיר מהדרין,Unknown,0.00,יחידה,false,,5.90,0.0000,true,1,19448
7290005576065,false,סלרי מהדרין,רביבים,IL,סלרי מהדרין,Unknown,0.00,יחידה,false,,6.90,0.0000,true,1,19450
7290005576072,false,עלי סלק מהדרין,רביבים,IL,עלי סלק מהדרין,Unknown,0.00,יחידה,false,,6.90,0.0000,true,1,19451
7290005576089,false,בצל ירוק גלאט,רביבים,IL,בצל ירוק גלאט,Unknown,0.00,יחידה,false,,6.90,0.0000,true,1,19452
7290005576096,false,כרוב לבן גלאט עלים,רביבים,IL,כרוב לבן גלאט עלים,קילוגרמים,1.00,"ק""ג",true,,14.90,14.9000,true,1,19453
7290005576249,false,לקט 350 גרם,רביבים,IL,לקט 350 גרם,גרמים,350.00,100 גרם,false,,12.90,3.6857,true,1,4509
7290005610127,false,תפוח אדמה גורמה,אראל תוצרת חקלאית בע,IL,תפוח אדמה גורמה,Unknown,0.00,יחידה,false,,9.90,0.0000,true,1,49255
7290005678059,false,ענבים ירוקים ענבי טל,,IL,ענבים ירוקים ענבי טל,קילוגרמים,1.00,"ק""ג",true,,19.90,19.9000,true,1,78814
7290005678318,false,ענבי בוטיק אוטום קרי,אראל תוצרת חקלאית בע,IL,ענבי בוטיק אוטום קרי,קילוגרמים,1.00,"ק""ג",true,,24.90,24.9000,true,1,73962
7290005678653,false,ענבים צבעוניים ענבי,אראל תוצרת חקלאית בע,IL,ענבים צבעוניים ענבי,קילוגרמים,1.00,"ק""ג",true,,13.90,13.9000,true,1,78893
7290005680052,false,טמפונים אובה פרוקומפ,גונסון אנד גונסון,IT,טמפונים אובה פרוקומפ,Unknown,0.00,יחידה,false,,19.90,0.0000,true,1,23281
7290005816031,false,פילה אמנון צ'ירינה,,,פילה אמנון צ'ירינה,קילוגרמים,1.00,"ק""ג",true,,24.90,24.9000,true,1,79452
7290005816505,false,פילה אמנון צ'ירינה ל,,,פילה אמנון צ'ירינה ל,קילוגרמים,1.00,"ק""ג",true,,24.90,24.9000,true,1,76718
7290005838002,false,דניאלה וניל 88 גרם,שטראוס,IL,דניאלה וניל 88 גרם,Unknown,0.00,יחידה,false,,3.90,0.0000,true,1,2795
7290005838613,false,מעדן גבינה בטעם וניל,שטראוס,IL,מעדן גבינה בטעם וניל,גרמים,125.00,100 גרם,false,,3.70,2.9600,true,1,29396
7290005839078,false,מארז יוגורט פרוביוטי,שטראוס,IL,מארז יוגורט פרוביוטי,קילוגרמים,1.20,ליטר,false,,15.90,13.2500,true,1,2796
7290005839108,false,גבינת שמנת זיתים 5%,שטראוס,IL,גבינת שמנת זיתים 5%,גרמים,200.00,100 גרם,false,,9.90,4.9500,true,1,2797
7290005877247,false,סטייק פרגית עוף טרי,,,סטייק פרגית עוף טרי,קילוגרמים,1.00,"ק""ג",true,,49.90,49.9000,true,1,73833
7290005877254,false,פילה עוף טרי כשר,,,פילה עוף טרי כשר,קילוגרמים,1.00,"ק""ג",true,,29.90,29.9000,true,1,73841
7290005877278,false,עוף שלם טרי כשר,,,עוף שלם טרי כשר,קילוגרמים,1.00,"ק""ג",true,,14.90,14.9000,true,1,73831
7290005877308,false,כנפיים עוף טרי כשר,,,כנפיים עוף טרי כשר,קילוגרמים,1.00,"ק""ג",true,,9.90,9.9000,true,1,73839
7290005877315,false,ירכיים עוף טרי כשר,,,ירכיים עוף טרי כשר,קילוגרמים,1.00,"ק""ג",true,,19.90,19.9000,true,1,73834
7290005877322,false,חזה עוף טרי כשר,,,חזה עוף טרי כשר,קילוגרמים,1.00,"ק""ג",true,,24.90,24.9000,true,1,73832
7290005877339,false,שוקיים עוף טרי כשר,,,שוקיים עוף טרי כשר,קילוגרמים,1.00,"ק""ג",true,,23.90,23.9000,true,1,73835
7290005877346,false,שניצל עוף פרוס טרי כ,,,שניצל עוף פרוס טרי כ,קילוגרמים,1.00,"ק""ג",true,,29.90,29.9000,true,1,73843
7290005877353,false,כרעיים עוף טרי כשר,,,כרעיים עוף טרי כשר,קילוגרמים,1.00,"ק""ג",true,,19.90,19.9000,true,1,73836
7290005896439,false,בירה מכבי ב.חוזר 5%,טמפו,IL,בירה מכבי ב.חוזר 5%,מיליליטרים,500.00,"100 מ""ל",false,,6.90,1.3800,true,1,30269
7290006065049,false,פילה לברק הדייג שלי,,IL,פילה לברק הדייג שלי,קילוגרמים,1.00,"ק""ג",true,,42.90,42.9000,true,1,78947
7290006199027,false,מאגדת גלידל  שלגון ב,הגלידות של פלדמן,IL,מאגדת גלידל  שלגון ב,גרמים,400.00,100 גרם,false,,28.90,7.2250,true,1,79919
7290006199218,false,מאגדת גלידל  שלגון ב,הגלידות של פלדמן,IL,מאגדת גלידל  שלגון ב,גרמים,400.00,100 גרם,false,,28.90,7.2250,true,1,79920
7290006199942,false,מאגדת גלידל פרי דובד,הגלידות של פלדמן,IL,מאגדת גלידל פרי דובד,גרמים,640.00,100 גרם,false,,20.90,3.2656,true,1,67388
7290006214003,false,חלוה ממולאת במשקל,אל מנאר,JO,חלוה ממולאת במשקל,קילוגרמים,1.00,"ק""ג",true,,59.00,59.0000,true,1,62434
7290006222497,false,פקאן מצופה בטעמים במ,שקדיה,IL,פקאן מצופה בטעמים במ,קילוגרמים,1.00,"ק""ג",true,,99.00,99.0000,true,1,65139
7290006222503,false,בונדוק מצופה בטעמים,דין שיווק,TR,בונדוק מצופה בטעמים,קילוגרמים,1.00,"ק""ג",true,,99.00,99.0000,true,1,65140
7290006241511,false,תרכיז לימונענע קפוא,פריגת מצוננים,IL,תרכיז לימונענע קפוא,גרמים,340.00,100 גרם,false,,9.90,2.9118,true,1,16411
7290006251275,false,תה ירוק סיני 25 שקיק,ויסוצקי,IL,תה ירוק סיני 25 שקיק,גרמים,38.00,100 גרם,false,,21.90,57.6316,true,1,24218
7290006251343,false,תה פסיפלורה מנגו הגן,ויסוצקי,IL,תה פסיפלורה מנגו הגן,גרמים,63.00,100 גרם,false,,16.90,26.8254,true,1,24267
7290006251374,false,תה ירוק לימונית וגינ,ויסוצקי,IL,תה ירוק לימונית וגינ,גרמים,38.00,100 גרם,false,,21.90,57.6316,true,1,24220
7290006251589,false,תה ירוק נענע 50 שקיק,ויסוצקי,IL,תה ירוק נענע 50 שקיק,גרמים,75.00,100 גרם,false,,36.90,49.2000,true,1,16369
7290006265500,false,פטריות שמפיניון ארוז,מרינה פטריות,IL,פטריות שמפיניון ארוז,Unknown,0.00,יחידה,false,,8.90,0.0000,true,1,26020
7290006265548,false,נבטים סינים יח,מרינה,IL,נבטים סינים יח,Unknown,0.00,יחידה,false,,5.90,0.0000,true,1,29519
7290006265890,false,נבטי חמניה יח,מרינה,IL,נבטי חמניה יח,Unknown,0.00,יחידה,false,,8.90,0.0000,true,1,29521
7290006271181,false,גחנון אפוי מעדנות 75,מעדנות,IL,גחנון אפוי מעדנות 75,גרמים,750.00,100 גרם,false,,21.90,2.9200,true,1,24745
7290006271648,false,מיני בורקס תפוא מעדנ,מעדנות,IL,מיני בורקס תפוא מעדנ,גרמים,800.00,100 גרם,false,,19.90,2.4875,true,1,18200
7290006271655,false,מיני בורקס גבינה מעד,מעדנות,IL,מיני בורקס גבינה מעד,גרמים,800.00,100 גרם,false,,19.90,2.4875,true,1,18199
7290006306296,false,רביולי גבינה נונה 40,פסטה נונה,IL,רביולי גבינה נונה 40,גרמים,400.00,100 גרם,false,,18.90,4.7250,true,1,22272
7290006306302,false,רביולי פרמזן וריקוטה,פסטה נונה,IL,רביולי פרמזן וריקוטה,גרמים,400.00,100 גרם,false,,18.90,4.7250,true,1,14844
7290006306319,false,רביולי בטטה נונה 400,פסטה נונה,IL,רביולי בטטה נונה 400,גרמים,400.00,100 גרם,false,,18.90,4.7250,true,1,15539
7290006306326,false,רביולי פטריות ופרמזן,פסטה נונה,IL,רביולי פטריות ופרמזן,גרמים,400.00,100 גרם,false,,18.90,4.7250,true,1,14845
7290006306333,false,רביולי תרד וריקוטה נ,פסטה נונה,IL,רביולי תרד וריקוטה נ,גרמים,400.00,100 גרם,false,,18.90,4.7250,true,1,14846
7290006306357,false,רביולי גבינת עיזים נ,פסטה נונה,IL,רביולי גבינת עיזים נ,גרמים,400.00,100 גרם,false,,18.90,4.7250,true,1,15540
7290006342072,false,גרעין לבן 200 גרם יח,דין שיווק,IL,גרעין לבן 200 גרם יח,גרמים,200.00,100 גרם,false,,6.50,3.2500,true,1,5590
7290006342645,false,טורטיות 12*70 גרם,,TR,טורטיות 12*70 גרם,מיליליטרים,840.00,"100 מ""ל",false,,14.90,1.7738,true,1,29063
7290006374653,false,דבש לייט יד מרדכי 35,יד מרדכי,IL,דבש לייט יד מרדכי 35,גרמים,350.00,100 גרם,false,,24.90,7.1143,true,1,23574
7290006374660,false,שמן זית קלאסי יד מרד,יד מרדכי,IL,שמן זית קלאסי יד מרד,קילוגרמים,1.00,ליטר,false,,39.90,39.9000,true,1,40897
7290006374738,false,קונפיטורה תות יד מרד,יד מרדכי,IL,קונפיטורה תות יד מרד,גרמים,340.00,100 גרם,false,,12.90,3.7941,true,1,40899
7290006429506,false,לפתן אפרסק טעמן 820,,,לפתן אפרסק טעמן 820,גרמים,820.00,100 גרם,false,,9.70,1.1829,true,1,13573
7290006492432,false,גבינת מוצרלה בייבי 1,מחלבות גד,IL,גבינת מוצרלה בייבי 1,גרמים,150.00,100 גרם,false,,12.90,8.6000,true,1,23789
7290006492685,false,לאבנה עיזים 5% גד 25,מחלבות גד,IL,לאבנה עיזים 5% גד 25,גרמים,250.00,100 גרם,false,,15.90,6.3600,true,1,2923
7290006492852,false,גבינה עיזים 5% גד 25,מחלבות גד,IL,גבינה עיזים 5% גד 25,גרמים,250.00,100 גרם,false,,15.90,6.3600,true,1,2925
7290006497130,false,קישקע פרווה רובינפלד,,,קישקע פרווה רובינפלד,גרמים,500.00,100 גרם,false,,17.90,3.5800,true,1,44836
7290006560964,false,מגש מלבן שקוף 5 יח,בי רייט,CN,מגש מלבן שקוף 5 יח,Unknown,0.00,יחידה,false,,19.90,0.0000,true,1,56973
7290006561022,false,מגש מחולק ל - 4 שקוף,הנג טונג,CN,מגש מחולק ל - 4 שקוף,Unknown,0.00,יחידה,false,,19.90,0.0000,true,1,56972
7290006561039,false,קערה מרובעת שקופה קט,הנג טונג,CN,קערה מרובעת שקופה קט,Unknown,0.00,יחידה,false,,19.90,0.0000,true,1,56969
7290006561121,false,קערה 2 פסים ענקית לס,הנג טונג,CN,קערה 2 פסים ענקית לס,Unknown,0.00,יחידה,false,,19.90,0.0000,true,1,58671
7290006561138,false,קערה 3 פסים קטנות לס,הנג טונג,CN,קערה 3 פסים קטנות לס,Unknown,0.00,יחידה,false,,19.90,0.0000,true,1,58672
7290006582355,false,סילאן שקדיה 900 גרם,,IL,סילאן שקדיה 900 גרם,גרמים,900.00,00000000000000000גרם,false,,9.90,0.0110,true,1,22648
7290006664051,false,אקטימל דנונה 14*100,שטראוס,IL,אקטימל דנונה 14*100,קילוגרמים,1.40,ליטר,false,,28.90,20.6429,true,1,2991
7290006664402,false,גבינה 5% סקי 750 גרם,שטראוס,IL,גבינה 5% סקי 750 גרם,גרמים,750.00,100 גרם,false,,12.90,1.7200,true,1,6034
7290006664532,false,דנונה פרי תות 150 גר,שטראוס,IL,דנונה פרי תות 150 גר,גרמים,150.00,100 גרם,false,,3.50,2.3333,true,1,39184
7290006664655,false,אקטימל דנונה 8*100 מ,שטראוס,IL,אקטימל דנונה 8*100 מ,מיליליטרים,800.00,"100 מ""ל",false,,19.90,2.4875,true,1,2998
7290006664693,false,דנונה פרי אפרסק 150,שטראוס,IL,דנונה פרי אפרסק 150,מיליליטרים,150.00,"100 מ""ל",false,,3.50,2.3333,true,1,39185
7290006664990,false,מארז יוגורט פרוביוטי,שטראוס,IL,מארז יוגורט פרוביוטי,קילוגרמים,1.20,ליטר,false,,15.90,13.2500,true,1,2999
7290006681553,false,קרמבו וניל שטראוס 8,שטראוס,IL,קרמבו וניל שטראוס 8,גרמים,200.00,100 גרם,false,,12.90,6.4500,true,1,74511
7290006681560,false,קרמבו מוקה שטראוס 8,שטראוס,IL,קרמבו מוקה שטראוס 8,גרמים,200.00,100 גרם,false,,12.90,6.4500,true,1,74512
7290006696717,false,תירוש לבן אפרת 1 ליט,יקב טפרברג 1870 בעמ,IL,תירוש לבן אפרת 1 ליט,קילוגרמים,1.00,ליטר,false,,14.90,14.9000,true,1,24852
7290006712981,false,משחת קולגייט ילדים ב,קולגייט פלמוליב,PL,משחת קולגייט ילדים ב,מיליליטרים,50.00,"100 מ""ל",false,,11.90,23.8000,true,1,37001
7290006730084,false,שלוקים פופלי אייס 8,קלית סיטבון בעמ,IL,שלוקים פופלי אייס 8,מיליליטרים,800.00,"100 מ""ל",false,,3.90,0.4875,true,1,50831
7290006730268,false,טרופיק פקק 40 יח,קלית סיטבון בעמ,IL,טרופיק פקק 40 יח,קילוגרמים,8.00,ליטר,false,,39.90,4.9875,true,1,29663
7290006730398,false,טרופיק קש 40 יח,קלית סיטבון בעמ,IL,טרופיק קש 40 יח,קילוגרמים,8.00,ליטר,false,,29.90,3.7375,true,1,24983
7290006739131,false,בצק פילו זוגלובק 500,מאפיית אריאל,IL,בצק פילו זוגלובק 500,גרמים,500.00,100 גרם,false,,11.90,2.3800,true,1,34593
7290006739407,false,שניצל תירס לייט זוגל,זוגלובק,IL,שניצל תירס לייט זוגל,גרמים,630.00,100 גרם,false,,21.90,3.4762,true,1,18910
7290006739414,false,סלמי קוניאק זוגלובק,זוגלובק,IL,סלמי קוניאק זוגלובק,גרמים,300.00,100 גרם,false,,24.90,8.3000,true,1,14925
7290006739421,false,סלמי מעושן איטלקי זו,זוגלובק,IL,סלמי מעושן איטלקי זו,גרמים,300.00,100 גרם,false,,24.90,8.3000,true,1,14924
7290006739445,false,שניצל תירס זוגלובק 7,זוגלובק,IL,שניצל תירס זוגלובק 7,גרמים,750.00,100 גרם,false,,19.90,2.6533,true,1,6919
7290006741363,false,בורקס תפוא זוגלובק 8,זוגלובק,IL,בורקס תפוא זוגלובק 8,גרמים,800.00,100 גרם,false,,13.90,1.7375,true,1,3015
7290006741387,false,מלוואח זוגלובק 700 ג,זוגלובק,IL,מלוואח זוגלובק 700 ג,גרמים,700.00,100 גרם,false,,12.90,1.8429,true,1,3016
7290006742278,false,פסטרמה צלויה על לבני,זוגלובק,IL,פסטרמה צלויה על לבני,גרמים,330.00,100 גרם,false,,25.90,7.8485,true,1,14939
7290006742315,false,פסטרמה ברביקיו זוגלו,זוגלובק,IL,פסטרמה ברביקיו זוגלו,גרמים,330.00,100 גרם,false,,25.90,7.8485,true,1,14935
7290006764065,false,בירה נשר מאלט ב.חוזר,טמפו,IL,בירה נשר מאלט ב.חוזר,מיליליטרים,500.00,"100 מ""ל",false,,4.80,0.9600,true,1,22689
7290006764072,false,בירה גולדסטאר ב.חוזר,טמפו,IL,בירה גולדסטאר ב.חוזר,מיליליטרים,500.00,"100 מ""ל",false,,7.90,1.5800,true,1,22688
7290006764102,false,מארז גולדסטאר ב.חוזר,טמפו,,מארז גולדסטאר ב.חוזר,קילוגרמים,3.00,ליטר,false,,32.00,10.6667,true,1,52058
7290006764126,false,פקדון 6 בקבוק חוזר 5,,,פקדון 6 בקבוק חוזר 5,Unknown,0.00,יחידה,false,,7.20,0.0000,true,1,52118
7290006764270,false,מארז סודה בטעם אשכול,טמפו,IL,מארז סודה בטעם אשכול,קילוגרמים,6.00,ליטר,false,,10.90,1.8167,true,1,79144
7290006765000,false,טורטיות חיטה מלאה 12,,TR,טורטיות חיטה מלאה 12,גרמים,540.00,100 גרם,false,,9.90,1.8333,true,1,29064
7290006775016,false,עוגת תפוז אחוה 450 ג,אחדות ביחר לטחינה חל,IL,עוגת תפוז אחוה 450 ג,גרמים,450.00,100 גרם,false,,9.80,2.1778,true,1,3033
7290006775023,false,עוגה אנגלית אחוה 450,אחדות ביחר לטחינה חל,IL,עוגה אנגלית אחוה 450,גרמים,450.00,100 גרם,false,,9.80,2.1778,true,1,3034
7290006775030,false,עוגת שוקולד ציפס אחו,אחדות ביחר לטחינה חל,IL,עוגת שוקולד ציפס אחו,גרמים,450.00,100 גרם,false,,9.80,2.1778,true,1,3035
7290006775047,false,עוגת שוקולד אחוה 450,אחדות ביחר לטחינה חל,IL,עוגת שוקולד אחוה 450,גרמים,450.00,100 גרם,false,,9.80,2.1778,true,1,3036
7290006775054,false,עוגת שיש אחוה 450 גר,אחדות ביחר לטחינה חל,IL,עוגת שיש אחוה 450 גר,גרמים,450.00,100 גרם,false,,9.80,2.1778,true,1,3037
7290006775085,false,עוגת שמרים שוקולד אח,אחדות ביחר לטחינה חל,IL,עוגת שמרים שוקולד אח,גרמים,400.00,100 גרם,false,,9.80,2.4500,true,1,3039
7290006775191,false,מאפין במילוי שוקולד,אחדות ביחר לטחינה חל,IL,מאפין במילוי שוקולד,גרמים,50.00,100 גרם,false,,1.30,2.6000,true,1,3042
7290006775306,false,מאפין במילוי תות אחו,אחדות ביחר לטחינה חל,IL,מאפין במילוי תות אחו,גרמים,50.00,100 גרם,false,,1.30,2.6000,true,1,4604
7290006775337,false,עוגת שמרים פרג אחוה,אחדות ביחר לטחינה חל,IL,עוגת שמרים פרג אחוה,גרמים,400.00,100 גרם,false,,9.80,2.4500,true,1,3047
7290006775344,false,עוגת שמרים במילוי קר,אחדות ביחר לטחינה חל,IL,עוגת שמרים במילוי קר,גרמים,400.00,100 גרם,false,,9.80,2.4500,true,1,3048
7290006775405,false,מאפין שוקולד ציפס אח,אחדות ביחר לטחינה חל,IL,מאפין שוקולד ציפס אח,גרמים,45.00,100 גרם,false,,1.30,2.8889,true,1,3049
7290006775764,false,עוגת שוקולד ציפס ללא,אחדות ביחר לטחינה חל,IL,עוגת שוקולד ציפס ללא,גרמים,400.00,100 גרם,false,,10.90,2.7250,true,1,3052
7290006775801,false,רוגעלך בטעם שוקולד א,אחדות ביחר לטחינה חל,IL,רוגעלך בטעם שוקולד א,גרמים,400.00,100 גרם,false,,8.90,2.2250,true,1,19317
7290006788429,false,דאו רול און קרליין ס,אמיליה קוסמטיקס,IL,דאו רול און קרליין ס,גרמים,75.00,100 גרם,false,,11.70,15.6000,true,1,23485
7290006788436,false,דאו רול און קרליין פ,אמיליה קוסמטיקס,IL,דאו רול און קרליין פ,גרמים,75.00,100 גרם,false,,11.70,15.6000,true,1,23486
7290006788443,false,דאו רול און קרליין א,אמיליה קוסמטיקס,IL,דאו רול און קרליין א,גרמים,75.00,100 גרם,false,,11.70,15.6000,true,1,23487
7290006788498,false,דאו ספריי קרליין נוש,אמיליה קוסמטיקס,IL,דאו ספריי קרליין נוש,מיליליטרים,200.00,"100 מ""ל",false,,11.70,5.8500,true,1,3071
7290006788504,false,דאו ספריי קרליין נוש,אמיליה קוסמטיקס,IL,דאו ספריי קרליין נוש,מיליליטרים,200.00,"100 מ""ל",false,,11.70,5.8500,true,1,3072
7290006805355,false,תערובת להכנת כדורי ש,פוליבה,IL,תערובת להכנת כדורי ש,גרמים,500.00,100 גרם,false,,15.90,3.1800,true,1,3075
7290006822192,false,נקטר חמוציות דיאט או,פריגת,IL,נקטר חמוציות דיאט או,קילוגרמים,1.00,ליטר,false,,10.90,10.9000,true,1,6506
7290006878083,false,חסה ערבית מהדרין יח',מרינה,IL,חסה ערבית מהדרין יח',Unknown,0.00,יחידה,false,,6.90,0.0000,true,1,73115
7290006983152,false,קרוטונים למרק אסם 40,עינת,IL,קרוטונים למרק אסם 40,גרמים,400.00,100 גרם,false,,17.90,4.4750,true,1,3110
7290006983206,false,אבקת פלאפל אסם 180 ג,אסם,IL,אבקת פלאפל אסם 180 ג,גרמים,180.00,100 גרם,false,,9.50,5.2778,true,1,19640
7290006983527,false,עוגת תפוח עץ פרורים,אסם,IL,עוגת תפוח עץ פרורים,גרמים,400.00,100 גרם,false,,14.90,3.7250,true,1,3114
7290006983770,false,עוגת שיש אסם 400 גרם,אסם,IL,עוגת שיש אסם 400 גרם,גרמים,400.00,100 גרם,false,,10.90,2.7250,true,1,3116
7290006983787,false,עוגת שוקולד ציפס אסם,אסם,IL,עוגת שוקולד ציפס אסם,גרמים,400.00,100 גרם,false,,10.90,2.7250,true,1,3117
7290006983794,false,עוגת תפוז אסם 380 גר,אסם,IL,עוגת תפוז אסם 380 גר,גרמים,400.00,100 גרם,false,,10.90,2.7250,true,1,3118
7290006992161,false,דייסת קורנפלור מטרנה,מטרנה,IL,דייסת קורנפלור מטרנה,גרמים,200.00,100 גרם,false,,12.90,6.4500,true,1,3122
7290006992185,false,דייסת אורז מטרנה 200,מטרנה,IL,דייסת אורז מטרנה 200,גרמים,200.00,100 גרם,false,,12.90,6.4500,true,1,3124
7290006992208,false,דייסת דגנים מעורבים,מטרנה,IL,דייסת דגנים מעורבים,גרמים,200.00,100 גרם,false,,12.90,6.4500,true,1,3126
7290006992390,false,דייסת וניל מטרנה 200,מטרנה,IL,דייסת וניל מטרנה 200,גרמים,200.00,100 גרם,false,,12.90,6.4500,true,1,3128
7290008154222,false,שניצלונים עוף טוב 70,עוף טוב,IL,שניצלונים עוף טוב 70,גרמים,700.00,100 גרם,false,,14.90,2.1286,true,1,11991
7290008190985,false,סוכריות על מקל בטעם,כרמית,IL,סוכריות על מקל בטעם,גרמים,500.00,100 גרם,false,,12.90,2.5800,true,1,3920
7290008194266,false,חטיפים מעורב 350 גרם,ממתקי השלום,IL,חטיפים מעורב 350 גרם,גרמים,350.00,100 גרם,false,,12.90,3.6857,true,1,17206
7290008194761,false,מארז בוטנים וחמוציות,ממתקי השלום,IL,מארז בוטנים וחמוציות,גרמים,200.00,100 גרם,false,,12.90,6.4500,true,1,54725
7290008194839,false,חטיפים מצופים 300 גר,ממתקי השלום,IL,חטיפים מצופים 300 גר,גרמים,300.00,100 גרם,false,,12.90,4.3000,true,1,46854
7290008257008,false,מסרק סמיך אריסטוקרט,אריסטוקרט,CN,מסרק סמיך אריסטוקרט,Unknown,0.00,יחידה,false,,10.90,0.0000,true,1,5937
7290008257138,false,פטמות לבקבוק צר אריס,אריסטוקרט,,פטמות לבקבוק צר אריס,Unknown,0.00,יחידה,false,,4.90,0.0000,true,1,3924
7290008257169,false,פלסטר אריסטוקרט 100,אריסטוקרט,CN,פלסטר אריסטוקרט 100,Unknown,0.00,יחידה,false,,4.90,0.0000,true,1,3926
7290008257206,false,מברשת לניקוי בקבוקים,אריסטוקרט,,מברשת לניקוי בקבוקים,Unknown,0.00,יחידה,false,,4.90,0.0000,true,1,3930
7290008257244,false,מברשת + מסרק לתינוק,אריסטוקרט,,מברשת + מסרק לתינוק,Unknown,0.00,יחידה,false,,7.90,0.0000,true,1,3933
7290008257411,false,סינר מגבת לתינוק ארי,אריסטוקרט,,סינר מגבת לתינוק ארי,Unknown,0.00,יחידה,false,,13.90,0.0000,true,1,29559
7290008257558,false,מבריק נעליים אריסטוק,אריסטוקרט,TR,מבריק נעליים אריסטוק,Unknown,0.00,יחידה,false,,5.90,0.0000,true,1,3942
7290008257718,false,רפידות הנקה אריסטוקר,אריסטוקרט,CN,רפידות הנקה אריסטוקר,Unknown,0.00,יחידה,false,,18.90,0.0000,true,1,3946
7290008336796,false,בשר ראש קפוא טאק טור,פריגוצאי,,בשר ראש קפוא טאק טור,קילוגרמים,1.00,"ק""ג",true,,69.90,69.9000,true,1,3959
7290008343466,false,בצק פילו ש.האופים 50,שלושת האופים,IL,בצק פילו ש.האופים 50,גרמים,500.00,100 גרם,false,,16.90,3.3800,true,1,3967
7290008343503,false,גחנון ש.האופים 650 ג,שלושת האופים,IL,גחנון ש.האופים 650 ג,גרמים,650.00,100 גרם,false,,14.90,2.2923,true,1,3968
7290008343558,false,סיגרים בשר ש.האופים,שלושת האופים,IL,סיגרים בשר ש.האופים,פריט,1.00,"ק""ג",false,,18.90,18.9000,true,1,3970
7290008343565,false,סיגרים תפוא ש.האופים,שלושת האופים,IL,סיגרים תפוא ש.האופים,פריט,1.00,"ק""ג",false,,18.90,18.9000,true,1,3971
7290008343572,false,אגרול סיני ש.האופים,שלושת האופים,IL,אגרול סיני ש.האופים,פריט,1.00,"ק""ג",false,,18.90,18.9000,true,1,3972
7290008343602,false,קובה בשר ש.האופים 1,שלושת האופים,IL,קובה בשר ש.האופים 1,פריט,1.00,"ק""ג",false,,18.90,18.9000,true,1,3975
7290008343619,false,פסטלים תפוא ש.האופים,שלושת האופים,IL,פסטלים תפוא ש.האופים,פריט,1.00,"ק""ג",false,,18.90,18.9000,true,1,3976
7290008343626,false,כדורי פלאפל ש.האופים,שלושת האופים,IL,כדורי פלאפל ש.האופים,פריט,1.00,"ק""ג",false,,18.90,18.9000,true,1,3977
7290008345156,false,פילה מקרוסקה דלידג ב,דלידג,IL,פילה מקרוסקה דלידג ב,קילוגרמים,1.00,"ק""ג",true,,93.90,93.9000,true,1,5714
7290008345163,false,מקרל שלם מעושן דלידג,דלידג,IL,מקרל שלם מעושן דלידג,קילוגרמים,1.00,"ק""ג",true,,88.90,88.9000,true,1,63750
7290008345170,false,מקרל חצאים מעושן דלי,דלידג,IL,מקרל חצאים מעושן דלי,קילוגרמים,1.00,"ק""ג",true,,88.90,88.9000,true,1,5713
7290008347211,false,אצבעות דג מצופות דלי,דלידג,IL,אצבעות דג מצופות דלי,גרמים,700.00,100 גרם,false,,19.90,2.8429,true,1,3983
7290008409049,false,שניצלונים מיני מאמא,תנובה,IL,שניצלונים מיני מאמא,גרמים,500.00,100 גרם,false,,24.90,4.9800,true,1,28632
7290008409223,false,שניצל דק דק מתובל מא,תנובה גליל,IL,שניצל דק דק מתובל מא,גרמים,700.00,100 גרם,false,,29.90,4.2714,true,1,22367
7290008409407,false,שניצל דק דק ציפס מאמ,תנובה גליל,IL,שניצל דק דק ציפס מאמ,גרמים,700.00,100 גרם,false,,29.90,4.2714,true,1,22368
7290008409551,false,שניצל מעודן מאמא עוף,תנובה גליל,IL,שניצל מעודן מאמא עוף,גרמים,700.00,100 גרם,false,,29.90,4.2714,true,1,22353
7290008409582,false,שניצל ביתי מאמא עוף,תנובה גליל,IL,שניצל ביתי מאמא עוף,גרמים,700.00,100 גרם,false,,29.90,4.2714,true,1,22356
7290008423014,false,פלפל שחור גרוס פרג 1,תבליני הדור השלישי,IL,פלפל שחור גרוס פרג 1,גרמים,100.00,100 גרם,false,,15.90,15.9000,true,1,4021
7290008423021,false,כמון פרג 400 גרם,תבליני הדור השלישי,IL,כמון פרג 400 גרם,גרמים,400.00,100 גרם,false,,34.90,8.7250,true,1,4022
7290008423045,false,תבלין לקציצות פרג 10,תבליני הדור השלישי,IL,תבלין לקציצות פרג 10,גרמים,100.00,100 גרם,false,,16.90,16.9000,true,1,4023
7290008423052,false,עגבניות מיובשות פרג,תבליני הדור השלישי,IL,עגבניות מיובשות פרג,גרמים,250.00,100 גרם,false,,14.90,5.9600,true,1,4024
7290008423243,false,מלח שולחן הים האדום,מלח הארץ,IL,מלח שולחן הים האדום,גרמים,650.00,100 גרם,false,,7.50,1.1538,true,1,43191
7290008423250,false,מלח גס הים האדום 630,מלח הארץ,IL,מלח גס הים האדום 630,גרמים,630.00,100 גרם,false,,7.50,1.1905,true,1,43190
7290008443265,false,אל סבון סופטקר 2 ליט,אמיליה קוסמטיקס,IL,אל סבון סופטקר 2 ליט,קילוגרמים,2.00,ליטר,false,,24.90,12.4500,true,1,4028
7290008443616,false,מרכך נקה 7 לשיער יבש,אמיליה קוסמטיקס,IL,מרכך נקה 7 לשיער יבש,מיליליטרים,750.00,"100 מ""ל",false,,9.90,1.3200,true,1,4029
7290008443630,false,שמפו נקה 7 לשיער מתו,אמיליה קוסמטיקס,IL,שמפו נקה 7 לשיער מתו,מיליליטרים,750.00,"100 מ""ל",false,,9.90,1.3200,true,1,6500
7290008455619,false,עוף מס 2 קפוא לנדא,,IL,עוף מס 2 קפוא לנדא,קילוגרמים,1.00,"ק""ג",true,,27.90,27.9000,true,1,77299
7290008464024,false,בירה גולדסטאר פחית 4,טמפו,IL,בירה גולדסטאר פחית 4,מיליליטרים,500.00,"100 מ""ל",false,,7.90,1.5800,true,1,37175
7290008464130,false,מארז בירה גולדסטאר 4,טמפו,IL,מארז בירה גולדסטאר 4,קילוגרמים,1.98,ליטר,false,,29.90,15.1010,true,1,30220
7290008464468,false,בירה גולדסטאר פחית 4,טמפו,IL,בירה גולדסטאר פחית 4,מיליליטרים,500.00,"100 מ""ל",false,,7.90,1.5800,true,1,37174
7290008464703,false,מארז בירה מכבי 5% 6,טמפו,,מארז בירה מכבי 5% 6,קילוגרמים,1.98,ליטר,false,,24.90,12.5758,true,1,4033
7290008464734,false,מארז בירה גולדסטאר 1,טמפו,IL,מארז בירה גולדסטאר 1,קילוגרמים,1.98,ליטר,false,,34.90,17.6263,true,1,51915
7290008464741,false,מארז בירה גולדסטאר 4,טמפו,IL,מארז בירה גולדסטאר 4,קילוגרמים,1.98,ליטר,false,,24.90,12.5758,true,1,4036
7290008464796,false,מארז בירה היינקן 5%,טמפו,IL,מארז בירה היינקן 5%,קילוגרמים,1.98,ליטר,false,,29.90,15.1010,true,1,4038
7290008464987,false,מארז סודה טמפו 6*1.5,טמפו,IL,מארז סודה טמפו 6*1.5,קילוגרמים,9.00,ליטר,false,,15.90,1.7667,true,1,4039
7290008466554,false,עוגיות שומשומיות ללא,אנטיקביץ,IL,עוגיות שומשומיות ללא,גרמים,350.00,100 גרם,false,,11.90,3.4000,true,1,78515
7290008466561,false,עוגיות חמניות ללא סו,אנטיקביץ,IL,עוגיות חמניות ללא סו,גרמים,350.00,100 גרם,false,,11.90,3.4000,true,1,78533
7290008466608,false,עוגיות שקדים ללא סוכ,אנטיקביץ,IL,עוגיות שקדים ללא סוכ,גרמים,350.00,100 גרם,false,,11.90,3.4000,true,1,78517
7290008466707,false,עוגיות פרימיום אנטקו,אנטיקביץ,IL,עוגיות פרימיום אנטקו,גרמים,250.00,100 גרם,false,,18.90,7.5600,true,1,78511
7290008466769,false,שנייק קינמון אנטקובי,אנטיקביץ,IL,שנייק קינמון אנטקובי,גרמים,600.00,100 גרם,false,,9.90,1.6500,true,1,78507
7290008466776,false,שנייק וניל אנטקוביץ,אנטיקביץ,IL,שנייק וניל אנטקוביץ,גרמים,600.00,100 גרם,false,,9.90,1.6500,true,1,78508
7290008466783,false,שנייק שוקולד אנטקובי,אנטיקביץ,IL,שנייק שוקולד אנטקובי,גרמים,600.00,100 גרם,false,,9.90,1.6500,true,1,78509
7290008466790,false,רוגלך שוקולד אנטקובי,אנטיקביץ,IL,רוגלך שוקולד אנטקובי,גרמים,600.00,100 גרם,false,,9.90,1.6500,true,1,78510
7290008507059,false,קציצות מרוקאיות חריפ,נתח אדום,IL,קציצות מרוקאיות חריפ,גרמים,600.00,100 גרם,false,,29.90,4.9833,true,1,75856
7290008507288,false,שווארמה הודו מתובל נ,נתח אדום,IL,שווארמה הודו מתובל נ,גרמים,400.00,100 גרם,false,,24.90,6.2250,true,1,75854
7290008507301,false,בריסקט עגל מתובל לתנ,נתח אדום,IL,בריסקט עגל מתובל לתנ,קילוגרמים,1.00,"ק""ג",true,,59.90,59.9000,true,1,75857
7290008507431,false,רצועות אסאדו עגל נתח,נתח אדום,IL,רצועות אסאדו עגל נתח,גרמים,600.00,100 גרם,false,,44.90,7.4833,true,1,79586
7290008507486,false,אנטריקוט דקדק נתח אד,נתח אדום,IL,אנטריקוט דקדק נתח אד,גרמים,250.00,100 גרם,false,,29.90,11.9600,true,1,79588
7290008507493,false,נתחי צוואר עגל נתח א,נתח אדום,IL,נתחי צוואר עגל נתח א,גרמים,600.00,100 גרם,false,,36.50,6.0833,true,1,79589
7290008545143,false,פלאט איירון סטייק טר,,,פלאט איירון סטייק טר,קילוגרמים,1.00,"ק""ג",true,,119.90,119.9000,true,1,73282
7290008545181,false,בשר עגל טחון דל שומן,,,בשר עגל טחון דל שומן,קילוגרמים,1.00,"ק""ג",true,,49.90,49.9000,true,1,75830
7290008545198,false,אונטריפ צלעות טרי עט,,,אונטריפ צלעות טרי עט,קילוגרמים,1.00,"ק""ג",true,,79.90,79.9000,true,1,78188
7290008545204,false,דלמוניקו סטייק טרי ע,,,דלמוניקו סטייק טרי ע,קילוגרמים,1.00,"ק""ג",true,,89.90,89.9000,true,1,78189
7290008597906,false,אורז יסמין שקדיה 5 ק,,TH,אורז יסמין שקדיה 5 ק,פריט,5.00,"ק""ג",false,,39.90,7.9800,true,1,6768
7290008611046,false,פילה סלמון נורווגי,,,פילה סלמון נורווגי,קילוגרמים,1.00,"ק""ג",true,,69.90,69.9000,true,1,71620
7290008611091,false,מנות פילה סלמון,,,מנות פילה סלמון,קילוגרמים,1.00,"ק""ג",true,,69.90,69.9000,true,1,78813
7290008611138,false,טונה אדומה במשקל,,,טונה אדומה במשקל,קילוגרמים,1.00,"ק""ג",true,,49.90,49.9000,true,1,79726
7290008611343,false,מנות פילה נסיכת הניל,נטורס פיש לימיטד,UG,מנות פילה נסיכת הניל,קילוגרמים,1.00,"ק""ג",true,,46.90,46.9000,true,1,79511
7290008611350,false,פילה אמנון,,UG,פילה אמנון,קילוגרמים,1.00,"ק""ג",true,,24.90,24.9000,true,1,79722
7290008631556,false,כרעיים עוף קפוא לנדא,,,כרעיים עוף קפוא לנדא,קילוגרמים,1.00,"ק""ג",true,,29.90,29.9000,true,1,77304
7290008631563,false,חזה עוף קפוא לנדא,,IL,חזה עוף קפוא לנדא,קילוגרמים,1.00,"ק""ג",true,,44.90,44.9000,true,1,77307
7290008631570,false,שוקיים עוף קפוא לנדא,,IL,שוקיים עוף קפוא לנדא,קילוגרמים,1.00,"ק""ג",true,,41.90,41.9000,true,1,77305
7290008631594,false,כנפיים עוף קפוא לנדא,,IL,כנפיים עוף קפוא לנדא,קילוגרמים,1.00,"ק""ג",true,,16.90,16.9000,true,1,77312
7290008631600,false,גרון עוף קפוא לנדא,,IL,גרון עוף קפוא לנדא,קילוגרמים,1.00,"ק""ג",true,,3.90,3.9000,true,1,77313
7290008631617,false,פרגיות עוף קפוא לנדא,,IL,פרגיות עוף קפוא לנדא,קילוגרמים,1.00,"ק""ג",true,,79.90,79.9000,true,1,77308
7290008631624,false,פילה עוף קפוא לנדא,,IL,פילה עוף קפוא לנדא,קילוגרמים,1.00,"ק""ג",true,,44.90,44.9000,true,1,77310
7290008631969,false,נגיסי עוף לנדא 700 ג,,IL,נגיסי עוף לנדא 700 ג,גרמים,700.00,100 גרם,false,,29.90,4.2714,true,1,80356
7290008631976,false,טבעות עוף לנדא 700 ג,,IL,טבעות עוף לנדא 700 ג,גרמים,700.00,100 גרם,false,,29.90,4.2714,true,1,80357
7290008636193,false,כמון מיה 300 גרם,מיה תעשיות מזון בעמ,IL,כמון מיה 300 גרם,גרמים,300.00,100 גרם,false,,14.90,4.9667,true,1,4050
7290008636209,false,כורכום מיה 300 גרם,מיה תעשיות מזון בעמ,IL,כורכום מיה 300 גרם,גרמים,300.00,100 גרם,false,,14.90,4.9667,true,1,4051
7290008636216,false,אבקת שום מיה 300 גרם,מיה תעשיות מזון בעמ,IL,אבקת שום מיה 300 גרם,גרמים,300.00,100 גרם,false,,24.90,8.3000,true,1,4052
7290008636704,false,קונפיטורה משמש מיה 3,מיה תעשיות מזון בעמ,IL,קונפיטורה משמש מיה 3,גרמים,340.00,100 גרם,false,,8.70,2.5588,true,1,13839
7290008639095,false,פחזניות קפולסקי 280,קפולסקי אדל בעמ,IL,פחזניות קפולסקי 280,גרמים,280.00,100 גרם,false,,29.90,10.6786,true,1,16405
7290008644235,false,עלי בייבי 120 גרם,מרינה,IL,עלי בייבי 120 גרם,גרמים,120.00,100 גרם,false,,12.90,10.7500,true,1,22904
7290008670142,false,יין רקנאטי יסמין אדו,יקב רקאנטי,IL,יין רקנאטי יסמין אדו,מיליליטרים,750.00,"100 מ""ל",false,,29.90,3.9867,true,1,50550
7290008670159,false,יין רקנאטי יסמין לבן,יקב רקאנטי,IL,יין רקנאטי יסמין לבן,מיליליטרים,750.00,"100 מ""ל",false,,29.90,3.9867,true,1,50551
7290008690713,false,נקטר חמוציות אושן ספ,פריגת,IL,נקטר חמוציות אושן ספ,קילוגרמים,1.00,ליטר,false,,11.90,11.9000,true,1,4086
7290008693134,false,דניאלה תות 88 גרם,שטראוס,IL,דניאלה תות 88 גרם,Unknown,0.00,יחידה,false,,3.90,0.0000,true,1,4094
7290008713900,false,לחם שיפון עגול אחדות,מאפית אורנים,IL,לחם שיפון עגול אחדות,גרמים,750.00,100 גרם,false,,12.90,1.7200,true,1,58426
7290008745239,false,תפוציפס אקסטרא טבעי,שטראוס,IL,תפוציפס אקסטרא טבעי,גרמים,55.00,100 גרם,false,,3.50,6.3636,true,1,18637
7290008747547,false,תפוציפס קראנצ טבעי 2,שטראוס,IL,תפוציפס קראנצ טבעי 2,גרמים,200.00,100 גרם,false,,9.90,4.9500,true,1,4105
7290008753111,false,תפוציפס אקסטרא מקסיק,שטראוס,IL,תפוציפס אקסטרא מקסיק,גרמים,50.00,100 גרם,false,,3.50,7.0000,true,1,13524
7290008757980,false,נקטר ספרינג רימון 1,יפאורה תבורי,IL,נקטר ספרינג רימון 1,קילוגרמים,1.00,ליטר,false,,6.50,6.5000,true,1,4115
7290008761925,false,"בקר טחון עטרה 1.2 ק""",טיבון ויל,IL,"בקר טחון עטרה 1.2 ק""",פריט,1.20,"ק""ג",false,,29.90,24.9167,true,1,44863
7290008775816,false,ערגליות שוקו אסם 300,אסם,IL,ערגליות שוקו אסם 300,גרמים,300.00,100 גרם,false,,7.50,2.5000,true,1,12651
7290008775823,false,ערגליות תות אסם 300,אסם,IL,ערגליות תות אסם 300,גרמים,300.00,100 גרם,false,,7.50,2.5000,true,1,12652
7290008801010,false,יין פ. קולקשיין קברנ,יקבי כרמל,IL,יין פ. קולקשיין קברנ,מיליליטרים,750.00,"100 מ""ל",false,,37.90,5.0533,true,1,4138
7290008801119,false,יין סלקטד סוביניון ב,יקבי כרמל,IL,יין סלקטד סוביניון ב,מיליליטרים,750.00,"100 מ""ל",false,,24.90,3.3200,true,1,4139
7290008801157,false,יין סלקטד מרלו,יקבי כרמל,IL,יין סלקטד מרלו,מיליליטרים,750.00,"100 מ""ל",false,,24.90,3.3200,true,1,4140
7290008801522,false,יין קינג דיוויד קונק,יקבי כרמל,IL,יין קינג דיוויד קונק,מיליליטרים,750.00,"100 מ""ל",false,,18.90,2.5200,true,1,4144
7290008801539,false,יין קינג דיוויד 120,יקבי כרמל,IL,יין קינג דיוויד 120,מיליליטרים,750.00,"100 מ""ל",false,,18.90,2.5200,true,1,4145
7290008801546,false,יין קינג דיוויד מוסק,יקבי כרמל,IL,יין קינג דיוויד מוסק,מיליליטרים,750.00,"100 מ""ל",false,,18.90,2.5200,true,1,4146
7290008801843,false,יין סלקטד קברנה סובי,יקבי כרמל,IL,יין סלקטד קברנה סובי,מיליליטרים,750.00,"100 מ""ל",false,,24.90,3.3200,true,1,4147
7290008801850,false,יין סלקטד אמרלד ריזל,יקבי כרמל,IL,יין סלקטד אמרלד ריזל,מיליליטרים,750.00,"100 מ""ל",false,,24.90,3.3200,true,1,4148
7290008802291,false,יין פ. קולקשיין מרלו,יקבי כרמל,IL,יין פ. קולקשיין מרלו,מיליליטרים,750.00,"100 מ""ל",false,,37.90,5.0533,true,1,4149
7290008802512,false,יין וינו אדום יבש,יקבי כרמל,IL,יין וינו אדום יבש,מיליליטרים,750.00,"100 מ""ל",false,,17.90,2.3867,true,1,4150
7290008802529,false,יין וינו לבן יבש,יקבי כרמל,IL,יין וינו לבן יבש,מיליליטרים,750.00,"100 מ""ל",false,,17.90,2.3867,true,1,4151
7290008802895,false,יין פ. קולקשיין קברנ,יקבי כרמל,IL,יין פ. קולקשיין קברנ,מיליליטרים,750.00,"100 מ""ל",false,,37.90,5.0533,true,1,4152
7290008803090,false,יין גליל עליון מרלו,יקבי כרמל,IL,יין גליל עליון מרלו,מיליליטרים,750.00,"100 מ""ל",false,,58.90,7.8533,true,1,28868
7290008804332,false,יין פ.קולקשיין שיראז,יקבי כרמל,IL,יין פ.קולקשיין שיראז,מיליליטרים,750.00,"100 מ""ל",false,,37.90,5.0533,true,1,349
7290008805049,false,יין סלקטד רוזה מתוק,יקבי כרמל,IL,יין סלקטד רוזה מתוק,מיליליטרים,750.00,"100 מ""ל",false,,24.90,3.3200,true,1,4696
7290008805384,false,יין סלקטד לבן מבעבע,יקבי כרמל,IL,יין סלקטד לבן מבעבע,מיליליטרים,750.00,"100 מ""ל",false,,24.90,3.3200,true,1,4697
7290008805520,false,יין סלקטד קברנה מרלו,יקבי כרמל,IL,יין סלקטד קברנה מרלו,מיליליטרים,750.00,"100 מ""ל",false,,24.90,3.3200,true,1,4157
7290008805964,false,יין גליל עליון קברנה,יקבי כרמל,IL,יין גליל עליון קברנה,מיליליטרים,750.00,"100 מ""ל",false,,58.90,7.8533,true,1,28869
7290008806961,false,גלידה קרמיסימו שוקול,גלידות שטראוס,IL,גלידה קרמיסימו שוקול,קילוגרמים,1.33,ליטר,false,,17.50,13.1579,true,1,4160
7290008806985,false,חטיפי גלידה קרמיסימו,גלידות שטראוס,IL,חטיפי גלידה קרמיסימו,מיליליטרים,630.00,"100 מ""ל",false,,38.90,6.1746,true,1,4161
7290008830690,false,מובחרים מן הטבע,דין שיווק,IL,מובחרים מן הטבע,Unknown,0.00,יחידה,false,,9.90,0.0000,true,1,39315
7290008836272,false,יין המבורג נינוה מוס,יקב טפרברג 1870 בעמ,IL,יין המבורג נינוה מוס,מיליליטרים,750.00,"100 מ""ל",false,,22.50,3.0000,true,1,27030
7290008836401,false,יין ישן נושן אדום אפ,יקב טפרברג 1870 בעמ,IL,יין ישן נושן אדום אפ,קילוגרמים,1.00,ליטר,false,,21.90,21.9000,true,1,24207
7290008836425,false,יין אפרת קל 1 ליטר,יקב טפרברג 1870 בעמ,IL,יין אפרת קל 1 ליטר,קילוגרמים,1.00,ליטר,false,,21.90,21.9000,true,1,24214
7290008836494,false,תירוש אדום אפרת 1 לי,יקב טפרברג 1870 בעמ,IL,תירוש אדום אפרת 1 לי,קילוגרמים,1.00,ליטר,false,,14.90,14.9000,true,1,24853
7290008975551,false,מטרנה מהדרין שלב 3 7,מטרנה,IL,מטרנה מהדרין שלב 3 7,גרמים,700.00,100 גרם,false,,46.90,6.7000,true,1,4232
7290008989015,false,דייסת אורז ב.ד 400 ג,בטר אנד דיפרנט,IL,דייסת אורז ב.ד 400 ג,גרמים,400.00,100 גרם,false,,16.90,4.2250,true,1,4233
7290008989053,false,דייסת דגנים מעורבים,בטר אנד דיפרנט,IL,דייסת דגנים מעורבים,גרמים,400.00,100 גרם,false,,16.90,4.2250,true,1,4236
7290008989169,false,פצפוצי אורז ב.ד 500,בטר אנד דיפרנט,IL,פצפוצי אורז ב.ד 500,גרמים,500.00,100 גרם,false,,18.90,3.7800,true,1,4239
7290008989473,false,ממרח חרובים שוקולד ב,בטר אנד דיפרנט,IL,ממרח חרובים שוקולד ב,גרמים,350.00,100 גרם,false,,13.90,3.9714,true,1,4242
7290008989671,false,פירורי קורנפלקס פריך,בטר אנד דיפרנט,IL,פירורי קורנפלקס פריך,גרמים,250.00,100 גרם,false,,9.90,3.9600,true,1,28627
7290008989695,false,שלווה מצופה דבש 400,בטר אנד דיפרנט,IL,שלווה מצופה דבש 400,גרמים,400.00,100 גרם,false,,12.90,3.2250,true,1,18077
7290008989855,false,פריכוני אורז מלא ב.ד,בטר אנד דיפרנט,IL,פריכוני אורז מלא ב.ד,גרמים,80.00,100 גרם,false,,3.90,4.8750,true,1,14915
7290008989893,false,דייסת כוסמת ב.ד 200,בטר אנד דיפרנט,IL,דייסת כוסמת ב.ד 200,גרמים,200.00,100 גרם,false,,9.90,4.9500,true,1,38451
7290008989909,false,סירופ ב.ד תפוחים 1.2,בטר אנד דיפרנט,IL,סירופ ב.ד תפוחים 1.2,קילוגרמים,1.20,ליטר,false,,29.90,24.9167,true,1,4248
7290008989916,false,סירופ אננס 1.2 ליטר,בטר אנד דיפרנט,IL,סירופ אננס 1.2 ליטר,קילוגרמים,1.20,ליטר,false,,29.90,24.9167,true,1,4249
7290009000115,false,עגבניות שרי,אראל תוצרת חקלאית בע,IL,עגבניות שרי,קילוגרמים,1.00,"ק""ג",true,,14.90,14.9000,true,1,770
7290009000122,false,עגבניה,אראל תוצרת חקלאית בע,IL,עגבניה,קילוגרמים,1.00,"ק""ג",true,,5.90,5.9000,true,1,809
7290009000207,false,מלפפון,אראל תוצרת חקלאית בע,IL,מלפפון,קילוגרמים,1.00,"ק""ג",true,,5.90,5.9000,true,1,1052
7290009000313,false,גזר,אראל תוצרת חקלאית בע,IL,גזר,קילוגרמים,1.00,"ק""ג",true,,3.90,3.9000,true,1,1759
7290009000405,false,סלק,אראל תוצרת חקלאית בע,IL,סלק,קילוגרמים,1.00,"ק""ג",true,,4.90,4.9000,true,1,2081
7290009000504,false,כרוב לבן,אראל תוצרת חקלאית בע,IL,כרוב לבן,קילוגרמים,1.00,"ק""ג",true,,3.90,3.9000,true,1,2457
7290009000511,false,כרוב אדום,אראל תוצרת חקלאית בע,IL,כרוב אדום,קילוגרמים,1.00,"ק""ג",true,,5.90,5.9000,true,1,2498
7290009000627,false,כרובית יחידה,אראל תוצרת חקלאית בע,IL,כרובית יחידה,Unknown,0.00,יחידה,false,,8.90,0.0000,true,1,44549
7290009000702,false,לפת,אראל תוצרת חקלאית בע,IL,לפת,קילוגרמים,1.00,"ק""ג",true,,6.90,6.9000,true,1,3129
7290009000719,false,צנון,אראל תוצרת חקלאית בע,IL,צנון,קילוגרמים,1.00,"ק""ג",true,,9.90,9.9000,true,1,3139
7290009000771,false,שקיות הקפאה בינוני ז,,,שקיות הקפאה בינוני ז,Unknown,0.00,יחידה,false,,19.90,0.0000,true,1,46135
7290009000801,false,צנונית יח,ברכת קטיף,IL,צנונית יח,Unknown,0.00,יחידה,false,,5.90,0.0000,true,1,3898
7290009000849,false,צנון שחור/לבן,אראל תוצרת חקלאית בע,IL,צנון שחור/לבן,קילוגרמים,1.00,"ק""ג",true,,6.90,6.9000,true,1,51294
7290009000870,false,אגס ג'נטיל,אראל תוצרת חקלאית בע,IL,אגס ג'נטיל,קילוגרמים,1.00,"ק""ג",true,,7.90,7.9000,true,1,67397
7290009000887,false,סלרי ראש שקיל,אראל תוצרת חקלאית בע,IL,סלרי ראש שקיל,קילוגרמים,1.00,"ק""ג",true,,15.90,15.9000,true,1,74844
7290009000900,false,בצל,אראל תוצרת חקלאית בע,IL,בצל,קילוגרמים,1.00,"ק""ג",true,,3.90,3.9000,true,1,4252
7290009000931,false,בצל אדום,אראל תוצרת חקלאית בע,IL,בצל אדום,קילוגרמים,1.00,"ק""ג",true,,5.90,5.9000,true,1,4260
7290009000948,false,כרוב לבן ברכת דוד,,IL,כרוב לבן ברכת דוד,קילוגרמים,1.00,"ק""ג",true,,13.90,13.9000,true,1,78698
7290009001006,false,אפונה,אראל תוצרת חקלאית בע,IL,אפונה,קילוגרמים,1.00,"ק""ג",true,,19.90,19.9000,true,1,715
7290009001105,false,בטטה,אראל תוצרת חקלאית בע,IL,בטטה,קילוגרמים,1.00,"ק""ג",true,,9.90,9.9000,true,1,771
7290009001310,false,דלורית,אראל תוצרת חקלאית בע,IL,דלורית,קילוגרמים,1.00,"ק""ג",true,,5.90,5.9000,true,1,863
7290009001341,false,דלעת יפנית,אראל תוצרת חקלאית בע,IL,דלעת יפנית,קילוגרמים,1.00,"ק""ג",true,,9.90,9.9000,true,1,26676
7290009001419,false,חציל,אראל תוצרת חקלאית בע,IL,חציל,קילוגרמים,1.00,"ק""ג",true,,5.90,5.9000,true,1,894
7290009001426,false,חציל ננסי,אראל תוצרת חקלאית בע,IL,חציל ננסי,קילוגרמים,1.00,"ק""ג",true,,8.90,8.9000,true,1,895
7290009001501,false,פלפל אדום,אראל תוצרת חקלאית בע,IL,פלפל אדום,קילוגרמים,1.00,"ק""ג",true,,8.90,8.9000,true,1,918
7290009001518,false,פלפל ירוק בהיר,אראל תוצרת חקלאית בע,IL,פלפל ירוק בהיר,קילוגרמים,1.00,"ק""ג",true,,7.90,7.9000,true,1,919
7290009001525,false,פלפל חריף,אראל תוצרת חקלאית בע,IL,פלפל חריף,קילוגרמים,1.00,"ק""ג",true,,8.90,8.9000,true,1,920
7290009001549,false,פלפל ירוק כהה,אראל תוצרת חקלאית בע,IL,פלפל ירוק כהה,קילוגרמים,1.00,"ק""ג",true,,7.90,7.9000,true,1,922
7290009001556,false,פלפל כתום,אראל תוצרת חקלאית בע,IL,פלפל כתום,קילוגרמים,1.00,"ק""ג",true,,8.90,8.9000,true,1,923
7290009001563,false,פלפל רומרו,אראל תוצרת חקלאית בע,IL,פלפל רומרו,קילוגרמים,1.00,"ק""ג",true,,7.90,7.9000,true,1,924
7290009001570,false,פלפל צהוב,אראל תוצרת חקלאית בע,IL,פלפל צהוב,קילוגרמים,1.00,"ק""ג",true,,8.90,8.9000,true,1,925
7290009001594,false,פלפל שושקה,אראל תוצרת חקלאית בע,IL,פלפל שושקה,קילוגרמים,1.00,"ק""ג",true,,9.90,9.9000,true,1,927
7290009001709,false,קולורבי,אראל תוצרת חקלאית בע,IL,קולורבי,קילוגרמים,1.00,"ק""ג",true,,9.90,9.9000,true,1,965
7290009001808,false,קישוא,אראל תוצרת חקלאית בע,IL,קישוא,קילוגרמים,1.00,"ק""ג",true,,6.90,6.9000,true,1,980
7290009001815,false,קישוא עגול,אראל תוצרת חקלאית בע,IL,קישוא עגול,קילוגרמים,1.00,"ק""ג",true,,9.90,9.9000,true,1,985
7290009001853,false,קישוא זוקיני,אראל תוצרת חקלאית בע,IL,קישוא זוקיני,קילוגרמים,1.00,"ק""ג",true,,6.90,6.9000,true,1,1025
7290009001914,false,שעועית,אראל תוצרת חקלאית בע,IL,שעועית,קילוגרמים,1.00,"ק""ג",true,,19.90,19.9000,true,1,1033
7290009001952,false,לוביה,אראל תוצרת חקלאית בע,IL,לוביה,קילוגרמים,1.00,"ק""ג",true,,19.90,19.9000,true,1,1037
7290009002409,false,פול,אראל תוצרת חקלאית בע,IL,פול,קילוגרמים,1.00,"ק""ג",true,,14.90,14.9000,true,1,1361
7290009002850,false,שום בתפזורת,אראל תוצרת חקלאית בע,IL,שום בתפזורת,קילוגרמים,1.00,"ק""ג",true,,29.90,29.9000,true,1,16942
7290009002898,false,תפוח אדמה לאפייה,אראל תוצרת חקלאית בע,IL,תפוח אדמה לאפייה,Unknown,0.00,יחידה,false,,9.90,0.0000,true,1,45623
7290009002935,false,תפוח אדמה לבן,אראל תוצרת חקלאית בע,IL,תפוח אדמה לבן,פריט,5.00,"ק""ג",false,,19.90,3.9800,true,1,1637
7290009002959,false,תפוח אדמה לבן כ-10 ק,,,תפוח אדמה לבן כ-10 ק,פריט,10.00,"ק""ג",false,,19.90,1.9900,true,1,1669
7290009002997,false,תפוח אדמה תפזורת,אראל תוצרת חקלאית בע,IL,תפוח אדמה תפזורת,קילוגרמים,1.00,"ק""ג",true,,7.90,7.9000,true,1,1688
7290009003079,false,שומר,אראל תוצרת חקלאית בע,IL,שומר,קילוגרמים,1.00,"ק""ג",true,,7.90,7.9000,true,1,1744
7290009003109,false,מלון,אראל תוצרת חקלאית בע,IL,מלון,קילוגרמים,1.00,"ק""ג",true,,4.90,4.9000,true,1,1760
7290009003116,false,מלון ספרדי,אראל תוצרת חקלאית בע,IL,מלון ספרדי,קילוגרמים,1.00,"ק""ג",true,,7.90,7.9000,true,1,47150
7290009003123,false,מלון כתום,אראל תוצרת חקלאית בע,IL,מלון כתום,קילוגרמים,1.00,"ק""ג",true,,9.90,9.9000,true,1,1788
7290009003451,false,סלרי ראש יח,ברכת קטיף,IL,סלרי ראש יח,Unknown,0.00,יחידה,false,,4.90,0.0000,true,1,1912
7290009003529,false,סלרי אמריקאי יח,ברכת קטיף,IL,סלרי אמריקאי יח,Unknown,0.00,יחידה,false,,4.90,0.0000,true,1,37195
7290009003802,false,חזרת,אראל תוצרת חקלאית בע,IL,חזרת,קילוגרמים,1.00,"ק""ג",true,,39.90,39.9000,true,1,2030
7290009004311,false,מלון גולדן סוויט,אראל תוצרת חקלאית בע,IL,מלון גולדן סוויט,קילוגרמים,1.00,"ק""ג",true,,4.90,4.9000,true,1,52298
7290009004519,false,שום סולו 250 גרם,אראל תוצרת חקלאית בע,IL,שום סולו 250 גרם,גרמים,250.00,100 גרם,false,,9.90,3.9600,true,1,62503
7290009005004,false,תפוז סיני,,,תפוז סיני,קילוגרמים,1.00,"ק""ג",true,,9.90,9.9000,true,1,2458
7290009005059,false,תפוז ברשת,אראל תוצרת חקלאית בע,IL,תפוז ברשת,קילוגרמים,1.00,"ק""ג",true,,3.90,3.9000,true,1,2495
7290009005080,false,תפוז,אראל תוצרת חקלאית בע,IL,תפוז,קילוגרמים,1.00,"ק""ג",true,,4.90,4.9000,true,1,2497
7290009005165,false,קלמנטינה ברשת,אראל תוצרת חקלאית בע,IL,קלמנטינה ברשת,קילוגרמים,1.00,"ק""ג",true,,2.90,2.9000,true,1,17937
7290009005172,false,קלמנטינה,אראל תוצרת חקלאית בע,IL,קלמנטינה,קילוגרמים,1.00,"ק""ג",true,,4.90,4.9000,true,1,2499
7290009005196,false,אשכולית אדומה,אראל תוצרת חקלאית בע,IL,אשכולית אדומה,קילוגרמים,1.00,"ק""ג",true,,9.90,9.9000,true,1,2507
7290009005202,false,אשכולית לבנה,אראל תוצרת חקלאית בע,IL,אשכולית לבנה,קילוגרמים,1.00,"ק""ג",true,,9.90,9.9000,true,1,2513
7290009005226,false,פומלה,אראל תוצרת חקלאית בע,IL,פומלה,קילוגרמים,1.00,"ק""ג",true,,7.90,7.9000,true,1,2517
7290009005233,false,פומלה אדומה,אראל תוצרת חקלאית בע,IL,פומלה אדומה,קילוגרמים,1.00,"ק""ג",true,,6.90,6.9000,true,1,2520
7290009005301,false,לימון,אראל תוצרת חקלאית בע,IL,לימון,קילוגרמים,1.00,"ק""ג",true,,7.90,7.9000,true,1,2522
7290009005325,false,לימון ברשת,אראל תוצרת חקלאית בע,IL,לימון ברשת,קילוגרמים,1.00,"ק""ג",true,,6.90,6.9000,true,1,5530
7290009005387,false,תפוח עץ גולד רוז,אראל תוצרת חקלאית בע,IL,תפוח עץ גולד רוז,קילוגרמים,1.00,"ק""ג",true,,13.90,13.9000,true,1,54570
7290009005417,false,בננות,אראל תוצרת חקלאית בע,IL,בננות,קילוגרמים,1.00,"ק""ג",true,,6.90,6.9000,true,1,2554
7290009005615,false,אבוקדו,אראל תוצרת חקלאית בע,IL,אבוקדו,קילוגרמים,1.00,"ק""ג",true,,12.90,12.9000,true,1,2760
7290009005707,false,רימון,אראל תוצרת חקלאית בע,IL,רימון,קילוגרמים,1.00,"ק""ג",true,,6.90,6.9000,true,1,2777
7290009005806,false,חבושים,אראל תוצרת חקלאית בע,IL,חבושים,קילוגרמים,1.00,"ק""ג",true,,7.90,7.9000,true,1,2793
7290009005912,false,אבוקדו ברשת,אראל תוצרת חקלאית בע,IL,אבוקדו ברשת,קילוגרמים,1.00,"ק""ג",true,,8.90,8.9000,true,1,32635
7290009005950,false,אפרסק,אראל תוצרת חקלאית בע,IL,אפרסק,קילוגרמים,1.00,"ק""ג",true,,7.90,7.9000,true,1,7574
7290009006032,false,אגס נאשי,אראל תוצרת חקלאית בע,IL,אגס נאשי,קילוגרמים,1.00,"ק""ג",true,,9.90,9.9000,true,1,5527
7290009006049,false,אגס חום,אראל תוצרת חקלאית בע,IL,אגס חום,קילוגרמים,1.00,"ק""ג",true,,11.90,11.9000,true,1,2847
7290009006056,false,אגס אדום,אראל תוצרת חקלאית בע,IL,אגס אדום,קילוגרמים,1.00,"ק""ג",true,,11.90,11.9000,true,1,2849
7290009006063,false,אגס,אראל תוצרת חקלאית בע,IL,אגס,קילוגרמים,1.00,"ק""ג",true,,11.90,11.9000,true,1,2852
7290009006209,false,גויאבה,אראל תוצרת חקלאית בע,IL,גויאבה,קילוגרמים,1.00,"ק""ג",true,,9.90,9.9000,true,1,2870
7290009006308,false,קיווי,אראל תוצרת חקלאית בע,IL,קיווי,קילוגרמים,1.00,"ק""ג",true,,12.90,12.9000,true,1,2885
7290009006322,false,קוקוס יחידה,אראל תוצרת חקלאית בע,IL,קוקוס יחידה,Unknown,0.00,יחידה,false,,9.90,0.0000,true,1,5523
7290009006551,false,מנגו,אראל תוצרת חקלאית בע,IL,מנגו,קילוגרמים,1.00,"ק""ג",true,,9.90,9.9000,true,1,2961
7290009006803,false,אננס יחידה,אראל תוצרת חקלאית בע,IL,אננס יחידה,Unknown,0.00,יחידה,false,,24.90,0.0000,true,1,3074
7290009006810,false,אפרסמון,אראל תוצרת חקלאית בע,IL,אפרסמון,קילוגרמים,1.00,"ק""ג",true,,9.90,9.9000,true,1,3078
7290009007015,false,תפוח עץ סמיט,אראל תוצרת חקלאית בע,IL,תפוח עץ סמיט,קילוגרמים,1.00,"ק""ג",true,,9.90,9.9000,true,1,3130
7290009007039,false,תפוח עץ יונתן,אראל תוצרת חקלאית בע,IL,תפוח עץ יונתן,קילוגרמים,1.00,"ק""ג",true,,9.90,9.9000,true,1,3132
7290009007053,false,תפוח עץ גאלה,אראל תוצרת חקלאית בע,IL,תפוח עץ גאלה,קילוגרמים,1.00,"ק""ג",true,,9.90,9.9000,true,1,3138
7290009007077,false,תפוח עץ רשת,אראל תוצרת חקלאית בע,IL,תפוח עץ רשת,קילוגרמים,1.00,"ק""ג",true,,6.90,6.9000,true,1,5517
7290009007107,false,תפוח עץ ענה,אראל תוצרת חקלאית בע,IL,תפוח עץ ענה,קילוגרמים,1.00,"ק""ג",true,,7.90,7.9000,true,1,5520
7290009007138,false,תפוח עץ פינק,אראל תוצרת חקלאית בע,IL,תפוח עץ פינק,קילוגרמים,1.00,"ק""ג",true,,14.90,14.9000,true,1,53532
7290009007206,false,נקטרינה,אראל תוצרת חקלאית בע,IL,נקטרינה,קילוגרמים,1.00,"ק""ג",true,,7.90,7.9000,true,1,5529
7290009007503,false,ערמונים,אראל תוצרת חקלאית בע,IL,ערמונים,קילוגרמים,1.00,"ק""ג",true,,15.90,15.9000,true,1,3872
7290009007787,false,ענבים רד גלוב,אראל תוצרת חקלאית בע,IL,ענבים רד גלוב,קילוגרמים,1.00,"ק""ג",true,,9.90,9.9000,true,1,79370
7290009008302,false,ענבים לבנים,אראל תוצרת חקלאית בע,IL,ענבים לבנים,קילוגרמים,1.00,"ק""ג",true,,19.90,19.9000,true,1,3953
7290009008319,false,ענבים שחורים,אראל תוצרת חקלאית בע,IL,ענבים שחורים,קילוגרמים,1.00,"ק""ג",true,,16.90,16.9000,true,1,3954
7290009008418,false,שזיף אדום,אראל תוצרת חקלאית בע,IL,שזיף אדום,קילוגרמים,1.00,"ק""ג",true,,12.90,12.9000,true,1,4015
7290009008425,false,שזיף שגיב,אראל תוצרת חקלאית בע,IL,שזיף שגיב,קילוגרמים,1.00,"ק""ג",true,,9.90,9.9000,true,1,4019
7290009008562,false,שיזף,אראל תוצרת חקלאית בע,IL,שיזף,קילוגרמים,1.00,"ק""ג",true,,19.90,19.9000,true,1,43400
7290009008807,false,"מארז לימון כ 2.5 ק""ג",אראל תוצרת חקלאית בע,IL,"מארז לימון כ 2.5 ק""ג",פריט,2.50,"ק""ג",false,,16.90,6.7600,true,1,80511
7290009008814,false,"מארז אבוקדו כ 2.5 ק""",אראל תוצרת חקלאית בע,IL,"מארז אבוקדו כ 2.5 ק""",פריט,2.50,"ק""ג",false,,22.90,9.1600,true,1,80510
7290009068818,false,אגוז ברזיל טבעי במשק,דין שיווק,IL,אגוז ברזיל טבעי במשק,קילוגרמים,1.00,"ק""ג",true,,89.00,89.0000,true,1,5632
7290009068825,false,אגוז קלוף במשקל,דין שיווק,IL,אגוז קלוף במשקל,קילוגרמים,1.00,"ק""ג",true,,59.00,59.0000,true,1,5634
7290009068849,false,בוטן מסוכר במשקל,דין שיווק,IL,בוטן מסוכר במשקל,קילוגרמים,1.00,"ק""ג",true,,30.00,30.0000,true,1,5635
7290009068856,false,בוטן קלוי במשקל,דין שיווק,CN,בוטן קלוי במשקל,קילוגרמים,1.00,"ק""ג",true,,24.00,24.0000,true,1,5636
7290009068863,false,בונדוק טבעי במשקל,דין שיווק,TR,בונדוק טבעי במשקל,קילוגרמים,1.00,"ק""ג",true,,77.00,77.0000,true,1,5637
7290009068870,false,בונדוק קלוי במשקל,דין שיווק,TR,בונדוק קלוי במשקל,קילוגרמים,1.00,"ק""ג",true,,70.00,70.0000,true,1,5638
7290009068887,false,גרעין אבטיח קלוי במש,דין שיווק,IL,גרעין אבטיח קלוי במש,קילוגרמים,1.00,"ק""ג",true,,55.00,55.0000,true,1,5640
7290009068894,false,גרעין לבן קלוי במשקל,דין שיווק,IL,גרעין לבן קלוי במשקל,קילוגרמים,1.00,"ק""ג",true,,39.00,39.0000,true,1,5641
7290009068917,false,גרעין שחור קלוי במשק,דין שיווק,US,גרעין שחור קלוי במשק,קילוגרמים,1.00,"ק""ג",true,,19.00,19.0000,true,1,5642
7290009068955,false,גרעין חמניה קלוף טבע,דין שיווק,IL,גרעין חמניה קלוף טבע,קילוגרמים,1.00,"ק""ג",true,,39.00,39.0000,true,1,5644
7290009068962,false,מנצס במשקל,דין שיווק,CN,מנצס במשקל,קילוגרמים,1.00,"ק""ג",true,,47.00,47.0000,true,1,5645
7290009069006,false,פיסטוק ענק קלוי במשק,דין שיווק,US,פיסטוק ענק קלוי במשק,קילוגרמים,1.00,"ק""ג",true,,69.00,69.0000,true,1,5646
7290009069051,false,פקאן טבעי במשקל,דין שיווק,US,פקאן טבעי במשקל,קילוגרמים,1.00,"ק""ג",true,,119.00,119.0000,true,1,5647
7290009069068,false,פקאן סיני במשקל,דין שיווק,IL,פקאן סיני במשקל,קילוגרמים,1.00,"ק""ג",true,,115.00,115.0000,true,1,5648
7290009069075,false,צנובר במשקל,דין שיווק,CN,צנובר במשקל,קילוגרמים,1.00,"ק""ג",true,,195.00,195.0000,true,1,5649
7290009069112,false,קשיו קלוי במשקל,דין שיווק,VN,קשיו קלוי במשקל,קילוגרמים,1.00,"ק""ג",true,,69.00,69.0000,true,1,5661
7290009069129,false,שקד שבבים במשקל,דין שיווק,US,שקד שבבים במשקל,קילוגרמים,1.00,"ק""ג",true,,90.00,90.0000,true,1,5662
7290009069136,false,שקד בקליפה קלוי במשק,דין שיווק,IL,שקד בקליפה קלוי במשק,קילוגרמים,1.00,"ק""ג",true,,60.00,60.0000,true,1,5663
7290009069143,false,שקד טבעי ענק במשקל,דין שיווק,US,שקד טבעי ענק במשקל,קילוגרמים,1.00,"ק""ג",true,,85.00,85.0000,true,1,5664
7290009069150,false,שקד טבעי בקליפה במשק,דין שיווק,US,שקד טבעי בקליפה במשק,קילוגרמים,1.00,"ק""ג",true,,83.00,83.0000,true,1,5576
7290009069174,false,שקד מסוכר במשקל,דין שיווק,IL,שקד מסוכר במשקל,קילוגרמים,1.00,"ק""ג",true,,75.00,75.0000,true,1,5666
7290009069181,false,שקד ספרדי קלוי במשקל,דין שיווק,US,שקד ספרדי קלוי במשקל,קילוגרמים,1.00,"ק""ג",true,,90.00,90.0000,true,1,5665
7290009069235,false,חטיפים יפני במשקל,דין שיווק,TH,חטיפים יפני במשקל,קילוגרמים,1.00,"ק""ג",true,,65.00,65.0000,true,1,5668
7290009069242,false,בוטן אמריקאי במשקל,דין שיווק,IL,בוטן אמריקאי במשקל,קילוגרמים,1.00,"ק""ג",true,,26.00,26.0000,true,1,5669
7290009069259,false,קבוקים במשקל,דין שיווק,IL,קבוקים במשקל,קילוגרמים,1.00,"ק""ג",true,,26.00,26.0000,true,1,5670
7290009069266,false,בוטן בקליפה במשקל,דין שיווק,IL,בוטן בקליפה במשקל,קילוגרמים,1.00,"ק""ג",true,,15.00,15.0000,true,1,5671
7290009069273,false,משמש במשקל,דין שיווק,TR,משמש במשקל,קילוגרמים,1.00,"ק""ג",true,,54.00,54.0000,true,1,5672
7290009069280,false,צימוק חום במשקל,דין שיווק,TR,צימוק חום במשקל,קילוגרמים,1.00,"ק""ג",true,,28.00,28.0000,true,1,5673
7290009069297,false,צימוק לבן ענק במשקל,דין שיווק,US,צימוק לבן ענק במשקל,קילוגרמים,1.00,"ק""ג",true,,44.00,44.0000,true,1,5674
7290009069303,false,צימוק לבן במשקל,דין שיווק,US,צימוק לבן במשקל,קילוגרמים,1.00,"ק""ג",true,,37.00,37.0000,true,1,5675
7290009069310,false,שזיף מיובש ענק במשקל,דין שיווק,AR,שזיף מיובש ענק במשקל,קילוגרמים,1.00,"ק""ג",true,,45.00,45.0000,true,1,5676
7290009069327,false,תאנים גדולות במשקל,דין שיווק,TR,תאנים גדולות במשקל,קילוגרמים,1.00,"ק""ג",true,,47.00,47.0000,true,1,5677
7290009069334,false,שזיף ללא גרעין במשקל,דין שיווק,AR,שזיף ללא גרעין במשקל,קילוגרמים,1.00,"ק""ג",true,,25.00,25.0000,true,1,5679
7290009069426,false,אננס פלחים במשקל,,,אננס פלחים במשקל,קילוגרמים,1.00,"ק""ג",true,,24.00,24.0000,true,1,5720
7290009069440,false,בננה ציפס במשקל,דין שיווק,PH,בננה ציפס במשקל,קילוגרמים,1.00,"ק""ג",true,,33.00,33.0000,true,1,5721
7290009069471,false,מנגו מיובש במשקל,דין שיווק,GH,מנגו מיובש במשקל,קילוגרמים,1.00,"ק""ג",true,,28.00,28.0000,true,1,5678
7290009069495,false,פאפיה במשקל,דין שיווק,TH,פאפיה במשקל,קילוגרמים,1.00,"ק""ג",true,,29.00,29.0000,true,1,59083
7290009069501,false,תמר מגהול ענק,דין שיווק,IL,תמר מגהול ענק,קילוגרמים,1.00,"ק""ג",true,,45.00,45.0000,true,1,5572
7290009069518,false,גינגר במשקל,דין שיווק,TH,גינגר במשקל,קילוגרמים,1.00,"ק""ג",true,,39.00,39.0000,true,1,59084
7290009069600,false,פירות תוצרת חוץ,דין שיווק,IL,פירות תוצרת חוץ,קילוגרמים,1.00,"ק""ג",true,,50.00,50.0000,true,1,5639
7290009069990,false,תבלינים בקבוצה 2 במש,נפטון,IL,תבלינים בקבוצה 2 במש,קילוגרמים,1.00,"ק""ג",true,,50.00,50.0000,true,1,5650
7290009077162,false,מלפפון/ירקות במשקל,דין שיווק,IL,מלפפון/ירקות במשקל,קילוגרמים,1.00,"ק""ג",true,,40.00,40.0000,true,1,20982
7290009077483,false,זית ירוק במשקל,דין שיווק,GR,זית ירוק במשקל,קילוגרמים,1.00,"ק""ג",true,,54.00,54.0000,true,1,20980
7290009077681,false,זית יווני במשקל,דין שיווק,GR,זית יווני במשקל,קילוגרמים,1.00,"ק""ג",true,,59.00,59.0000,true,1,20981
7290009090017,false,תבלינים בקבוצה 4 במש,נפטון,IL,תבלינים בקבוצה 4 במש,קילוגרמים,1.00,"ק""ג",true,,100.00,100.0000,true,1,5651
7290009951394,false,חלוה במשקל,אקאר,IL,חלוה במשקל,קילוגרמים,1.00,"ק""ג",true,,49.00,49.0000,true,1,7349
7290009951431,false,פירות טרופיים במשקל,דין שיווק,VN,פירות טרופיים במשקל,קילוגרמים,1.00,"ק""ג",true,,80.00,80.0000,true,1,5723
7290009951455,false,תבלינים / פלפל,,IL,תבלינים / פלפל,קילוגרמים,1.00,"ק""ג",true,,75.00,75.0000,true,1,17515
7290009951479,false,תערובת הבית,נפטון,IL,תערובת הבית,קילוגרמים,1.00,"ק""ג",true,,100.00,100.0000,true,1,12862
7290009953527,false,פיסטוק קלוי מיקס שקי,דין שיווק,US,פיסטוק קלוי מיקס שקי,קילוגרמים,1.00,"ק""ג",true,,69.00,69.0000,true,1,45180
7290010066001,false,טונה בשמן פילטונה 96,תעשיות פילטונה,IL,טונה בשמן פילטונה 96,גרמים,960.00,100 גרם,false,,29.90,3.1146,true,1,60427
7290010066599,false,טונה בשמן זית פילטונ,תעשיות פילטונה,IL,טונה בשמן זית פילטונ,גרמים,640.00,100 גרם,false,,27.90,4.3594,true,1,34253
7290010116980,false,שוקולית 850 גרם,שטראוס קפה בי.וי,IL,שוקולית 850 גרם,גרמים,850.00,100 גרם,false,,14.90,1.7529,true,1,3181
7290010117864,false,דוריטוס בטעם חריף אש,עלית,IL,דוריטוס בטעם חריף אש,גרמים,70.00,100 גרם,false,,3.20,4.5714,true,1,12044
7290010151752,false,יין דרימיה סהר 2017,חבל יתיר,IL,יין דרימיה סהר 2017,מיליליטרים,750.00,"100 מ""ל",false,,99.90,13.3200,true,1,71155
7290010151783,false,יין דרימיה סהר 2016,חבל יתיר,IL,יין דרימיה סהר 2016,מיליליטרים,750.00,"100 מ""ל",false,,99.90,13.3200,true,1,70212
7290010153725,false,קונפיטורה דובדבן מיה,מיה תעשיות מזון בעמ,IL,קונפיטורה דובדבן מיה,גרמים,340.00,100 גרם,false,,8.70,2.5588,true,1,13837
7290010153817,false,ריבת חלב מיה 400 גרם,מיה תעשיות מזון בעמ,IL,ריבת חלב מיה 400 גרם,גרמים,400.00,100 גרם,false,,9.90,2.4750,true,1,3204
7290010153848,false,פפריקה מתוקה בשמן מי,מיה תעשיות מזון בעמ,IL,פפריקה מתוקה בשמן מי,גרמים,80.00,100 גרם,false,,5.80,7.2500,true,1,3206
7290010153855,false,פפריקה מרוקאית בשמן,מיה תעשיות מזון בעמ,IL,פפריקה מרוקאית בשמן,גרמים,300.00,100 גרם,false,,14.90,4.9667,true,1,3207
7290010153862,false,פלפל שחור גרוס מיה 7,מיה תעשיות מזון בעמ,IL,פלפל שחור גרוס מיה 7,גרמים,70.00,100 גרם,false,,6.90,9.8571,true,1,3208
7290010153879,false,ריבת חלב בטעם שמנת מ,מיה תעשיות מזון בעמ,IL,ריבת חלב בטעם שמנת מ,גרמים,400.00,100 גרם,false,,9.90,2.4750,true,1,12471
7290010154005,false,סחוג תימני ביטון 250,תבליני ביטון,IL,סחוג תימני ביטון 250,גרמים,250.00,100 גרם,false,,13.50,5.4000,true,1,3211
7290010154012,false,לימון בלאדי ביטון 25,תבליני ביטון,IL,לימון בלאדי ביטון 25,גרמים,250.00,100 גרם,false,,13.50,5.4000,true,1,24153
7290010154029,false,אריסה מתוקה ביטון 25,תבליני ביטון,IL,אריסה מתוקה ביטון 25,גרמים,250.00,100 גרם,false,,13.50,5.4000,true,1,3212
7290010154265,false,פלפל צומה ביטון 250,תבליני ביטון,IL,פלפל צומה ביטון 250,גרמים,250.00,100 גרם,false,,13.50,5.4000,true,1,20361
7290010154678,false,אריסה חריף פיקנטי בי,תבליני ביטון,IL,אריסה חריף פיקנטי בי,גרמים,250.00,100 גרם,false,,13.50,5.4000,true,1,56207
7290010154685,false,שום כתוש ביטון 250 ג,תבליני ביטון,IL,שום כתוש ביטון 250 ג,גרמים,250.00,100 גרם,false,,13.50,5.4000,true,1,56208
7290010175819,false,חמאת בוטנים קלאסית ט,ניצה אס סיי,AR,חמאת בוטנים קלאסית ט,גרמים,510.00,100 גרם,false,,11.90,2.3333,true,1,3237
7290010175826,false,חמאת בוטנים שברי בוט,ניצה אס סיי,AR,חמאת בוטנים שברי בוט,גרמים,510.00,100 גרם,false,,11.90,2.3333,true,1,3238
7290010175840,false,לבבות דקל שלם טעים 4,אינאקספו,UY,לבבות דקל שלם טעים 4,גרמים,400.00,100 גרם,false,,11.50,2.8750,true,1,12027
7290010175857,false,לבבות דקל פרוס טעים,אינאקספו,UY,לבבות דקל פרוס טעים,גרמים,400.00,100 גרם,false,,8.90,2.2250,true,1,12026
7290010176212,false,תאי נודלס בטעם עוף ט,זיזיאנג גרין הום פוד,CN,תאי נודלס בטעם עוף ט,גרמים,65.00,100 גרם,false,,3.90,6.0000,true,1,8461
7290010176229,false,תאי נודלס בטעם בקר ט,זיזיאנג גרין הום פוד,CN,תאי נודלס בטעם בקר ט,גרמים,65.00,100 גרם,false,,3.90,6.0000,true,1,8464
7290010176236,false,תאי נודלס בטעם ירקות,זיזיאנג גרין הום פוד,CN,תאי נודלס בטעם ירקות,גרמים,65.00,100 גרם,false,,3.90,6.0000,true,1,8462
7290010176243,false,תאי נודלס בטעם סיני,זיזיאנג גרין הום פוד,CN,תאי נודלס בטעם סיני,גרמים,65.00,100 גרם,false,,3.90,6.0000,true,1,8463
7290010176793,false,סוכריות מיני רולים ט,גואנגדונג צאואן פוד,CN,סוכריות מיני רולים ט,גרמים,375.00,100 גרם,false,,15.90,4.2400,true,1,3246
7290010193288,false,קישקע גלאט עוף 500 ג,מ ב גלאט עוף למהדרין,IL,קישקע גלאט עוף 500 ג,גרמים,500.00,100 גרם,false,,14.90,2.9800,true,1,6626
7290010193318,false,המבורגר גלאט עוף 400,מ ב גלאט עוף למהדרין,IL,המבורגר גלאט עוף 400,גרמים,400.00,100 גרם,false,,21.90,5.4750,true,1,6625
7290010193325,false,קבב עגל גלאט עוף 400,מ ב גלאט עוף למהדרין,IL,קבב עגל גלאט עוף 400,גרמים,400.00,100 גרם,false,,21.90,5.4750,true,1,6624
7290010193448,false,פסטרמה רומנית ג.עוף,מ ב גלאט עוף למהדרין,IL,פסטרמה רומנית ג.עוף,גרמים,400.00,100 גרם,false,,29.90,7.4750,true,1,28160
7290010193523,false,פסטרמה מעודנת ג.עוף,מ ב גלאט עוף למהדרין,IL,פסטרמה מעודנת ג.עוף,גרמים,400.00,100 גרם,false,,21.90,5.4750,true,1,28167
7290010193530,false,נקניק קבנוס ג.עוף 18,מ ב גלאט עוף למהדרין,IL,נקניק קבנוס ג.עוף 18,גרמים,180.00,100 גרם,false,,12.90,7.1667,true,1,28163
7290010193608,false,מארז נקניקיות ג.עוף,מ ב גלאט עוף למהדרין,IL,מארז נקניקיות ג.עוף,גרמים,900.00,100 גרם,false,,19.90,2.2111,true,1,28165
7290010193615,false,מארז פסטרמה חזה הודו,מ ב גלאט עוף למהדרין,IL,מארז פסטרמה חזה הודו,גרמים,600.00,100 גרם,false,,22.90,3.8167,true,1,28168
7290010193806,false,נקניקיות עוף קפוא גל,גלאט עוף,IL,נקניקיות עוף קפוא גל,גרמים,400.00,100 גרם,false,,9.90,2.4750,true,1,28166
7290010193837,false,נגיסי עוף גלאט עוף 2,מ ב גלאט עוף למהדרין,IL,נגיסי עוף גלאט עוף 2,פריט,2.00,"ק""ג",false,,49.90,24.9500,true,1,31210
7290010193844,false,טבעות עוף גלאט עוף 1,מ ב גלאט עוף למהדרין,IL,טבעות עוף גלאט עוף 1,פריט,1.80,"ק""ג",false,,49.90,27.7222,true,1,31211
7290010193851,false,שניצל אמריקאי גלאט ע,מ ב גלאט עוף למהדרין,IL,שניצל אמריקאי גלאט ע,פריט,2.00,"ק""ג",false,,49.90,24.9500,true,1,31209
7290010193899,false,קישקע קמח מלא גלאט ע,מ ב גלאט עוף למהדרין,IL,קישקע קמח מלא גלאט ע,גרמים,500.00,100 גרם,false,,16.90,3.3800,true,1,32084
7290010193967,false,קישקע גלאט עוף 600 ג,מ ב גלאט עוף למהדרין,IL,קישקע גלאט עוף 600 ג,גרמים,600.00,100 גרם,false,,18.90,3.1500,true,1,37304
7290010193981,false,נקניק הודו ג.עוף 400,מ ב גלאט עוף למהדרין,IL,נקניק הודו ג.עוף 400,גרמים,400.00,100 גרם,false,,24.90,6.2250,true,1,52613
7290010237890,false,בירה היינקן ב.חוזר 5,טמפו,IL,בירה היינקן ב.חוזר 5,מיליליטרים,500.00,"100 מ""ל",false,,8.90,1.7800,true,1,23022
7290010253647,false,סוכריות גומילי תות מ,טופ גאם,IL,סוכריות גומילי תות מ,גרמים,500.00,100 גרם,false,,29.90,5.9800,true,1,41175
7290010259991,false,צנימים ויליפוד 250 ג,דן קייק,PT,צנימים ויליפוד 250 ג,גרמים,250.00,100 גרם,false,,5.90,2.3600,true,1,27358
7290010328093,false,ממרח חלוה אחוה 400 ג,אחדות ביחר לטחינה חל,IL,ממרח חלוה אחוה 400 ג,גרמים,400.00,100 גרם,false,,9.90,2.4750,true,1,3278
7290010328178,false,חלוה מסולסלת אחוה 25,אחדות ביחר לטחינה חל,IL,חלוה מסולסלת אחוה 25,גרמים,250.00,100 גרם,false,,10.90,4.3600,true,1,3279
7290010328239,false,טחינה מתובלת אחוה 50,אחדות ביחר לטחינה חל,IL,טחינה מתובלת אחוה 50,גרמים,500.00,100 גרם,false,,10.90,2.1800,true,1,3281
7290010328345,false,חטיף חלוה וניל אחוה,אחדות ביחר לטחינה חל,IL,חטיף חלוה וניל אחוה,גרמים,50.00,100 גרם,false,,1.60,3.2000,true,1,18303
7290010328468,false,חטיפי מיני חלוה אחוה,אחדות ביחר לטחינה חל,IL,חטיפי מיני חלוה אחוה,גרמים,216.00,100 גרם,false,,9.80,4.5370,true,1,35885
7290010328505,false,חטיפי מיני חלוה ללא,אחדות ביחר לטחינה חל,IL,חטיפי מיני חלוה ללא,גרמים,150.00,100 גרם,false,,9.80,6.5333,true,1,35886
7290010328680,false,עוגת שוקולד ציפס מרי,אחדות ביחר לטחינה חל,IL,עוגת שוקולד ציפס מרי,גרמים,450.00,100 גרם,false,,9.80,2.1778,true,1,38241
7290010328710,false,קצפיות אחוה 180 גרם,אחדות ביחר לטחינה חל,IL,קצפיות אחוה 180 גרם,גרמים,180.00,100 גרם,false,,8.50,4.7222,true,1,50830
7290010328727,false,ממרח שומשום עם שוקול,אחדות ביחר לטחינה חל,IL,ממרח שומשום עם שוקול,גרמים,400.00,100 גרם,false,,9.90,2.4750,true,1,45996
7290010328734,false,ממרח שומשום עם סילאן,אחדות ביחר לטחינה חל,IL,ממרח שומשום עם סילאן,גרמים,400.00,100 גרם,false,,9.90,2.4750,true,1,46829
7290010328765,false,חטיף חלוה שוקו וניל,אחדות ביחר לטחינה חל,IL,חטיף חלוה שוקו וניל,גרמים,50.00,100 גרם,false,,1.60,3.2000,true,1,51200
7290010328789,false,עוגת וניל אחדות 350,אחדות ביחר לטחינה חל,IL,עוגת וניל אחדות 350,גרמים,350.00,100 גרם,false,,6.50,1.8571,true,1,48952
7290010328796,false,עוגת שוקולד אחדות 35,אחדות ביחר לטחינה חל,IL,עוגת שוקולד אחדות 35,גרמים,350.00,100 גרם,false,,6.50,1.8571,true,1,48953
7290010328802,false,עוגת שוקולד ציפס אחד,אחדות ביחר לטחינה חל,IL,עוגת שוקולד ציפס אחד,גרמים,350.00,100 גרם,false,,6.50,1.8571,true,1,48954
7290010328819,false,ממרח שומשום עם שוקול,אחדות ביחר לטחינה חל,IL,ממרח שומשום עם שוקול,גרמים,400.00,100 גרם,false,,9.90,2.4750,true,1,49648
7290010328895,false,מאפין שוקולד אחוה 45,אחדות ביחר לטחינה חל,IL,מאפין שוקולד אחוה 45,גרמים,45.00,100 גרם,false,,1.30,2.8889,true,1,50271
7290010328901,false,מאפין וניל אחוה 45 ג,אחדות ביחר לטחינה חל,IL,מאפין וניל אחוה 45 ג,גרמים,45.00,100 גרם,false,,1.30,2.8889,true,1,51365
7290010471669,false,דנונה בר תות וקורנפל,שטראוס,IL,דנונה בר תות וקורנפל,גרמים,175.00,100 גרם,false,,4.30,2.4571,true,1,6009
7290010472307,false,מארז משקה גמדים תות,שטראוס,IL,מארז משקה גמדים תות,גרמים,800.00,100 גרם,false,,19.90,2.4875,true,1,49552
7290010472390,false,מארז דני שוקולד 8*12,שטראוס,IL,מארז דני שוקולד 8*12,קילוגרמים,1.00,ליטר,false,,14.90,14.9000,true,1,26750
7290010513703,false,צופסטיקס מזרח ומערב,גולין  פנגזו,CN,צופסטיקס מזרח ומערב,Unknown,0.00,יחידה,false,,6.40,0.0000,true,1,66400
7290010513727,false,פנקו פירורי לחם מזרח,קינגדאו גוניון פודס,CN,פנקו פירורי לחם מזרח,גרמים,200.00,100 גרם,false,,7.90,3.9500,true,1,65146
7290010561193,false,לחמניות נקניקיה ל.גל,"ל.ד בר אל בע""מ",IL,לחמניות נקניקיה ל.גל,גרמים,330.00,100 גרם,false,,4.90,1.4848,true,1,44578
7290010561216,false,פיתות ל.גלוטן בראל 5,"ל.ד בר אל בע""מ",IL,פיתות ל.גלוטן בראל 5,גרמים,420.00,100 גרם,false,,9.90,2.3571,true,1,45610
7290010561247,false,לחם ביתי ל.גלוטן ברא,"ל.ד בר אל בע""מ",IL,לחם ביתי ל.גלוטן ברא,גרמים,500.00,100 גרם,false,,4.90,0.9800,true,1,44577
7290010561278,false,לחמניות המבורגר ל.גל,"ל.ד בר אל בע""מ",IL,לחמניות המבורגר ל.גל,גרמים,370.00,100 גרם,false,,4.90,1.3243,true,1,44579
7290010608201,false,יין יפו מלבק  2019,יקב טרנקבל,IL,יין יפו מלבק  2019,מיליליטרים,750.00,"100 מ""ל",false,,89.90,11.9867,true,1,77439
7290010617180,false,מוצץ גדול סדרת פרחים,אריסטוקרט,,מוצץ גדול סדרת פרחים,Unknown,0.00,יחידה,false,,16.90,0.0000,true,1,5934
7290010617203,false,סינר האכלה לתינוק אר,אריסטוקרט,,סינר האכלה לתינוק אר,Unknown,0.00,יחידה,false,,11.90,0.0000,true,1,5940
7290010617241,false,מוצץ בינוני סדרת פרח,אריסטוקרט,,מוצץ בינוני סדרת פרח,Unknown,0.00,יחידה,false,,16.90,0.0000,true,1,3313
7290010617258,false,מוצץ קטן סדרת פרחים,אריסטוקרט,,מוצץ קטן סדרת פרחים,Unknown,0.00,יחידה,false,,16.90,0.0000,true,1,3314
7290010617555,false,כוס אימון מהפכנית לת,אריסטוקרט,,כוס אימון מהפכנית לת,Unknown,0.00,יחידה,false,,10.90,0.0000,true,1,5932
7290010617906,false,מברשת פרימיום לניקוי,אריסטוקרט,,מברשת פרימיום לניקוי,Unknown,0.00,יחידה,false,,12.90,0.0000,true,1,10246
7290010617913,false,בקבוק רחב לתינוק ארי,אריסטוקרט,,בקבוק רחב לתינוק ארי,Unknown,0.00,יחידה,false,,18.90,0.0000,true,1,10245
7290010650019,false,אנדיב - עולש,חוות פטריות תקוע,IL,אנדיב - עולש,Unknown,0.00,יחידה,false,,20.90,0.0000,true,1,7099
7290010650033,false,בצלי שאלוט 250 גרם מ,חוות פטריות תקוע,IL,בצלי שאלוט 250 גרם מ,גרמים,250.00,100 גרם,false,,7.90,3.1600,true,1,7100
7290010650828,false,פטריות שימגי,חוות פטריות תקוע,IL,פטריות שימגי,Unknown,0.00,יחידה,false,,13.90,0.0000,true,1,58193
7290010650996,false,פטריות שימגי חומות,חוות פטריות תקוע,IL,פטריות שימגי חומות,Unknown,0.00,יחידה,false,,13.90,0.0000,true,1,72550
7290010654567,false,גבינה פרמזן מגורדת,מחלבת כפר תבור,,גבינת פרמזן מגורדת 100 גרם מגורד,גרמים,100.00,100 גרם,false,1,11.90,11.9000,true,1,51655
7290010676712,false,פילה סול פאר הדג,,,פילה סול פאר הדג,פריט,1.00,"ק""ג",false,,27.90,27.9000,true,1,28527
7290010748877,false,קרם גוף אפקטיב קר לע,פישר מעבדות פרמצבטיו,IL,קרם גוף אפקטיב קר לע,מיליליטרים,700.00,"100 מ""ל",false,,23.90,3.4143,true,1,41263
7290010748891,false,קרם גוף אפקטיב קר לע,פישר מעבדות פרמצבטיו,IL,קרם גוף אפקטיב קר לע,מיליליטרים,700.00,"100 מ""ל",false,,23.90,3.4143,true,1,41264
7290010757893,false,"בורקס תפו""א ל.גלוטן",מאפיית ישראל חיפה,IL,"בורקס תפו""א ל.גלוטן",גרמים,500.00,100 גרם,false,,19.90,3.9800,true,1,75806
7290010757909,false,בורקס גבינה ל.גלוטן,מאפיית ישראל חיפה,IL,בורקס גבינה ל.גלוטן,גרמים,500.00,100 גרם,false,,19.90,3.9800,true,1,75804
7290010757916,false,בורקס פיצה ל.גלוטן א,מאפיית ישראל חיפה,IL,בורקס פיצה ל.גלוטן א,גרמים,500.00,100 גרם,false,,19.90,3.9800,true,1,75802
7290010757923,false,ריבועי בצק עלים ל.גל,מאפיית ישראל חיפה,IL,ריבועי בצק עלים ל.גל,פריט,450.00,"ק""ג",false,,19.90,0.0442,true,1,75803
7290010757930,false,מלוואח ל.גלוטן אריאל,מאפיית ישראל חיפה,IL,מלוואח ל.גלוטן אריאל,גרמים,500.00,100 גרם,false,,19.90,3.9800,true,1,75807
7290010757947,false,בורקס פטריות ל.גלוטן,מאפיית ישראל חיפה,IL,בורקס פטריות ל.גלוטן,גרמים,500.00,100 גרם,false,,19.90,3.9800,true,1,75805
7290010757961,false,ג'חנון ל.גלוטן אריאל,מאפיית ישראל חיפה,IL,ג'חנון ל.גלוטן אריאל,גרמים,450.00,100 גרם,false,,19.90,4.4222,true,1,75809
7290010759132,false,עוגיות אגוזים ללא סו,מאפיית ישראל חיפה,IL,עוגיות אגוזים ללא סו,גרמים,300.00,100 גרם,false,,12.90,4.3000,true,1,3340
7290010759163,false,עוגיות פריכות ללא סו,מאפיית ישראל חיפה,IL,עוגיות פריכות ללא סו,גרמים,300.00,100 גרם,false,,12.90,4.3000,true,1,3343
7290010760794,false,עוגיות שקד 350 גרם,מאפיית ישראל חיפה,IL,עוגיות שקד 350 גרם,גרמים,350.00,100 גרם,false,,12.90,3.6857,true,1,36680
7290010883356,false,כפפות אלוורה L סנו ס,Z H RUBBER,IL,כפפות אלוורה L סנו ס,Unknown,0.00,יחידה,false,,8.90,0.0000,true,1,3364
7290010883363,false,כפפות אלוורה S סנו ס,Z H RUBBER,IL,כפפות אלוורה S סנו ס,Unknown,0.00,יחידה,false,,8.90,0.0000,true,1,3365
7290010883370,false,כפפות אלוורה M סנו ס,Z H RUBBER,IL,כפפות אלוורה M סנו ס,Unknown,0.00,יחידה,false,,8.90,0.0000,true,1,3366
7290010931330,true,מטבוחה אחלה 500 גרם,שטראוס,IL,סלט מטבוחה 500 גרם,גרמים,500.00,100 גרם,false,1,13.90,2.7800,true,1,6003
7290010945146,false,קוטג 3% טרה 250 גרם,טרה,IL,קוטג 3% טרה 250 גרם,גרמים,250.00,100 גרם,false,,5.30,2.1200,true,1,3372
7290010945306,false,חלב 3% טרה 2 ליטר,טרה,IL,חלב 3% טרה 2 ליטר,קילוגרמים,2.00,ליטר,false,,11.50,5.7500,true,1,3375
7290010945450,false,גבינה 3% טרה 250 גרם,טרה,IL,גבינה 3% טרה 250 גרם,גרמים,250.00,100 גרם,false,,4.90,1.9600,true,1,3377
7290010984596,false,זית מנזלינו בני דרום,בני דרום,IL,זית מנזלינו בני דרום,גרמים,820.00,100 גרם,false,,7.90,0.9634,true,1,54727
7290010984602,false,זית סורי מבוקע בני ד,בני דרום,IL,זית סורי מבוקע בני ד,גרמים,820.00,100 גרם,false,,12.90,1.5732,true,1,54728
7290010984619,false,זית מבוקע בני דרום 8,בני דרום,IL,זית מבוקע בני דרום 8,גרמים,820.00,100 גרם,false,,9.90,1.2073,true,1,70786
7290010984640,false,מלפפון במלח קטן בני,בני דרום,IL,מלפפון במלח קטן בני,גרמים,820.00,100 גרם,false,,7.90,0.9634,true,1,54739
7290010984695,false,מלפפון בחומץ קטן בני,בני דרום,IL,מלפפון בחומץ קטן בני,גרמים,820.00,100 גרם,false,,7.90,0.9634,true,1,54735
7290010984794,false,פלפל שיפקה בני דרום,בני דרום,IL,פלפל שיפקה בני דרום,גרמים,820.00,100 גרם,false,,7.50,0.9146,true,1,61524
7290011017866,false,"קוקה קולה 330 מ""ל",קוקה קולה,IL,"קוקה קולה 330 מ""ל",מיליליטרים,330.00,"100 מ""ל",false,,4.90,1.4848,true,1,66614
7290011017873,false,קוקה קולה זירו 330 מ,קוקה קולה,IL,קוקה קולה זירו 330 מ,מיליליטרים,330.00,"100 מ""ל",false,,4.90,1.4848,true,1,66615
7290011018443,false,"פאנטה אורנג' 330 מ""ל",קוקה קולה,IL,"פאנטה אורנג' 330 מ""ל",מיליליטרים,330.00,"100 מ""ל",false,,4.90,1.4848,true,1,66617
7290011018832,false,מארז קוקה קולה 6*330,קוקה קולה,IL,מארז קוקה קולה 6*330,קילוגרמים,1.98,ליטר,false,,21.90,11.0606,true,1,46517
7290011018917,false,מארז קוקה קולה זירו,קוקה קולה,IL,מארז קוקה קולה זירו,קילוגרמים,1.98,ליטר,false,,21.90,11.0606,true,1,46516
7290011064099,false,טאפס פלפלים ממולאים,נטורל קייקס,IL,טאפס פלפלים ממולאים,גרמים,125.00,100 גרם,false,,16.90,13.5200,true,1,51692
7290011091057,false,פפריקה מתוקה פרג 500,תבליני הדור השלישי,IL,פפריקה מתוקה פרג 500,גרמים,500.00,100 גרם,false,,34.90,6.9800,true,1,4637
7290011091088,false,כורכום פרג 500 גרם,תבליני הדור השלישי,IL,כורכום פרג 500 גרם,גרמים,500.00,100 גרם,false,,34.90,6.9800,true,1,4635
7290011091095,false,חוואיג למרק פרג 500,תבליני הדור השלישי,IL,חוואיג למרק פרג 500,גרמים,500.00,100 גרם,false,,34.90,6.9800,true,1,4634
7290011091392,false,בהרט לקובה פרג 120 ג,תבליני הדור השלישי,IL,בהרט לקובה פרג 120 ג,גרמים,100.00,100 גרם,false,,16.90,16.9000,true,1,8107
7290011091507,false,פלפל שחור טחון פרג 1,תבליני הדור השלישי,IL,פלפל שחור טחון פרג 1,גרמים,100.00,100 גרם,false,,15.90,15.9000,true,1,4628
7290011091620,false,קימל טחון פרג 120 גר,תבליני הדור השלישי,IL,קימל טחון פרג 120 גר,גרמים,120.00,100 גרם,false,,15.90,13.2500,true,1,23357
7290011091637,false,פלפל אנגלי פרג 120 ג,תבליני הדור השלישי,IL,פלפל אנגלי פרג 120 ג,גרמים,120.00,100 גרם,false,,15.90,13.2500,true,1,13865
7290011091651,false,שום גבישי פרג 150 גר,תבליני הדור השלישי,IL,שום גבישי פרג 150 גר,גרמים,150.00,100 גרם,false,,16.90,11.2667,true,1,4615
7290011115166,false,תחליב נקה 7 לבנדר 1,אמיליה קוסמטיקס,IL,תחליב נקה 7 לבנדר 1,קילוגרמים,1.00,ליטר,false,,11.90,11.9000,true,1,3420
7290011115173,false,תחליב נקה 7 וניל שקד,אמיליה קוסמטיקס,IL,תחליב נקה 7 וניל שקד,קילוגרמים,1.00,ליטר,false,,11.90,11.9000,true,1,3421
7290011115203,false,סבון מוצק נקה 7 ורוד,גליל כימיקלים בעמ,IL,סבון מוצק נקה 7 ורוד,גרמים,400.00,100 גרם,false,,10.90,2.7250,true,1,3422
7290011115241,false,סבון מוצק נקה 7 ורד,גליל כימיקלים בעמ,IL,סבון מוצק נקה 7 ורד,גרמים,400.00,100 גרם,false,,10.90,2.7250,true,1,3423
7290011115258,false,סבון מוצק נקה 7 ירוק,גליל כימיקלים בעמ,IL,סבון מוצק נקה 7 ירוק,גרמים,400.00,100 גרם,false,,10.90,2.7250,true,1,3424
7290011115265,false,סבון מוצק נקה 7 לבנד,גליל כימיקלים בעמ,IL,סבון מוצק נקה 7 לבנד,גרמים,400.00,100 גרם,false,,10.90,2.7250,true,1,3425
7290011115401,false,סבון מוצק נקה 7 קמומ,סנו,IL,סבון מוצק נקה 7 קמומ,גרמים,400.00,100 גרם,false,,10.90,2.7250,true,1,7701
7290011126209,false,חליטת תפוח וקינמון ס,ויסוצקי,IL,חליטת תפוח וקינמון ס,Unknown,0.00,יחידה,false,,16.90,0.0000,true,1,37654
7290011126452,false,תה קמומיל נענע הגן ק,ויסוצקי,IL,תה קמומיל נענע הגן ק,גרמים,38.00,100 גרם,false,,16.90,44.4737,true,1,19031
7290011126469,false,תה קמומיל ודבש הגן ק,ויסוצקי,IL,תה קמומיל ודבש הגן ק,גרמים,38.00,100 גרם,false,,16.90,44.4737,true,1,29676
7290011126957,false,תה ירוק ארל גריי 25,ויסוצקי,IL,תה ירוק ארל גריי 25,גרמים,38.00,100 גרם,false,,21.90,57.6316,true,1,24221
7290011132583,false,מארז פפסי מקס 6*500,טמפו,IL,מארז פפסי מקס 6*500,קילוגרמים,3.00,ליטר,false,,16.90,5.6333,true,1,72203
7290011133375,false,מארז בירה שנדי אפרסק,טמפו,IL,מארז בירה שנדי אפרסק,קילוגרמים,1.98,ליטר,false,,24.90,12.5758,true,1,15017
7290011133450,false,פקדון בקבוק חוזר 500,,,פקדון בקבוק חוזר 500,Unknown,0.00,יחידה,false,,1.20,0.0000,true,1,22685
7290011133511,false,ארגז פלסטיק גולדסטאר,,,ארגז פלסטיק גולדסטאר,Unknown,0.00,יחידה,false,,24.00,0.0000,true,1,22686
7290011148959,false,פלפל טינקרבל מארז,מרינה,IL,פלפל טינקרבל מארז,Unknown,0.00,יחידה,false,,8.90,0.0000,true,1,26709
7290011154028,false,סירופ תפוע 1.2 ליטר,טעמי הגליל,IL,סירופ תפוע 1.2 ליטר,קילוגרמים,1.20,ליטר,false,,39.90,33.2500,true,1,3431
7290011154301,false,ממרח תמרים טעמי הגלי,טעמי הגליל,IL,ממרח תמרים טעמי הגלי,גרמים,450.00,גרם,false,,5.90,0.0131,true,1,4674
7290011154318,false,סילאן טבעי טעמי הגלי,טעמי הגליל,IL,סילאן טבעי 900 גרם ללא סוכר,גרמים,900.00,100 גרם,false,1,19.90,2.2111,true,1,46138
7290011164164,false,לקקן סודה טעמן 40 יח,גואנגדונג צאואן פוד,CN,לקקן סודה טעמן 40 יח,גרמים,310.00,100 גרם,false,,15.90,5.1290,true,1,3436
7290011164539,false,סוכריות פרוטמילה טופ,פאסין אס אי,BR,סוכריות פרוטמילה טופ,גרמים,600.00,100 גרם,false,,14.90,2.4833,true,1,3439
7290011164546,false,סוכריות פרוטמילה טופ,פאסין אס אי,BR,סוכריות פרוטמילה טופ,גרמים,600.00,100 גרם,false,,14.90,2.4833,true,1,3440
7290011174231,false,עוגת מוס גבינה אוכמנ,קפולסקי אדל בעמ,IL,עוגת מוס גבינה אוכמנ,גרמים,850.00,100 גרם,false,,59.90,7.0471,true,1,3450
7290011194215,false,דניאלה בננה 88 גרם,שטראוס,IL,דניאלה בננה 88 גרם,Unknown,0.00,יחידה,false,,3.90,0.0000,true,1,3464
7290011194246,false,קוטג 5% שטראוס 250 ג,שטראוס,IL,קוטג 5% שטראוס 250 ג,גרמים,250.00,100 גרם,false,,5.80,2.3200,true,1,3465
7290011240868,false,יין מוסקטו אדום מבעב,יקבי ציון,IL,יין מוסקטו אדום מבעב,מיליליטרים,750.00,"100 מ""ל",false,,24.90,3.3200,true,1,38071
7290011240905,false,יין מוסקטו לבן  מבעב,יקבי ציון,IL,יין מוסקטו לבן  מבעב,מיליליטרים,750.00,"100 מ""ל",false,,24.90,3.3200,true,1,38072
7290011249212,false,ופלים קראנץ' במילוי,,IL,ופלים קראנץ' במילוי,גרמים,200.00,100 גרם,false,,2.90,1.4500,true,1,79108
7290011253479,false,יין גוש עציון רבדים,יקב גוש עציון,IL,יין גוש עציון רבדים,מיליליטרים,750.00,"100 מ""ל",false,,159.90,21.3200,true,1,75770
7290011254070,false,פלפל שחור שקית מיה 5,מיה תעשיות מזון בעמ,IL,פלפל שחור שקית מיה 5,גרמים,50.00,100 גרם,false,,6.90,13.8000,true,1,20190
7290011254087,false,קינמון שקית מיה 80 ג,מיה תעשיות מזון בעמ,IL,קינמון שקית מיה 80 ג,גרמים,80.00,100 גרם,false,,3.90,4.8750,true,1,20191
7290011254094,false,כמון שקית מיה 80 גרם,מיה תעשיות מזון בעמ,IL,כמון שקית מיה 80 גרם,גרמים,80.00,100 גרם,false,,3.90,4.8750,true,1,20227
7290011254100,false,כורכום שקית מיה 80 ג,מיה תעשיות מזון בעמ,IL,כורכום שקית מיה 80 ג,גרמים,80.00,100 גרם,false,,3.90,4.8750,true,1,20192
7290011254117,false,פפריקה מתוקה שקית מי,מיה תעשיות מזון בעמ,IL,פפריקה מתוקה שקית מי,גרמים,80.00,100 גרם,false,,3.90,4.8750,true,1,20193
7290011254124,false,פפריקה חריפה שקית מי,מיה תעשיות מזון בעמ,IL,פפריקה חריפה שקית מי,גרמים,80.00,100 גרם,false,,3.90,4.8750,true,1,20194
7290011254131,false,אורגנו שקית מיה 20 ג,מיה תעשיות מזון בעמ,IL,אורגנו שקית מיה 20 ג,גרמים,20.00,100 גרם,false,,3.90,19.5000,true,1,20221
7290011254148,false,אבקת שום שקית מיה 80,מיה תעשיות מזון בעמ,IL,אבקת שום שקית מיה 80,גרמים,80.00,100 גרם,false,,6.90,8.6250,true,1,20195
7290011254155,false,מלח לימון שקית מיה 8,מיה תעשיות מזון בעמ,IL,מלח לימון שקית מיה 8,גרמים,100.00,100 גרם,false,,3.90,3.9000,true,1,20196
7290011254162,false,פלפל לבן שקית מיה 50,מיה תעשיות מזון בעמ,IL,פלפל לבן שקית מיה 50,גרמים,50.00,100 גרם,false,,6.90,13.8000,true,1,20197
7290011254179,false,גריל עוף שקית מיה 80,מיה תעשיות מזון בעמ,IL,גריל עוף שקית מיה 80,גרמים,80.00,100 גרם,false,,3.90,4.8750,true,1,20198
7290011254209,false,גבישי שום שקית מיה 8,מיה תעשיות מזון בעמ,IL,גבישי שום שקית מיה 8,גרמים,80.00,100 גרם,false,,6.90,8.6250,true,1,20223
7290011254247,false,מארז תן צאפ גלגלים 8,מיה תעשיות מזון בעמ,IL,מארז תן צאפ גלגלים 8,גרמים,120.00,100 גרם,false,,7.90,6.5833,true,1,3471
7290011312381,false,פטריות סטייק פורטובל,מרינה פטריות,IL,פטריות סטייק פורטובל,Unknown,0.00,יחידה,false,,10.90,0.0000,true,1,23352
7290011379018,false,מארז פטריות צמד חמד,מרינה פטריות,IL,מארז פטריות צמד חמד,Unknown,0.00,יחידה,false,,15.90,0.0000,true,1,12232
7290011417284,false,שום ארוז יח,אראל תוצרת חקלאית בע,IL,שום ארוז יח,Unknown,1.00,יחידה,false,,7.90,7.9000,true,1,52222
7290011442262,false,נוזל רצפות 4 ליטר,אלמוג דיל בעמ,IL,נוזל רצפות 4 ליטר,קילוגרמים,4.00,ליטר,false,,6.90,1.7250,true,1,43871
7290011442309,false,אקונומיקה קריסטל לימ,אלמוג דיל בעמ,IL,אקונומיקה קריסטל לימ,קילוגרמים,4.00,ליטר,false,,5.90,1.4750,true,1,35396
7290011442514,false,נוזל כלים ברייט לימו,אלמוג דיל בעמ,IL,נוזל כלים ברייט לימו,קילוגרמים,1.50,ליטר,false,,5.90,3.9333,true,1,45758
7290011442941,false,סבון נוזלי פיקס 3*50,אלמוג דיל בעמ,IL,סבון נוזלי פיקס 3*50,קילוגרמים,1.50,ליטר,false,,6.90,4.6000,true,1,67836
7290011447359,false,מטרנה מהדרין שלב 1 7,מטרנה,IL,מטרנה מהדרין שלב 1 7,גרמים,700.00,100 גרם,false,,46.90,6.7000,true,1,3493
7290011447373,false,מטרנה מהדרין שלב 2 7,מטרנה,IL,מטרנה מהדרין שלב 2 7,גרמים,700.00,100 גרם,false,,46.90,6.7000,true,1,3494
7290011457051,false,ליקר צאלו שוקולד 500,ישראליקר,IL,ליקר צאלו שוקולד 500,מיליליטרים,500.00,"100 מ""ל",false,,29.90,5.9800,true,1,33487
7290011489861,false,פתיבר בטעם וניל הדר,מגדנית הדר,IL,פתיבר בטעם וניל הדר,פריט,1.80,"ק""ג",false,,21.90,12.1667,true,1,66110
7290011499051,false,גבינת פטה כבשים 20%,מחלבות גד,IL,גבינת פטה כבשים 20%,גרמים,250.00,100 גרם,false,,23.90,9.5600,true,1,3513
7290011499358,false,גבינת פטה עיזים 20%,מחלבות גד,IL,גבינת פטה עיזים 20%,גרמים,200.00,100 גרם,false,,24.90,12.4500,true,1,23793
7290011499365,false,גבינה חלומי 24% גד 2,מחלבות גד,IL,גבינה חלומי 24% גד 2,גרמים,200.00,100 גרם,false,,18.90,9.4500,true,1,5613
7290011499419,false,גבינה במרקם שמנת טבע,מחלבות גד,IL,גבינה במרקם שמנת טבע,גרמים,200.00,100 גרם,false,,11.40,5.7000,true,1,22268
7290011499686,false,גבינה צפתית 5% גד 35,מחלבות גד,IL,גבינה צפתית 5% גד 35,גרמים,350.00,100 גרם,false,,19.90,5.6857,true,1,18080
7290011499723,true,גבינה בולגרית פרוסו,דשן,IL,בולגרית פרוסות 5% מהדרין 250 גרם,גרמים,250.00,100 גרם,false,1,25.90,10.3600,true,1,18079
7290011499730,false,גבינה בולגרית 5% גד,דשן,IL,גבינה בולגרית 5% גד,גרמים,250.00,100 גרם,false,,21.90,8.7600,true,1,18138
7290011499822,true,גבינה בולגרית מעודנ,דשן,IL,גבינה בולגרית 5% מעודנת 250 גרם,גרמים,250.00,100 גרם,false,1,21.90,8.7600,true,1,25597
7290011499846,false,גבינת ריקוטה פרסקה 9,מחלבות גד,IL,גבינת ריקוטה פרסקה 9,גרמים,300.00,100 גרם,false,,16.90,5.6333,true,1,24489
7290011501570,false,מיץ שזיפים פרון 946,,US,מיץ שזיפים פרון 946,מיליליטרים,946.00,"100 מ""ל",false,,14.90,1.5751,true,1,29053
7290011514839,false,ספוג רחצה 5 יח',,,ספוג רחצה 5 יח',Unknown,0.00,יחידה,false,,9.90,0.0000,true,1,18011
7290011515683,false,טילוני אקסטרים וניל,גלידות נסטלה,IL,טילוני אקסטרים וניל,גרמים,432.00,100 גרם,false,,23.90,5.5324,true,1,12474
7290011515911,false,שלגוני לייט נסטלה רי,גלידות נסטלה,IL,שלגוני לייט נסטלה רי,גרמים,312.00,100 גרם,false,,19.90,6.3782,true,1,12508
7290011518561,false,אקטימל תות דנונה 14*,שטראוס,IL,אקטימל תות דנונה 14*,קילוגרמים,1.40,ליטר,false,,28.90,20.6429,true,1,3519
7290011598211,false,תרסיס אנטי קאלק 4 ב-,סנו,IL,תרסיס אנטי קאלק 4 ב-,מיליליטרים,700.00,"100 מ""ל",false,,17.70,2.5286,true,1,3541
7290011598402,false,מרכך מקסימה מאסק 4 ל,סנו,IL,מרכך מקסימה מאסק 4 ל,קילוגרמים,4.00,ליטר,false,,16.90,4.2250,true,1,3547
7290011725006,false,פטרוזליה ברכת דוד,ברכת קטיף,IL,פטרוזליה ברכת דוד,Unknown,0.00,יחידה,false,,5.90,0.0000,true,1,68538
7290011725013,false,כוסברה ברכת דוד,ברכת קטיף,IL,כוסברה ברכת דוד,Unknown,0.00,יחידה,false,,5.90,0.0000,true,1,58323
7290011725020,false,שמיר ברכת דוד,ברכת קטיף,IL,שמיר ברכת דוד,Unknown,0.00,יחידה,false,,5.90,0.0000,true,1,30330
7290011725037,false,נענע ברכת דוד,ברכת קטיף,IL,נענע ברכת דוד,Unknown,0.00,יחידה,false,,5.90,0.0000,true,1,68539
7290011725044,false,סלרי ברכת דוד,ברכת קטיף,IL,סלרי ברכת דוד,Unknown,0.00,יחידה,false,,6.90,0.0000,true,1,68488
7290011725051,false,חסה ברכת דוד,ברכת קטיף,IL,חסה ברכת דוד,Unknown,0.00,יחידה,false,,6.90,0.0000,true,1,29464
7290011725136,false,דלעת ברכת דוד,ברכת קטיף,IL,דלעת ברכת דוד,Unknown,0.00,יחידה,false,,8.90,0.0000,true,1,78693
7290011725143,false,לבבות חסה ברכת דוד,ברכת קטיף,IL,לבבות חסה ברכת דוד,Unknown,0.00,יחידה,false,,12.90,0.0000,true,1,68536
7290011732172,false,סוכריות שרשרת טעמן 2,גואנגדונג צאואן פוד,CN,סוכריות שרשרת טעמן 2,גרמים,422.00,100 גרם,false,,15.90,3.7678,true,1,3548
7290011732189,false,סוכריות צמיד טעמן 48,גואנגדונג צאואן פוד,CN,סוכריות צמיד טעמן 48,גרמים,422.00,100 גרם,false,,15.90,3.7678,true,1,3549
7290011732264,false,סוכריות פירמידה טעמן,גואנגדונג צאואן פוד,CN,סוכריות פירמידה טעמן,גרמים,432.00,100 גרם,false,,15.90,3.6806,true,1,3552
7290011732271,false,סוכריות פירות טעמן 3,גואנגדונג צאואן פוד,CN,סוכריות פירות טעמן 3,גרמים,432.00,100 גרם,false,,15.90,3.6806,true,1,3553
7290011765392,false,שמפו כיף לילדים בוב,קוסמופארם,IL,שמפו כיף לילדים בוב,מיליליטרים,750.00,"100 מ""ל",false,,9.90,1.3200,true,1,3584
7290011765408,false,שמפו ומרכך כיף לילדי,קוסמופארם,IL,שמפו ומרכך כיף לילדי,מיליליטרים,750.00,"100 מ""ל",false,,9.90,1.3200,true,1,3585
7290011765415,false,מרכך כיף רוזמרין בוב,קוסמופארם,,מרכך כיף רוזמרין בוב,מיליליטרים,750.00,"100 מ""ל",false,,10.70,1.4267,true,1,3586
7290011765446,false,משחת אורביטול ילדים,טרופיקל דגיל,IL,משחת אורביטול ילדים,גרמים,70.00,100 גרם,false,,6.90,9.8571,true,1,3588
7290011800840,false,טחינה בלאדי רפי 400,צבר,IL,טחינה בלאדי רפי 400,גרמים,400.00,100 גרם,false,,14.90,3.7250,true,1,7897
7290011876388,false,קציצות עוף ובקר מאמא,תנובה גליל,IL,קציצות עוף ובקר מאמא,גרמים,600.00,100 גרם,false,,27.50,4.5833,true,1,28621
7290011877859,true,פותח סתימות סנו אינס,סנו,IL,סנו אינסטלטור,מיליליטרים,200.00,"100 מ""ל",false,1,9.90,4.9500,true,1,5779
7290011877866,false,אבקת מקסימה מאסק 6 ק,סנו,IL,אבקת מקסימה מאסק 6 ק,פריט,6.00,"ק""ג",false,,44.90,7.4833,true,1,5786
7290011931162,false,ממתיק נוזלי סוכרלוז,"סוכרזית בע""מ",IL,ממתיק נוזלי סוכרלוז,מיליליטרים,220.00,"100 מ""ל",false,,22.90,10.4091,true,1,24694
7290011947521,false,שמן זית כתית זיתא טע,זיתא,IL,שמן זית כתית זיתא טע,מיליליטרים,750.00,"100 מ""ל",false,,28.90,3.8533,true,1,68666
7290011977924,false,פסטה קרניים טעמן 500,מוטלו,TR,פסטה קרניים טעמן 500,גרמים,500.00,100 גרם,false,,3.90,0.7800,true,1,5963
7290012001994,false,חרדל דיזון גרגירים ר,ריין דיזון,FR,חרדל דיזון גרגירים ר,גרמים,350.00,100 גרם,false,,9.90,2.8286,true,1,15625
7290012025822,false,סלט סלק אסלי 400 גרם,סלטי שמיר 2006 בעמ,IL,סלט סלק אסלי 400 גרם,גרמים,400.00,100 גרם,false,,10.90,2.7250,true,1,15723
7290012025839,false,מטבוחה אסלי 400 גרם,סלטי שמיר 2006 בעמ,IL,מטבוחה אסלי 400 גרם,גרמים,400.00,100 גרם,false,,10.90,2.7250,true,1,15724
7290012071003,false,"משחה לתינוק ד""ר פישר",פישר מעבדות פרמצבטיו,IL,"משחה לתינוק ד""ר פישר",גרמים,200.00,100 גרם,false,,17.90,8.9500,true,1,64698
7290012116551,false,נוזל אנטי קאלק 4 ב-1,סנו,IL,נוזל אנטי קאלק 4 ב-1,קילוגרמים,2.00,ליטר,false,,17.90,8.9500,true,1,5765
7290012116612,false,מברשת אורביטול סופט,z h plastic,IL,מברשת אורביטול סופט,Unknown,0.00,יחידה,false,,9.90,0.0000,true,1,5804
7290012117039,false,נוזל 00 לאמבט 1 ליטר,סנו,IL,נוזל 00 לאמבט 1 ליטר,קילוגרמים,1.00,ליטר,false,,7.50,7.5000,true,1,5778
7290012117091,false,אבקת מקסימה סנסטיב 6,סנו,IL,אבקת מקסימה סנסטיב 6,פריט,6.00,"ק""ג",false,,44.90,7.4833,true,1,5787
7290012117275,false,"מילוי סנוקליר 750 מ""",סנו,IL,"מילוי סנוקליר 750 מ""",מיליליטרים,750.00,"100 מ""ל",false,,5.70,0.7600,true,1,5775
7290012117350,false,ריצפז פרש לילך 2 ליט,סנו,IL,ריצפז פרש לילך 2 ליט,קילוגרמים,2.00,ליטר,false,,16.90,8.4500,true,1,5768
7290012117411,false,גל רחצה קרמה מן במבו,קוסמופארם,IL,גל רחצה קרמה מן במבו,מיליליטרים,700.00,"100 מ""ל",false,,16.50,2.3571,true,1,5816
7290012117428,false,שמפו וגל רחצה לגבר ק,קוסמופארם,IL,שמפו וגל רחצה לגבר ק,מיליליטרים,700.00,"100 מ""ל",false,,16.50,2.3571,true,1,5817
7290012117435,false,גל רחצה קרמה מן אלוו,קוסמופארם,IL,גל רחצה קרמה מן אלוו,מיליליטרים,700.00,"100 מ""ל",false,,16.50,2.3571,true,1,5818
7290012117534,false,מרכך מקסימה סופר מרו,סנו,IL,מרכך מקסימה סופר מרו,קילוגרמים,1.00,ליטר,false,,17.50,17.5000,true,1,12193
7290012117541,false,מרכך מקסימה סופר מרו,סנו,IL,מרכך מקסימה סופר מרו,קילוגרמים,1.00,ליטר,false,,17.50,17.5000,true,1,12194
7290012117558,false,מרכך מקסימה סופר מרו,סנו,IL,מרכך מקסימה סופר מרו,קילוגרמים,1.00,ליטר,false,,17.50,17.5000,true,1,12195
7290012117732,false,מרכך מקסימה קול 4 לי,סנו,IL,מרכך מקסימה קול 4 לי,קילוגרמים,4.00,ליטר,false,,16.90,4.2250,true,1,23353
7290012117916,false,פותח סתימות סנו אינס,סנו,IL,פותח סתימות סנו אינס,קילוגרמים,1.00,ליטר,false,,26.70,26.7000,true,1,36403
7290012226991,false,נקניקיות עוף זוגלובק,זוגלובק,IL,נקניקיות עוף זוגלובק,פריט,1.50,"ק""ג",false,,24.90,16.6000,true,1,25243
7290012227592,false,מארז תה מעושן וחרמון,זוגלובק,IL,מארז תה מעושן וחרמון,גרמים,700.00,100 גרם,false,,25.90,3.7000,true,1,37203
7290012227608,false,מארז חרמון וברביקיו,זוגלובק,IL,מארז חרמון וברביקיו,גרמים,600.00,100 גרם,false,,25.90,4.3167,true,1,37202
7290012227615,false,נקניקיות עוף זוגלובק,זוגלובק,IL,נקניקיות עוף זוגלובק,גרמים,800.00,100 גרם,false,,23.90,2.9875,true,1,37201
7290012227622,false,פסטרמה בדבש זוגלובק,זוגלובק,IL,פסטרמה בדבש זוגלובק,גרמים,400.00,100 גרם,false,,18.90,4.7250,true,1,37200
7290012227738,false,סלמי תה מעושן זוגלוב,זוגלובק,IL,סלמי תה מעושן זוגלוב,גרמים,370.00,100 גרם,false,,19.90,5.3784,true,1,44642
7290012227769,false,פסטרמה ברביקיו זוגלו,זוגלובק,IL,פסטרמה ברביקיו זוגלו,גרמים,400.00,100 גרם,false,,18.90,4.7250,true,1,38681
7290012227776,false,פסטרמה הודו זוגלובק,זוגלובק,IL,פסטרמה הודו זוגלובק,גרמים,400.00,100 גרם,false,,18.90,4.7250,true,1,38682
7290012227783,false,נקניק תה מעושן זוגלו,זוגלובק,IL,נקניק תה מעושן זוגלו,גרמים,400.00,100 גרם,false,,17.90,4.4750,true,1,38683
7290012228261,false,נקניקיות ריינהולדס ק,זוגלובק,IL,נקניקיות ריינהולדס ק,גרמים,300.00,100 גרם,false,,19.90,6.6333,true,1,77382
7290012228278,false,נקניקיות ריינהולדס ב,זוגלובק,IL,נקניקיות ריינהולדס ב,גרמים,300.00,100 גרם,false,,19.90,6.6333,true,1,77383
7290012228407,false,נקניקיות ג'מבו זוגלו,זוגלובק,IL,נקניקיות ג'מבו זוגלו,פריט,1.50,"ק""ג",false,,32.90,21.9333,true,1,63835
7290012228612,false,מארז חרמון ברביקיו ו,זוגלובק,IL,מארז חרמון ברביקיו ו,גרמים,600.00,100 גרם,false,,28.90,4.8167,true,1,56184
7290012228629,false,נקניקיות עוף זוגלובק,זוגלובק,IL,נקניקיות עוף זוגלובק,גרמים,800.00,100 גרם,false,,23.90,2.9875,true,1,56182
7290012228766,false,קבנוס זוגלובק 120 גר,זוגלובק,IL,קבנוס זוגלובק 120 גר,גרמים,120.00,100 גרם,false,,9.90,8.2500,true,1,67874
7290012260827,false,שערות קדאיף מזאווי 4,ממתקי מזאוי,,שערות קדאיף מזאווי 4,גרמים,475.00,100 גרם,false,,13.90,2.9263,true,1,49374
7290012275401,false,"בירה מולר 500 מ""ל",הלניק בריויריס אוף א,GR,"בירה מולר 500 מ""ל",מיליליטרים,500.00,"100 מ""ל",false,,3.90,0.7800,true,1,32745
7290012295034,false,בזיליקום מהדרין,ברכת קטיף,IL,בזיליקום מהדרין,Unknown,0.00,יחידה,false,,6.90,0.0000,true,1,36627
7290012309311,false,ערמונים קלופים ששון,דין שיווק,IL,ערמונים קלופים ששון,גרמים,100.00,100 גרם,false,,4.90,4.9000,true,1,5741
7290012309366,false,אורז בסמטי הודי שקדי,,IN,אורז בסמטי הודי שקדי,פריט,5.00,"ק""ג",false,,39.90,7.9800,true,1,24796
7290012309878,false,חלוה פיסטוק ששון הקו,אקאר,IL,חלוה פיסטוק ששון הקו,גרמים,500.00,100 גרם,false,,12.90,2.5800,true,1,5736
7290012309939,false,חלוה מסולסלת ששון הק,אקאר,IL,חלוה מסולסלת ששון הק,גרמים,500.00,100 גרם,false,,13.90,2.7800,true,1,5735
7290012312595,false,יין גת שומרון 48 פטי,יקב גת,IL,יין גת שומרון 48 פטי,מיליליטרים,750.00,"100 מ""ל",false,,199.90,26.6533,true,1,77840
7290012313585,false,זית טבעות ירוק בני ד,בני דרום,IL,זית טבעות ירוק בני ד,פריט,1.25,"ק""ג",false,,16.90,13.5200,true,1,68164
7290012313820,false,רוטב צ'ילי מתוק בני,בני דרום,IL,רוטב צ'ילי מתוק בני,מיליליטרים,500.00,"100 מ""ל",false,,10.90,2.1800,true,1,80309
7290012313837,false,רוטב סויה בני דרום 5,בני דרום,IL,רוטב סויה בני דרום 5,מיליליטרים,500.00,"100 מ""ל",false,,10.90,2.1800,true,1,80310
7290012313844,false,רוטב אלף האיים בני ד,בני דרום,IL,רוטב אלף האיים בני ד,מיליליטרים,500.00,"100 מ""ל",false,,10.90,2.1800,true,1,80311
7290012335006,false,סוכריות רול מיני  טע,גואנגדונג צאואן פוד,CN,סוכריות רול מיני  טע,גרמים,326.00,100 גרם,false,,15.90,4.8773,true,1,5975
7290012335020,false,סוכריות סודה שעון  ט,גואנגדונג צאואן פוד,CN,סוכריות סודה שעון  ט,גרמים,420.00,100 גרם,false,,15.90,3.7857,true,1,5973
7290012359033,false,"דבש מן הטבע 1.5 ק""ג",מכוורת עמק חפר,IL,"דבש מן הטבע 1.5 ק""ג",פריט,1.50,"ק""ג",false,,49.90,33.2667,true,1,50722
7290012359606,false,דבש מן הטבע 700 גרם,מכוורת עמק חפר,IL,דבש מן הטבע 700 גרם,גרמים,700.00,100 גרם,false,,24.90,3.5571,true,1,50714
7290012359613,false,דבש לחיץ מן הטבע 500,מכוורת עמק חפר,IL,דבש לחיץ מן הטבע 500,גרמים,500.00,100 גרם,false,,19.90,3.9800,true,1,50715
7290012413643,false,תה ירוק קמומיל 25 שק,ויסוצקי,IL,תה ירוק קמומיל 25 שק,גרמים,38.00,100 גרם,false,,21.90,57.6316,true,1,27469
7290012439155,false,פתיבר צבעוני גלילית,הגביע מוצרי ופלים,IL,פתיבר צבעוני גלילית,פריט,1.75,"ק""ג",false,,19.90,11.3714,true,1,78073
7290012483011,false,פולי סויה אדממה וילי,קו אל טי די קיאוניונ,CN,פולי סויה אדממה וילי,פריט,1.00,"ק""ג",false,,9.90,9.9000,true,1,48513
7290012522581,false,שניצל תירס ל.גלוטן ט,טבעול ישראל,IL,שניצל תירס ל.גלוטן ט,גרמים,664.00,100 גרם,false,,19.90,2.9970,true,1,23830
7290012561313,false,בצל קצוץ מטוגן דורות,אסם,IL,בצל קצוץ מטוגן דורות,גרמים,400.00,100 גרם,false,,16.90,4.2250,true,1,64259
7290012576607,false,יין פרימייר קברנה סו,יקבי ברקן,IL,יין פרימייר קברנה סו,מיליליטרים,750.00,"100 מ""ל",false,,25.90,3.4533,true,1,34311
7290012602665,false,דבש הכוורת 350 גרם,מכוורת דבורים שחר,IL,דבש הכוורת 350 גרם,גרמים,350.00,100 גרם,false,,8.90,2.5429,true,1,48500
7290012602832,false,דבש לחיץ טהור מפרחי,מושב צרופה,IL,דבש לחיץ טהור מפרחי,פריט,1.15,"ק""ג",false,,44.90,39.0435,true,1,79293
7290012645112,false,משקה יוגורט עיזים חל,חלב הארץ,IL,משקה יוגורט עיזים חל,מיליליטרים,750.00,"100 מ""ל",false,,17.90,2.3867,true,1,58072
7290012645129,false,משקה יוגורט כבשים חל,חלב הארץ,IL,משקה יוגורט כבשים חל,מיליליטרים,750.00,"100 מ""ל",false,,17.90,2.3867,true,1,58073
7290012724817,false,נענע יח',מרינה,IL,נענע יח',Unknown,0.00,יחידה,false,,3.90,0.0000,true,1,63702
7290012724824,false,שמיר יח,מרינה,IL,שמיר יח,Unknown,0.00,יחידה,false,,3.90,0.0000,true,1,63703
7290012724831,false,כוסברה ארוז,מרינה,IL,כוסברה ארוז,Unknown,0.00,יחידה,false,,3.90,0.0000,true,1,63651
7290012724848,false,פטרוזיליה יח,מרינה,IL,פטרוזיליה יח,Unknown,0.00,יחידה,false,,3.90,0.0000,true,1,63648
7290012738524,false,מצות חמץ כוסמין יהוד,מצות יהודה,IL,מצות חמץ כוסמין יהוד,גרמים,300.00,100 גרם,false,,23.90,7.9667,true,1,34977
7290012738807,false,ביסקוויט ספארי יהודה,מצות יהודה,IL,ביסקוויט ספארי יהודה,פריט,1.20,"ק""ג",false,,19.90,16.5833,true,1,21925
7290012738845,false,עוגיות/ביסקויט בטעמי,מצות יהודה,IL,עוגיות/ביסקויט בטעמי,פריט,1.20,"ק""ג",false,,19.90,16.5833,true,1,21923
7290012803451,false,שוקולד מריר 62% ללא,,TR,שוקולד מריר 62% ללא,גרמים,100.00,100 גרם,false,,8.90,8.9000,true,1,76031
7290012803765,false,שוקולד מריר ללא סוכר,,TR,שוקולד מריר ללא סוכר,גרמים,100.00,100 גרם,false,,8.90,8.9000,true,1,76032
7290012803789,false,שוקולד מריר ואגוזים,,TR,שוקולד מריר ואגוזים,גרמים,100.00,100 גרם,false,,8.90,8.9000,true,1,76033
7290012823251,false,אל סבון כיף יסמין לב,סנו,IL,אל סבון כיף יסמין לב,קילוגרמים,1.00,ליטר,false,,9.90,9.9000,true,1,45569
7290012823343,false,משחת אורביטול ילדים,טרופיקל דגיל,IL,משחת אורביטול ילדים,גרמים,70.00,100 גרם,false,,6.90,9.8571,true,1,66733
7290012823381,false,מרכך מקסימה סופר מרו,סנו,IL,מרכך מקסימה סופר מרו,קילוגרמים,1.00,ליטר,false,,17.50,17.5000,true,1,15098
7290012823558,false,מטליות לחות לרצפה סנ,דינאמיק,IL,מטליות לחות לרצפה סנ,Unknown,0.00,יחידה,false,,9.90,0.0000,true,1,15117
7290012823794,false,אלסבון כיף יסמין לבנ,קוסמופארם,IL,אלסבון כיף יסמין לבנ,קילוגרמים,2.00,ליטר,false,,13.90,6.9500,true,1,15094
7290012823916,false,גל מקסימה קריסטל 5 ל,סנו,IL,גל מקסימה קריסטל 5 ל,קילוגרמים,5.00,ליטר,false,,41.90,8.3800,true,1,34428
7290012881589,false,מטהר מגיק אורנים 300,סאסאטק,IL,מטהר מגיק אורנים 300,מיליליטרים,300.00,"100 מ""ל",false,,3.90,1.3000,true,1,35615
7290012881817,false,מטהר מגיק לימון 300,סאסאטק,IL,מטהר מגיק לימון 300,מיליליטרים,300.00,"100 מ""ל",false,,3.90,1.3000,true,1,35617
7290012881824,false,מטהר מגיק לבנדר 300,סאסאטק,IL,מטהר מגיק לבנדר 300,מיליליטרים,300.00,"100 מ""ל",false,,3.90,1.3000,true,1,35616
7290012929779,false,פסטה ספירלה מחיטה מל,מוטלו,TR,פסטה ספירלה מחיטה מל,גרמים,500.00,100 גרם,false,,3.90,0.7800,true,1,15075
7290012929786,false,פסטה צינורות מחיטה מ,מוטלו,TR,פסטה צינורות מחיטה מ,גרמים,500.00,100 גרם,false,,3.90,0.7800,true,1,15076
7290012929793,false,ספגטי חיטה מלאה טעמן,מוטלו,TR,ספגטי חיטה מלאה טעמן,גרמים,500.00,100 גרם,false,,3.90,0.7800,true,1,15077
7290012929960,false,מארז טונה בשמן טעמן,דיאמוד פוד פרודקט סי,TH,מארז טונה בשמן טעמן,גרמים,420.00,100 גרם,false,,14.90,3.5476,true,1,15059
7290013010001,false,עגבניות מרוסקות מבור,זנלכל,IL,עגבניות מרוסקות מבור,גרמים,240.00,100 גרם,false,,5.50,2.2917,true,1,12317
7290013010018,false,רוטב לפסטה מבורך 240,זנלכל,IL,רוטב לפסטה מבורך 240,גרמים,240.00,100 גרם,false,,5.50,2.2917,true,1,12320
7290013010025,false,רוטב לפיצה מבורך 240,זנלכל,IL,רוטב לפיצה מבורך 240,גרמים,240.00,100 גרם,false,,5.50,2.2917,true,1,12319
7290013010032,false,רוטב לשקשוקה מבורך 2,זנלכל,IL,רוטב לשקשוקה מבורך 2,גרמים,240.00,100 גרם,false,,5.50,2.2917,true,1,12318
7290013010094,false,רוטב בולונז מבורך 24,זנלכל,IL,רוטב בולונז מבורך 24,גרמים,240.00,100 גרם,false,,5.50,2.2917,true,1,21216
7290013010322,false,עגבניות שלמות מבורך,זנלכל,IL,עגבניות שלמות מבורך,גרמים,800.00,100 גרם,false,,9.90,1.2375,true,1,49615
7290013010339,false,עגבניות מרוסקות עם ב,זנלכל,IL,עגבניות מרוסקות עם ב,גרמים,800.00,100 גרם,false,,9.90,1.2375,true,1,49618
7290013010353,false,עגבניות מרוסקות עם ב,זנלכל,IL,עגבניות מרוסקות עם ב,גרמים,800.00,100 גרם,false,,9.90,1.2375,true,1,49617
7290013027399,false,לחם קל קמח מלא ושיפו,מאפית אנגל,IL,לחם קל קמח מלא ושיפו,גרמים,750.00,100 גרם,false,,12.90,1.7200,true,1,58414
7290013031112,false,שמן תירס וקנולה שוקח,סאן אויל,IL,שמן תירס וקנולה שוקח,קילוגרמים,2.80,ליטר,false,,31.90,11.3929,true,1,23991
7290013080127,false,מארז באפי 20*10 גרם,א מ חטיפי העמק בעמ,,מארז באפי 20*10 גרם,גרמים,200.00,100 גרם,false,1,8.90,4.4500,true,1,49681
7290013080295,false,מארז באגסי ברביקיו 2,א מ חטיפי העמק בעמ,IL,מארז באגסי ברביקיו 2,גרמים,400.00,100 גרם,false,,8.90,2.2250,true,1,17804
7290013080301,false,מארז באגסי גריל 20*2,א מ חטיפי העמק בעמ,IL,מארז באגסי גריל 20*2,גרמים,400.00,100 גרם,false,,8.90,2.2250,true,1,17805
7290013080318,false,מארז באגסי פלאפל 20*,א מ חטיפי העמק בעמ,,מארז באגסי פלאפל 20*,גרמים,400.00,100 גרם,false,,8.90,2.2250,true,1,17806
7290013080479,false,מארז באגסי בצל 20*20,א מ חטיפי העמק בעמ,IL,מארז באגסי בצל 20*20,גרמים,400.00,100 גרם,false,,8.90,2.2250,true,1,28403
7290013080486,false,מארז באגסי פיצה 20*2,א מ חטיפי העמק בעמ,IL,מארז באגסי פיצה 20*2,גרמים,400.00,100 גרם,false,,8.90,2.2250,true,1,28402
7290013080585,false,מארז מקלוני תירס 20*,א מ חטיפי העמק בעמ,IL,מארז מקלוני תירס 20*,גרמים,340.00,100 גרם,false,,8.90,2.6176,true,1,49679
7290013117212,false,בורקס פילו גבינה מעד,מעדנות,IL,בורקס פילו גבינה מעד,גרמים,600.00,100 גרם,false,,18.90,3.1500,true,1,18201
7290013117229,false,בורקס פילו תפוא מעדנ,מעדנות,IL,בורקס פילו תפוא מעדנ,גרמים,600.00,100 גרם,false,,18.90,3.1500,true,1,18202
7290013117410,false,בצק פריך מתוק מעדנות,מעדנות,IL,בצק פריך מתוק מעדנות,גרמים,900.00,100 גרם,false,,19.90,2.2111,true,1,19992
7290013117427,false,בצק פריך מלוח מעדנות,מעדנות,IL,בצק פריך מלוח מעדנות,גרמים,900.00,100 גרם,false,,19.90,2.2111,true,1,19991
7290013117526,false,בצק שמרים עלים מעדנו,מעדנות,IL,בצק שמרים עלים מעדנו,גרמים,900.00,100 גרם,false,,19.90,2.2111,true,1,26492
7290013195036,false,רולדה פיש וויט (דמוי,,,רולדה פיש וויט (דמוי,גרמים,800.00,100 גרם,false,,37.90,4.7375,true,1,76632
7290013195296,false,רולדה וייט פיש רוזנר,,,רולדה וייט פיש רוזנר,גרמים,500.00,100 גרם,false,,29.90,5.9800,true,1,38758
7290013220042,false,מיקס טרופי קפוא 500,א.מ שרון,PL,מיקס טרופי קפוא 500,גרמים,500.00,100 גרם,false,,14.90,2.9800,true,1,61303
7290013220103,false,דובדבן קפוא 500 גרם,א.מ שרון,PL,דובדבן קפוא 500 גרם,גרמים,500.00,100 גרם,false,,14.90,2.9800,true,1,61297
7290013220882,false,פסיפלורה 500 גרם,א.מ שרון,PL,פסיפלורה 500 גרם,גרמים,500.00,100 גרם,false,,14.90,2.9800,true,1,75997
7290013220899,false,תות שדה קפוא 500 גרם,א.מ שרון,PL,תות שדה קפוא 500 גרם,גרמים,500.00,100 גרם,false,,14.90,2.9800,true,1,61306
7290013220929,false,אוכמניות כחולות קפוא,א.מ שרון,PL,אוכמניות כחולות קפוא,גרמים,400.00,100 גרם,false,,14.90,3.7250,true,1,61307
7290013221001,false,חתיכות אננס קפוא 500,א.מ שרון,PL,חתיכות אננס קפוא 500,גרמים,500.00,100 גרם,false,,14.90,2.9800,true,1,61308
7290013221018,false,חתיכות מנגו קפוא 500,א.מ שרון,PL,חתיכות מנגו קפוא 500,גרמים,500.00,100 גרם,false,,14.90,2.9800,true,1,61309
7290013224927,false,אקונומיקה מגיק סמיכה,סאסאטק,IL,אקונומיקה מגיק סמיכה,קילוגרמים,4.00,ליטר,false,,9.90,2.4750,true,1,45083
7290013268020,false,מרכך מקסימה סופר מרו,סנו,IL,מרכך מקסימה סופר מרו,קילוגרמים,1.00,ליטר,false,,17.50,17.5000,true,1,15096
7290013268440,false,מברשת אורביטול ילדים,סנו,IL,מברשת אורביטול ילדים,Unknown,0.00,יחידה,false,,16.90,0.0000,true,1,43843
7290013268839,false,פוליויקס פרקט מלון ח,סנו,IL,פוליויקס פרקט מלון ח,קילוגרמים,2.00,ליטר,false,,19.90,9.9500,true,1,58118
7290013268884,false,ריצפז פרש מאסק 2 ליט,סנו,IL,ריצפז פרש מאסק 2 ליט,קילוגרמים,2.00,ליטר,false,,16.90,8.4500,true,1,17449
7290013268938,false,סבון אסלה סנובון סופ,NICOLS,IL,סבון אסלה סנובון סופ,גרמים,165.00,100 גרם,false,,10.70,6.4848,true,1,21259
7290013268983,false,מרכך מקסימה סופר מרו,סנו,IL,מרכך מקסימה סופר מרו,קילוגרמים,1.00,ליטר,false,,17.50,17.5000,true,1,74159
7290013268990,false,מרכך מקסימה סופר מרו,סנו,IL,מרכך מקסימה סופר מרו,קילוגרמים,1.00,ליטר,false,,17.50,17.5000,true,1,56449
7290013269003,false,מרכך מקסימה סופר מרו,סנו,IL,מרכך מקסימה סופר מרו,קילוגרמים,1.00,ליטר,false,,17.50,17.5000,true,1,30180
7290013269621,false,ריצפז פרש הום בניחוח,סנו,IL,ריצפז פרש הום בניחוח,קילוגרמים,2.00,ליטר,false,,19.70,9.8500,true,1,58891
7290013269669,false,ריצפז פנטזיה 3 ליטר,סנו,IL,ריצפז פנטזיה 3 ליטר,קילוגרמים,3.00,ליטר,false,,7.90,2.6333,true,1,25347
7290013269911,false,תרסיס קוטל K333 זוחל,סנו,IL,תרסיס קוטל K333 זוחל,מיליליטרים,750.00,"100 מ""ל",false,,26.90,3.5867,true,1,21904
7290013302236,false,פסטה פרפלה טעמן 500,מוטלו,TR,פסטה פרפלה טעמן 500,גרמים,500.00,100 גרם,false,,3.90,0.7800,true,1,17316
7290013302748,false,סוכריות זיסי טופי ממ,פאסין אס אי,BR,סוכריות זיסי טופי ממ,גרמים,600.00,100 גרם,false,,14.90,2.4833,true,1,19324
7290013358035,false,שקדי מרק מנה 800 גרם,מנה,IL,שקדי מרק מנה 800 גרם,גרמים,800.00,100 גרם,false,,11.90,1.4875,true,1,18865
7290013358417,false,רוטב טריאקי מאסטר שף,קי אר אס ספייסי פוד,,רוטב טריאקי מאסטר שף,גרמים,300.00,100 גרם,false,,7.90,2.6333,true,1,42977
7290013358462,false,מיני קרוטונים למרק ש,עינת,IL,מיני קרוטונים למרק ש,גרמים,350.00,100 גרם,false,,17.90,5.1143,true,1,32276
7290013358530,false,רוטב צילי מתוק מאסטר,קי אר אס ספייסי פוד,,רוטב צילי מתוק מאסטר,גרמים,700.00,100 גרם,false,,11.90,1.7000,true,1,42979
7290013358547,false,רוטב צילי חריף מאסטר,קי אר אס ספייסי פוד,,רוטב צילי חריף מאסטר,גרמים,700.00,100 גרם,false,,11.90,1.7000,true,1,42980
7290013424914,false,אפרסק פלחים קפוא פיל,א.מ שרון,PL,אפרסק פלחים קפוא פיל,גרמים,500.00,100 גרם,false,,11.90,2.3800,true,1,71393
7290013424921,false,קיווי פרוסות קפוא פי,א.מ שרון,PL,קיווי פרוסות קפוא פי,גרמים,500.00,100 גרם,false,,11.90,2.3800,true,1,71394
7290013424945,false,מנגו קפוא פילד גוד 5,א.מ שרון,PL,מנגו קפוא פילד גוד 5,גרמים,500.00,100 גרם,false,,11.90,2.3800,true,1,71896
7290013424952,false,אננס קפוא פילד גוד 5,א.מ שרון,PL,אננס קפוא פילד גוד 5,גרמים,500.00,100 גרם,false,,11.90,2.3800,true,1,72376
7290013424976,false,תות שדה קפוא פילד גו,א.מ שרון,PL,תות שדה קפוא פילד גו,גרמים,500.00,100 גרם,false,,11.90,2.3800,true,1,71396
7290013440648,false,שלגוני שרבט אבטיח 5,גלידות נסטלה,IL,שלגוני שרבט אבטיח 5,גרמים,468.00,100 גרם,false,,16.90,3.6111,true,1,30273
7290013472908,false,בולגרית קוביות 22% ה,קוליוס,TW,בולגרית קוביות 22% ה,גרמים,400.00,100 גרם,false,,19.90,4.9750,true,1,28506
7290013492005,false,תפוח אדמה למיקרוגל,ברכת קטיף,IL,תפוח אדמה למיקרוגל,Unknown,0.00,יחידה,false,,5.90,0.0000,true,1,21499
7290013531346,false,סירופ יכין לימונענע,יכין,IL,סירופ יכין לימונענע,קילוגרמים,1.00,ליטר,false,,16.70,16.7000,true,1,32207
7290013534057,false,ציפס בטטה 100 גרם,מיה תעשיות מזון בעמ,IL,ציפס בטטה 100 גרם,גרמים,100.00,100 גרם,false,,7.90,7.9000,true,1,36463
7290013536303,false,קמח חיטה מלאה 100% ה,קמח עץ השדה,IL,קמח חיטה מלאה 100% ה,פריט,1.00,"ק""ג",false,,6.90,6.9000,true,1,60616
7290013536310,false,קמח חיטה מלאה 80% הנ,קמח עץ השדה,IL,קמח חיטה מלאה 80% הנ,פריט,1.00,"ק""ג",false,,6.90,6.9000,true,1,60617
7290013536327,false,קמח לבן מנופה הנחתום,קמח עץ השדה,IL,קמח לבן מנופה הנחתום,פריט,1.00,"ק""ג",false,,4.90,4.9000,true,1,60618
7290013536334,false,קמח כוסמין מלא הנחתו,קמח עץ השדה,IL,קמח כוסמין מלא הנחתו,פריט,1.00,"ק""ג",false,,8.90,8.9000,true,1,60619
7290013536341,false,קמח כוסמין 80% הנחתו,קמח עץ השדה,IL,קמח כוסמין 80% הנחתו,פריט,1.00,"ק""ג",false,,11.90,11.9000,true,1,69398
7290013536358,false,קמח כוסמין לבן הנחתו,קמח עץ השדה,IL,קמח כוסמין לבן הנחתו,פריט,1.00,"ק""ג",false,,11.90,11.9000,true,1,60620
7290013536457,false,קמח לחלות הנחתום 1 ק,קמח עץ השדה,IL,קמח לחלות הנחתום 1 ק,פריט,1.00,"ק""ג",false,,5.90,5.9000,true,1,74038
7290013536464,false,קמח חלות כוסמין  הנח,קמח עץ השדה,IL,קמח חלות כוסמין  הנח,פריט,1.00,"ק""ג",false,,12.90,12.9000,true,1,79180
7290013584328,false,פקדון בקבוק בירה ריק,,,פקדון בקבוק בירה ריק,Unknown,0.00,יחידה,false,,1.20,0.0000,true,1,34665
7290013585233,false,"ספרייט זירו 330 מ""ל",קוקה קולה,IL,"ספרייט זירו 330 מ""ל",מיליליטרים,330.00,"100 מ""ל",false,,4.90,1.4848,true,1,66618
7290013585387,false,קוקה קולה זירו  1 לי,קוקה קולה,IL,קוקה קולה זירו  1 לי,קילוגרמים,1.00,ליטר,false,,6.50,6.5000,true,1,66593
7290013585394,false,קוקה קולה 1 ליטר,קוקה קולה,IL,קוקה קולה 1 ליטר,קילוגרמים,1.00,ליטר,false,,6.50,6.5000,true,1,66553
7290013608260,false,מיץ רימונים פרימור 1,גניר,IL,מיץ רימונים פרימור 1,קילוגרמים,1.00,ליטר,false,,21.90,21.9000,true,1,35922
7290013615831,false,"במיה טלפרוסט 1 ק""ג",אלמוורה,EG,"במיה טלפרוסט 1 ק""ג",פריט,1.00,"ק""ג",false,,3.90,3.9000,true,1,27042
7290013625458,false,פטריות שלמות טעמן 40,פרוצאמפ,NL,פטריות שלמות טעמן 40,גרמים,400.00,100 גרם,false,,7.50,1.8750,true,1,63808
7290013675194,false,שניצל אמיתי ביתי ל.ג,תנובה,IL,שניצל אמיתי ביתי ל.ג,גרמים,700.00,100 גרם,false,,29.90,4.2714,true,1,44344
7290013677006,false,חומוס גדול סלקטד 500,מיה תעשיות מזון בעמ,IL,חומוס גדול סלקטד 500,גרמים,500.00,100 גרם,false,,9.90,1.9800,true,1,22249
7290013677020,false,שעועית לבנה סלקטד 50,מיה תעשיות מזון בעמ,IL,שעועית לבנה סלקטד 50,גרמים,500.00,100 גרם,false,,9.50,1.9000,true,1,22243
7290013677037,false,עדשים ירוקות סלקטד 5,מיה תעשיות מזון בעמ,IL,עדשים ירוקות סלקטד 5,גרמים,500.00,100 גרם,false,,9.50,1.9000,true,1,22240
7290013677044,false,עדשים אדומות סלקטד 5,מיה תעשיות מזון בעמ,IL,עדשים אדומות סלקטד 5,גרמים,500.00,100 גרם,false,,9.90,1.9800,true,1,22241
7290013677051,false,פופקורן סלקטד 500 גר,מיה תעשיות מזון בעמ,IL,פופקורן סלקטד 500 גר,גרמים,500.00,100 גרם,false,,9.50,1.9000,true,1,22238
7290013677068,false,כוסמת סלקטד 500 גרם,מיה תעשיות מזון בעמ,IL,כוסמת סלקטד 500 גרם,גרמים,500.00,100 גרם,false,,9.90,1.9800,true,1,22244
7290013677082,false,שעועית אדומה סלקטד 5,מיה תעשיות מזון בעמ,IL,שעועית אדומה סלקטד 5,גרמים,500.00,100 גרם,false,,9.90,1.9800,true,1,22246
7290013677099,false,גריסי פנינה סלקטד 50,מיה תעשיות מזון בעמ,IL,גריסי פנינה סלקטד 50,גרמים,500.00,100 גרם,false,,8.50,1.7000,true,1,22247
7290013677105,false,אפונה סלקטד 500 גרם,מיה תעשיות מזון בעמ,IL,אפונה סלקטד 500 גרם,גרמים,500.00,100 גרם,false,,8.50,1.7000,true,1,22248
7290013677112,false,בורגול סלקטד 500 גרם,מיה תעשיות מזון בעמ,IL,בורגול סלקטד 500 גרם,גרמים,500.00,100 גרם,false,,8.50,1.7000,true,1,22250
7290013677129,false,שעועית מעורבת סלקטד,מיה תעשיות מזון בעמ,IL,שעועית מעורבת סלקטד,גרמים,500.00,100 גרם,false,,10.90,2.1800,true,1,22251
7290013677136,false,חומוס ענק סלקטד 500,מיה תעשיות מזון בעמ,IL,חומוס ענק סלקטד 500,גרמים,500.00,100 גרם,false,,12.70,2.5400,true,1,22252
7290013677259,false,זעתר שקית מיה 50 גרם,מיה תעשיות מזון בעמ,IL,זעתר שקית מיה 50 גרם,גרמים,80.00,100 גרם,false,,3.90,4.8750,true,1,27935
7290013677266,false,תבלין לפיצה שקית מיה,מיה תעשיות מזון בעמ,IL,תבלין לפיצה שקית מיה,גרמים,80.00,100 גרם,false,,3.90,4.8750,true,1,27945
7290013677280,false,ציפורן שלם שקית מיה,מיה תעשיות מזון בעמ,IL,ציפורן שלם שקית מיה,גרמים,80.00,100 גרם,false,,6.90,8.6250,true,1,27942
7290013677303,false,תבלין חוואיג תימני ש,מיה תעשיות מזון בעמ,IL,תבלין חוואיג תימני ש,גרמים,80.00,100 גרם,false,,3.90,4.8750,true,1,27936
7290013677334,false,תבלין על האש שקית מי,מיה תעשיות מזון בעמ,IL,תבלין על האש שקית מי,גרמים,50.00,100 גרם,false,,3.90,7.8000,true,1,27946
7290013677556,false,אורז פרסי עממי סלקטד,מיה תעשיות מזון בעמ,IL,אורז פרסי עממי סלקטד,פריט,1.00,"ק""ג",false,,9.90,9.9000,true,1,29213
7290013677648,false,שמן זית למאור מיה 1,מיה תעשיות מזון בעמ,IL,שמן זית למאור מיה 1,קילוגרמים,1.00,ליטר,false,,19.90,19.9000,true,1,27944
7290013677655,false,סודה לשתיה מיה 600 ג,מיה תעשיות מזון בעמ,IL,סודה לשתיה מיה 600 ג,גרמים,600.00,100 גרם,false,,14.90,2.4833,true,1,20871
7290013677662,false,מלח לימון מיה 300 גר,מיה תעשיות מזון בעמ,IL,מלח לימון מיה 300 גר,גרמים,300.00,100 גרם,false,,14.90,4.9667,true,1,20870
7290013677679,false,סודה לשתיה שקית מיה,מיה תעשיות מזון בעמ,IL,סודה לשתיה שקית מיה,גרמים,80.00,100 גרם,false,,3.90,4.8750,true,1,20220
7290013677686,false,פפריקה מרוקאית שקית,מיה תעשיות מזון בעמ,IL,פפריקה מרוקאית שקית,גרמים,100.00,100 גרם,false,,3.90,3.9000,true,1,20222
7290013677693,false,פלפל שחור גרוס שקית,מיה תעשיות מזון בעמ,IL,פלפל שחור גרוס שקית,גרמים,50.00,100 גרם,false,,6.90,13.8000,true,1,20226
7290013713025,false,בירה ג'מס פילס 5% 33,יקבי כרמל,IL,בירה ג'מס פילס 5% 33,מיליליטרים,330.00,"100 מ""ל",false,,11.90,3.6061,true,1,78702
7290013713049,false,בירה ג'מס 8.8% 330 מ,יקבי כרמל,IL,בירה ג'מס 8.8% 330 מ,מיליליטרים,330.00,"100 מ""ל",false,,11.90,3.6061,true,1,78704
7290013724816,false,חטיפי גרנולה תמר צימ,ויטליה ניקולה,MK,חטיפי גרנולה תמר צימ,גרמים,175.00,100 גרם,false,,7.90,4.5143,true,1,28501
7290013724960,false,שקדבציפוי שוקולד חלב,שקדיה,IL,שקדבציפוי שוקולד חלב,גרמים,140.00,100 גרם,false,,9.90,7.0714,true,1,79896
7290013725639,false,רוטב צילי חריף סו שף,,TH,רוטב צילי חריף סו שף,מיליליטרים,700.00,"100 מ""ל",false,,9.90,1.4143,true,1,29058
7290013725646,false,רוטב צילי מתוק סו שף,,TH,רוטב צילי מתוק סו שף,מיליליטרים,700.00,"100 מ""ל",false,,9.90,1.4143,true,1,29059
7290013725653,false,קרם קוקוס סו שף 400,,TH,קרם קוקוס סו שף 400,מיליליטרים,400.00,"100 מ""ל",false,,6.90,1.7250,true,1,29060
7290013725752,false,נודלס דק סו שף 400 ג,,CN,נודלס דק סו שף 400 ג,גרמים,400.00,100 גרם,false,,6.60,1.6500,true,1,37130
7290013725769,false,נודלס עבה סו שף 400,,CN,נודלס עבה סו שף 400,גרמים,400.00,100 גרם,false,,6.60,1.6500,true,1,37131
7290013725820,false,אגוזי לוז בשוקולד שק,שקדיה,IL,אגוזי לוז בשוקולד שק,גרמים,140.00,100 גרם,false,,9.90,7.0714,true,1,21766
7290013771216,false,גבינה פטאקי 16% שומר,מחלבת השומרון,IL,גבינה פטאקי 16% שומר,גרמים,250.00,100 גרם,false,,10.90,4.3600,true,1,29984
7290013771261,false,גבינה בולגרית מעודנת,מחלבת השומרון,IL,גבינה בולגרית מעודנת,גרמים,250.00,100 גרם,false,,12.90,5.1600,true,1,38873
7290013771285,false,גבינה בולגרית קלאסית,מחלבת השומרון,IL,גבינה בולגרית קלאסית,גרמים,200.00,100 גרם,false,,12.90,6.4500,true,1,38871
7290013771292,false,גבינה פטאקי 16% שומר,מחלבת השומרון,IL,גבינה פטאקי 16% שומר,גרמים,250.00,100 גרם,false,,12.90,5.1600,true,1,38874
7290013771308,false,גבינה בולגרית קלאסית,מחלבת השומרון,IL,גבינה בולגרית קלאסית,גרמים,200.00,100 גרם,false,,12.90,6.4500,true,1,38872
7290013847379,false,טונה בשמן ס.ק 6*140,סטארקיסט,IL,טונה בשמן ס.ק 6*140,גרמים,840.00,100 גרם,false,,29.90,3.5595,true,1,62868
7290013847492,false,טונה במים ס.ק 6*140,סטארקיסט,IL,טונה במים ס.ק 6*140,גרמים,840.00,100 גרם,false,,29.90,3.5595,true,1,61035
7290013847980,false,טונה בשמן ס.ק 425 גר,תאי יוניון,TH,טונה בשמן ס.ק 425 גר,גרמים,425.00,100 גרם,false,,15.90,3.7412,true,1,63757
7290013848017,false,תרסיס סנו נירוסטה 50,סנו,IL,תרסיס סנו נירוסטה 50,מיליליטרים,500.00,"100 מ""ל",false,,19.90,3.9800,true,1,57831
7290013848345,false,מטליות לחיטוי וניקוי,סנו,IL,מטליות לחיטוי וניקוי,Unknown,0.00,יחידה,false,,17.90,0.0000,true,1,65407
7290013848727,false,סנו פרש מכשיר אוטומט,סנו,IL,סנו פרש מכשיר אוטומט,Unknown,0.00,יחידה,false,,39.90,0.0000,true,1,57837
7290013848758,false,גל מקסימה בייבי 3 לי,סנו,IL,גל כביסה מקסימה בייבי 3 ליטר,ליטרים,3.00,ליטר,false,1,32.90,10.9667,true,1,32945
7290013861412,false,חטיפי קוקוס 250 גרם,דין שיווק,IL,חטיפי קוקוס 250 גרם,גרמים,250.00,100 גרם,false,,9.90,3.9600,true,1,33987
7290013861429,false,חטיפי שומשום 250 גרם,דין שיווק,IL,חטיפי שומשום 250 גרם,גרמים,250.00,100 גרם,false,,9.90,3.9600,true,1,33985
7290013906281,false,נקניקיות טירת צבי 1,טירת צבי,IL,נקניקיות טירת צבי 1,פריט,1.00,"ק""ג",false,,29.90,29.9000,true,1,31220
7290013906304,false,פסטרמה גחלים טירת צב,טירת צבי,IL,פסטרמה גחלים טירת צב,גרמים,400.00,100 גרם,false,,26.90,6.7250,true,1,31221
7290013906311,false,פסטרמה מעושנת טירת צ,טירת צבי,IL,פסטרמה מעושנת טירת צ,גרמים,400.00,100 גרם,false,,26.90,6.7250,true,1,31222
7290013906335,false,מארז סלמי הודו+כפרית,טירת צבי,IL,מארז סלמי הודו+כפרית,גרמים,600.00,100 גרם,false,,23.90,3.9833,true,1,31223
7290013906441,false,קבנוס טירת צבי 120 ג,טירת צבי,IL,קבנוס טירת צבי 120 ג,גרמים,120.00,100 גרם,false,,8.90,7.4167,true,1,35794
7290013906601,false,מארז פסטרמה כפרית דב,טירת צבי,IL,מארז פסטרמה כפרית דב,גרמים,600.00,100 גרם,false,,23.90,3.9833,true,1,65258
7290013906700,false,נקניקיות הודו טירת צ,טירת צבי,IL,נקניקיות הודו טירת צ,פריט,1.50,"ק""ג",false,,29.90,19.9333,true,1,59090
7290013906922,false,נקניקיות הודו חריפות,טירת צבי,IL,נקניקיות הודו חריפות,פריט,1.00,"ק""ג",false,,29.90,29.9000,true,1,59091
7290013906939,false,קורנדביף טירת צבי 12,טירת צבי,IL,קורנדביף טירת צבי 12,גרמים,120.00,100 גרם,false,,13.90,11.5833,true,1,54529
7290013906946,false,פסטרמה כתף בקר מעושנ,טירת צבי,IL,פסטרמה כתף בקר מעושנ,גרמים,120.00,100 גרם,false,,13.90,11.5833,true,1,54527
7290013906991,false,סלמי מהדרין טירת צבי,טירת צבי,IL,סלמי מהדרין טירת צבי,גרמים,400.00,100 גרם,false,,18.90,4.7250,true,1,44348
7290013927101,false,עוגת תפוחים ללא סוכר,אחדות ביחר לטחינה חל,IL,עוגת תפוחים ללא סוכר,גרמים,450.00,100 גרם,false,,11.80,2.6222,true,1,35888
7290013927156,false,עוגת פירות יער ללא ס,אחדות ביחר לטחינה חל,IL,עוגת פירות יער ללא ס,גרמים,450.00,100 גרם,false,,11.80,2.6222,true,1,35889
7290013927200,false,עוגת שוקולד ציפס אחו,אחדות ביחר לטחינה חל,IL,עוגת שוקולד ציפס אחו,גרמים,400.00,100 גרם,false,,10.90,2.7250,true,1,32615
7290013927323,false,עוגת בראוניס אחוה 40,אחדות ביחר לטחינה חל,IL,עוגת בראוניס אחוה 40,גרמים,400.00,100 גרם,false,,10.90,2.7250,true,1,34412
7290013927514,false,רוגעלך קינמון אחוה 4,אחדות ביחר לטחינה חל,IL,רוגעלך קינמון אחוה 4,גרמים,400.00,100 גרם,false,,8.90,2.2250,true,1,55238
7290013927613,false,רוגעלך בטעם שוקו וני,אחדות ביחר לטחינה חל,IL,רוגעלך בטעם שוקו וני,גרמים,400.00,100 גרם,false,,8.90,2.2250,true,1,58614
7290013927637,false,חלוה ל.סוכר אחוה 400,אחדות ביחר לטחינה חל,IL,חלוה ל.סוכר אחוה 400,גרמים,400.00,100 גרם,false,,11.90,2.9750,true,1,59151
7290013927804,false,טחינה שומשום מלא אחו,אחדות ביחר לטחינה חל,IL,טחינה שומשום מלא אחו,פריט,1.00,"ק""ג",false,,18.90,18.9000,true,1,62727
7290013927996,false,עוגת שמרים קראנץ שוק,אחדות ביחר לטחינה חל,IL,עוגת שמרים קראנץ שוק,גרמים,400.00,100 גרם,false,,9.80,2.4500,true,1,66508
7290013946089,false,תרסיס מגיק חלונות 1,סאסאטק,IL,תרסיס מגיק חלונות 1,קילוגרמים,1.00,ליטר,false,,4.90,4.9000,true,1,38355
7290013946171,false,מטהר מגיק פריחה 300,סאסאטק,IL,מטהר מגיק פריחה 300,מיליליטרים,300.00,"100 מ""ל",false,,3.90,1.3000,true,1,35692
7290013946829,true,נוזל כלים מגיק תפוח,סאסאטק,IL,נוזל כלים 4 ליטר מגיק,ליטרים,4.00,ליטר,false,1,17.90,4.4750,true,1,35619
7290014002197,false,תה קמומיל ולימונית ה,ויסוצקי,IL,תה קמומיל ולימונית ה,גרמים,38.00,100 גרם,false,,16.90,44.4737,true,1,29677
7290014016118,false,לחמניות ל.גלוטן נטור,נטורל קייקס,IL,לחמניות ל.גלוטן נטור,גרמים,400.00,100 גרם,false,,15.90,3.9750,true,1,33791
7290014016248,false,פיתות ל.גלוטן נטורל,נטורל קייקס,IL,פיתות ל.גלוטן נטורל,גרמים,720.00,100 גרם,false,,14.90,2.0694,true,1,65676
7290014016279,false,פיצה מרגריטה ל.גלוטן,נטורל קייקס,IL,פיצה מרגריטה ל.גלוטן,גרמים,400.00,100 גרם,false,,19.90,4.9750,true,1,36710
7290014016286,false,פיצה מרגריטה עם זיתי,נטורל קייקס,IL,פיצה מרגריטה עם זיתי,גרמים,400.00,100 גרם,false,,19.90,4.9750,true,1,36711
7290014016309,false,לחם פרוס ל.גלוטן נטו,נטורל קייקס,IL,לחם פרוס ל.גלוטן נטו,גרמים,450.00,100 גרם,false,,4.90,1.0889,true,1,45028
7290014016316,false,לחם רך במיוחד ל.גלוט,נטורל קייקס,IL,לחם רך במיוחד ל.גלוט,גרמים,450.00,100 גרם,false,,4.90,1.0889,true,1,45748
7290014016323,false,לחמניות ל.גלוטן נטור,נטורל קייקס,IL,לחמניות ל.גלוטן נטור,גרמים,390.00,100 גרם,false,,4.90,1.2564,true,1,45029
7290014017009,false,קמח אורז ל.גלוטן רי,נטורל קייקס,IL,קמח אורז ל.גלוטן רי,גרמים,500.00,100 גרם,false,,8.90,1.7800,true,1,26546
7290014017160,false,תערובת לעוגת וניל ל.,מתבל תעשיות מזון,IL,תערובת לעוגת וניל ל.,גרמים,320.00,100 גרם,false,,14.90,4.6563,true,1,26549
7290014017320,false,אבקת מרק בטעם עוף ל.,נטורל קייקס,IL,אבקת מרק בטעם עוף ל.,גרמים,400.00,100 גרם,false,,19.90,4.9750,true,1,26550
7290014017689,false,דגני בוקר בטעם נוגט,נטורל קייקס,IL,דגני בוקר בטעם נוגט,גרמים,750.00,100 גרם,false,,19.90,2.6533,true,1,68855
7290014027213,false,ארק ג'בלנא 40% 700 מ,משקאות ג'בלנא,IL,ארק ג'בלנא 40% 700 מ,מיליליטרים,700.00,"100 מ""ל",false,,39.90,5.7000,true,1,66983
7290014079014,false,לבבות קיסר ארוז נספק,מרינה,IL,לבבות קיסר ארוז נספק,Unknown,0.00,יחידה,false,,10.90,0.0000,true,1,31116
7290014079076,false,נבטי אלפלפא יח,מרינה,IL,נבטי אלפלפא יח,Unknown,0.00,יחידה,false,,5.90,0.0000,true,1,29520
7290014079540,false,"שום קלוף 1 ק""ג",מרינה,IL,"שום קלוף 1 ק""ג",פריט,1.00,"ק""ג",false,,38.90,38.9000,true,1,65921
7290014079847,false,פטריות צמד בייבי בלה,מרינה פטריות,IL,פטריות צמד בייבי בלה,Unknown,0.00,יחידה,false,,14.90,0.0000,true,1,45541
7290014083813,false,שפרוט מעושן בשמן מרי,Briavais Vilns,LV,שפרוט מעושן בשמן מרי,גרמים,190.00,100 גרם,false,,7.90,4.1579,true,1,28534
7290014092532,false,דלעת,מרינה,IL,דלעת,Unknown,0.00,יחידה,false,,9.90,0.0000,true,1,57903
7290014094260,false,שום קלוף מרינה 170 ג,מרינה,IL,שום קלוף מרינה 170 ג,גרמים,170.00,100 גרם,false,,10.90,6.4118,true,1,38726
7290014094307,false,סילאן טבעי שקדיה 360,,TR,סילאן טבעי שקדיה 360,מיליליטרים,360.00,"100 מ""ל",false,,13.90,3.8611,true,1,29069
7290014094505,false,אורז בסמטי אהרוני 1,,IN,אורז בסמטי אהרוני 1,פריט,1.00,"ק""ג",false,,8.90,8.9000,true,1,30904
7290014094543,false,תרסיס שמן קנולה שקדי,שקדיה,IL,תרסיס שמן קנולה שקדי,מיליליטרים,186.00,"100 מ""ל",false,,14.90,8.0108,true,1,51082
7290014094567,false,שמן זית כתית אהרוני,,ES,שמן זית כתית אהרוני,מיליליטרים,750.00,"100 מ""ל",false,,29.90,3.9867,true,1,30902
7290014094864,false,פיסטוק קלוי 170 גרם,דין שיווק,IL,פיסטוק קלוי 170 גרם,גרמים,170.00,100 גרם,false,,13.90,8.1765,true,1,29530
7290014095472,false,חטיף דגנים עם חמוציו,,MK,חטיף דגנים עם חמוציו,גרמים,125.00,100 גרם,false,,7.90,6.3200,true,1,26759
7290014095496,false,חטיף דגנים עם שקד אג,,MK,חטיף דגנים עם שקד אג,גרמים,125.00,100 גרם,false,,7.90,6.3200,true,1,26760
7290014095861,false,שיבולת שועל דקה שקדי,שקדיה,IL,שיבולת שועל דקה שקדי,גרמים,500.00,100 גרם,false,,4.90,0.9800,true,1,30923
7290014095953,false,פקאן בציפוי שוקולד ח,שקדיה,IL,פקאן בציפוי שוקולד ח,גרמים,140.00,100 גרם,false,,9.90,7.0714,true,1,79894
7290014095960,false,שיבולת שועל עבה שקדי,שקדיה,IL,שיבולת שועל עבה שקדי,גרמים,500.00,100 גרם,false,,4.90,0.9800,true,1,30922
7290014218505,false,מארז פיצה מעדנות 3*3,מעדנות,IL,מארז פיצה מעדנות 3*3,פריט,1.08,"ק""ג",false,,29.90,27.6852,true,1,47312
7290014256620,false,יין באז קריניאנו מבע,יקבי כרמל,IL,יין באז קריניאנו מבע,מיליליטרים,750.00,"100 מ""ל",false,,23.90,3.1867,true,1,38098
7290014256637,false,יין באז מוסקטו מבעבע,יקבי כרמל,IL,יין באז מוסקטו מבעבע,מיליליטרים,750.00,"100 מ""ל",false,,23.90,3.1867,true,1,38097
7290014258716,false,מטרנה צמחי 700 גרם,מטרנה,IL,מטרנה צמחי 700 גרם,גרמים,700.00,100 גרם,false,,47.90,6.8429,true,1,37828
7290014258723,false,מטרנה צמחי מגיל 0-12,מטרנה,IL,מטרנה צמחי מגיל 0-12,גרמים,700.00,100 גרם,false,,64.90,9.2714,true,1,37826
7290014308626,false,פלפל שחור גרוס פרג 1,,,פלפל שחור גרוס פרג 1,גרמים,100.00,100 גרם,false,,15.90,15.9000,true,1,38233
7290014309128,false,תבלין קצח פרג 120 גר,תבליני הדור השלישי,IL,תבלין קצח פרג 120 גר,גרמים,120.00,100 גרם,false,,15.90,13.2500,true,1,54637
7290014325043,false,פודינג בטעם וניל מיה,מיה תעשיות מזון בעמ,IL,פודינג בטעם וניל מיה,פריט,1.00,"ק""ג",false,,14.90,14.9000,true,1,35099
7290014325234,false,קוקוס מיה 800 גרם,מיה תעשיות מזון בעמ,IL,קוקוס מיה 800 גרם,גרמים,800.00,100 גרם,false,,19.90,2.4875,true,1,31148
7290014325241,false,שומשום מיה בשקית 800,מיה תעשיות מזון בעמ,IL,שומשום מיה בשקית 800,גרמים,800.00,100 גרם,false,,17.90,2.2375,true,1,31149
7290014325258,false,אורז פרסי אינדירה 1.,מיה תעשיות מזון בעמ,IL,אורז פרסי אינדירה 1.,פריט,1.40,"ק""ג",false,,7.90,5.6429,true,1,31206
7290014325272,false,מארז תן צאפ צילי 8*1,מיה תעשיות מזון בעמ,IL,מארז תן צאפ צילי 8*1,גרמים,120.00,100 גרם,false,,7.90,6.5833,true,1,42900
7290014325326,true,חומוס גדול אינדירה 1,מיה תעשיות מזון בעמ,IL,"חומוס גדול 1.4 ק""ג",קילוגרמים,1.40,ליטר,false,1,14.90,10.6429,true,1,32344
7290014325333,true,שעועית לבנה אינדירה,מיה תעשיות מזון בעמ,IL,"שעועית 1.4 ק""ג",קילוגרמים,1.40,ליטר,false,1,14.90,10.6429,true,1,32345
7290014325357,false,"חיטה אינדירה 1.4 ק""ג",מיה תעשיות מזון בעמ,IL,"חיטה אינדירה 1.4 ק""ג",פריט,1.40,"ק""ג",false,,8.90,6.3571,true,1,32347
7290014325371,true,"אפונה אינדירה 1.4 ק""",מיה תעשיות מזון בעמ,IL,"אפונה ירוקה 1.4 ק""ג",קילוגרמים,1.40,ליטר,false,1,9.90,7.0714,true,1,32349
7290014325395,false,עדשים אדומות אינדירה,מיה תעשיות מזון בעמ,IL,עדשים אדומות אינדירה,פריט,1.40,"ק""ג",false,,14.90,10.6429,true,1,32350
7290014325401,false,עדשים ירוקות אינדירה,מיה תעשיות מזון בעמ,IL,עדשים ירוקות אינדירה,פריט,1.40,"ק""ג",false,,14.90,10.6429,true,1,32351
7290014325418,false,חומוס ענק אינדירה 1.,מיה תעשיות מזון בעמ,IL,חומוס ענק אינדירה 1.,פריט,1.40,"ק""ג",false,,24.90,17.7857,true,1,32352
7290014325425,false,בורגול אינדירה 1.4 ק,מיה תעשיות מזון בעמ,IL,בורגול אינדירה 1.4 ק,פריט,1.40,"ק""ג",false,,8.90,6.3571,true,1,32353
7290014325432,false,"כוסמת אינדירה 1.4 ק""",מיה תעשיות מזון בעמ,IL,"כוסמת אינדירה 1.4 ק""",פריט,1.40,"ק""ג",false,,17.90,12.7857,true,1,32354
7290014325562,true,פופקורן אינדירה 1.4,מיה תעשיות מזון בעמ,IL,"פופקורן 1.4 ק""ג",קילוגרמים,1.40,ליטר,false,1,12.90,9.2143,true,1,33086
7290014355699,false,המבורגר גלאט עוף 400,גלאט עוף,IL,המבורגר גלאט עוף 400,גרמים,400.00,100 גרם,false,,34.90,8.7250,true,1,71446
7290014355729,false,נקניקיות קנקרס גלאט,מ ב גלאט עוף למהדרין,IL,נקניקיות קנקרס גלאט,גרמים,375.00,100 גרם,false,,27.90,7.4400,true,1,71899
7290014355736,false,נקניקיות קראנץ גלאט,מ ב גלאט עוף למהדרין,IL,נקניקיות קראנץ גלאט,גרמים,375.00,100 גרם,false,,19.90,5.3067,true,1,71900
7290014355743,false,פסטרמה הודו חרדל ודב,מ ב גלאט עוף למהדרין,IL,פסטרמה הודו חרדל ודב,גרמים,180.00,100 גרם,false,,19.90,11.0556,true,1,72382
7290014355750,false,פסטרמה הודו פילדלפיה,מ ב גלאט עוף למהדרין,IL,פסטרמה הודו פילדלפיה,גרמים,180.00,100 גרם,false,,19.90,11.0556,true,1,72383
7290014355767,false,פסטרמה קורנביף ג.עוף,מ ב גלאט עוף למהדרין,IL,פסטרמה קורנביף ג.עוף,גרמים,180.00,100 גרם,false,,27.90,15.5000,true,1,72384
7290014355774,false,פסטרמה רוסטביף ג.עוף,מ ב גלאט עוף למהדרין,IL,פסטרמה רוסטביף ג.עוף,גרמים,180.00,100 גרם,false,,27.90,15.5000,true,1,72385
7290014355781,false,נקניקיות קנקרס חריפו,מ ב גלאט עוף למהדרין,IL,נקניקיות קנקרס חריפו,גרמים,375.00,100 גרם,false,,27.90,7.4400,true,1,71901
7290014355798,false,נקניקיות צ'וריסוס גל,מ ב גלאט עוף למהדרין,IL,נקניקיות צ'וריסוס גל,גרמים,375.00,100 גרם,false,,27.90,7.4400,true,1,71902
7290014397453,false,גל אוקסיגן כביסה לבנ,סנו,IL,גל אוקסיגן כביסה לבנ,קילוגרמים,3.00,ליטר,false,,27.90,9.3000,true,1,30181
7290014397491,false,מבשם סנופרש הום וניל,סנו,IL,מבשם סנופרש הום וניל,מיליליטרים,350.00,"100 מ""ל",false,,10.70,3.0571,true,1,28570
7290014397507,false,מבשם סנופרש הום יסמי,סנו,IL,מבשם סנופרש הום יסמי,מיליליטרים,350.00,"100 מ""ל",false,,10.70,3.0571,true,1,28567
7290014397514,false,מבשם סנופרש הום כותנ,סנו,IL,מבשם סנופרש הום כותנ,מיליליטרים,350.00,"100 מ""ל",false,,10.70,3.0571,true,1,28566
7290014397521,false,מבשם סנופרש הום לבנד,סנו,IL,מבשם סנופרש הום לבנד,מיליליטרים,350.00,"100 מ""ל",false,,10.70,3.0571,true,1,28569
7290014397538,false,מבשם סנופרש הום בוקר,סנו,IL,מבשם סנופרש הום בוקר,מיליליטרים,350.00,"100 מ""ל",false,,10.70,3.0571,true,1,28568
7290014397675,false,מרכך מקסימה חלב ודבש,סנו,IL,מרכך מקסימה חלב ודבש,קילוגרמים,4.00,ליטר,false,,16.90,4.2250,true,1,30182
7290014397699,true,פוליויקס גרניט פורצ,סנו,IL,פוליויקס גרניט פורצלן 2 ליטר+1 ליטר מתנה,ליטרים,3.00,ליטר,false,1,19.90,6.6333,true,1,31232
7290014397767,false,ריצפז פרש הום כותנה,סנו,IL,ריצפז פרש הום כותנה,קילוגרמים,2.00,ליטר,false,,19.70,9.8500,true,1,31505
7290014397842,false,מכשיר סנומט + מילוי,סנו,IL,מכשיר סנומט + מילוי,Unknown,0.00,יחידה,false,,37.90,0.0000,true,1,39318
7290014397873,false,מרכך מקסימה ג'נטל 4,סנו,IL,מרכך מקסימה ג'נטל 4,קילוגרמים,4.00,ליטר,false,,16.90,4.2250,true,1,64392
7290014435803,false,מטיאס הולנדי פרובנצי,סלטי שמיר 2006 בעמ,IL,מטיאס הולנדי פרובנצי,גרמים,200.00,100 גרם,false,,16.90,8.4500,true,1,35082
7290014435810,false,הרינג כבוש שמיר 220,סלטי שמיר 2006 בעמ,IL,הרינג כבוש שמיר 220,גרמים,220.00,100 גרם,false,,16.90,7.6818,true,1,35084
7290014435827,false,פילה מקרל מעושן שמיר,סלטי שמיר 2006 בעמ,IL,פילה מקרל מעושן שמיר,גרמים,180.00,100 גרם,false,,21.90,12.1667,true,1,35080
7290014435834,false,מקרל מעושן שמיר 180,סלטי שמיר 2006 בעמ,IL,מקרל מעושן שמיר 180,גרמים,180.00,100 גרם,false,,21.90,12.1667,true,1,35081
7290014435872,false,סלט הרינג שמיר 200 ג,סלטי שמיר 2006 בעמ,IL,סלט הרינג שמיר 200 ג,גרמים,200.00,100 גרם,false,,16.90,8.4500,true,1,35088
7290014435889,false,סלט מטיאס שמיר 200 ג,סלטי שמיר 2006 בעמ,IL,סלט מטיאס שמיר 200 ג,גרמים,200.00,100 גרם,false,,16.90,8.4500,true,1,35089
7290014435896,false,סלט סלמון שמיר 200,סלטי שמיר 2006 בעמ,IL,סלט סלמון שמיר 200,גרמים,200.00,100 גרם,false,,16.90,8.4500,true,1,35087
7290014455245,false,גבינה גרנה פדנו גד 2,מחלבות גד,IL,גבינה גרנה פדנו גד 2,גרמים,200.00,100 גרם,false,,22.90,11.4500,true,1,44270
7290014455320,false,גבינת מוצרלה פרסקה 1,מחלבות גד,IL,גבינת מוצרלה פרסקה 1,גרמים,100.00,100 גרם,false,,8.90,8.9000,true,1,56191
7290014459939,false,צ'יפס אמריקאי טוגן 1,אסם,IL,צ'יפס אמריקאי טוגן 1,פריט,1.70,"ק""ג",false,,19.90,11.7059,true,1,63888
7290014459953,false,צ'יפס זיגזג טוגן 1.7,אסם,IL,צ'יפס זיגזג טוגן 1.7,פריט,1.70,"ק""ג",false,,19.90,11.7059,true,1,64456
7290014466609,false,יין גמלא מרלו,יקב רמת הגולן,IL,יין גמלא מרלו,מיליליטרים,750.00,"100 מ""ל",false,,49.90,6.6533,true,1,45052
7290014471412,false,מוזלי בוטנים אגוזים,דין שיווק,IL,מוזלי בוטנים אגוזים,פריט,1.00,"ק""ג",false,,19.90,19.9000,true,1,31435
7290014471429,false,מוזלי פירות שקדיה 1,דין שיווק,IL,מוזלי פירות שקדיה 1,פריט,1.00,"ק""ג",false,,19.90,19.9000,true,1,31436
7290014471436,false,מוזלי צימוקים תפוח ק,דין שיווק,IL,מוזלי צימוקים תפוח ק,פריט,1.00,"ק""ג",false,,19.90,19.9000,true,1,31437
7290014471443,false,גרנולה אגוזים שקדיה,דין שיווק,IL,גרנולה אגוזים שקדיה,פריט,1.00,"ק""ג",false,,19.90,19.9000,true,1,31438
7290014472426,false,קונפיטורה דובדבן 70%,שקדיה,IL,קונפיטורה דובדבן 70%,גרמים,450.00,100 גרם,false,,11.90,2.6444,true,1,51948
7290014472433,false,קונפיטורה תות שדה 70,שקדיה,IL,קונפיטורה תות שדה 70,גרמים,450.00,100 גרם,false,,11.90,2.6444,true,1,51949
7290014472440,false,קונפיטורה תפוז 70% פ,שקדיה,IL,קונפיטורה תפוז 70% פ,גרמים,450.00,100 גרם,false,,11.90,2.6444,true,1,51950
7290014472464,false,קונפיטורה משמש 70% פ,שקדיה,IL,קונפיטורה משמש 70% פ,גרמים,450.00,100 גרם,false,,11.90,2.6444,true,1,51952
7290014472990,false,ממרח שקדים שקדיה 300,דין שיווק,IL,ממרח שקדים שקדיה 300,גרמים,300.00,100 גרם,false,,29.90,9.9667,true,1,51946
7290014555013,false,נוזל רצפות מגיק מאסק,סאסאטק,IL,נוזל רצפות מגיק מאסק,קילוגרמים,4.00,ליטר,false,,9.90,2.4750,true,1,35625
7290014555082,true,מים מזוקקים מקסול 4,סאסאטק,IL,מים מזוקקים 4 ליטר,ליטרים,4.00,ליטר,false,1,9.90,2.4750,true,1,27558
7290014555686,false,שמפו נובו לשיער רגיל,סאסאטק,IL,שמפו נובו לשיער רגיל,מיליליטרים,700.00,"100 מ""ל",false,,5.90,0.8429,true,1,38249
7290014555693,false,שמפו נובו לשיער יבש/,סאסאטק,IL,שמפו נובו לשיער יבש/,מיליליטרים,700.00,"100 מ""ל",false,,5.90,0.8429,true,1,38250
7290014555709,false,שמפו ומרכך נובו 700,סאסאטק,IL,שמפו ומרכך נובו 700,מיליליטרים,700.00,"100 מ""ל",false,,5.90,0.8429,true,1,39091
7290014555716,false,מרכך נובו לכל סוגי ה,סאסאטק,IL,מרכך נובו לכל סוגי ה,מיליליטרים,700.00,"100 מ""ל",false,,5.90,0.8429,true,1,38251
7290014555723,false,תחליב נובו אקזוטי 70,סאסאטק,IL,תחליב נובו אקזוטי 70,מיליליטרים,700.00,"100 מ""ל",false,,5.90,0.8429,true,1,38252
7290014555730,false,תחליב נובו דבש 700 מ,סאסאטק,IL,תחליב נובו דבש 700 מ,מיליליטרים,700.00,"100 מ""ל",false,,5.90,0.8429,true,1,38253
7290014555747,false,תחליב נובו הרבל 700,סאסאטק,IL,תחליב נובו הרבל 700,מיליליטרים,700.00,"100 מ""ל",false,,5.90,0.8429,true,1,38254
7290014555754,false,תחליב נובו בלוסום 70,סאסאטק,IL,תחליב נובו בלוסום 70,מיליליטרים,700.00,"100 מ""ל",false,,5.90,0.8429,true,1,38255
7290014555778,false,גל רחצה נובו לגבר בל,סאסאטק,IL,גל רחצה נובו לגבר בל,מיליליטרים,700.00,"100 מ""ל",false,,5.90,0.8429,true,1,38256
7290014555785,false,גל רחצה נובו לגבר וו,סאסאטק,IL,גל רחצה נובו לגבר וו,מיליליטרים,700.00,"100 מ""ל",false,,5.90,0.8429,true,1,38257
7290014562370,false,פריכוני כוסמת ב.ד 50,בטר אנד דיפרנט,IL,פריכוני כוסמת ב.ד 50,גרמים,50.00,100 גרם,false,,4.50,9.0000,true,1,34601
7290014562387,false,תה גרגירים נמס טעם ק,סילקו אם איי ספולקה,,תה גרגירים נמס טעם ק,גרמים,200.00,100 גרם,false,,17.90,8.9500,true,1,29958
7290014562394,false,תה גרגירים נמס טעם ש,סילקו אם איי ספולקה,,תה גרגירים נמס טעם ש,גרמים,200.00,100 גרם,false,,17.90,8.9500,true,1,29959
7290014562998,false,דייסת קטניות מעורבות,בטר אנד דיפרנט,IL,דייסת קטניות מעורבות,גרמים,200.00,100 גרם,false,,9.90,4.9500,true,1,45618
7290014581036,false,"פחם דליק 2 ק""ג",,,"פחם דליק 2 ק""ג",פריט,2.00,"ק""ג",false,,10.90,5.4500,true,1,37464
7290014581340,false,"פחם עץ הדרים 9 ק""ג",,,"פחם עץ הדרים 9 ק""ג",פריט,9.00,"ק""ג",false,,49.90,5.5444,true,1,37465
7290014692299,false,גבינה ברי 25% יורו 1,אלפנהון,DE,גבינה ברי 25% יורו 1,גרמים,125.00,100 גרם,false,,14.90,11.9200,true,1,38697
7290014692305,false,גבינה קממבר 25% יורו,אלפנהון,DE,גבינה קממבר 25% יורו,גרמים,125.00,100 גרם,false,,14.90,11.9200,true,1,38698
7290014692565,false,תירס גרעינים ויליפוד,מגסטיק פוד,TH,תירס גרעינים ויליפוד,גרמים,320.00,100 גרם,false,,4.50,1.4063,true,1,30637
7290014725348,false,ממתיק קלאסי סוכרזית,ביסקול בעמ,IL,ממתיק קלאסי סוכרזית,גרמים,100.00,100 גרם,false,,12.90,12.9000,true,1,37228
7290014738935,false,יין בראשית מרלו  202,יקב בראשית,IL,יין בראשית מרלו  202,מיליליטרים,750.00,"100 מ""ל",false,,69.90,9.3200,true,1,76593
7290014749245,false,רצועות שניצל שומשום,עוף טוב,IL,רצועות שניצל שומשום,גרמים,600.00,100 גרם,false,,29.80,4.9667,true,1,66936
7290014749764,false,שניצל עוף ביתי מעודן,עוף טוב,IL,שניצל עוף ביתי מעודן,גרמים,700.00,100 גרם,false,,29.90,4.2714,true,1,66483
7290014749887,false,שניצל דק ענק קריספי,עוף טוב,IL,שניצל דק ענק קריספי,גרמים,700.00,100 גרם,false,,27.90,3.9857,true,1,72592
7290014758117,false,מארז יוגורט ביו תנוב,תנובה מרכז שיתופי לש,IL,מארז יוגורט ביו תנוב,קילוגרמים,1.20,ליטר,false,,15.90,13.2500,true,1,32317
7290014758681,false,קוטג 1% תנובה 250 גר,תנובה מרכז שיתופי לש,IL,קוטג 1% תנובה 250 גר,גרמים,250.00,100 גרם,false,,5.40,2.1600,true,1,29377
7290014759084,false,גבינת שמנת טבעי 16%,תנובה מרכז שיתופי לש,IL,גבינת שמנת טבעי 16%,גרמים,225.00,100 גרם,false,,12.90,5.7333,true,1,33724
7290014759701,false,מארז יופלה וניל 8*15,עדן קינוחים בעמ,IL,מארז יופלה וניל 8*15,פריט,1.20,"ק""ג",false,,19.90,16.5833,true,1,32376
7290014760141,false,משקה שקדים אלטרנטיב,סוי מגיק,IL,משקה שקדים אלטרנטיב,קילוגרמים,1.00,ליטר,false,,11.60,11.6000,true,1,42907
7290014760912,false,גבינה גוש חלב 400 גר,תנובה מרכז שיתופי לש,IL,גבינה גוש חלב 400 גר,גרמים,400.00,100 גרם,false,,24.90,6.2250,true,1,35658
7290014761018,false,גיל בטעם וניל תנובה,תנובה מרכז שיתופי לש,IL,גיל בטעם וניל תנובה,גרמים,125.00,100 גרם,false,,1.30,1.0400,true,1,35859
7290014761056,false,יולו שוקולד חלב 123,תנובה מרכז שיתופי לש,IL,יולו שוקולד חלב 123,גרמים,123.00,100 גרם,false,,4.30,3.4959,true,1,37920
7290014761070,false,יולו שוקולד לבן 123,תנובה מרכז שיתופי לש,IL,יולו שוקולד לבן 123,גרמים,123.00,100 גרם,false,,4.30,3.4959,true,1,37921
7290014761193,false,פרילי פירות יער 125,תנובה מרכז שיתופי לש,IL,פרילי פירות יער 125,מיליליטרים,125.00,"100 מ""ל",false,,3.40,2.7200,true,1,38436
7290014761254,false,מארז יוגורט ביו תנוב,תנובה מרכז שיתופי לש,IL,מארז יוגורט ביו תנוב,קילוגרמים,1.20,ליטר,false,,15.90,13.2500,true,1,37102
7290014761414,false,יולו שוקולד לבן וחלב,תנובה מרכז שיתופי לש,IL,יולו שוקולד לבן וחלב,גרמים,123.00,100 גרם,false,,4.30,3.4959,true,1,37848
7290014761438,false,גבינה בולגרית 24% פי,תנובה מרכז שיתופי לש,IL,גבינה בולגרית 24% פי,גרמים,400.00,100 גרם,false,,25.90,6.4750,true,1,37369
7290014761612,false,יולו שכבות שוקולד לב,תנובה מרכז שיתופי לש,IL,יולו שכבות שוקולד לב,גרמים,122.00,100 גרם,false,,4.30,3.5246,true,1,42563
7290014761698,false,גבינה עמק 28% 600 גר,תנובה מרכז שיתופי לש,IL,גבינה עמק 28% 600 גר,גרמים,600.00,100 גרם,false,,28.90,4.8167,true,1,49635
7290014762831,false,גבינת שמנת פלפל חלפי,תנובה מרכז שיתופי לש,IL,גבינת שמנת פלפל חלפי,גרמים,225.00,100 גרם,false,,12.90,5.7333,true,1,46724
7290014763272,false,משקה סויה תות בננה א,תנובה,IL,משקה סויה תות בננה א,מיליליטרים,250.00,"100 מ""ל",false,,4.90,1.9600,true,1,53618
7290014763395,false,גבינה עמק 28% 600 גר,תנובה מרכז שיתופי לש,IL,גבינה עמק 28% 600 גר,גרמים,600.00,100 גרם,false,,28.90,4.8167,true,1,51664
7290014763418,false,משקה יוגורט 4% תנובה,תנובה מרכז שיתופי לש,IL,משקה יוגורט 4% תנובה,קילוגרמים,1.50,ליטר,false,,16.90,11.2667,true,1,48512
7290014855595,false,מגבוני טואלט סופטי 6,D.P.L,IL,מגבוני טואלט סופטי 6,Unknown,0.00,יחידה,false,,19.90,0.0000,true,1,39140
7290014860070,false,מקלוני אורז מזרח ומע,ניינטי נודל קו,TH,מקלוני אורז מזרח ומע,גרמים,454.00,100 גרם,false,,9.90,2.1806,true,1,65153
7290014860094,false,מקלוני אורז  ללא גלו,ניינטי נודל קו,TH,מקלוני אורז  ללא גלו,גרמים,454.00,100 גרם,false,,9.90,2.1806,true,1,80137
7290014860155,false,מחצלת במבו שטוחה 24/,גולין  פנגזו,CN,מחצלת במבו שטוחה 24/,Unknown,0.00,יחידה,false,,7.90,0.0000,true,1,66401
7290014860247,false,שבבי אורז ללא גלוטן,ליאן תאי רייס,TH,שבבי אורז ללא גלוטן,מיליליטרים,227.00,"100 מ""ל",false,,8.50,3.7445,true,1,80138
7290014940901,false,לחם פשוט מלא אנגל 75,מאפית אנגל,IL,לחם פשוט מלא אנגל 75,גרמים,750.00,100 גרם,false,,13.90,1.8533,true,1,58412
7290014973060,false,סלמון מעושן הרמס 100,"הרמס דגים בע""מ",IL,סלמון מעושן הרמס 100,גרמים,100.00,100 גרם,false,,16.90,16.9000,true,1,65091
7290014973381,false,ממרח סלמון הרמס 200,"הרמס דגים בע""מ",IL,ממרח סלמון הרמס 200,גרמים,200.00,100 גרם,false,,19.90,9.9500,true,1,65637
7290014973640,false,פילה הרינג לבן הרמס,"הרמס דגים בע""מ",IL,פילה הרינג לבן הרמס,גרמים,200.00,100 גרם,false,,11.90,5.9500,true,1,71206
7290014973657,false,פילה הרינג אדום הרמס,"הרמס דגים בע""מ",IL,פילה הרינג אדום הרמס,גרמים,200.00,100 גרם,false,,11.90,5.9500,true,1,71207
7290014973664,false,איקרה אדומה הרמס 250,"הרמס דגים בע""מ",IL,איקרה אדומה הרמס 250,גרמים,250.00,100 גרם,false,,12.90,5.1600,true,1,71828
7290014973671,false,איקרה לבנה הרמס 250,"הרמס דגים בע""מ",IL,איקרה לבנה הרמס 250,גרמים,250.00,100 גרם,false,,12.90,5.1600,true,1,71829
7290014974593,false,גביעי גלידריה ל. גלו,עלמה,IL,גביעי גלידריה ל. גלו,גרמים,132.00,100 גרם,false,,14.90,11.2879,true,1,78461
7290015025836,false,שקיות הקפאה גדולות ז,אס סי גונסון ראסין,US,שקיות הקפאה גדולות ז,Unknown,0.00,יחידה,false,,19.90,0.0000,true,1,78681
7290015025843,false,שקיות סנדוויץ קטנות,תאי גריפיטס,TH,שקיות סנדוויץ קטנות,Unknown,0.00,יחידה,false,,24.90,0.0000,true,1,78682
7290015037495,false,כוסברה מהדרין,יעל ירק עלים,IL,כוסברה מהדרין,Unknown,0.00,יחידה,false,,6.90,0.0000,true,1,54479
7290015037501,false,שמיר מהדרין,יעל ירק עלים,IL,שמיר מהדרין,Unknown,0.00,יחידה,false,,6.90,0.0000,true,1,54480
7290015057110,false,מקלות חמוצים בטעם תו,אלבן מזון תעשיות ומס,TR,מקלות חמוצים בטעם תו,גרמים,20.00,100 גרם,false,,1.50,7.5000,true,1,62775
7290015057127,false,מקלות חמוצים בטעם קו,אלבן מזון תעשיות ומס,TR,מקלות חמוצים בטעם קו,גרמים,20.00,100 גרם,false,,1.50,7.5000,true,1,62776
7290015057134,false,מקלות חמוצים בטעם פט,אלבן מזון תעשיות ומס,TR,מקלות חמוצים בטעם פט,גרמים,20.00,100 גרם,false,,1.50,7.5000,true,1,62777
7290015057912,false,קצפיות וניל 100 גרם,,,קצפיות וניל 100 גרם,גרמים,100.00,100 גרם,false,,1.90,1.9000,true,1,34248
7290015139052,false,מרשמלו טוויסטר 500 ג,כרמית,IL,מרשמלו טוויסטר 500 ג,גרמים,500.00,100 גרם,false,,13.90,2.7800,true,1,34555
7290015139465,false,אגו מיקס בייגלה שוקו,כרמית,IL,אגו מיקס בייגלה שוקו,גרמים,55.00,100 גרם,false,,3.30,6.0000,true,1,44649
7290015139526,false,אצבעות וופל שוקולד ל,כרמית,IL,אצבעות וופל שוקולד ל,גרמים,125.00,100 גרם,false,,9.90,7.9200,true,1,45503
7290015150361,false,תה ירוק נענע סטיביה,ויסוצקי,IL,תה ירוק נענע סטיביה,גרמים,38.00,100 גרם,false,,21.90,57.6316,true,1,42890
7290015282581,false,חומוס עם חריף שמיר ג,סלטי שמיר 2006 בעמ,IL,חומוס עם חריף שמיר ג,גרמים,200.00,100 גרם,false,,7.90,3.9500,true,1,36545
7290015282598,false,חומוס מסעדות שמיר גו,סלטי שמיר 2006 בעמ,IL,חומוס מסעדות שמיר גו,גרמים,200.00,100 גרם,false,,7.90,3.9500,true,1,36546
7290015282604,false,טחינה מיוחדת שמיר בי,סלטי שמיר 2006 בעמ,IL,טחינה מיוחדת שמיר בי,גרמים,200.00,100 גרם,false,,10.90,5.4500,true,1,36547
7290015282628,false,חציל בטעם כבד שמיר ג,סלטי שמיר 2006 בעמ,IL,חציל בטעם כבד שמיר ג,גרמים,200.00,100 גרם,false,,7.90,3.9500,true,1,36549
7290015282635,false,חומוס מסבחה שמיר גור,סלטי שמיר 2006 בעמ,IL,חומוס מסבחה שמיר גור,גרמים,200.00,100 גרם,false,,7.90,3.9500,true,1,36550
7290015282642,false,חומוס אבו גוש שמיר ג,סלטי שמיר 2006 בעמ,IL,חומוס אבו גוש שמיר ג,גרמים,200.00,100 גרם,false,,7.90,3.9500,true,1,36551
7290015282673,false,חציל במיונז שמיר גור,סלטי שמיר 2006 בעמ,IL,חציל במיונז שמיר גור,גרמים,200.00,100 גרם,false,,7.90,3.9500,true,1,36555
7290015282680,false,קישואים בטעם כבד שמי,סלטי שמיר 2006 בעמ,IL,קישואים בטעם כבד שמי,גרמים,200.00,100 גרם,false,,7.90,3.9500,true,1,36556
7290015282697,false,כרוב אדום שמיר גורמה,סלטי שמיר 2006 בעמ,IL,כרוב אדום שמיר גורמה,גרמים,200.00,100 גרם,false,,7.90,3.9500,true,1,36557
7290015282710,false,קוביות סלק שמיר גורמ,סלטי שמיר 2006 בעמ,IL,קוביות סלק שמיר גורמ,גרמים,200.00,100 גרם,false,,7.90,3.9500,true,1,36559
7290015282727,false,גזר מרוקאי שמיר גורמ,סלטי שמיר 2006 בעמ,IL,גזר מרוקאי שמיר גורמ,גרמים,200.00,100 גרם,false,,7.90,3.9500,true,1,36560
7290015282734,false,מטבוחה שמיר גורמה 20,סלטי שמיר 2006 בעמ,IL,מטבוחה שמיר גורמה 20,גרמים,200.00,100 גרם,false,,7.90,3.9500,true,1,36561
7290015282741,false,חציל תאילנדי שמיר גו,סלטי שמיר 2006 בעמ,IL,חציל תאילנדי שמיר גו,גרמים,200.00,100 גרם,false,,7.90,3.9500,true,1,36562
7290015321167,false,פפריקה מתוקה בשמן פר,תבליני הדור השלישי,IL,פפריקה מתוקה בשמן פר,גרמים,250.00,100 גרם,false,,21.90,8.7600,true,1,38943
7290015321174,false,פפריקה מתוקה פרג 300,תבליני הדור השלישי,IL,פפריקה מתוקה פרג 300,גרמים,300.00,100 גרם,false,,21.90,7.3000,true,1,38784
7290015321181,false,פפריקה חריפה בשמן פר,תבליני הדור השלישי,IL,פפריקה חריפה בשמן פר,גרמים,250.00,100 גרם,false,,21.90,8.7600,true,1,38786
7290015321198,false,פפריקה חריפה פרג 300,תבליני הדור השלישי,IL,פפריקה חריפה פרג 300,גרמים,300.00,100 גרם,false,,21.90,7.3000,true,1,38787
7290015321204,false,כורכום פרג 320 גרם,תבליני הדור השלישי,IL,כורכום פרג 320 גרם,גרמים,320.00,100 גרם,false,,21.90,6.8437,true,1,38782
7290015321211,false,כמון פרג 250 גרם,תבליני הדור השלישי,IL,כמון פרג 250 גרם,גרמים,250.00,100 גרם,false,,21.90,8.7600,true,1,38781
7290015321235,false,מקלות קינמון פרג 150,תבליני הדור השלישי,IL,מקלות קינמון פרג 150,גרמים,150.00,100 גרם,false,,21.90,14.6000,true,1,38945
7290015321242,false,קינמון טחון פרג 250,תבליני הדור השלישי,IL,קינמון טחון פרג 250,גרמים,250.00,100 גרם,false,,21.90,8.7600,true,1,38946
7290015321280,false,צילי פרג 230 גרם,תבליני הדור השלישי,IL,צילי פרג 230 גרם,גרמים,230.00,100 גרם,false,,21.90,9.5217,true,1,38950
7290015321297,false,גריל עוף פרג 250 גרם,תבליני הדור השלישי,IL,גריל עוף פרג 250 גרם,גרמים,250.00,100 גרם,false,,21.90,8.7600,true,1,38951
7290015321303,false,תבלין לסטיק פרג 250,תבליני הדור השלישי,IL,תבלין לסטיק פרג 250,גרמים,250.00,100 גרם,false,,21.90,8.7600,true,1,38785
7290015321327,false,תבלין לדגים פרג 250,תבליני הדור השלישי,IL,תבלין לדגים פרג 250,גרמים,250.00,100 גרם,false,,21.90,8.7600,true,1,38783
7290015321334,false,קארי פרג 250 גרם,תבליני הדור השלישי,IL,קארי פרג 250 גרם,גרמים,250.00,100 גרם,false,,21.90,8.7600,true,1,38953
7290015321341,false,חוואיג למרק פרג 250,תבליני הדור השלישי,IL,חוואיג למרק פרג 250,גרמים,250.00,100 גרם,false,,21.90,8.7600,true,1,38954
7290015321358,false,חוואיג לקפה פרג 200,תבליני הדור השלישי,IL,חוואיג לקפה פרג 200,גרמים,200.00,100 גרם,false,,21.90,10.9500,true,1,38955
7290015321365,false,זעתר פרג 240 גרם,תבליני הדור השלישי,IL,זעתר פרג 240 גרם,גרמים,240.00,100 גרם,false,,21.90,9.1250,true,1,38956
7290015321372,false,קיטגון פרג 250 גרם,תבליני הדור השלישי,IL,קיטגון פרג 250 גרם,גרמים,250.00,100 גרם,false,,21.90,8.7600,true,1,38957
7290015321389,false,פטרוזיליה פרג 80 גרם,תבליני הדור השלישי,IL,פטרוזיליה פרג 80 גרם,גרמים,80.00,100 גרם,false,,21.90,27.3750,true,1,38958
7290015321396,false,בזיליקום פרג 80 גרם,תבליני הדור השלישי,IL,בזיליקום פרג 80 גרם,גרמים,80.00,100 גרם,false,,21.90,27.3750,true,1,38959
7290015321402,false,כוסברה פרג 60 גרם,תבליני הדור השלישי,IL,כוסברה פרג 60 גרם,גרמים,60.00,100 גרם,false,,21.90,36.5000,true,1,38934
7290015321419,false,שמיר פרג 80 גרם,תבליני הדור השלישי,IL,שמיר פרג 80 גרם,גרמים,80.00,100 גרם,false,,21.90,27.3750,true,1,38933
7290015321426,false,אורגנו פרג 120 גרם,תבליני הדור השלישי,IL,אורגנו פרג 120 גרם,גרמים,120.00,100 גרם,false,,21.90,18.2500,true,1,38963
7290015321433,false,רוזמרין פרג 80 גרם,תבליני הדור השלישי,IL,רוזמרין פרג 80 גרם,גרמים,300.00,100 גרם,false,,21.90,7.3000,true,1,38960
7290015321440,false,עלי דפנה פרג 25 גרם,תבליני הדור השלישי,IL,עלי דפנה פרג 25 גרם,גרמים,25.00,100 גרם,false,,21.90,87.6000,true,1,38962
7290015321457,false,טימין פרג 80 גרם,תבליני הדור השלישי,IL,טימין פרג 80 גרם,גרמים,80.00,100 גרם,false,,21.90,27.3750,true,1,38961
7290015339605,false,שוקולד טעמן לבן נוגט,אלבה שוקולד,,שוקולד טעמן לבן נוגט,גרמים,100.00,100 גרם,false,,7.90,7.9000,true,1,45967
7290015339612,false,שוקולד טעמן חלב אגוז,אלבה שוקולד,,שוקולד טעמן חלב אגוז,גרמים,100.00,100 גרם,false,,7.90,7.9000,true,1,45965
7290015339629,false,שוקולד טעמן חלב שברי,הלל תעשיות,IL,שוקולד טעמן חלב שברי,גרמים,100.00,100 גרם,false,,7.90,7.9000,true,1,45968
7290015339643,false,שוקולד טעמן מריר 100,הלל תעשיות,IL,שוקולד טעמן מריר 100,גרמים,100.00,100 גרם,false,,7.90,7.9000,true,1,45964
7290015339650,false,שוקולד טעמן חלב 100,אלבה שוקולד,,שוקולד טעמן חלב 100,גרמים,100.00,100 גרם,false,,7.90,7.9000,true,1,45963
7290015341516,false,עוגת קרנץ 500 גרם,אנטיקביץ,IL,עוגת קרנץ 500 גרם,גרמים,500.00,100 גרם,false,,10.90,2.1800,true,1,58079
7290015341578,false,עוגת דניש בטעמים שונ,אנטיקביץ,IL,עוגת דניש בטעמים שונ,גרמים,500.00,100 גרם,false,,10.90,2.1800,true,1,57663
7290015341837,false,עוגיות פרימיום ללא ס,אנטיקביץ,IL,עוגיות פרימיום ללא ס,גרמים,350.00,100 גרם,false,,11.90,3.4000,true,1,78520
7290015341981,false,עוגה בטעם דבש פרימיו,אנטיקביץ,IL,עוגה בטעם דבש פרימיו,גרמים,450.00,100 גרם,false,,9.90,2.2000,true,1,52872
7290015347037,false,קקאו מיה 800 גרם,מיה תעשיות מזון בעמ,IL,קקאו מיה 800 גרם,גרמים,800.00,100 גרם,false,,19.90,2.4875,true,1,34117
7290015347068,false,קוקוס מיה 250 גרם,מיה תעשיות מזון בעמ,IL,קוקוס מיה 250 גרם,גרמים,250.00,100 גרם,false,,7.90,3.1600,true,1,36372
7290015347075,false,שומשום מיה 250 גרם,מיה תעשיות מזון בעמ,IL,שומשום מיה 250 גרם,גרמים,250.00,100 גרם,false,,6.90,2.7600,true,1,36373
7290015347150,false,שומשום סלקטד 400 גרם,מיה תעשיות מזון בעמ,IL,שומשום סלקטד 400 גרם,גרמים,400.00,100 גרם,false,,16.90,4.2250,true,1,57588
7290015347167,false,קינואה סלקטד 500 גרם,מיה תעשיות מזון בעמ,IL,קינואה סלקטד 500 גרם,גרמים,500.00,100 גרם,false,,16.90,3.3800,true,1,56482
7290015347181,false,שעועית לבנה סלקטד 1,מיה תעשיות מזון בעמ,IL,שעועית לבנה סלקטד 1,פריט,1.00,"ק""ג",false,,13.90,13.9000,true,1,37896
7290015347198,false,קוואקר סלקטד 700 גרם,מיה תעשיות מזון בעמ,IL,קוואקר סלקטד 700 גרם,גרמים,700.00,100 גרם,false,,9.90,1.4143,true,1,37899
7290015347204,false,חומוס גדול סלקטד 1 ק,מיה תעשיות מזון בעמ,IL,חומוס גדול סלקטד 1 ק,פריט,1.00,"ק""ג",false,,13.90,13.9000,true,1,37895
7290015347211,false,גריסי פנינה סלקטד 1,מיה תעשיות מזון בעמ,IL,גריסי פנינה סלקטד 1,פריט,1.00,"ק""ג",false,,14.90,14.9000,true,1,37897
7290015347501,false,אבקת אפיה מיה 36 יח,מיה תעשיות מזון בעמ,IL,אבקת אפיה מיה 36 יח,גרמים,360.00,100 גרם,false,,5.90,1.6389,true,1,49792
7290015347518,false,סוכר וניל מיה 36 יח,מיה תעשיות מזון בעמ,IL,סוכר וניל מיה 36 יח,גרמים,360.00,100 גרם,false,,5.90,1.6389,true,1,49793
7290015347556,false,גבישי שום מיה 300 גר,מיה תעשיות מזון בעמ,IL,גבישי שום מיה 300 גר,גרמים,300.00,100 גרם,false,,24.90,8.3000,true,1,62717
7290015347563,false,סוכר דמררה שקית בון,מיה תעשיות מזון בעמ,IL,סוכר דמררה שקית בון,פריט,1.40,"ק""ג",false,,11.90,8.5000,true,1,43634
7290015347679,false,צילי גרוס מיה 70 גרם,מיה תעשיות מזון בעמ,IL,צילי גרוס מיה 70 גרם,גרמים,70.00,100 גרם,false,,7.90,11.2857,true,1,45897
7290015347686,false,צילי שקית מיה 50 גרם,מיה תעשיות מזון בעמ,IL,צילי שקית מיה 50 גרם,גרמים,50.00,100 גרם,false,,6.90,13.8000,true,1,45898
7290015347709,false,אגוז מוסקט מיה 70 גר,מיה תעשיות מזון בעמ,IL,אגוז מוסקט מיה 70 גר,גרמים,70.00,100 גרם,false,,9.90,14.1429,true,1,45750
7290015347723,false,אורז פרסי סלקטד 1.8,מיה תעשיות מזון בעמ,IL,אורז פרסי סלקטד 1.8,פריט,1.80,"ק""ג",false,,19.90,11.0556,true,1,51111
7290015347945,false,שעועית מעורבת אינדיר,מיה תעשיות מזון בעמ,IL,שעועית מעורבת אינדיר,פריט,1.40,"ק""ג",false,,16.90,12.0714,true,1,53317
7290015347952,false,שיבולת שועל עבה אינד,מיה תעשיות מזון בעמ,IL,שיבולת שועל עבה אינד,גרמים,750.00,100 גרם,false,,5.90,0.7867,true,1,54234
7290015347969,false,שיבולת שועל דק אינדי,מיה תעשיות מזון בעמ,IL,שיבולת שועל דק אינדי,גרמים,750.00,100 גרם,false,,5.90,0.7867,true,1,54235
7290015347990,false,מארז  1/8 עדשי שוקול,מיה תעשיות מזון בעמ,IL,מארז  1/8 עדשי שוקול,גרמים,160.00,100 גרם,false,,9.90,6.1875,true,1,53597
7290015350242,false,ברנדי שטוק 84 דבש 75,יינות סגל,IL,ברנדי שטוק 84 דבש 75,מיליליטרים,750.00,"100 מ""ל",false,,64.90,8.6533,true,1,80222
7290015350402,false,יין רזרב מוסקט ורוד,יקבי ברקן,IL,יין רזרב מוסקט ורוד,מיליליטרים,750.00,"100 מ""ל",false,,38.90,5.1867,true,1,80221
7290015374002,false,סיגרים בטעם בשר אלקי,חטיפי אלקיים בעמ,IL,סיגרים בטעם בשר אלקי,פריט,1.00,"ק""ג",false,,21.90,21.9000,true,1,37383
7290015374019,false,סיגרים במילוי תפוא א,חטיפי אלקיים בעמ,IL,סיגרים במילוי תפוא א,פריט,1.00,"ק""ג",false,,21.90,21.9000,true,1,37384
7290015374033,false,פסטלים תפוא אלקיים 1,חטיפי אלקיים בעמ,IL,פסטלים תפוא אלקיים 1,פריט,1.00,"ק""ג",false,,21.90,21.9000,true,1,37385
7290015374040,false,אגרול סיני ירקות אלק,חטיפי אלקיים בעמ,IL,אגרול סיני ירקות אלק,פריט,1.00,"ק""ג",false,,21.90,21.9000,true,1,37386
7290015374071,false,קרפלך תפוא אלקיים 1,חטיפי אלקיים בעמ,IL,קרפלך תפוא אלקיים 1,פריט,1.00,"ק""ג",false,,21.90,21.9000,true,1,37387
7290015374088,false,חטיפי תפוא במילוי פט,חטיפי אלקיים בעמ,IL,חטיפי תפוא במילוי פט,פריט,1.00,"ק""ג",false,,21.90,21.9000,true,1,37388
7290015470094,false,שוקולד מריר בטעם תפו,,TR,שוקולד מריר בטעם תפו,גרמים,100.00,100 גרם,false,,8.90,8.9000,true,1,76030
7290015581301,false,צלחות קנה סוכר גדולו,,IN,צלחות קנה סוכר גדולו,Unknown,0.00,יחידה,false,,29.90,0.0000,true,1,76507
7290015581318,false,צלחות קנה סוכר קטנות,,IN,צלחות קנה סוכר קטנות,Unknown,0.00,יחידה,false,,19.90,0.0000,true,1,76508
7290015581325,false,קערות קנה סוכר 80 יח,,IN,קערות קנה סוכר 80 יח,Unknown,0.00,יחידה,false,,25.90,0.0000,true,1,77592
7290015581332,false,לפתניות קנה סוכר 80,,IN,לפתניות קנה סוכר 80,Unknown,0.00,יחידה,false,,19.90,0.0000,true,1,77593
7290015597210,false,טילוני קורנטו וניל 6,גלידות שטראוס,IL,טילוני קורנטו וניל 6,גרמים,360.00,100 גרם,false,,21.90,6.0833,true,1,56615
7290015603188,false,אטריות ביצים מזרח ומ,פוגקן לונגהי אנלידה,CN,אטריות ביצים מזרח ומ,גרמים,454.00,100 גרם,false,,9.90,2.1806,true,1,65147
7290015603195,false,אטריות עם תרד מזרח ו,פוגקן לונגהי אנלידה,CN,אטריות עם תרד מזרח ו,גרמים,454.00,100 גרם,false,,9.90,2.1806,true,1,80133
7290015603201,false,אטריות חיטה מלאה מזר,yan val yun corpora,CN,אטריות חיטה מלאה מזר,גרמים,454.00,100 גרם,false,,9.90,2.1806,true,1,72488
7290015603218,false,אטריות עם עגבניה מזר,פוגקן לונגהי אנלידה,CN,אטריות עם עגבניה מזר,גרמים,454.00,100 גרם,false,,9.90,2.1806,true,1,65148
7290015603225,false,אטריות עם גזר מזרח ו,פוגקן לונגהי אנלידה,CN,אטריות עם גזר מזרח ו,גרמים,454.00,100 גרם,false,,10.50,2.3128,true,1,80134
7290015603232,false,אטריות עם דלעת מזרח,פוגקן לונגהי אנלידה,CN,אטריות עם דלעת מזרח,גרמים,454.00,100 גרם,false,,9.90,2.1806,true,1,80135
7290015603522,false,נוזל קוקוס 5-7% מזרח,אסי אטיק גרו אינדוסט,TH,נוזל קוקוס 5-7% מזרח,מיליליטרים,400.00,"100 מ""ל",false,,5.90,1.4750,true,1,75866
7290015603546,false,קרם קוקוס 17-19% מזר,אסי אטיק גרו אינדוסט,TH,קרם קוקוס 17-19% מזר,מיליליטרים,400.00,"100 מ""ל",false,,8.50,2.1250,true,1,65154
7290015603560,false,קרם קוקוס 20-22% מזר,אסי אטיק גרו אינדוסט,TH,קרם קוקוס 20-22% מזר,מיליליטרים,400.00,"100 מ""ל",false,,9.70,2.4250,true,1,66399
7290015603584,false,ג'ינגר לבן כבוש מזרח,לאיווי איפנג פודס קו,CN,ג'ינגר לבן כבוש מזרח,גרמים,160.00,100 גרם,false,,7.90,4.9375,true,1,65149
7290015603638,false,אורז קלרוז מזרח ומער,מינה פונג גרין אגריק,VN,אורז קלרוז מזרח ומער,פריט,1.00,"ק""ג",false,,11.50,11.5000,true,1,65159
7290015644426,false,לחם מחמצת חיטה מלאה,מאפית אנגל,IL,לחם מחמצת חיטה מלאה,גרמים,600.00,100 גרם,false,,17.90,2.9833,true,1,58415
7290015644433,false,לחם מחמצת שיפון קל א,מאפית אנגל,IL,לחם מחמצת שיפון קל א,גרמים,650.00,100 גרם,false,,17.90,2.7538,true,1,58413
7290015652070,false,קשיו קלויים 150 גרם,דין שיווק,IL,קשיו קלויים 150 גרם,גרמים,150.00,100 גרם,false,,9.90,6.6000,true,1,42367
7290015652087,false,תערובת פיצוחים 150 ג,דין שיווק,IL,תערובת פיצוחים 150 ג,גרמים,150.00,100 גרם,false,,9.90,6.6000,true,1,42366
7290015652124,false,רוטב סרירצ'ה חריף אה,,TH,רוטב סרירצ'ה חריף אה,גרמים,450.00,100 גרם,false,,14.90,3.3111,true,1,44374
7290015652254,false,גרעין שחור 500  גרם,דין שיווק,IL,גרעין שחור 500  גרם,גרמים,500.00,100 גרם,false,,10.00,2.0000,true,1,52853
7290015652261,false,בוטן קלויים 350 גרם,דין שיווק,IL,בוטן קלויים 350 גרם,גרמים,350.00,100 גרם,false,,10.00,2.8571,true,1,52852
7290015652278,false,תערובת פיצוחים 300 ג,דין שיווק,IL,תערובת פיצוחים 300 ג,גרמים,300.00,100 גרם,false,,20.00,6.6667,true,1,46491
7290015652285,false,אגוזים קלופים 250 גר,דין שיווק,IL,אגוזים קלופים 250 גר,גרמים,250.00,100 גרם,false,,20.00,8.0000,true,1,52857
7290015652292,false,קבוקים 400 גרם,דין שיווק,IL,קבוקים 400 גרם,גרמים,400.00,100 גרם,false,,10.00,2.5000,true,1,52856
7290015652322,false,בוטן אמריקאי 400 גרם,דין שיווק,IL,בוטן אמריקאי 400 גרם,גרמים,400.00,100 גרם,false,,10.00,2.5000,true,1,52851
7290015652346,false,פלפלים ירוקים חריפים,,IN,פלפלים ירוקים חריפים,גרמים,680.00,100 גרם,false,,11.90,1.7500,true,1,73747
7290015652384,false,קמח תירס עבה ל.גלוטן,,IT,קמח תירס עבה ל.גלוטן,פריט,1.00,"ק""ג",false,,9.90,9.9000,true,1,45212
7290015652391,false,קמח תירס דק ל.גלוטן,,IT,קמח תירס דק ל.גלוטן,פריט,1.00,"ק""ג",false,,9.90,9.9000,true,1,45213
7290015652407,false,פיסטוק 250 גרם,דין שיווק,IL,פיסטוק 250 גרם,גרמים,250.00,100 גרם,false,,20.00,8.0000,true,1,52859
7290015652506,false,נוזל קוקוס דל קלוריו,,TH,נוזל קוקוס דל קלוריו,מיליליטרים,400.00,"100 מ""ל",false,,6.90,1.7250,true,1,44385
7290015652513,false,תערובת לסטייק אהרוני,נווה התבלין,IL,תערובת לסטייק אהרוני,גרמים,150.00,100 גרם,false,,9.90,6.6000,true,1,43665
7290015652520,false,תערובת השף אהרוני 70,דין שיווק,IL,תערובת השף אהרוני 70,גרמים,70.00,100 גרם,false,,9.90,14.1429,true,1,43667
7290015652537,false,תבלין פלפל לימון ושו,נווה התבלין,IL,תבלין פלפל לימון ושו,גרמים,130.00,100 גרם,false,,9.90,7.6154,true,1,43663
7290015652544,false,גריל עוף ארומטי אהרו,נווה התבלין,IL,גריל עוף ארומטי אהרו,גרמים,130.00,100 גרם,false,,9.90,7.6154,true,1,43659
7290015652551,false,זעתר ושומשום בלדי אה,נווה התבלין,IL,זעתר ושומשום בלדי אה,גרמים,150.00,100 גרם,false,,9.90,6.6000,true,1,43662
7290015652568,false,עשבי תיבול לדג אהרונ,נווה התבלין,IL,עשבי תיבול לדג אהרונ,גרמים,70.00,100 גרם,false,,9.90,14.1429,true,1,43666
7290015652575,false,תבלין ראס אל חנות אה,נווה התבלין,IL,תבלין ראס אל חנות אה,גרמים,150.00,100 גרם,false,,9.90,6.6000,true,1,43661
7290015652582,false,תבלין לחריימה דג אהר,נווה התבלין,IL,תבלין לחריימה דג אהר,גרמים,150.00,100 גרם,false,,9.90,6.6000,true,1,43660
7290015652599,false,תבלין צלי בקר אהרוני,נווה התבלין,IL,תבלין צלי בקר אהרוני,גרמים,120.00,100 גרם,false,,9.90,8.2500,true,1,43664
7290015710060,false,ביצים 18 יח' גדול מש,משק דוידי,IL,ביצים 18 יח' גדול מש,Unknown,18.00,יחידה,false,,18.00,1.0000,true,1,79092
7290015710145,false,ביצים 30 יח' גדול מש,משק דוידי,IL,ביצים 30 יח' גדול מש,Unknown,30.00,יחידה,false,,29.90,0.9967,true,1,79091
7290015710701,false,ביצי חופש 30 יח' גדו,משק דוידי,IL,ביצי חופש 30 יח' גדו,Unknown,30.00,יחידה,false,,39.90,1.3300,true,1,80312
7290015710718,false,ביצי אומגה 30 יח' גד,משק דוידי,IL,ביצי אומגה 30 יח' גד,Unknown,30.00,יחידה,false,,39.90,1.3300,true,1,80275
7290015710725,false,ביצי אומגה 30 יח' בי,משק דוידי,IL,ביצי אומגה 30 יח' בי,Unknown,30.00,יחידה,false,,37.90,1.2633,true,1,80438
7290015710749,false,מארז ביצים גדול 2*30,משק דוידי,IL,מארז ביצים גדול 2*30,Unknown,60.00,יחידה,false,,59.90,0.9983,true,1,79112
7290015733205,false,מטרנה אקסטרה קר שלב,מטרנה,IL,מטרנה אקסטרה קר שלב,גרמים,700.00,100 גרם,false,,47.50,6.7857,true,1,56733
7290015733229,false,מטרנה אקסטרה קר שלב,מטרנה,IL,מטרנה אקסטרה קר שלב,גרמים,700.00,100 גרם,false,,47.50,6.7857,true,1,56732
7290015733243,false,מטרנה אקסטרה קר שלב,מטרנה,IL,מטרנה אקסטרה קר שלב,גרמים,700.00,100 גרם,false,,47.50,6.7857,true,1,56731
7290015781008,false,יין ויזן מרלו,יקב טפרברג 1870 בעמ,IL,יין ויזן מרלו,מיליליטרים,750.00,"100 מ""ל",false,,39.90,5.3200,true,1,42623
7290015781015,false,יין ויזן מלבק,יקב טפרברג 1870 בעמ,IL,יין ויזן מלבק,מיליליטרים,750.00,"100 מ""ל",false,,39.90,5.3200,true,1,42624
7290015781046,false,יין ויזן לבן חצי יבש,יקב טפרברג 1870 בעמ,IL,יין ויזן לבן חצי יבש,מיליליטרים,750.00,"100 מ""ל",false,,39.90,5.3200,true,1,42626
7290015781091,false,יין ויזן קברנה סובינ,יקב טפרברג 1870 בעמ,IL,יין ויזן קברנה סובינ,מיליליטרים,750.00,"100 מ""ל",false,,39.90,5.3200,true,1,42622
7290015781114,false,יין אימפרשן מרלו,יקב טפרברג 1870 בעמ,IL,יין אימפרשן מרלו,מיליליטרים,750.00,"100 מ""ל",false,,49.90,6.6533,true,1,42631
7290015781268,false,יין טפרברג מוסקטו אד,יקב טפרברג 1870 בעמ,IL,יין טפרברג מוסקטו אד,מיליליטרים,750.00,"100 מ""ל",false,,39.90,5.3200,true,1,42629
7290015781275,false,יין טפרברג מוסקטו לב,יקב טפרברג 1870 בעמ,IL,יין טפרברג מוסקטו לב,מיליליטרים,750.00,"100 מ""ל",false,,39.90,5.3200,true,1,42628
7290015781299,false,יין ויזן שיראז,יקב טפרברג 1870 בעמ,IL,יין ויזן שיראז,מיליליטרים,750.00,"100 מ""ל",false,,39.90,5.3200,true,1,42625
7290015796712,false,"כפות ח""פ הופי 100 יח",,CN,"כפות ח""פ הופי 100 יח",Unknown,0.00,יחידה,false,,6.90,0.0000,true,1,79451
7290015821728,false,נר נשמה 48 שעות מאור,פאלאס,CN,נר נשמה 48 שעות מאור,Unknown,0.00,יחידה,false,,3.90,0.0000,true,1,79993
7290015856256,false,קרקר עם מלח בריידמן,אפיפית נצרת תעשיות ב,IL,קרקר עם מלח בריידמן,פריט,1.20,"ק""ג",false,,19.90,16.5833,true,1,58089
7290015856263,false,קרקר עם שומשום ברייד,אפיפית נצרת תעשיות ב,IL,קרקר עם שומשום ברייד,פריט,1.20,"ק""ג",false,,19.90,16.5833,true,1,58090
7290015856270,false,קרקר בטעם בצל בריידמ,אפיפית נצרת תעשיות ב,IL,קרקר בטעם בצל בריידמ,פריט,1.20,"ק""ג",false,,19.90,16.5833,true,1,58091
7290015856294,false,חטיפי קרקר עם מלח ים,אפיפית נצרת תעשיות ב,IL,חטיפי קרקר עם מלח ים,פריט,1.50,"ק""ג",false,,19.90,13.2667,true,1,58210
7290015856300,false,חטיפי קרקר שומשום בר,אפיפית נצרת תעשיות ב,IL,חטיפי קרקר שומשום בר,פריט,1.50,"ק""ג",false,,19.90,13.2667,true,1,58208
7290015856317,false,חטיפי קרקר בצל ברייד,אפיפית נצרת תעשיות ב,IL,חטיפי קרקר בצל ברייד,פריט,1.50,"ק""ג",false,,19.90,13.2667,true,1,58207
7290015856607,false,קרקר מלוח מתוק חצי מ,אפיפית נצרת תעשיות ב,IL,קרקר מלוח מתוק חצי מ,גרמים,175.00,100 גרם,false,,5.90,3.3714,true,1,69968
7290015856621,false,ביסקוויט קרמל חצי מצ,אפיפית נצרת תעשיות ב,IL,ביסקוויט קרמל חצי מצ,גרמים,175.00,100 גרם,false,,5.90,3.3714,true,1,69969
7290015856690,false,"קרם קרקר הדר 1 ק""ג",אפיפית נצרת תעשיות ב,IL,"קרם קרקר הדר 1 ק""ג",פריט,1.00,"ק""ג",false,,19.90,19.9000,true,1,70343
7290015856874,false,ביסקוויט קסטה הדר 1,אפיפית נצרת תעשיות ב,IL,ביסקוויט קסטה הדר 1,פריט,1.00,"ק""ג",false,,19.90,19.9000,true,1,72254
7290015858106,false,פסטו ביתי עללחם 180,מדשא,IL,פסטו ביתי עללחם 180,גרמים,180.00,100 גרם,false,,15.90,8.8333,true,1,64147
7290015858113,false,ממרח עגבניות מיובשות,מדשא,IL,ממרח עגבניות מיובשות,גרמים,180.00,100 גרם,false,,15.90,8.8333,true,1,64148
7290015858144,false,ממרח ארטישוק עללחם 1,מדשא,IL,ממרח ארטישוק עללחם 1,גרמים,180.00,100 גרם,false,,15.90,8.8333,true,1,70926
7290015858151,false,ממרח שום עללחם 180 ג,מדשא,IL,ממרח שום עללחם 180 ג,גרמים,180.00,100 גרם,false,,15.90,8.8333,true,1,79669
7290015858175,false,ממרח פלפלים קלויים ע,מדשא,IL,ממרח פלפלים קלויים ע,גרמים,180.00,100 גרם,false,,15.90,8.8333,true,1,75402
7290015858229,false,טפנד זיתי קלמטה עללח,מדשא,IL,טפנד זיתי קלמטה עללח,גרמים,180.00,100 גרם,false,,15.90,8.8333,true,1,64149
7290015858243,false,צ'ימיצורי עללחם 180,מדשא,IL,צ'ימיצורי עללחם 180,גרמים,180.00,100 גרם,false,,15.90,8.8333,true,1,75400
7290015858328,false,איולי פסטו עללחם לחי,עלית,IL,איולי פסטו עללחם לחי,גרמים,295.00,100 גרם,false,,14.90,5.0508,true,1,79994
7290015858441,false,איולי פלפלים עללחם ל,עלית,IL,איולי פלפלים עללחם ל,גרמים,295.00,100 גרם,false,,14.90,5.0508,true,1,79995
7290015858687,false,איולי שום עללחם לחיץ,עלית,IL,איולי שום עללחם לחיץ,גרמים,295.00,100 גרם,false,,14.90,5.0508,true,1,79996
7290015865821,false,ממרח אגוזי לוז וקקאו,ענבי ציון,IL,ממרח אגוזי לוז וקקאו,פריט,1.00,"ק""ג",false,,19.90,19.9000,true,1,78074
7290015865838,false,ממרח עוגיות קרמל ענב,ענבי ציון,IL,ממרח עוגיות קרמל ענב,פריט,1.00,"ק""ג",false,,19.90,19.9000,true,1,78075
7290015879712,false,תערובת איטלקית לעוגו,DFS,IT,תערובת איטלקית לעוגו,גרמים,500.00,100 גרם,false,,14.90,2.9800,true,1,69783
7290015879729,false,"קמח ללא גלוטן ע""ב עמ",DFS,IT,"קמח ללא גלוטן ע""ב עמ",גרמים,500.00,100 גרם,false,,14.90,2.9800,true,1,69252
7290015951227,false,יין גמלא סירה,יקב רמת הגולן,IL,יין גמלא סירה,מיליליטרים,750.00,"100 מ""ל",false,,54.90,7.3200,true,1,70222
7290015988919,false,רוטב בטעם לימון משומ,,,רוטב בטעם לימון משומ,קילוגרמים,4.00,ליטר,false,,6.90,1.7250,true,1,56383
7290015988926,false,חומץ סינטטי  4 ליטר,,,חומץ סינטטי  4 ליטר,קילוגרמים,4.00,ליטר,false,,6.90,1.7250,true,1,56353
7290015988933,false,חומץ 4 ליטר,,,חומץ 4 ליטר,קילוגרמים,4.00,ליטר,false,,6.90,1.7250,true,1,56311
7290016006292,false,נקטר ספרינג מנגו בננ,יפאורה תבורי,IL,נקטר ספרינג מנגו בננ,קילוגרמים,1.00,ליטר,false,,6.50,6.5000,true,1,46432
7290016006346,false,מארז שוופס סודה 6*50,יפאורה תבורי,IL,מארז שוופס סודה 6*50,קילוגרמים,3.00,ליטר,false,,13.90,4.6333,true,1,47773
7290016083101,false,עוגיות בדלי שירה 400,מאפיית ישראל חיפה,IL,עוגיות בדלי שירה 400,גרמים,400.00,100 גרם,false,,11.50,2.8750,true,1,43690
7290016083125,false,עוגיות בדלי שירה 600,מאפיית ישראל חיפה,IL,עוגיות בדלי שירה 600,גרמים,600.00,100 גרם,false,,11.50,1.9167,true,1,43689
7290016083255,false,בצק עלים בון בייקרי,מאפיית ישראל חיפה,IL,בצק עלים בון בייקרי,פריט,1.50,"ק""ג",false,,14.90,9.9333,true,1,46601
7290016083323,false,עוגיות  מעמול תמרים,מאפיית ישראל חיפה,IL,עוגיות  מעמול תמרים,גרמים,500.00,100 גרם,false,,11.50,2.3000,true,1,67127
7290016083347,false,רולדה תמרים שקד 500,מאפיית ישראל חיפה,IL,רולדה תמרים שקד 500,גרמים,500.00,100 גרם,false,,11.50,2.3000,true,1,67129
7290016083378,false,עוגיות במילוי טעם שו,מאפיית ישראל חיפה,IL,עוגיות במילוי טעם שו,גרמים,500.00,100 גרם,false,,11.50,2.3000,true,1,67131
7290016096354,false,פתיתי טונה בשמן פילט,תעשיות פילטונה,IL,פתיתי טונה בשמן פילט,גרמים,632.00,100 גרם,false,,11.90,1.8829,true,1,47064
7290016096613,false,טונה בשמן פילטונה 6*,תעשיות פילטונה,IL,טונה בשמן פילטונה 6*,גרמים,840.00,100 גרם,false,,27.90,3.3214,true,1,56691
7290016096637,false,טונה בשמן קנולה פילט,תעשיות פילטונה,IL,טונה בשמן קנולה פילט,גרמים,840.00,100 גרם,false,,27.90,3.3214,true,1,56690
7290016096651,false,טונה במים פילטונה 6*,תעשיות פילטונה,IL,טונה במים פילטונה 6*,גרמים,840.00,100 גרם,false,,27.90,3.3214,true,1,56692
7290016096811,false,ממרח טונה פילטונה 4*,תעשיות פילטונה,IL,ממרח טונה פילטונה 4*,גרמים,640.00,100 גרם,false,,19.90,3.1094,true,1,68165
7290016096934,false,סלט טונה פילטונה 2*1,פילטונה,IL,סלט טונה פילטונה 2*1,גרמים,320.00,100 גרם,false,,11.90,3.7188,true,1,72369
7290016106213,false,שוקולד טעמן מריר שבר,אלבה שוקולד,,שוקולד טעמן מריר שבר,גרמים,100.00,100 גרם,false,,7.90,7.9000,true,1,45969
7290016106657,false,טונה בשמן טעמן 4*140,דיאמוד פוד פרודקט סי,IL,טונה בשמן טעמן 4*140,גרמים,560.00,100 גרם,false,,16.90,3.0179,true,1,75599
7290016106664,false,טונה במים טעמן 4*140,דיאמוד פוד פרודקט סי,IL,טונה במים טעמן 4*140,גרמים,560.00,100 גרם,false,,16.90,3.0179,true,1,75600
7290016114300,false,נייר טואלט כפול לילי,חוגלה קימברלי,IL,נייר טואלט כפול לילי,מטרים,588.00,מטר,false,,32.90,0.0560,true,1,49676
7290016144000,false,קמח חיטה מלאה 80% נפ,קמח מלכים,IL,קמח חיטה מלאה 80% נפ,פריט,1.00,"ק""ג",false,,9.90,9.9000,true,1,60933
7290016144017,false,קמח חיטה מלאה 100% נ,קמח מלכים,IL,קמח חיטה מלאה 100% נ,פריט,1.00,"ק""ג",false,,9.90,9.9000,true,1,60934
7290016144024,false,קמח כוסמין 100% נפלא,קמח מלכים,IL,קמח כוסמין 100% נפלא,פריט,1.00,"ק""ג",false,,14.90,14.9000,true,1,60936
7290016144031,false,קמח לבן מנופה נפלאות,קמח מלכים,IL,קמח לבן מנופה נפלאות,פריט,1.00,"ק""ג",false,,6.90,6.9000,true,1,60938
7290016144048,false,קמח כוסמין לבן נפלאו,קמח מלכים,IL,קמח כוסמין לבן נפלאו,פריט,1.00,"ק""ג",false,,16.90,16.9000,true,1,60937
7290016144055,false,קמח כוסמין 80% נפלאו,קמח מלכים,IL,קמח כוסמין 80% נפלאו,פריט,1.00,"ק""ג",false,,14.90,14.9000,true,1,60935
7290016144062,false,קמח שיפון מלא נפלאות,קמח מלכים,IL,קמח שיפון מלא נפלאות,פריט,1.00,"ק""ג",false,,8.90,8.9000,true,1,75958
7290016144086,false,"קמח חלה נפלאות 1 ק""ג",קמח מלכים,IL,"קמח חלה נפלאות 1 ק""ג",פריט,1.00,"ק""ג",false,,6.90,6.9000,true,1,75960
7290016144093,false,"קמח לחם נפלאות 1 ק""ג",קמח מלכים,IL,"קמח לחם נפלאות 1 ק""ג",פריט,1.00,"ק""ג",false,,6.90,6.9000,true,1,75961
7290016144109,false,"קמח פיצה נפלאות 1 ק""",קמח מלכים,IL,"קמח פיצה נפלאות 1 ק""",פריט,1.00,"ק""ג",false,,14.90,14.9000,true,1,75962
7290016144116,false,"קמח תופח נפלאות 1 ק""",קמח מלכים,IL,"קמח תופח נפלאות 1 ק""",פריט,1.00,"ק""ג",false,,8.90,8.9000,true,1,75963
7290016162219,false,כדורי שוקולד קפולסקי,קפולסקי אדל בעמ,IL,כדורי שוקולד קפולסקי,גרמים,280.00,100 גרם,false,,29.90,10.6786,true,1,51457
7290016162264,false,עוגת גבינה אפויה קפו,קפולסקי אדל בעמ,IL,עוגת גבינה אפויה קפו,גרמים,450.00,100 גרם,false,,35.90,7.9778,true,1,51454
7290016188585,false,למברוסקו רוזה חצי יב,יקב גאקובזי,,למברוסקו רוזה חצי יב,מיליליטרים,750.00,"100 מ""ל",false,,23.90,3.1867,true,1,44887
7290016188592,false,למברוסקו אדום חצי יב,יקב גאקובזי,,למברוסקו אדום חצי יב,מיליליטרים,750.00,"100 מ""ל",false,,23.90,3.1867,true,1,44886
7290016188608,false,למברוסקו לבן חצי יבש,יקב גאקובזי,,למברוסקו לבן חצי יבש,מיליליטרים,750.00,"100 מ""ל",false,,23.90,3.1867,true,1,44868
7290016197495,true,מטליות רצפה מיקרופיי,חוגלה קימברלי,IL,מארז זוג מטלית הקסם לרצפה ניקול,Unknown,0.00,יחידה,false,1,14.90,0.0000,true,1,47774
7290016217643,false,חמוצים סיניים אסלי 4,סלטי שמיר 2006 בעמ,IL,חמוצים סיניים אסלי 4,גרמים,400.00,100 גרם,false,,10.90,2.7250,true,1,46438
7290016246445,false,טחינה מעודנת משומשום,אסם,IL,טחינה מעודנת משומשום,גרמים,310.00,100 גרם,false,,10.50,3.3871,true,1,75488
7290016255188,false,מטהר מגיק ירוק 350 מ,סאסאטק,IL,מטהר מגיק ירוק 350 מ,מיליליטרים,350.00,"100 מ""ל",false,,6.90,1.9714,true,1,47511
7290016255195,false,מטהר מגיק ורוד 350 מ,סאסאטק,IL,מטהר מגיק ורוד 350 מ,מיליליטרים,350.00,"100 מ""ל",false,,6.90,1.9714,true,1,47512
7290016255201,false,מטהר מגיק סגול 350 מ,סאסאטק,IL,מטהר מגיק סגול 350 מ,מיליליטרים,350.00,"100 מ""ל",false,,6.90,1.9714,true,1,47513
7290016276534,false,שמן קוקוס שקדיה 500,שקדיה,IL,שמן קוקוס שקדיה 500,גרמים,500.00,100 גרם,false,,29.90,5.9800,true,1,53518
7290016276763,false,מעדן שזיף שקדיה 284,שקדיה,IL,מעדן שזיף שקדיה 284,גרמים,284.00,100 גרם,false,,9.90,3.4859,true,1,48723
7290016276787,false,מעדן אננס שקדיה 284,שקדיה,IL,מעדן אננס שקדיה 284,גרמים,284.00,100 גרם,false,,9.90,3.4859,true,1,48720
7290016276831,false,תבשיל אטריות בטעם בק,טיאן הונג,TH,תבשיל אטריות בטעם בק,גרמים,70.00,100 גרם,false,,4.90,7.0000,true,1,49100
7290016276848,false,תבשיל אטריות בטעם עו,טיאן הונג,TH,תבשיל אטריות בטעם עו,גרמים,70.00,100 גרם,false,,4.90,7.0000,true,1,49098
7290016276855,false,תבשיל אטריות בטעם יר,טיאן הונג,TH,תבשיל אטריות בטעם יר,גרמים,70.00,100 גרם,false,,4.90,7.0000,true,1,49099
7290016334494,false,חסה יח,בוסתן עשבי תיבול,IL,חסה יח,Unknown,0.00,יחידה,false,,3.90,0.0000,true,1,53418
7290016334579,false,פטרוזיליה בוסתן,ברכת קטיף,IL,פטרוזיליה בוסתן,Unknown,0.00,יחידה,false,,3.90,0.0000,true,1,62818
7290016334586,false,כוסברה בוסתן,ברכת קטיף,IL,כוסברה בוסתן,Unknown,0.00,יחידה,false,,3.90,0.0000,true,1,62819
7290016370072,false,זית קלמטה ללא גלעין,בני דרום,IL,זית קלמטה ללא גלעין,גרמים,560.00,100 גרם,false,,11.90,2.1250,true,1,73789
7290016370140,false,זית קלמטה בני דרום 8,בני דרום,IL,זית קלמטה בני דרום 8,גרמים,820.00,100 גרם,false,,12.90,1.5732,true,1,73790
7290016370188,false,תחתיות ארטישוק בני ד,בני דרום,IL,תחתיות ארטישוק בני ד,גרמים,430.00,100 גרם,false,,7.90,1.8372,true,1,75176
7290016370201,false,זית טבעות מושחרבני ד,בני דרום,IL,זית טבעות מושחרבני ד,גרמים,820.00,100 גרם,false,,10.90,1.3293,true,1,70787
7290016370232,false,תערובת ירקות כבושים,KOSAT,GR,תערובת ירקות כבושים,גרמים,560.00,100 גרם,false,,9.90,1.7679,true,1,69371
7290016370249,false,חריסה בני דרום 570 ג,בני דרום,IL,חריסה בני דרום 570 ג,גרמים,570.00,100 גרם,false,,5.90,1.0351,true,1,70788
7290016370331,false,פלפל קלוי על האש בני,KOSAT,GR,פלפל קלוי על האש בני,גרמים,540.00,100 גרם,false,,9.90,1.8333,true,1,68323
7290016370348,false,חציל קלוי על האש בני,KOSAT,GR,חציל קלוי על האש בני,גרמים,530.00,100 גרם,false,,9.90,1.8679,true,1,68324
7290016370355,false,פרוסות מלפפון במלח ב,בני דרום,IL,פרוסות מלפפון במלח ב,גרמים,560.00,100 גרם,false,,4.90,0.8750,true,1,67007
7290016372144,false,חליטת קינמון 40 שקיק,ויסוצקי,IL,חליטת קינמון 40 שקיק,גרמים,100.00,100 גרם,false,,21.90,21.9000,true,1,49697
7290016372151,false,חליטת קמומיל 40 שקיק,ויסוצקי,IL,חליטת קמומיל 40 שקיק,Unknown,0.00,יחידה,false,,21.90,0.0000,true,1,49696
7290016372168,false,חליטת לימונית לואיזה,ויסוצקי,IL,חליטת לימונית לואיזה,Unknown,0.00,יחידה,false,,21.90,0.0000,true,1,49698
7290016372397,false,תה ירוק תפוז גינגר ו,ויסוצקי,IL,תה ירוק תפוז גינגר ו,גרמים,150.00,100 גרם,false,,21.90,14.6000,true,1,53520
7290016372571,false,חליטת פירות יער 40 ש,ויסוצקי,IL,חליטת פירות יער 40 ש,גרמים,108.00,100 גרם,false,,21.90,20.2778,true,1,53547
7290016372588,false,חליטת לימונענע 40 שק,ויסוצקי,IL,חליטת לימונענע 40 שק,גרמים,88.00,100 גרם,false,,21.90,24.8864,true,1,53548
7290016373639,false,פסים חמוצים בטעם תפו,אלוון גידה סאן,TR,פסים חמוצים בטעם תפו,גרמים,180.00,100 גרם,false,,7.90,4.3889,true,1,79612
7290016373646,false,פסים חמוצים בטעם פטל,אלוון גידה סאן,TR,פסים חמוצים בטעם פטל,גרמים,180.00,100 גרם,false,,7.90,4.3889,true,1,79613
7290016373653,false,פסים חמוצים בטעם תות,אלוון גידה סאן,TR,פסים חמוצים בטעם תות,גרמים,180.00,100 גרם,false,,7.90,4.3889,true,1,74584
7290016373707,false,מקלות חמוצים בטעם אפ,אלבן מזון תעשיות ומס,TR,מקלות חמוצים בטעם אפ,גרמים,20.00,100 גרם,false,,1.50,7.5000,true,1,62779
7290016373721,false,פסים חמוצים בטעם תות,אלוון גידה סאן,TR,פסים חמוצים בטעם תות,גרמים,180.00,100 גרם,false,,7.90,4.3889,true,1,74585
7290016373738,false,פסים חמוצים בטעם תות,אלוון גידה סאן,TR,פסים חמוצים בטעם תות,גרמים,180.00,100 גרם,false,,7.90,4.3889,true,1,74586
7290016411164,false,פרחי כרובית מוקפאים,בסט מייסטר,IL,פרחי כרובית מוקפאים,גרמים,600.00,100 גרם,false,,29.90,4.9833,true,1,78858
7290016411188,false,פרחי ברוקולי מוקפאים,בסט מייסטר,IL,פרחי ברוקולי מוקפאים,גרמים,600.00,100 גרם,false,,29.90,4.9833,true,1,78859
7290016416961,false,עוגת מוס גבינה קפולס,קפולסקי אדל בעמ,IL,עוגת מוס גבינה קפולס,גרמים,400.00,100 גרם,false,,35.90,8.9750,true,1,51453
7290016416992,false,עוגת דובוש ביסקוויטי,קפולסקי אדל בעמ,IL,עוגת דובוש ביסקוויטי,גרמים,400.00,100 גרם,false,,38.90,9.7250,true,1,51451
7290016437690,false,תחבושות קוטקס קווארט,חוגלה קימברלי,IL,תחבושות קוטקס קווארט,Unknown,0.00,יחידה,false,,34.90,0.0000,true,1,63042
7290016437713,false,תחבושות קוטקס קווארט,חוגלה קימברלי,IL,תחבושות קוטקס קווארט,Unknown,0.00,יחידה,false,,34.90,0.0000,true,1,63043
7290016437720,false,תחבושות קוטקס קווארט,חוגלה קימברלי,IL,תחבושות קוטקס קווארט,Unknown,0.00,יחידה,false,,34.90,0.0000,true,1,63044
7290016437737,false,תחבושות קוטקס קווארט,חוגלה קימברלי,IL,תחבושות קוטקס קווארט,Unknown,0.00,יחידה,false,,34.90,0.0000,true,1,63045
7290016492125,false,תבלין פילדלפיה פרג 1,תבליני הדור השלישי,IL,תבלין פילדלפיה פרג 1,גרמים,120.00,100 גרם,false,,15.90,13.2500,true,1,58105
7290016492132,false,תבלין טוסקנה פרג 160,תבליני הדור השלישי,IL,תבלין טוסקנה פרג 160,גרמים,160.00,100 גרם,false,,15.90,9.9375,true,1,58104
7290016509786,false,גל פרסיל 2.5 ליטר,הנקל סוד,IL,גל פרסיל 2.5 ליטר,קילוגרמים,2.50,ליטר,false,,34.50,13.8000,true,1,80210
7290016509793,false,גל פרסיל 4 ליטר,הנקל סוד,IL,גל פרסיל 4 ליטר,קילוגרמים,4.00,ליטר,false,,39.90,9.9750,true,1,57043
7290016509809,false,גל פרסיל קולור 2.5 ל,הנקל סוד,IL,גל פרסיל קולור 2.5 ל,קילוגרמים,2.50,ליטר,false,,34.50,13.8000,true,1,80211
7290016509816,false,גל פרסיל קולור 4 ליט,הנקל סוד,IL,גל פרסיל קולור 4 ליט,קילוגרמים,4.00,ליטר,false,,39.90,9.9750,true,1,57044
7290016509830,false,גל פרסיל בייבי 2.5 ל,הנקל סוד,IL,גל פרסיל בייבי 2.5 ל,קילוגרמים,2.50,ליטר,false,,34.50,13.8000,true,1,68765
7290016509847,false,גל פרסיל בלאק 2.5 לי,הנקל סוד,IL,גל פרסיל בלאק 2.5 לי,קילוגרמים,2.50,ליטר,false,,34.50,13.8000,true,1,64183
7290016510768,false,תחליב הוואי יוגורט א,טרופיקל דגיל,IL,תחליב הוואי יוגורט א,מיליליטרים,700.00,"100 מ""ל",false,,9.90,1.4143,true,1,64037
7290016682328,false,מיץ תפוזים פריניב 2,פריניב,IL,מיץ תפוזים פריניב 2,קילוגרמים,2.00,ליטר,false,,17.90,8.9500,true,1,74851
7290016682342,false,מיץ תפוזים ולנסיה פר,פריניב,IL,מיץ תפוזים ולנסיה פר,קילוגרמים,2.00,ליטר,false,,24.90,12.4500,true,1,74852
7290016682359,false,מיץ תפוזים שמוטי פרי,פריניב,IL,מיץ תפוזים שמוטי פרי,קילוגרמים,2.00,ליטר,false,,24.90,12.4500,true,1,74853
7290016682366,false,מיץ תפוחים פריניב 2,פריניב,IL,מיץ תפוחים פריניב 2,קילוגרמים,2.00,ליטר,false,,18.90,9.4500,true,1,74854
7290016682373,false,מיץ לימונדה בלדי פרי,פריניב,IL,מיץ לימונדה בלדי פרי,קילוגרמים,2.00,ליטר,false,,18.90,9.4500,true,1,74855
7290016682380,false,מיץ לימונדה לואיזה פ,פריניב,IL,מיץ לימונדה לואיזה פ,קילוגרמים,2.00,ליטר,false,,18.90,9.4500,true,1,74856
7290016682397,false,נקטר חמוציות פריניב,פריניב,IL,נקטר חמוציות פריניב,קילוגרמים,2.00,ליטר,false,,18.90,9.4500,true,1,74857
7290016717044,false,יין באז מנגו מבעבע,יקבי כרמל,IL,יין באז מנגו מבעבע,מיליליטרים,750.00,"100 מ""ל",false,,23.90,3.1867,true,1,59470
7290016717051,false,יין באז רימון מבעבע,יקבי כרמל,IL,יין באז רימון מבעבע,מיליליטרים,750.00,"100 מ""ל",false,,23.90,3.1867,true,1,67725
7290016717099,false,יין סלקטד אדום חצי י,יקבי כרמל,IL,יין סלקטד אדום חצי י,מיליליטרים,750.00,"100 מ""ל",false,,24.90,3.3200,true,1,78661
7290016717617,false,מיץ ענבים תירוש אדום,יקבי כרמל,IL,מיץ ענבים תירוש אדום,קילוגרמים,1.20,ליטר,false,,20.90,17.4167,true,1,52542
7290016717631,false,יין פ. קולקשיין לבן,יקבי כרמל,IL,יין פ. קולקשיין לבן,מיליליטרים,750.00,"100 מ""ל",false,,37.90,5.0533,true,1,56545
7290016717976,false,יין באז ספארקלינג אפ,יקבי כרמל,IL,יין באז ספארקלינג אפ,מיליליטרים,750.00,"100 מ""ל",false,,23.90,3.1867,true,1,67726
7290016823004,false,בזיליקום יח,מרינה,IL,בזיליקום יח,Unknown,0.00,יחידה,false,,5.90,0.0000,true,1,51546
7290016823028,false,עירית יח,מרינה,IL,עירית יח,Unknown,0.00,יחידה,false,,5.90,0.0000,true,1,51548
7290016823059,false,טימין יח,מרינה,IL,טימין יח,Unknown,0.00,יחידה,false,,5.90,0.0000,true,1,51550
7290016823066,false,רוזמרין יח,מרינה,IL,רוזמרין יח,Unknown,0.00,יחידה,false,,5.90,0.0000,true,1,51551
7290016823257,false,חסה סלנובה מהדרין,מרינה,IL,חסה סלנובה מהדרין,Unknown,0.00,יחידה,false,,10.90,0.0000,true,1,51606
7290016823523,false,צנונית ארוזה 500 גרם,מרינה,IL,צנונית ארוזה 500 גרם,גרמים,500.00,100 גרם,false,,5.90,1.1800,true,1,54169
7290016867114,false,לחם כוסמין קל דר מרק,המאפה של דר מרק בריא,IL,לחם כוסמין קל דר מרק,גרמים,500.00,100 גרם,false,,17.90,3.5800,true,1,68351
7290016867152,false,פיתות קלות כוסמין דר,המאפה של דר מרק בריא,IL,פיתות קלות כוסמין דר,גרמים,330.00,100 גרם,false,,13.90,4.2121,true,1,53459
7290016867176,false,לחמניות קלות כוסמין,המאפה של דר מרק,IL,לחמניות קלות כוסמין,גרמים,351.00,100 גרם,false,,13.90,3.9601,true,1,58212
7290016882407,false,מחית חציל קלוי על הא,אונטד גידה,TR,מחית חציל קלוי על הא,גרמים,560.00,100 גרם,false,,9.90,1.7679,true,1,62716
7290016882414,false,קונפיטורה שזיפים 70%,שקדיה,IL,קונפיטורה שזיפים 70%,גרמים,450.00,100 גרם,false,,11.90,2.6444,true,1,51955
7290016882421,false,קונפיטורה אפרסק 70%,שקדיה,IL,קונפיטורה אפרסק 70%,גרמים,450.00,100 גרם,false,,11.90,2.6444,true,1,51953
7290016882544,false,זרעי פשתן 300 גרם,דין שיווק,IL,זרעי פשתן 300 גרם,גרמים,300.00,100 גרם,false,,4.90,1.6333,true,1,68435
7290016883091,false,חרדל דיזון שקדיה 350,,FR,חרדל דיזון שקדיה 350,גרמים,350.00,100 גרם,false,,7.90,2.2571,true,1,53542
7290016883107,false,חרדל עם גרגירים שקדי,,FR,חרדל עם גרגירים שקדי,גרמים,350.00,100 גרם,false,,7.90,2.2571,true,1,53541
7290016883176,false,"מוזלי ע""ב פתיתי שוקו",,MK,"מוזלי ע""ב פתיתי שוקו",פריט,1.00,"ק""ג",false,,19.50,19.5000,true,1,53671
7290016967074,false,לחם חיטה מלאה ודגנים,מאפית אנגל,IL,לחם חיטה מלאה ודגנים,גרמים,750.00,100 גרם,false,,16.90,2.2533,true,1,58435
7290016967456,false,לחם מחמצת כוסמין אנג,מאפית אנגל,IL,לחם מחמצת כוסמין אנג,גרמים,600.00,100 גרם,false,,17.90,2.9833,true,1,58417
7290016980103,false,בטטה בייבי,אראל תוצרת חקלאית בע,IL,בטטה בייבי,Unknown,0.00,יחידה,false,,9.90,0.0000,true,1,52471
7290017023212,false,מארז שוופס מוגז תפוח,יפאורה תבורי,IL,מארז שוופס מוגז תפוח,קילוגרמים,1.32,ליטר,false,,10.90,8.2576,true,1,55976
7290017023229,false,מארז שוופס תות ליים,יפאורה תבורי,IL,מארז שוופס תות ליים,קילוגרמים,1.32,ליטר,false,,10.90,8.2576,true,1,55978
7290017023236,false,מארז שוופס מוגז ענבי,יפאורה תבורי,IL,מארז שוופס מוגז ענבי,קילוגרמים,1.32,ליטר,false,,10.90,8.2576,true,1,55977
7290017023663,false,מארז שוופס מוגז פירו,יפאורה תבורי,IL,מארז שוופס מוגז פירו,קילוגרמים,1.32,ליטר,false,,10.90,8.2576,true,1,57382
7290017023809,false,מארז ספרינג אגס סברס,יפאורה תבורי,IL,מארז ספרינג אגס סברס,קילוגרמים,1.00,ליטר,false,,10.90,10.9000,true,1,62822
7290017023816,false,מארז ספרינג פירות טר,יפאורה תבורי,IL,מארז ספרינג פירות טר,קילוגרמים,1.00,ליטר,false,,10.90,10.9000,true,1,62823
7290017023823,false,מארז ספרינג תות בננה,יפאורה תבורי,IL,מארז ספרינג תות בננה,קילוגרמים,1.00,ליטר,false,,10.90,10.9000,true,1,62824
7290017023854,false,מארז שוופס סודה 4*25,יפאורה תבורי,IL,מארז שוופס סודה 4*25,קילוגרמים,1.00,ליטר,false,,9.90,9.9000,true,1,59485
7290017023861,false,מארז שוופס סודה לימו,יפאורה תבורי,IL,מארז שוופס סודה לימו,קילוגרמים,1.00,ליטר,false,,9.90,9.9000,true,1,59487
7290017023878,false,מארז שוופס סודה נענע,יפאורה תבורי,IL,מארז שוופס סודה נענע,קילוגרמים,1.00,ליטר,false,,9.90,9.9000,true,1,59486
7290017065007,false,גבינת מוצרלה פרוסות,מחלבות גד,IL,גבינת מוצרלה פרוסות,גרמים,200.00,100 גרם,false,,16.90,8.4500,true,1,51529
7290017065137,false,גבינת ריקוטה 5% גד 2,מחלבות גד,IL,גבינת ריקוטה 5% גד 2,גרמים,250.00,100 גרם,false,,8.90,3.5600,true,1,55158
7290017065144,false,גבינת ריקוטה בזיליקו,מחלבות גד,IL,גבינת ריקוטה בזיליקו,גרמים,250.00,100 גרם,false,,8.90,3.5600,true,1,55159
7290017065168,false,גבינה כחולה 30% גד 1,st clemens,,גבינה כחולה 30% גד 1,גרמים,100.00,100 גרם,false,,15.90,15.9000,true,1,56189
7290017065212,false,קרם מסקרפונה 38% גד,מחלבות גד,IL,קרם מסקרפונה 38% גד,גרמים,250.00,100 גרם,false,,16.90,6.7600,true,1,66321
7290017065304,false,גבינת שמנת טבעי 30%,מחלבות גד,IL,גבינת שמנת טבעי 30%,גרמים,200.00,100 גרם,false,,12.90,6.4500,true,1,56190
7290017065526,false,גבינה קוואטרו פורמאג,מחלבות גד,IL,גבינה קוואטרו פורמאג,גרמים,300.00,100 גרם,false,,25.90,8.6333,true,1,72198
7290017065588,false,יוגורט יווני 10% גד,מחלבות גד,IL,יוגורט יווני 10% גד,גרמים,600.00,100 גרם,false,,14.90,2.4833,true,1,66458
7290017065618,false,גבינת פקורינו פרוס 3,מחלבות גד,ES,גבינת פקורינו פרוס 3,גרמים,150.00,100 גרם,false,,15.90,10.6000,true,1,66457
7290017065649,false,קרם פטיסייר גד 250 ג,מחלבות גד,IL,קרם פטיסייר גד 250 ג,גרמים,250.00,100 גרם,false,,18.90,7.5600,true,1,66322
7290017065700,false,לאבנה 9% גד 500 גרם,מחלבות גד,IL,לאבנה 9% גד 500 גרם,גרמים,500.00,100 גרם,false,,21.90,4.3800,true,1,75818
7290017065762,false,גבינת מאנורי בסגנון,מחלבות גד,IL,גבינת מאנורי בסגנון,גרמים,100.00,100 גרם,false,,10.90,10.9000,true,1,77349
7290017065786,false,גבינת צ'דר גד 200 גר,מחלבות גד,IL,גבינת צ'דר גד 200 גר,גרמים,200.00,100 גרם,false,,17.90,8.9500,true,1,75178
7290017068206,false,צימוק לבן 350 גרם,מיה תעשיות מזון בעמ,IL,צימוק לבן 350 גרם,גרמים,350.00,100 גרם,false,,14.90,4.2571,true,1,65462
7290017068213,false,חמוציות חתוכות מיה 3,מיה תעשיות מזון בעמ,IL,חמוציות חתוכות מיה 3,גרמים,350.00,100 גרם,false,,14.90,4.2571,true,1,65463
7290017068374,false,שמרים יבשים מיה 500,angle yeast co ltd,CN,שמרים יבשים מיה 500,גרמים,500.00,100 גרם,false,,9.90,1.9800,true,1,61096
7290017068534,false,אגוז טחון מיה 300 גר,מיה תעשיות מזון בעמ,IL,אגוז טחון מיה 300 גר,גרמים,300.00,100 גרם,false,,19.90,6.6333,true,1,60347
7290017068541,false,אגוזים גרוסים מיה 30,מיה תעשיות מזון בעמ,IL,אגוזים גרוסים מיה 30,גרמים,300.00,100 גרם,false,,19.90,6.6333,true,1,60346
7290017068558,false,שקדים טחונים מיה 300,מיה תעשיות מזון בעמ,IL,שקדים טחונים מיה 300,גרמים,300.00,100 גרם,false,,22.90,7.6333,true,1,60351
7290017068565,false,שקדים גרוסים מיה 300,מיה תעשיות מזון בעמ,IL,שקדים גרוסים מיה 300,גרמים,300.00,100 גרם,false,,14.90,4.9667,true,1,60352
7290017068596,false,שקד מולבן פרוס מיה 3,מיה תעשיות מזון בעמ,IL,שקד מולבן פרוס מיה 3,גרמים,300.00,100 גרם,false,,24.90,8.3000,true,1,60373
7290017068602,false,שקד מולבן שבבים מיה,מיה תעשיות מזון בעמ,IL,שקד מולבן שבבים מיה,גרמים,300.00,100 גרם,false,,24.90,8.3000,true,1,60382
7290017068626,false,אגוז פקאן טבעי מיה 2,מיה תעשיות מזון בעמ,IL,אגוז פקאן טבעי מיה 2,גרמים,200.00,100 גרם,false,,22.90,11.4500,true,1,60376
7290017068633,false,שקד טבעי מיה 300 גרם,מיה תעשיות מזון בעמ,IL,שקד טבעי מיה 300 גרם,גרמים,300.00,100 גרם,false,,22.90,7.6333,true,1,60350
7290017068640,false,אגוז מלך טבעי מיה 20,מיה תעשיות מזון בעמ,IL,אגוז מלך טבעי מיה 20,גרמים,200.00,100 גרם,false,,14.90,7.4500,true,1,60374
7290017068657,false,פקאן סיני מיה 200 גר,מיה תעשיות מזון בעמ,IL,פקאן סיני מיה 200 גר,גרמים,200.00,100 גרם,false,,22.90,11.4500,true,1,60377
7290017068664,false,גרעין חמניה קלוף מיה,מיה תעשיות מזון בעמ,IL,גרעין חמניה קלוף מיה,גרמים,200.00,100 גרם,false,,6.90,3.4500,true,1,60375
7290017068688,false,גרעין דלעת קלוף מיה,מיה תעשיות מזון בעמ,IL,גרעין דלעת קלוף מיה,גרמים,150.00,100 גרם,false,,7.90,5.2667,true,1,60378
7290017068725,false,תערובת קטניות לחמין,מיה תעשיות מזון בעמ,IL,תערובת קטניות לחמין,פריט,1.40,"ק""ג",false,,19.90,14.2143,true,1,64131
7290017068954,false,אורז בסמטי סלקטד 1 ק,מיה תעשיות מזון בעמ,IL,אורז בסמטי סלקטד 1 ק,פריט,1.00,"ק""ג",false,,11.90,11.9000,true,1,69161
7290017079189,false,לפתן אננס חתוך דק טע,פ.ת גרייט פנאפל,ID,לפתן אננס חתוך דק טע,גרמים,825.00,100 גרם,false,,9.90,1.2000,true,1,67080
7290017079677,false,שוקולד חלב טעמן 270,מילאנו ספולקה זד,PL,שוקולד חלב טעמן 270,גרמים,270.00,100 גרם,false,,9.90,3.6667,true,1,70549
7290017079684,false,שוקולד מריר טעמן 270,מילאנו ספולקה זד,PL,שוקולד מריר טעמן 270,גרמים,270.00,100 גרם,false,,9.90,3.6667,true,1,70550
7290017079691,false,שוקולד חלב עם אגוזים,מילאנו ספולקה זד,PL,שוקולד חלב עם אגוזים,גרמים,270.00,100 גרם,false,,9.90,3.6667,true,1,70551
7290017079707,false,שוקולד מריר עם אגוזי,מילאנו ספולקה זד,PL,שוקולד מריר עם אגוזי,גרמים,270.00,100 גרם,false,,9.90,3.6667,true,1,70552
7290017079714,false,שוקולד חלב עם בוטנים,מילאנו ספולקה זד,PL,שוקולד חלב עם בוטנים,גרמים,270.00,100 גרם,false,,9.90,3.6667,true,1,70553
7290017079721,false,שוקולד טעמן חלב 5*10,מילאנו ספולקה זד,PL,שוקולד טעמן חלב 5*10,גרמים,500.00,100 גרם,false,,19.90,3.9800,true,1,77794
7290017079738,false,שוקולד טעמן מריר 5*1,מילאנו ספולקה זד,PL,שוקולד טעמן מריר 5*1,גרמים,500.00,100 גרם,false,,19.90,3.9800,true,1,77795
7290017088402,false,מטליות לחות לניקוי כ,D.P.L,IL,מטליות לחות לניקוי כ,Unknown,0.00,יחידה,false,,19.90,0.0000,true,1,66718
7290017088426,false,מגבונים קשת עבים פרי,D.P.L,IL,מגבונים קשת עבים פרי,Unknown,0.00,יחידה,false,,19.90,0.0000,true,1,66734
7290017088464,false,תחבושות טופ פד סופגנ,D.P.L,IT,תחבושות טופ פד סופגנ,Unknown,0.00,יחידה,false,,14.90,0.0000,true,1,68967
7290017088495,false,תחבושות טופ פד אקסטר,D.P.L,IT,תחבושות טופ פד אקסטר,Unknown,0.00,יחידה,false,,8.90,0.0000,true,1,68968
7290017088501,false,תחבושות טופ פד אקסטר,D.P.L,IT,תחבושות טופ פד אקסטר,Unknown,0.00,יחידה,false,,8.90,0.0000,true,1,68969
7290017094830,false,סלט גזר פיקנטי אסלי,סלטי שמיר 2006 בעמ,IL,סלט גזר פיקנטי אסלי,גרמים,400.00,100 גרם,false,,10.90,2.7250,true,1,58667
7290017094847,false,סלט תפוא אסלי 400 גר,סלטי שמיר 2006 בעמ,IL,סלט תפוא אסלי 400 גר,גרמים,400.00,100 גרם,false,,10.90,2.7250,true,1,58666
7290017094854,false,סלט קולסלאו אסלי 400,סלטי שמיר 2006 בעמ,IL,סלט קולסלאו אסלי 400,גרמים,400.00,100 גרם,false,,10.90,2.7250,true,1,58668
7290017094861,false,סלט חומוס מסבחה אסלי,סלטי שמיר 2006 בעמ,IL,סלט חומוס מסבחה אסלי,גרמים,400.00,100 גרם,false,,10.90,2.7250,true,1,58665
7290017100401,false,כפפות לטקס עם אבקה פ,פאלאס,ID,כפפות לטקס עם אבקה פ,Unknown,0.00,יחידה,false,,16.90,0.0000,true,1,80213
7290017105369,false,סירופ יכין אייס תה ד,יכין,IL,סירופ יכין אייס תה ד,קילוגרמים,1.00,ליטר,false,,16.70,16.7000,true,1,61085
7290017105895,false,גרגירי חומוס להכנת ח,זנלכל,IL,גרגירי חומוס להכנת ח,גרמים,560.00,100 גרם,false,,9.90,1.7679,true,1,70820
7290017121048,false,פלפל צ'ומה עללחם 250,מדשא,IL,פלפל צ'ומה עללחם 250,גרמים,250.00,100 גרם,false,,12.90,5.1600,true,1,64150
7290017121086,false,אריסה מתוקה עללחם 25,מדשא,IL,אריסה מתוקה עללחם 25,גרמים,250.00,100 גרם,false,,12.90,5.1600,true,1,76675
7290017121093,false,אריסה חריפה עללחם 25,מדשא,IL,אריסה חריפה עללחם 25,גרמים,250.00,100 גרם,false,,12.90,5.1600,true,1,64151
7290017129310,false,טוסטונים צנימים מקמח,ניולאט פוד,IT,טוסטונים צנימים מקמח,גרמים,100.00,100 גרם,false,,4.90,4.9000,true,1,73211
7290017129327,false,טוסטונים צנימים עם ש,ניולאט פוד,IT,טוסטונים צנימים עם ש,גרמים,100.00,100 גרם,false,,4.90,4.9000,true,1,73212
7290017129495,false,אגו מיקס כדורים שוקו,כרמית,IL,אגו מיקס כדורים שוקו,גרמים,55.00,100 גרם,false,,3.30,6.0000,true,1,54596
7290017129501,false,אגו מיקס כדורים שוקו,כרמית,IL,אגו מיקס כדורים שוקו,גרמים,55.00,100 גרם,false,,3.30,6.0000,true,1,54598
7290017129518,false,אגו מיקס כדורים שוקו,כרמית,IL,אגו מיקס כדורים שוקו,גרמים,55.00,100 גרם,false,,3.30,6.0000,true,1,54597
7290017129754,false,שוקולד אגו מריר 70%,כרמית,IL,שוקולד אגו מריר 70%,גרמים,100.00,100 גרם,false,,7.80,7.8000,true,1,77785
7290017129761,false,שוקולד אגו מריר 70%,כרמית,IL,שוקולד אגו מריר 70%,גרמים,100.00,100 גרם,false,,7.80,7.8000,true,1,77786
7290017129778,false,שוקולד אגו מריר 70%,כרמית,IL,שוקולד אגו מריר 70%,גרמים,100.00,100 גרם,false,,7.80,7.8000,true,1,77782
7290017129839,false,שוקולד אגו מריר 70%,כרמית,IL,שוקולד אגו מריר 70%,גרמים,100.00,100 גרם,false,,7.80,7.8000,true,1,77783
7290017129884,false,שוקולד אגו מריר 5*85,,,שוקולד אגו מריר 5*85,גרמים,425.00,100 גרם,false,,14.90,3.5059,true,1,71184
7290017142166,false,פילה טונה בשמן זית ע,"יוניקורד ח.צ בע""מ",TH,פילה טונה בשמן זית ע,גרמים,120.00,100 גרם,false,,14.90,12.4167,true,1,63003
7290017142180,false,פילה טונה בשמן זית ו,"יוניקורד ח.צ בע""מ",TH,פילה טונה בשמן זית ו,גרמים,120.00,100 גרם,false,,14.90,12.4167,true,1,63002
7290017142203,false,פילה טונה בשמן זית מ,"יוניקורד ח.צ בע""מ",TH,פילה טונה בשמן זית מ,גרמים,120.00,100 גרם,false,,14.90,12.4167,true,1,63004
7290017221267,false,יין חירות מסובין קינ,יקב חירות,IL,יין חירות מסובין קינ,מיליליטרים,750.00,"100 מ""ל",false,,149.90,19.9867,true,1,75930
7290017266398,false,מארז גליליות עלמה למ,גילרו,IL,מארז גליליות עלמה למ,גרמים,150.00,100 גרם,false,,14.90,9.9333,true,1,79743
7290017266503,false,גלילי ופל ללא ת.סוכר,עלמה,IL,גלילי ופל ללא ת.סוכר,גרמים,100.00,100 גרם,false,,5.70,5.7000,true,1,78462
7290017266596,false,גביעי גלידה מגולגלים,עלמה,IL,גביעי גלידה מגולגלים,גרמים,308.00,100 גרם,false,,17.90,5.8117,true,1,66268
7290017266886,false,גליליות ופל במילוי ק,עלמה,IL,גליליות ופל במילוי ק,גרמים,500.00,100 גרם,false,,11.90,2.3800,true,1,75846
7290017266893,false,גליליות ופל במילוי ק,עלמה,IL,גליליות ופל במילוי ק,גרמים,500.00,100 גרם,false,,11.90,2.3800,true,1,75847
7290017266923,false,גביעי גלידה אמריקאים,עלמה,IL,גביעי גלידה אמריקאים,גרמים,240.00,100 גרם,false,,15.90,6.6250,true,1,78253
7290017275338,false,טחינה טורקיז 500 גרם,אחדות ביחר לטחינה חל,IL,טחינה טורקיז 500 גרם,גרמים,500.00,100 גרם,false,,12.90,2.5800,true,1,74422
7290017275345,false,טחינה אחוה לחיץ 350,אחדות ביחר לטחינה חל,IL,טחינה אחוה לחיץ 350,גרמים,350.00,100 גרם,false,,8.90,2.5429,true,1,75817
7290017275369,false,טחינה שומשום מלא טור,אחדות ביחר לטחינה חל,IL,טחינה שומשום מלא טור,גרמים,500.00,100 גרם,false,,12.90,2.5800,true,1,74423
7290017275413,false,מיני קצפיות בטעם וני,אחדות ביחר לטחינה חל,IL,מיני קצפיות בטעם וני,גרמים,140.00,100 גרם,false,,9.90,7.0714,true,1,75813
7290017275420,false,מיני קצפיות בטעם תות,אחדות ביחר לטחינה חל,IL,מיני קצפיות בטעם תות,גרמים,140.00,100 גרם,false,,9.90,7.0714,true,1,75814
7290017275437,false,מיני קצפיות בטעם פיר,אחדות ביחר לטחינה חל,IL,מיני קצפיות בטעם פיר,גרמים,140.00,100 גרם,false,,9.90,7.0714,true,1,75815
7290017275444,false,מיני קצפיות בטעם ענב,אחדות ביחר לטחינה חל,IL,מיני קצפיות בטעם ענב,גרמים,140.00,100 גרם,false,,9.90,7.0714,true,1,75816
7290017275482,false,סירופ אחוה בטעם ענבי,אחדות ביחר לטחינה חל,IL,סירופ אחוה בטעם ענבי,מיליליטרים,900.00,"100 מ""ל",false,,14.90,1.6556,true,1,76046
7290017275499,false,סירופ אחוה בטעם אננס,אחדות ביחר לטחינה חל,IL,סירופ אחוה בטעם אננס,מיליליטרים,900.00,"100 מ""ל",false,,14.90,1.6556,true,1,76047
7290017275505,false,סירופ אחוה בטעם פטל,אחדות ביחר לטחינה חל,IL,סירופ אחוה בטעם פטל,מיליליטרים,900.00,"100 מ""ל",false,,14.90,1.6556,true,1,76048
7290017285702,false,"סרקל קרם רוזמרין ד""ר",פישר מעבדות פרמצבטיו,IL,"סרקל קרם רוזמרין ד""ר",גרמים,325.00,100 גרם,false,,22.90,7.0462,true,1,63948
7290017285719,false,סרקל תרסיס מתיר קשרי,פישר מעבדות פרמצבטיו,IL,סרקל תרסיס מתיר קשרי,מיליליטרים,340.00,"100 מ""ל",false,,22.90,6.7353,true,1,64012
7290017285733,false,"מרכך סרקל ד""ר פישר 2",פישר מעבדות פרמצבטיו,IL,"מרכך סרקל ד""ר פישר 2",קילוגרמים,2.00,ליטר,false,,34.90,17.4500,true,1,63949
7290017285764,false,"שמפו סרקל ד""ר פישר 2",פישר מעבדות פרמצבטיו,IL,"שמפו סרקל ד""ר פישר 2",קילוגרמים,2.00,ליטר,false,,34.90,17.4500,true,1,63950
7290017289168,false,יין ישראלי אדום יבש,יקב טפרברג 1870 בעמ,IL,יין ישראלי אדום יבש,מיליליטרים,750.00,"100 מ""ל",false,,19.90,2.6533,true,1,59535
7290017289175,false,יין ישראלי פטיט סירה,יקב טפרברג 1870 בעמ,IL,יין ישראלי פטיט סירה,מיליליטרים,750.00,"100 מ""ל",false,,19.90,2.6533,true,1,59536
7290017289182,false,יין ישראלי לבן חצי י,יקב טפרברג 1870 בעמ,IL,יין ישראלי לבן חצי י,מיליליטרים,750.00,"100 מ""ל",false,,19.90,2.6533,true,1,59538
7290017303369,false,עוגיות פריכות נטיפים,מאפיית א.ש.ייצור ושי,IL,עוגיות פריכות נטיפים,גרמים,500.00,100 גרם,false,,11.50,2.3000,true,1,55384
7290017303420,false,"בורקס תפו""א בון בייק",מאפיית אריאל,IL,"בורקס תפו""א בון בייק",פריט,1.40,"ק""ג",false,,16.90,12.0714,true,1,58654
7290017303437,false,בורקס גבינה בון בייק,מאפיית אריאל,IL,בורקס גבינה בון בייק,פריט,1.20,"ק""ג",false,,16.90,14.0833,true,1,58653
7290017303444,false,גחנון בון בייקרי 1.2,מאפיית אריאל,IL,גחנון בון בייקרי 1.2,פריט,1.20,"ק""ג",false,,16.90,14.0833,true,1,58655
7290017303451,false,מלוואח בון בייקרי 1.,מאפיית אריאל,IL,מלוואח בון בייקרי 1.,פריט,1.20,"ק""ג",false,,16.90,14.0833,true,1,58652
7290017304885,false,לחם שיפון וחיטה מלאה,מאפית אנגל,IL,לחם שיפון וחיטה מלאה,גרמים,750.00,100 גרם,false,,16.90,2.2533,true,1,62807
7290017418469,false,קראש גליליות אגוזים,"לבס שוקולד בע""מ",IL,קראש גליליות אגוזים,גרמים,65.00,100 גרם,false,,3.90,6.0000,true,1,60224
7290017418476,false,קראש קוביות נוגט בצי,"לבס שוקולד בע""מ",IL,קראש קוביות נוגט בצי,גרמים,65.00,100 גרם,false,,3.90,6.0000,true,1,60226
7290017418483,false,קראש קורנפלקס בציפוי,"לבס שוקולד בע""מ",IL,קראש קורנפלקס בציפוי,גרמים,65.00,100 גרם,false,,3.90,6.0000,true,1,60225
7290017418605,false,קראש מיקס דגן / גליל,"לבס שוקולד בע""מ",IL,קראש מיקס דגן / גליל,גרמים,65.00,100 גרם,false,,3.90,6.0000,true,1,66231
7290017457581,false,מרכך סוד מי קוקוס 90,הנקל סוד,IL,מרכך סוד מי קוקוס 90,מיליליטרים,900.00,"100 מ""ל",false,,11.90,1.3222,true,1,63190
7290017457598,false,מרכך סוד פריחת קיץ 9,הנקל סוד,IL,מרכך סוד פריחת קיץ 9,מיליליטרים,900.00,"100 מ""ל",false,,11.90,1.3222,true,1,63191
7290017457871,false,גל סוד ווילד רוז 4,הנקל סוד,IL,גל סוד ווילד רוז 4,קילוגרמים,4.00,ליטר,false,,34.50,8.6250,true,1,66494
7290017457888,false,גל סוד פרש סקיי 4  ל,הנקל סוד,IL,גל סוד פרש סקיי 4  ל,קילוגרמים,4.00,ליטר,false,,34.50,8.6250,true,1,66495
7290017513393,false,תה ירוק סופר גרין 25,ויסוצקי,IL,תה ירוק סופר גרין 25,גרמים,38.00,100 גרם,false,,21.90,57.6316,true,1,63965
7290017513409,false,תה ירוק עם צמחים סגו,ויסוצקי,IL,תה ירוק עם צמחים סגו,גרמים,38.00,100 גרם,false,,21.90,57.6316,true,1,63966
7290017589374,false,יין לבן פרי ראן  שרד,יקבי ברקן,IL,יין לבן פרי ראן  שרד,מיליליטרים,750.00,"100 מ""ל",false,,56.90,7.5867,true,1,68192
7290017589565,false,יין קלאסיק גוורצטרמי,יקבי ברקן,IL,יין קלאסיק גוורצטרמי,מיליליטרים,750.00,"100 מ""ל",false,,27.90,3.7200,true,1,80223
7290017589633,false,יין רזרב גולד קברנה,יקבי ברקן,IL,יין רזרב גולד קברנה,מיליליטרים,750.00,"100 מ""ל",false,,37.90,5.0533,true,1,60047
7290017599250,false,ממתיק סוכרזית קלאסי,ביסקול בעמ,IL,ממתיק סוכרזית קלאסי,גרמים,120.00,100 גרם,false,,15.50,12.9167,true,1,79063
7290017599267,false,ממתיק סוכרלוז סוכרזי,ביסקול בעמ,IL,ממתיק סוכרלוז סוכרזי,גרמים,120.00,100 גרם,false,,24.50,20.4167,true,1,79098
7290017599274,false,ממתיק סוכרזית סטיווי,ביסקול בעמ,IL,ממתיק סוכרזית סטיווי,גרמים,120.00,100 גרם,false,,29.90,24.9167,true,1,79061
7290017599304,false,ממתיק סוכרזית סטיווי,ביסקול בעמ,IL,ממתיק סוכרזית סטיווי,גרמים,400.00,100 גרם,false,,33.90,8.4750,true,1,79062
7290017616001,false,שעועית ירוקה שלמה ור,נ.ת.נ.ג.ב החזקות,BE,שעועית ירוקה שלמה ור,גרמים,800.00,100 גרם,false,,6.50,0.8125,true,1,76706
7290017616025,false,שעועית ירוקה חתוכה ו,נ.ת.נ.ג.ב החזקות,BE,שעועית ירוקה חתוכה ו,גרמים,800.00,100 גרם,false,,6.50,0.8125,true,1,76707
7290017616032,false,שעועית צהובה חתוכה ו,נ.ת.נ.ג.ב החזקות,BE,שעועית צהובה חתוכה ו,גרמים,800.00,100 גרם,false,,6.50,0.8125,true,1,76708
7290017616421,false,סטייק טונה קפוא 500,,,סטייק טונה קפוא 500,גרמים,500.00,100 גרם,false,,24.90,4.9800,true,1,72965
7290017616490,false,פילה ברבוניה,,,פילה ברבוניה,Unknown,0.00,יחידה,false,,16.90,0.0000,true,1,79802
7290017616513,false,אפונה עדינה אינדירה,הוראפרוסט,BE,אפונה עדינה אינדירה,פריט,1.00,"ק""ג",false,,17.90,17.9000,true,1,71187
7290017616520,false,"במיה אינדירה 1 ק""ג",גרין האוס,EG,"במיה אינדירה 1 ק""ג",פריט,1.00,"ק""ג",false,,13.90,13.9000,true,1,70589
7290017616537,false,חומוס גרגירים אינדיר,הוראפרוסט,BE,חומוס גרגירים אינדיר,פריט,1.00,"ק""ג",false,,13.90,13.9000,true,1,72225
7290017616544,false,"תירס אינדירה 1 ק""ג",הוראפרוסט,BE,"תירס אינדירה 1 ק""ג",פריט,1.00,"ק""ג",false,,10.90,10.9000,true,1,71292
7290017616551,false,אפונה וגזר אינדירה 1,הוראפרוסט,BE,אפונה וגזר אינדירה 1,פריט,1.00,"ק""ג",false,,10.90,10.9000,true,1,71188
7290017616568,false,לקט העונה אינדירה 1,הוראפרוסט,BE,לקט העונה אינדירה 1,פריט,1.00,"ק""ג",false,,10.90,10.9000,true,1,71189
7290017616575,false,"פול אינדירה 1 ק""ג",ג'קסיאן הינגשינגפודס,CN,"פול אינדירה 1 ק""ג",פריט,1.00,"ק""ג",false,,13.90,13.9000,true,1,71293
7290017616629,false,שעועית ירוקה שלמה עד,הוראפרוסט,BE,שעועית ירוקה שלמה עד,פריט,1.00,"ק""ג",false,,17.90,17.9000,true,1,71190
7290017616643,false,תחתיות ארטישוק אינדי,גרין האוס,EG,תחתיות ארטישוק אינדי,פריט,1.00,"ק""ג",false,,19.90,19.9000,true,1,70590
7290017616650,false,לקט לקוסקוס אינדירה,הוראפרוסט,BE,לקט לקוסקוס אינדירה,פריט,1.00,"ק""ג",false,,10.90,10.9000,true,1,71191
7290017616667,false,שעועית לבנה אינדירה,הוראפרוסט,BE,שעועית לבנה אינדירה,פריט,1.00,"ק""ג",false,,13.90,13.9000,true,1,71276
7290017616674,false,גזר גמדי אינדירה 1 ק,הוראפרוסט,BE,גזר גמדי אינדירה 1 ק,פריט,1.00,"ק""ג",false,,9.90,9.9000,true,1,71192
7290017617046,false,טונה בשמן זית ס.ק. 4,דרדנל,TR,טונה בשמן זית ס.ק. 4,גרמים,560.00,100 גרם,false,,26.90,4.8036,true,1,64236
7290017617275,false,ממרח טונה ס.ק 3*160,סטארקיסט,IL,ממרח טונה ס.ק 3*160,גרמים,480.00,100 גרם,false,,17.90,3.7292,true,1,72784
7290017617282,false,טונה בשמן יונה 4*140,טונה וייטנאם קומפני,VN,טונה בשמן יונה 4*140,גרמים,560.00,100 גרם,false,,16.90,3.0179,true,1,79881
7290017641379,false,שוקולד אגו חלב 5*85,כרמית,,שוקולד אגו חלב 5*85,גרמים,425.00,100 גרם,false,,14.90,3.5059,true,1,70977
7290017641720,false,שוקולד אגו מריר 70%,כרמית,IL,שוקולד אגו מריר 70%,גרמים,100.00,100 גרם,false,,7.80,7.8000,true,1,77784
7290017641737,false,שוקולד אגו מריר 70%,כרמית,IL,שוקולד אגו מריר 70%,גרמים,100.00,100 גרם,false,,7.80,7.8000,true,1,77789
7290017696393,false,בורגר פטריות מן הצומ,מרינה פטריות,IL,בורגר פטריות מן הצומ,גרמים,520.00,100 גרם,false,,19.90,3.8269,true,1,68214
7290017696690,false,כוסברה מהדרין,יבולי הכפר,IL,כוסברה מהדרין,Unknown,0.00,יחידה,false,,6.90,0.0000,true,1,74296
7290017696706,false,פטרוזיליה מהדרין,,,פטרוזיליה מהדרין,Unknown,0.00,יחידה,false,,6.90,0.0000,true,1,74297
7290017696713,false,שמיר יח,מרינה,IL,שמיר יח,Unknown,0.00,יחידה,false,,6.90,0.0000,true,1,63699
7290017696720,false,נענע יח',מרינה,IL,נענע יח',Unknown,0.00,יחידה,false,,6.90,0.0000,true,1,63700
7290017712505,false,"מחית תפו""ע פרינוק 4*",HME,CZ,"מחית תפו""ע פרינוק 4*",גרמים,760.00,100 גרם,false,,16.90,2.2237,true,1,72042
7290017712512,false,"מחית תפו""ע ובננה פרי",HME,CZ,"מחית תפו""ע ובננה פרי",גרמים,760.00,100 גרם,false,,16.90,2.2237,true,1,72043
7290017712529,false,מחית סלט פירות פרינו,HME,CZ,מחית סלט פירות פרינו,גרמים,760.00,100 גרם,false,,16.90,2.2237,true,1,72044
7290017712536,false,מחית לפתן פירות פרינ,HME,CZ,מחית לפתן פירות פרינ,גרמים,760.00,100 גרם,false,,16.90,2.2237,true,1,72045
7290017812052,false,יין אקסלנס שיראז קבר,יקבי כרמל,IL,יין אקסלנס שיראז קבר,מיליליטרים,750.00,"100 מ""ל",false,,21.90,2.9200,true,1,59620
7290017812069,false,יין אקסלנס ריזלינג ש,יקבי כרמל,IL,יין אקסלנס ריזלינג ש,מיליליטרים,750.00,"100 מ""ל",false,,21.90,2.9200,true,1,59621
7290017812144,false,יין ישן נושן מתוק 63,יקבי כרמל,IL,יין ישן נושן מתוק 63,מיליליטרים,630.00,"100 מ""ל",false,,12.90,2.0476,true,1,59506
7290017812595,false,יין ישן נושן לייט 3.,יקבי כרמל,IL,יין ישן נושן לייט 3.,מיליליטרים,750.00,"100 מ""ל",false,,14.90,1.9867,true,1,71550
7290017812649,false,מיץ ענבים תירוש לבן,יקבי כרמל,IL,מיץ ענבים תירוש לבן,קילוגרמים,1.20,ליטר,false,,20.90,17.4167,true,1,64897
7290017812656,false,תירוש מבעבע אדום כרמ,יקבי כרמל,IL,תירוש מבעבע אדום כרמ,מיליליטרים,750.00,"100 מ""ל",false,,19.90,2.6533,true,1,70727
7290017812663,false,תירוש מבעבע לבן כרמל,יקבי כרמל,IL,תירוש מבעבע לבן כרמל,מיליליטרים,750.00,"100 מ""ל",false,,19.90,2.6533,true,1,70728
7290017812847,false,יין סלקטד פרנץ גוורצ,יקבי כרמל,IL,יין סלקטד פרנץ גוורצ,מיליליטרים,750.00,"100 מ""ל",false,,24.90,3.3200,true,1,70467
7290017812861,false,יין וינו לבן יבש,יקבי כרמל,IL,יין וינו לבן יבש,מיליליטרים,750.00,"100 מ""ל",false,,17.90,2.3867,true,1,70468
7290017812977,false,יין באז ספארקלינג אנ,יקבי כרמל,IL,יין באז ספארקלינג אנ,מיליליטרים,750.00,"100 מ""ל",false,,23.90,3.1867,true,1,72228
7290017864648,false,כוסברה בוסתן פרימיום,ברכת קטיף,IL,כוסברה בוסתן פרימיום,Unknown,0.00,יחידה,false,,5.90,0.0000,true,1,66999
7290017864655,false,פטרוזיליה בוסתן פרימ,ברכת קטיף,IL,פטרוזיליה בוסתן פרימ,Unknown,0.00,יחידה,false,,5.90,0.0000,true,1,67000
7290017864662,false,שמיר בוסתן פרימיום,ברכת קטיף,IL,שמיר בוסתן פרימיום,Unknown,0.00,יחידה,false,,5.90,0.0000,true,1,66996
7290017864679,false,נענע בוסתן פרימיום,ברכת קטיף,IL,נענע בוסתן פרימיום,Unknown,0.00,יחידה,false,,5.90,0.0000,true,1,67001
7290017864686,false,סלרי עלים בוסתן,ברכת קטיף,IL,סלרי עלים בוסתן,Unknown,0.00,יחידה,false,,6.90,0.0000,true,1,66991
7290017864709,false,עלי מנגולד,ברכת קטיף,IL,עלי מנגולד,Unknown,0.00,יחידה,false,,5.90,0.0000,true,1,66993
7290017864730,false,לבבות חסה פרימיום בו,ברכת קטיף,IL,לבבות חסה פרימיום בו,Unknown,0.00,יחידה,false,,10.90,0.0000,true,1,67023
7290017864754,false,בצל ירוק בוסתן,ברכת קטיף,IL,בצל ירוק בוסתן,Unknown,0.00,יחידה,false,,5.90,0.0000,true,1,66994
7290017871967,false,ג'לי אננס טוסו ללא ס,אשבל,IL,ג'לי אננס טוסו ללא ס,גרמים,25.00,100 גרם,false,,8.90,35.6000,true,1,76035
7290017871998,false,פודינג וניל טוסו ללא,אשבל,IL,פודינג וניל טוסו ללא,גרמים,30.00,100 גרם,false,,8.90,29.6667,true,1,76034
7290017872179,false,עוגיות טחינה טוסו 20,הגביע מוצרי ופלים,IL,עוגיות טחינה טוסו 20,גרמים,200.00,100 גרם,false,,13.90,6.9500,true,1,76028
7290017872186,false,עוגיות פקאן טוסו 200,הגביע מוצרי ופלים,IL,עוגיות פקאן טוסו 200,גרמים,200.00,100 גרם,false,,13.90,6.9500,true,1,76029
7290017883304,false,לקקנים בקופסא ליקלוק,תיאס גידה ג'י או אס,TR,לקקנים בקופסא ליקלוק,פריט,1.10,"ק""ג",false,,24.90,22.6364,true,1,73279
7290017883342,false,סוכריות קופצות בטעם,האלקס גידה,TR,סוכריות קופצות בטעם,גרמים,48.00,100 גרם,false,,9.90,20.6250,true,1,73217
7290017883359,false,סוכריות קופצות בטעם,האלקס גידה,TR,סוכריות קופצות בטעם,גרמים,48.00,100 גרם,false,,9.90,20.6250,true,1,73218
7290017883366,false,סוכריות קופצות בטעם,האלקס גידה,TR,סוכריות קופצות בטעם,גרמים,48.00,100 גרם,false,,9.90,20.6250,true,1,73219
7290017884141,false,עוגיות מלוחות קצח שי,מאפיית ישראל חיפה,IL,עוגיות מלוחות קצח שי,גרמים,500.00,100 גרם,false,,11.50,2.3000,true,1,59644
7290017884158,false,עוגיות מלוחות שומשום,מאפיית ישראל חיפה,IL,עוגיות מלוחות שומשום,גרמים,500.00,100 גרם,false,,11.50,2.3000,true,1,59645
7290017884165,false,כעכים קקאו שירה 500,מאפיית ישראל חיפה,IL,כעכים קקאו שירה 500,גרמים,500.00,100 גרם,false,,11.50,2.3000,true,1,64366
7290017884172,false,עוגיות מרוקאיות שירה,מאפיית ישראל חיפה,IL,עוגיות מרוקאיות שירה,גרמים,500.00,100 גרם,false,,11.50,2.3000,true,1,59649
7290017884189,false,כעכים מצופים שירה 50,מאפיית ישראל חיפה,IL,כעכים מצופים שירה 50,גרמים,500.00,100 גרם,false,,11.50,2.3000,true,1,64227
7290017884257,false,עוגיות כתר שירה 600,מאפיית ישראל חיפה,IL,עוגיות כתר שירה 600,גרמים,600.00,100 גרם,false,,11.50,1.9167,true,1,64367
7290017884264,false,עוגיות שוקוציפס שירה,מאפיית ישראל חיפה,IL,עוגיות שוקוציפס שירה,גרמים,600.00,100 גרם,false,,11.50,1.9167,true,1,59650
7290017884271,false,עוגיות שוקוציפס לבן,מאפיית ישראל חיפה,IL,עוגיות שוקוציפס לבן,גרמים,600.00,100 גרם,false,,11.50,1.9167,true,1,59651
7290017884318,false,עוגיות פרפר במילוי ב,מאפיית ישראל חיפה,IL,עוגיות פרפר במילוי ב,גרמים,500.00,100 גרם,false,,11.50,2.3000,true,1,64361
7290017884356,false,עוגיות כעכים מרוקאיו,מאפיית ישראל חיפה,IL,עוגיות כעכים מרוקאיו,גרמים,500.00,100 גרם,false,,11.50,2.3000,true,1,64649
7290017884370,false,עוגיות בטעם חלוה שיר,מאפיית ישראל חיפה,IL,עוגיות בטעם חלוה שיר,גרמים,500.00,100 גרם,false,,11.50,2.3000,true,1,59652
7290017884394,false,עוגיות בישקוטים מסוכ,מאפיית ישראל חיפה,IL,עוגיות בישקוטים מסוכ,גרמים,500.00,100 גרם,false,,11.50,2.3000,true,1,59653
7290017884417,false,עוגיות דניות בטעם חמ,מאפיית ישראל חיפה,IL,עוגיות דניות בטעם חמ,גרמים,500.00,100 גרם,false,,11.50,2.3000,true,1,59655
7290017884530,false,בישקוטים מצופים שירה,מאפיית ישראל חיפה,IL,בישקוטים מצופים שירה,גרמים,500.00,100 גרם,false,,11.50,2.3000,true,1,64229
7290017884547,false,עוגיות כתר במילוי תו,מאפיית ישראל חיפה,IL,עוגיות כתר במילוי תו,גרמים,500.00,100 גרם,false,,11.50,2.3000,true,1,64362
7290017888095,false,מארז שוופס פירות יער,יפאורה תבורי,IL,מארז שוופס פירות יער,קילוגרמים,1.32,ליטר,false,,10.90,8.2576,true,1,61273
7290017888101,false,מארז שוופס אפרסק 4*3,יפאורה תבורי,IL,מארז שוופס אפרסק 4*3,קילוגרמים,1.32,ליטר,false,,10.90,8.2576,true,1,61274
7290017918730,false,סלק אדום בוואקום 1 ק,אראל תוצרת חקלאית בע,IL,סלק אדום בוואקום 1 ק,פריט,1.00,"ק""ג",false,,9.90,9.9000,true,1,68848
7290017928234,false,גריסיני בייטס בצל מא,מאיר בייגל,IL,גריסיני בייטס בצל מא,גרמים,175.00,100 גרם,false,,4.90,2.8000,true,1,66894
7290017928296,false,שברי בייגלה בטעם דבש,סבימקס,BG,שברי בייגלה בטעם דבש,גרמים,300.00,100 גרם,false,,11.90,3.9667,true,1,78365
7290017928494,false,שברי בייגלה בטעם צ'ד,סבימקס,BG,שברי בייגלה בטעם צ'ד,גרמים,300.00,100 גרם,false,,11.90,3.9667,true,1,78364
7290017932057,false,תחתית אפויה לפאי 170,הנדריקס פוד,US,תחתית אפויה לפאי 170,גרמים,170.00,100 גרם,false,,6.90,4.0588,true,1,64987
7290017941073,false,סוכר לבן  אלומות 1 ק,,,סוכר לבן  אלומות 1 ק,פריט,1.00,"ק""ג",false,,3.90,3.9000,true,1,79947
7290017946375,false,כדוריות סוד לאסלה לי,הנקל סוד,IL,כדוריות סוד לאסלה לי,גרמים,150.00,100 גרם,false,,19.90,13.2667,true,1,69123
7290017946573,false,כדוריות סוד לאסלה פר,הנקל סוד,IL,כדוריות סוד לאסלה פר,גרמים,150.00,100 גרם,false,,19.90,13.2667,true,1,69124
7290017947105,false,לחם אנגל בסגנון אמרי,מאפית אנגל,IL,לחם אנגל בסגנון אמרי,גרמים,500.00,100 גרם,false,,14.90,2.9800,true,1,65118
7290017947464,false,פיתות כוסמין אנג'ל 8,מאפית אנגל,IL,פיתות כוסמין אנג'ל 8,גרמים,400.00,100 גרם,false,,14.90,3.7250,true,1,69081
7290017947495,false,לחמניות כוסמין אנגל,מאפית אנגל,IL,לחמניות כוסמין אנגל,גרמים,450.00,100 גרם,false,,12.90,2.8667,true,1,69776
7290017947891,false,לחם כוסמין וחיטה מלא,מאפית אנגל,IL,לחם כוסמין וחיטה מלא,גרמים,750.00,100 גרם,false,,16.90,2.2533,true,1,65046
7290017947921,false,לחמניות המבורגר אנגל,מאפית אנגל,IL,לחמניות המבורגר אנגל,גרמים,450.00,100 גרם,false,,14.90,3.3111,true,1,65327
7290017947938,false,לחמניות מיני המבורגר,מאפית אנגל,IL,לחמניות מיני המבורגר,גרמים,400.00,100 גרם,false,,14.90,3.7250,true,1,72387
7290017978215,false,קרמבו בטעם מוקה ריאו,"גלידות ריאו ביח""ר לג",IL,קרמבו בטעם מוקה ריאו,גרמים,480.00,100 גרם,false,,21.50,4.4792,true,1,68217
7290017978833,false,חטיפי גלידה שוקולידה,"גלידות ריאו ביח""ר לג",IL,חטיפי גלידה שוקולידה,גרמים,700.00,100 גרם,false,,29.90,4.2714,true,1,72337
7290018045138,false,דגני בוקר קוקו פאבלס,פוסט לקיוויל,US,דגני בוקר קוקו פאבלס,גרמים,311.00,100 גרם,false,,19.90,6.3987,true,1,79325
7290018045336,false,דגני בוקר פרוטי פאבל,פוסט לקיוויל,US,דגני בוקר פרוטי פאבל,גרמים,311.00,100 גרם,false,,19.90,6.3987,true,1,79326
7290018045534,false,דגני בוקר בטעם פירות,פוסט לקיוויל,US,דגני בוקר בטעם פירות,גרמים,354.00,100 גרם,false,,19.90,5.6215,true,1,79328
7290018045732,false,דגני בוקר עם פירורי,פוסט לקיוויל,US,דגני בוקר עם פירורי,גרמים,311.00,100 גרם,false,,17.90,5.7556,true,1,79327
7290018091029,false,"מקלות פילו תפו""א מעד",מעדנות,IL,"מקלות פילו תפו""א מעד",גרמים,450.00,100 גרם,false,,14.90,3.3111,true,1,69401
7290018108239,false,חסה לליק,מרינה,IL,חסה לליק,Unknown,0.00,יחידה,false,,12.90,0.0000,true,1,79907
7290018115039,false,אבוקדו מוכן לאכילה,אראל תוצרת חקלאית בע,IL,אבוקדו מוכן לאכילה,Unknown,0.00,יחידה,false,,4.90,0.0000,true,1,68585
7290018131855,false,טילוני אקסטרים בראונ,גלידות נסטלה,IL,טילוני אקסטרים בראונ,גרמים,432.00,100 גרם,false,,23.90,5.5324,true,1,72389
7290018131879,false,טילוני אקסטרים ריבת,גלידות נסטלה,IL,טילוני אקסטרים ריבת,גרמים,432.00,100 גרם,false,,23.90,5.5324,true,1,72388
7290018131954,false,שלגוני לה פרוטה תות,גלידות נסטלה,IL,שלגוני לה פרוטה תות,גרמים,350.00,100 גרם,false,,19.90,5.6857,true,1,71593
7290018165447,false,יין רזרב גולד מרלו,יקבי ברקן,IL,יין רזרב גולד מרלו,מיליליטרים,750.00,"100 מ""ל",false,,37.90,5.0533,true,1,80216
7290018192658,false,פטריות צמד חמד איטלק,מרינה פטריות,IL,פטריות צמד חמד איטלק,Unknown,0.00,יחידה,false,,15.90,0.0000,true,1,67696
7290018192764,false,מיקס נבטים,מרינה,IL,מיקס נבטים,Unknown,0.00,יחידה,false,,13.90,0.0000,true,1,74780
7290018194393,false,ערק בראשית 40% 700 מ,משקאות ג'בלנא,IL,ערק בראשית 40% 700 מ,מיליליטרים,700.00,"100 מ""ל",false,,39.90,5.7000,true,1,72340
7290018195048,false,לפתן אננס חתוך טעמן,פ.ת גרייט פנאפל,TH,לפתן אננס חתוך טעמן,גרמים,850.00,100 גרם,false,,10.90,1.2824,true,1,77298
7290018195123,false,מארז סרדין בלימון טע,אינטרנשיונל קנינג קו,MA,מארז סרדין בלימון טע,גרמים,375.00,100 גרם,false,,7.90,2.1067,true,1,74384
7290018195130,false,מארז סרדין פלפל חריף,אינטרנשיונל קנינג קו,MA,מארז סרדין פלפל חריף,גרמים,375.00,100 גרם,false,,7.90,2.1067,true,1,74385
7290018195147,false,מארז סרדין בשמן טעים,אינטרנשיונל קנינג קו,MA,מארז סרדין בשמן טעים,גרמים,375.00,100 גרם,false,,7.90,2.1067,true,1,74386
7290018195321,false,שוקולד טעמן מריר 5*1,אלבה שוקולד,,שוקולד טעמן מריר 5*1,גרמים,500.00,100 גרם,false,,24.90,4.9800,true,1,77163
7290018195895,false,חטיף ש.שועל עם שוקול,סנטה איי קוולסקי אס,PL,חטיף ש.שועל עם שוקול,גרמים,200.00,100 גרם,false,,12.90,6.4500,true,1,72901
7290018195901,false,חטיף ש.שועל ודבש קרא,סנטה איי קוולסקי אס,PL,חטיף ש.שועל ודבש קרא,גרמים,200.00,100 גרם,false,,12.90,6.4500,true,1,72902
7290018195918,false,חטיף ש.שועל דבש וקינ,סנטה איי קוולסקי אס,PL,חטיף ש.שועל דבש וקינ,גרמים,200.00,100 גרם,false,,12.90,6.4500,true,1,72903
7290018208021,false,"תמר מגהול ענק 2 ק""ג",אראל תוצרת חקלאית בע,IL,"תמר מגהול ענק 2 ק""ג",פריט,2.00,"ק""ג",false,,39.90,19.9500,true,1,63668
7290018208045,false,ערמונים קלויים וקלופ,אראל תוצרת חקלאית בע,IL,ערמונים קלויים וקלופ,גרמים,100.00,100 גרם,false,,3.90,3.9000,true,1,64452
7290018208168,false,תמרים לחים חיאני 600,אראל תוצרת חקלאית בע,IL,תמרים לחים חיאני 600,גרמים,600.00,100 גרם,false,,9.90,1.6500,true,1,68263
7290018208809,false,"תמר מגהול 1 ק""ג",אראל תוצרת חקלאית בע,IL,"תמר מגהול 1 ק""ג",פריט,1.00,"ק""ג",false,,12.90,12.9000,true,1,63656
7290018236659,false,מיני שניצל פופקורן מ,עוף טוב,IL,מיני שניצל פופקורן מ,גרמים,600.00,100 גרם,false,,29.80,4.9667,true,1,70079
7290018237373,false,פסטרמה מהגריל מנתח ש,עוף טוב,IL,פסטרמה מהגריל מנתח ש,גרמים,300.00,100 גרם,false,,26.80,8.9333,true,1,73769
7290018237397,false,פסטרמה מקורמלת מנתח,עוף טוב,IL,פסטרמה מקורמלת מנתח,גרמים,300.00,100 גרם,false,,19.90,6.6333,true,1,73771
7290018237410,false,פסטרמה מהמעשנה מנתח,עוף טוב,IL,פסטרמה מהמעשנה מנתח,גרמים,300.00,100 גרם,false,,26.80,8.9333,true,1,73770
7290018294000,false,יין קינג דיוויד רוזה,יקבי כרמל,IL,יין קינג דיוויד רוזה,מיליליטרים,750.00,"100 מ""ל",false,,18.90,2.5200,true,1,72938
7290018294055,false,מיץ ענבים תירוש רוזה,יקבי כרמל,IL,מיץ ענבים תירוש רוזה,קילוגרמים,1.20,ליטר,false,,20.90,17.4167,true,1,70813
7290018294192,false,יין פ. קולקשיין בלנד,יקבי כרמל,IL,יין פ. קולקשיין בלנד,מיליליטרים,750.00,"100 מ""ל",false,,37.90,5.0533,true,1,78660
7290018294208,false,יין סלקטד אדום ישראל,יקבי כרמל,IL,יין סלקטד אדום ישראל,מיליליטרים,750.00,"100 מ""ל",false,,24.90,3.3200,true,1,72943
7290018294352,false,"ארק כרמל 700 מ""ל",יקבי כרמל,IL,"ארק כרמל 700 מ""ל",מיליליטרים,700.00,"100 מ""ל",false,,39.90,5.7000,true,1,75392
7290018294901,false,יין אדום יבש מונלייט,יקבי כרמל,IL,יין אדום יבש מונלייט,מיליליטרים,750.00,"100 מ""ל",false,,33.90,4.5200,true,1,78699
7290018333082,false,אגו מיקס קורנפלקס שו,כרמית,IL,אגו מיקס קורנפלקס שו,גרמים,55.00,100 גרם,false,,3.30,6.0000,true,1,79054
7290018359129,false,עגבניות מקולפות חתוכ,זנלכל,IL,עגבניות מקולפות חתוכ,גרמים,690.00,100 גרם,false,,8.90,1.2899,true,1,77599
7290018359495,false,תירס גרעינים מהשדה ל,זנלכל,IL,תירס גרעינים מהשדה ל,גרמים,550.00,100 גרם,false,,8.90,1.6182,true,1,77044
7290018359501,false,קוביות סלק פרי מבורך,זנלכל,IL,קוביות סלק פרי מבורך,גרמים,550.00,100 גרם,false,,6.90,1.2545,true,1,73997
7290018359556,false,תירס גרעינים מהשדה י,זנלכל,IL,תירס גרעינים מהשדה י,גרמים,400.00,100 גרם,false,,6.50,1.6250,true,1,71323
7290018359686,false,חומוס ענק יכין 550 ג,זנלכל,IL,חומוס ענק יכין 550 ג,גרמים,550.00,100 גרם,false,,8.90,1.6182,true,1,74723
7290018394021,false,פטריות מלך היער,חוות פטריות תקוע,IL,פטריות מלך היער,Unknown,0.00,יחידה,false,,13.90,0.0000,true,1,72394
7290018440230,false,תה חווית הצ'אי ורדים,ויסוצקי,IL,תה חווית הצ'אי ורדים,Unknown,0.00,יחידה,false,,17.90,0.0000,true,1,76904
7290018440247,false,תה חווית הצ'אי שקדים,ויסוצקי,IL,תה חווית הצ'אי שקדים,Unknown,0.00,יחידה,false,,17.90,0.0000,true,1,76902
7290018440254,false,תה חווית הצ'אי קרמל,ויסוצקי,IL,תה חווית הצ'אי קרמל,גרמים,50.00,100 גרם,false,,17.90,35.8000,true,1,76903
7290018440629,false,תה ויסוצקי טעם עשיר,ויסוצקי,IL,תה ויסוצקי טעם עשיר,Unknown,0.00,יחידה,false,,19.90,0.0000,true,1,73761
7290018443330,false,פטרוזיליה גלאט ברכת,ברכת קטיף,IL,פטרוזיליה גלאט ברכת,Unknown,0.00,יחידה,false,,5.90,0.0000,true,1,74171
7290018443347,false,שמיר ברכת קטיף,ברכת קטיף,IL,שמיר ברכת קטיף,Unknown,0.00,יחידה,false,,5.90,0.0000,true,1,74201
7290018443354,false,נענע ברכת קטיף,ברכת קטיף,IL,נענע ברכת קטיף,Unknown,0.00,יחידה,false,,5.90,0.0000,true,1,74202
7290018443361,false,סלרי עלים ברכת קטיף,ברכת קטיף,IL,סלרי עלים ברכת קטיף,Unknown,0.00,יחידה,false,,6.90,0.0000,true,1,74186
7290018443378,false,מנגולד ברכת קטיף,ברכת קטיף,IL,מנגולד ברכת קטיף,Unknown,0.00,יחידה,false,,6.90,0.0000,true,1,74187
7290018443385,false,חסה גלאט ברכת קטיף,ברכת קטיף,IL,חסה גלאט ברכת קטיף,Unknown,0.00,יחידה,false,,5.90,0.0000,true,1,74172
7290018443408,false,כרוב לבן ברכת קטיף,ברכת קטיף,IL,כרוב לבן ברכת קטיף,קילוגרמים,1.00,"ק""ג",true,,13.90,13.9000,true,1,74184
7290018443422,false,חסה ברכת קטיף,ברכת קטיף,IL,חסה ברכת קטיף,Unknown,0.00,יחידה,false,,5.90,0.0000,true,1,74189
7290018443446,false,נבטים סינים יח,בוסתן עשבי תיבול,IL,נבטים סינים יח,Unknown,0.00,יחידה,false,,5.90,0.0000,true,1,73595
7290018443453,false,נבטי חמניה,בוסתן עשבי תיבול,IL,נבטי חמניה,Unknown,0.00,יחידה,false,,8.90,0.0000,true,1,73735
7290018443460,false,נבטים אלפלא,בוסתן עשבי תיבול,IL,נבטים אלפלא,Unknown,0.00,יחידה,false,,5.90,0.0000,true,1,73596
7290018443521,false,מיקס נבטים יח,בוסתן עשבי תיבול,IL,מיקס נבטים יח,Unknown,0.00,יחידה,false,,12.90,0.0000,true,1,73597
7290018443576,false,כוסברה בוסתן,ברכת קטיף,IL,כוסברה בוסתן,Unknown,0.00,יחידה,false,,3.90,0.0000,true,1,74177
7290018443590,false,שמיר בוסתן,ברכת קטיף,IL,שמיר בוסתן,Unknown,0.00,יחידה,false,,4.90,0.0000,true,1,74174
7290018443606,false,נענע בוסתן,ברכת קטיף,IL,נענע בוסתן,Unknown,0.00,יחידה,false,,4.90,0.0000,true,1,74175
7290018443620,false,סלרי עלים בוסתן,ברכת קטיף,IL,סלרי עלים בוסתן,Unknown,0.00,יחידה,false,,5.90,0.0000,true,1,74191
7290018443644,false,מנגולד בוסתן,ברכת קטיף,IL,מנגולד בוסתן,Unknown,0.00,יחידה,false,,5.90,0.0000,true,1,74193
7290018443651,false,לבבות חסה בוסתן,ברכת קטיף,IL,לבבות חסה בוסתן,Unknown,0.00,יחידה,false,,6.90,0.0000,true,1,74194
7290018443705,false,לבבות חסה קיסר,,,לבבות חסה קיסר,Unknown,0.00,יחידה,false,,12.90,0.0000,true,1,74498
7290018468302,false,נקניקיות צמחוניות בס,טירת צבי,IL,נקניקיות צמחוניות בס,גרמים,400.00,100 גרם,false,,29.90,7.4750,true,1,78524
7290018468319,false,נקניקיות צמחוניות בס,טירת צבי,IL,נקניקיות צמחוניות בס,גרמים,400.00,100 גרם,false,,29.90,7.4750,true,1,78526
7290018468326,false,נקניקיות צמחוניות בס,טירת צבי,IL,נקניקיות צמחוניות בס,גרמים,400.00,100 גרם,false,,29.90,7.4750,true,1,78525
7290018471029,false,מארז שוופס סודה לימו,יפאורה תבורי,IL,מארז שוופס סודה לימו,קילוגרמים,3.00,ליטר,false,,13.90,4.6333,true,1,69212
7290018471180,false,פרוט אנד ווג' אננס ת,יפאורה תבורי,IL,פרוט אנד ווג' אננס ת,קילוגרמים,1.00,ליטר,false,,12.90,12.9000,true,1,71809
7290018471197,false,פרוט אנד ווג' תפוח ב,יפאורה תבורי,IL,פרוט אנד ווג' תפוח ב,קילוגרמים,1.00,ליטר,false,,12.90,12.9000,true,1,71808
7290018471210,false,נקטר ספרינג אגס תפוח,יפאורה תבורי,IL,נקטר ספרינג אגס תפוח,קילוגרמים,1.00,ליטר,false,,6.50,6.5000,true,1,71807
7290018471395,false,פרוט אנד ווג' תפוח ר,יפאורה תבורי,IL,פרוט אנד ווג' תפוח ר,קילוגרמים,1.00,ליטר,false,,12.90,12.9000,true,1,71847
7290018471401,false,פרוט אנד ווג' אננס ב,יפאורה תבורי,IL,פרוט אנד ווג' אננס ב,קילוגרמים,1.00,ליטר,false,,12.90,12.9000,true,1,71810
7290018471449,false,ספרינג שייק בננה תמר,יפאורה תבורי,IL,ספרינג שייק בננה תמר,קילוגרמים,1.00,ליטר,false,,9.90,9.9000,true,1,73093
7290018471463,false,נקטר תפוזינה ENJOY,יפאורה תבורי,IL,נקטר תפוזינה ENJOY,קילוגרמים,1.00,ליטר,false,,6.50,6.5000,true,1,72159
7290018471470,false,נקטר תפוזינה ENJOY,יפאורה תבורי,IL,נקטר תפוזינה ENJOY,קילוגרמים,1.00,ליטר,false,,6.50,6.5000,true,1,72160
7290018471487,false,נקטר תפוזינה ENJOY,יפאורה תבורי,IL,נקטר תפוזינה ENJOY,קילוגרמים,1.00,ליטר,false,,6.50,6.5000,true,1,72161
7290018471494,false,נקטר תפוזינה ENJOY,יפאורה תבורי,IL,נקטר תפוזינה ENJOY,קילוגרמים,1.00,ליטר,false,,6.50,6.5000,true,1,72162
7290018471548,false,מארז ספרינג ענבים 4*,יפאורה תבורי,IL,מארז ספרינג ענבים 4*,קילוגרמים,1.00,ליטר,false,,10.90,10.9000,true,1,71544
7290018471692,false,ספרינג שייק בננה אננ,יפאורה תבורי,IL,ספרינג שייק בננה אננ,קילוגרמים,1.00,ליטר,false,,9.90,9.9000,true,1,73095
7290018471906,false,שוופס לימונדה ורודה,יפאורה תבורי,IL,שוופס לימונדה ורודה,קילוגרמים,1.50,ליטר,false,,8.20,5.4667,true,1,75039
7290018471913,false,שוופס תפוח מוגז 1.5,יפאורה תבורי,IL,שוופס תפוח מוגז 1.5,קילוגרמים,1.50,ליטר,false,,8.20,5.4667,true,1,75040
7290018471920,false,שוופס ענבים מוגז 1.5,יפאורה תבורי,IL,שוופס ענבים מוגז 1.5,קילוגרמים,1.50,ליטר,false,,8.20,5.4667,true,1,75041
7290018471937,false,שוופס פירות תות ליים,יפאורה תבורי,IL,שוופס פירות תות ליים,קילוגרמים,1.50,ליטר,false,,8.20,5.4667,true,1,75042
7290018471944,false,שוופס למונייד מוגז 1,יפאורה תבורי,IL,שוופס למונייד מוגז 1,קילוגרמים,1.50,ליטר,false,,8.20,5.4667,true,1,75043
7290018471951,false,שוופס אשכולית אדומה,יפאורה תבורי,IL,שוופס אשכולית אדומה,קילוגרמים,1.50,ליטר,false,,8.20,5.4667,true,1,75044
7290018500361,false,לחם אחיד פרוס אנגל 9,מאפית אנגל,IL,לחם אחיד פרוס אנגל 9,גרמים,900.00,100 גרם,false,,8.30,0.9222,true,1,78414
7290018500385,false,חלה מרובעת אנגל 650,מאפית אנגל,IL,חלה מרובעת אנגל 650,גרמים,650.00,100 גרם,false,,5.90,0.9077,true,1,78463
7290018500392,false,חלה קלועה אנגל 650 ג,מאפית אנגל,IL,חלה קלועה אנגל 650 ג,גרמים,650.00,100 גרם,false,,5.90,0.9077,true,1,78464
7290018500477,false,לחם אחיד פרוס אחדות,מאפית אנגל,IL,לחם אחיד פרוס אחדות,גרמים,900.00,100 גרם,false,,7.40,0.8222,true,1,79248
7290018540329,false,פיתות אנגל בלדי 8 יח,מאפית אנגל,IL,פיתות אנגל בלדי 8 יח,גרמים,800.00,100 גרם,false,,10.90,1.3625,true,1,73961
7290018540817,false,לחם מחמצת כוסמין אנג,מאפית אנגל,IL,לחם מחמצת כוסמין אנג,גרמים,500.00,100 גרם,false,,19.90,3.9800,true,1,75190
7290018540824,false,לחם מחמצת כפרי אנגל,מאפית אנגל,IL,לחם מחמצת כפרי אנגל,גרמים,500.00,100 גרם,false,,18.90,3.7800,true,1,75191
7290018540831,false,לחם מחמצת חיטה מלאה,מאפית אנגל,IL,לחם מחמצת חיטה מלאה,גרמים,500.00,100 גרם,false,,18.90,3.7800,true,1,75192
7290018556443,false,ארק סאלי לימונענע 75,,IL,ארק סאלי לימונענע 75,מיליליטרים,750.00,"100 מ""ל",false,,29.90,3.9867,true,1,74079
7290018556696,false,ארק סאלי לימונים 750,,IL,ארק סאלי לימונים 750,מיליליטרים,750.00,"100 מ""ל",false,,29.90,3.9867,true,1,71413
7290018556719,false,ארק סאלי פסיפלורה 75,,IL,ארק סאלי פסיפלורה 75,מיליליטרים,750.00,"100 מ""ל",false,,29.90,3.9867,true,1,71452
7290018571163,false,ציפוי לשניצל עשבי תי,מיה תעשיות מזון בעמ,IL,ציפוי לשניצל עשבי תי,גרמים,600.00,100 גרם,false,,9.90,1.6500,true,1,71774
7290018571170,false,ציפוי לשניצל שום מיה,מיה תעשיות מזון בעמ,IL,ציפוי לשניצל שום מיה,גרמים,600.00,100 גרם,false,,9.90,1.6500,true,1,71775
7290018571187,false,ציפוי לשניצל פיקנטי,מיה תעשיות מזון בעמ,IL,ציפוי לשניצל פיקנטי,גרמים,600.00,100 גרם,false,,9.90,1.6500,true,1,71773
7290018571194,false,ציפוי לשניצל בתיבול,מיה תעשיות מזון בעמ,IL,ציפוי לשניצל בתיבול,גרמים,600.00,100 גרם,false,,9.90,1.6500,true,1,71776
7290018571200,false,פירורי לחם מוזהב מיה,מיה תעשיות מזון בעמ,IL,פירורי לחם מוזהב מיה,גרמים,700.00,100 גרם,false,,7.90,1.1286,true,1,74111
7290018571439,false,אורז מלא אינדירה 1.4,מיה תעשיות מזון בעמ,IL,אורז מלא אינדירה 1.4,פריט,1.40,"ק""ג",false,,9.90,7.0714,true,1,75872
7290018571446,false,אורז ריזוטו אינדירה,מיה תעשיות מזון בעמ,IL,אורז ריזוטו אינדירה,פריט,1.40,"ק""ג",false,,9.90,7.0714,true,1,75873
7290018571460,false,קורנפלור מיה 800 גרם,מיה תעשיות מזון בעמ,IL,קורנפלור מיה 800 גרם,גרמים,800.00,100 גרם,false,,5.90,0.7375,true,1,73693
7290018571477,false,נטיפים לאפייה מיה 75,מיה תעשיות מזון בעמ,IL,נטיפים לאפייה מיה 75,גרמים,750.00,100 גרם,false,,14.90,1.9867,true,1,74317
7290018571507,false,דובוני ג'לי  ויטמין,מיה תעשיות מזון בעמ,IL,דובוני ג'לי  ויטמין,גרמים,175.00,100 גרם,false,,37.90,21.6571,true,1,79478
7290018571521,false,דובוני ג'לי מולטי וי,מיה תעשיות מזון בעמ,IL,דובוני ג'לי מולטי וי,גרמים,175.00,100 גרם,false,,37.90,21.6571,true,1,79479
7290018571545,false,ס. ג'לי עם מיצוי כור,מיה תעשיות מזון בעמ,IL,ס. ג'לי עם מיצוי כור,גרמים,210.00,100 גרם,false,,37.90,18.0476,true,1,79481
7290018571552,false,ס. ג'לי  ללא סוכר או,מיה תעשיות מזון בעמ,IL,ס. ג'לי  ללא סוכר או,גרמים,210.00,100 גרם,false,,37.90,18.0476,true,1,79474
7290018571576,false,סילאן טבעי לחיץ מיה,אל ברקן דאטס,AE,סילאן טבעי לחיץ מיה,פריט,1.15,"ק""ג",false,,24.90,21.6522,true,1,74787
7290018571606,false,ראס אל חנות מיה 70 ג,מיה תעשיות מזון בעמ,IL,ראס אל חנות מיה 70 ג,גרמים,70.00,100 גרם,false,,7.90,11.2857,true,1,77351
7290018571613,false,דגי  ג'לי אומגה 3 בט,מיה תעשיות מזון בעמ,IL,דגי  ג'לי אומגה 3 בט,גרמים,240.00,100 גרם,false,,37.90,15.7917,true,1,79475
7290018571620,false,ס. ג'לי מולטי ויטמין,מיה תעשיות מזון בעמ,IL,ס. ג'לי מולטי ויטמין,גרמים,240.00,100 גרם,false,,37.90,15.7917,true,1,79476
7290018571637,false,ס. ג'לי מולטי ויטמין,מיה תעשיות מזון בעמ,IL,ס. ג'לי מולטי ויטמין,גרמים,222.00,100 גרם,false,,37.90,17.0721,true,1,79477
7290018571644,false,ס. ג'לי ללא סוכר מול,מיה תעשיות מזון בעמ,IL,ס. ג'לי ללא סוכר מול,גרמים,210.00,100 גרם,false,,37.90,18.0476,true,1,79472
7290018571668,false,ס. ג'לי עם ויטמין סי,מיה תעשיות מזון בעמ,IL,ס. ג'לי עם ויטמין סי,גרמים,210.00,100 גרם,false,,37.90,18.0476,true,1,79498
7290018571798,false,סוכריות גלי שמחות 2,מיה תעשיות מזון בעמ,IL,סוכריות גלי שמחות 2,גרמים,540.00,100 גרם,false,,18.50,3.4259,true,1,78918
7290018652039,false,גלידה לה קרמריה מלוח,גלידות נסטלה,IL,גלידה לה קרמריה מלוח,קילוגרמים,1.40,ליטר,false,,16.90,12.0714,true,1,72381
7290018652671,false,גלידה לה קרמריה בטעמ,נסטלה,IL,גלידה לה קרמריה בטעמ,קילוגרמים,1.40,ליטר,false,,16.90,12.0714,true,1,78261
7290018652688,false,שרבט לה קרמריה טרופי,גלידות נסטלה,IL,שרבט לה קרמריה טרופי,קילוגרמים,1.40,ליטר,false,,16.90,12.0714,true,1,76899
7290018652886,false,שלגוני נסטלה שוקו בנ,גלידות נסטלה,IL,שלגוני נסטלה שוקו בנ,גרמים,440.00,100 גרם,false,,22.90,5.2045,true,1,78423
7290018652909,false,שלגונים בטעם אייס קפ,גלידות נסטלה,IL,שלגונים בטעם אייס קפ,גרמים,215.00,100 גרם,false,,19.90,9.2558,true,1,78424
7290018652923,false,שלגונים בטעם בטעם מס,גלידות נסטלה,IL,שלגונים בטעם בטעם מס,גרמים,215.00,100 גרם,false,,19.90,9.2558,true,1,78425
7290018795088,false,יין אגלי טל סופריור,שאטו מר,IL,יין אגלי טל סופריור,מיליליטרים,750.00,"100 מ""ל",false,,109.90,14.6533,true,1,72650
7290018795385,false,חסה לליק,מרינה,IL,חסה לליק,Unknown,0.00,יחידה,false,,12.90,0.0000,true,1,75633
7290018795842,false,שום קלוף מרינה 500 ג,מרינה,IL,שום קלוף מרינה 500 ג,גרמים,500.00,100 גרם,false,,16.90,3.3800,true,1,78600
7290018860717,false,מקלוני אורז דקות ללא,סא ג'אנג אוספורט,VN,מקלוני אורז דקות ללא,גרמים,454.00,100 גרם,false,,9.90,2.1806,true,1,75867
7290018878002,false,אגו מיקס קרקר מצופה,כרמית,IL,אגו מיקס קרקר מצופה,גרמים,55.00,100 גרם,false,,3.30,6.0000,true,1,79056
7290018878088,false,"שוקולד אגו מריר ללת""",כרמית,IL,"שוקולד אגו מריר ללת""",גרמים,255.00,100 גרם,false,,14.90,5.8431,true,1,78298
7290018878095,false,"שוקולד אגו חלב ללת""ס",כרמית,IL,"שוקולד אגו חלב ללת""ס",גרמים,255.00,100 גרם,false,,14.90,5.8431,true,1,78299
7290018878125,false,"שוקולד אגו לבן ללת""ס",כרמית,IL,"שוקולד אגו לבן ללת""ס",גרמים,255.00,100 גרם,false,,14.90,5.8431,true,1,78300
7290018886304,false,פת דגנים בסגנון שווד,סונקו,PL,פת דגנים בסגנון שווד,גרמים,340.00,100 גרם,false,,9.90,2.9118,true,1,78608
7290018886328,false,פת דגנים שיפון מאפים,סונקו,PL,פת דגנים שיפון מאפים,גרמים,340.00,100 גרם,false,,9.90,2.9118,true,1,78609
7290018886342,false,פת 7 דגנים מאפים 340,סונקו,PL,פת 7 דגנים מאפים 340,גרמים,340.00,100 גרם,false,,9.90,2.9118,true,1,78610
7290018886991,false,שמן קנולה אלומות 1 ל,סקנולה,EE,שמן קנולה אלומות 1 ל,קילוגרמים,1.00,ליטר,false,,8.90,8.9000,true,1,77340
7290018893005,false,חטיף בייגלה אפוי בטע,SC ALKA TRADING CO S,RO,חטיף בייגלה אפוי בטע,גרמים,160.00,100 גרם,false,,6.50,4.0625,true,1,79074
7290018893036,false,עוגיות סנדוויץ' בטעם,סטרופוואפל,ES,עוגיות סנדוויץ' בטעם,גרמים,176.00,100 גרם,false,,4.90,2.7841,true,1,79077
7290018893265,false,מארז עוגה אישית מריר,פרדי קונדיטוריה אס פ,IT,מארז עוגה אישית מריר,גרמים,240.00,100 גרם,false,,7.90,3.2917,true,1,73977
7290018893326,false,ממרח אגוזי לוז צ'וקט,נאטרא,BE,ממרח אגוזי לוז צ'וקט,גרמים,900.00,100 גרם,false,,19.90,2.2111,true,1,76571
7290018893333,false,קרקרים במליחות מעודנ,סטרופוופל,PT,קרקרים במליחות מעודנ,גרמים,500.00,100 גרם,false,,9.90,1.9800,true,1,79373
7290018893531,false,קרקרים מלוחים סלטי צ,סטרופוופל,PT,קרקרים מלוחים סלטי צ,גרמים,500.00,100 גרם,false,,9.90,1.9800,true,1,79374
7290018893609,false,שוקולד צ'וקטה מריר 8,איבקקאו,ES,שוקולד צ'וקטה מריר 8,גרמים,100.00,100 גרם,false,,6.90,6.9000,true,1,76912
7290018893616,false,שוקולד צ'וקטה מריר 4,צוקטה,ES,שוקולד צ'וקטה מריר 4,גרמים,600.00,100 גרם,false,,19.90,3.3167,true,1,80026
7290018893654,false,חטיף בייגלה אפוי בתו,SC ALKA TRADING CO S,RO,חטיף בייגלה אפוי בתו,גרמים,200.00,100 גרם,false,,6.50,3.2500,true,1,79075
7290018893661,false,מארז עוגה אישית מצופ,פרדי קונדיטוריה אס פ,IT,מארז עוגה אישית מצופ,גרמים,240.00,100 גרם,false,,7.90,3.2917,true,1,73976
7290018893852,false,חטיף בייגלה אפוי בתו,SC ALKA TRADING CO S,RO,חטיף בייגלה אפוי בתו,גרמים,200.00,100 גרם,false,,6.50,3.2500,true,1,79076
7290018893876,false,מארז עוגה אישית וניל,פרדי קונדיטוריה אס פ,IT,מארז עוגה אישית וניל,גרמים,200.00,100 גרם,false,,7.90,3.9500,true,1,73978
7290018925065,false,מיץ תפוזים פרימור 2,גניר,IL,מיץ תפוזים פרימור 2,קילוגרמים,2.00,ליטר,false,,24.90,12.4500,true,1,74849
7290018925089,false,מיץ תפוחים פרימור סח,גניר,IL,מיץ תפוחים פרימור סח,קילוגרמים,2.00,ליטר,false,,24.90,12.4500,true,1,74850
7290018978245,false,דגני בוקר קראנץ בטעם,נטורל קייקס,IL,דגני בוקר קראנץ בטעם,גרמים,686.00,100 גרם,false,,19.90,2.9009,true,1,80033
7290018978252,false,דגני בוקר קראנץ בטעם,נטורל קייקס,IL,דגני בוקר קראנץ בטעם,גרמים,686.00,100 גרם,false,,19.90,2.9009,true,1,80029
7290018989074,false,חומוס במלח ופלפל ארב,זנלכל,IL,חומוס במלח ופלפל ארב,גרמים,550.00,100 גרם,false,,9.90,1.8000,true,1,75445
7290018989098,false,חומוס ברוטב פיקנטי פ,זנלכל,IL,חומוס ברוטב פיקנטי פ,גרמים,550.00,100 גרם,false,,9.90,1.8000,true,1,75446
7290018989128,false,סירופ יכין בטעם ענבי,זנלכל,IL,סירופ יכין בטעם ענבי,קילוגרמים,1.00,ליטר,false,,16.70,16.7000,true,1,78096
7290018989135,false,סירופ יכין בטעם פטל,זנלכל,IL,סירופ יכין בטעם פטל,קילוגרמים,1.00,ליטר,false,,16.70,16.7000,true,1,78097
7290019035060,false,חצאי משמש קפוא פילד,א.מ שרון,PL,חצאי משמש קפוא פילד,גרמים,500.00,100 גרם,false,,11.90,2.3800,true,1,74088
7290019035084,false,אוכמניות כחולות קפוא,דה נייל אג'יפטיאן,EG,אוכמניות כחולות קפוא,גרמים,400.00,100 גרם,false,,11.90,2.9750,true,1,78009
7290019035220,false,מיקס פירות יער קפוא,קונגלדוס אקיואטוריאנ,EC,מיקס פירות יער קפוא,גרמים,600.00,100 גרם,false,,19.90,3.3167,true,1,77817
7290019035237,false,שמן קנולה פילד גוד 1,OJSC BOBRUISK FACTOR,BY,שמן קנולה פילד גוד 1,קילוגרמים,1.00,ליטר,false,,8.90,8.9000,true,1,74359
7290019035244,false,מיקס פירות בננה פסיפ,קונגלדוס אקיואטוריאנ,EC,מיקס פירות בננה פסיפ,גרמים,600.00,100 גרם,false,,19.90,3.3167,true,1,77818
7290019035251,false,מיקס פירות אננס בננה,קונגלדוס אקיואטוריאנ,EC,מיקס פירות אננס בננה,גרמים,600.00,100 גרם,false,,19.90,3.3167,true,1,77816
7290019035329,false,מיקס פירות תות שדה מ,קונגלדוס אקיואטוריאנ,EC,מיקס פירות תות שדה מ,גרמים,600.00,100 גרם,false,,19.90,3.3167,true,1,77819
7290019056027,false,שוופס תפוח ללא סוכר,יפאורה תבורי,IL,שוופס תפוח ללא סוכר,קילוגרמים,1.50,ליטר,false,,8.20,5.4667,true,1,75048
7290019056034,false,שוופס אננס ללא סוכר,יפאורה תבורי,IL,שוופס אננס ללא סוכר,קילוגרמים,1.50,ליטר,false,,8.20,5.4667,true,1,75049
7290019056041,false,שוופס פירות לימונייד,יפאורה תבורי,IL,שוופס פירות לימונייד,קילוגרמים,1.50,ליטר,false,,8.20,5.4667,true,1,75050
7290019056058,false,שוופס מוגז עדין תפוח,יפאורה תבורי,IL,שוופס מוגז עדין תפוח,קילוגרמים,1.50,ליטר,false,,8.50,5.6667,true,1,75028
7290019056065,false,שוופס מוגז עדין פירו,יפאורה תבורי,IL,שוופס מוגז עדין פירו,קילוגרמים,1.50,ליטר,false,,8.50,5.6667,true,1,75029
7290019056072,false,שוופס מוגז עדין אננס,יפאורה תבורי,IL,שוופס מוגז עדין אננס,קילוגרמים,1.50,ליטר,false,,8.50,5.6667,true,1,75030
7290019056089,false,שוופס מוגז עדין ריזל,יפאורה תבורי,IL,שוופס מוגז עדין ריזל,קילוגרמים,1.50,ליטר,false,,8.50,5.6667,true,1,75031
7290019056096,false,שוופס מוגז עדין אפרס,יפאורה תבורי,IL,שוופס מוגז עדין אפרס,קילוגרמים,1.50,ליטר,false,,8.50,5.6667,true,1,75032
7290019056164,false,מארז שוופס סודה 4* 1,יפאורה תבורי,IL,מארז שוופס סודה 4* 1,קילוגרמים,6.00,ליטר,false,,8.90,1.4833,true,1,75022
7290019056171,false,מארז שוופס סודה לימו,יפאורה תבורי,IL,מארז שוופס סודה לימו,קילוגרמים,6.00,ליטר,false,,8.90,1.4833,true,1,75023
7290019056188,false,מארז שוופס סודה נענע,יפאורה תבורי,IL,מארז שוופס סודה נענע,קילוגרמים,6.00,ליטר,false,,8.90,1.4833,true,1,75024
7290019056201,false,מארז שוופס סודה פירו,יפאורה תבורי,IL,מארז שוופס סודה פירו,קילוגרמים,6.00,ליטר,false,,8.90,1.4833,true,1,75026
7290019056232,false,שוופס מוחיטו ליים נע,יפאורה תבורי,IL,שוופס מוחיטו ליים נע,קילוגרמים,1.50,ליטר,false,,8.90,5.9333,true,1,75027
7290019056249,false,שוופס מים בטעם ענבים,יפאורה תבורי,IL,שוופס מים בטעם ענבים,קילוגרמים,1.50,ליטר,false,,7.80,5.2000,true,1,75017
7290019056256,false,שוופס מים בטעם תפוח,יפאורה תבורי,IL,שוופס מים בטעם תפוח,קילוגרמים,1.50,ליטר,false,,7.80,5.2000,true,1,75018
7290019056263,false,שוופס מים בטעם אפרסק,יפאורה תבורי,IL,שוופס מים בטעם אפרסק,קילוגרמים,1.50,ליטר,false,,7.80,5.2000,true,1,75019
7290019056270,false,שוופס מים בטעם פירות,יפאורה תבורי,IL,שוופס מים בטעם פירות,קילוגרמים,1.50,ליטר,false,,7.80,5.2000,true,1,75020
7290019056300,false,שוופס ביטר 1.5 ליטר,יפאורה תבורי,IL,שוופס ביטר 1.5 ליטר,קילוגרמים,1.50,ליטר,false,,11.90,7.9333,true,1,75051
7290019056317,false,שוופס ראשן 1.5 ליטר,יפאורה תבורי,IL,שוופס ראשן 1.5 ליטר,קילוגרמים,1.50,ליטר,false,,11.90,7.9333,true,1,75052
7290019056324,false,שוופס טוניק 1.5 ליטר,יפאורה תבורי,IL,שוופס טוניק 1.5 ליטר,קילוגרמים,1.50,ליטר,false,,11.90,7.9333,true,1,75053
7290019056331,false,שוופס טוניק ללא סוכר,יפאורה תבורי,IL,שוופס טוניק ללא סוכר,קילוגרמים,1.50,ליטר,false,,11.90,7.9333,true,1,75054
7290019056355,false,תפוזינה לימונענע 1.5,יפאורה תבורי,IL,תפוזינה לימונענע 1.5,קילוגרמים,1.50,ליטר,false,,6.90,4.6000,true,1,74999
7290019056362,false,תפוזינה ענבים 1.5 לי,יפאורה תבורי,IL,תפוזינה ענבים 1.5 לי,קילוגרמים,1.50,ליטר,false,,6.90,4.6000,true,1,75000
7290019056379,false,תפוזינה תפוזים 1.5 ל,יפאורה תבורי,IL,תפוזינה תפוזים 1.5 ל,קילוגרמים,1.50,ליטר,false,,6.90,4.6000,true,1,75001
7290019056386,false,תפוזינה אשכוליות 1.5,יפאורה תבורי,IL,תפוזינה אשכוליות 1.5,קילוגרמים,1.50,ליטר,false,,6.90,4.6000,true,1,75002
7290019056393,false,תפוזינה תות בננה 1.5,יפאורה תבורי,IL,תפוזינה תות בננה 1.5,קילוגרמים,1.50,ליטר,false,,6.90,4.6000,true,1,75003
7290019056409,false,תפוזינה מנגו 1.5 ליט,יפאורה תבורי,IL,תפוזינה מנגו 1.5 ליט,קילוגרמים,1.50,ליטר,false,,6.90,4.6000,true,1,75004
7290019056416,false,תפוזינה לימונדה ורוד,יפאורה תבורי,IL,תפוזינה לימונדה ורוד,קילוגרמים,1.50,ליטר,false,,6.90,4.6000,true,1,75005
7290019056423,false,תפוזינה תפוחים 1.5 ל,יפאורה תבורי,IL,תפוזינה תפוחים 1.5 ל,קילוגרמים,1.50,ליטר,false,,6.90,4.6000,true,1,75006
7290019056430,false,תפוזינה תפוזים לייט,יפאורה תבורי,IL,תפוזינה תפוזים לייט,קילוגרמים,1.50,ליטר,false,,6.90,4.6000,true,1,75007
7290019056454,false,אר.סי קולה 1.5 ליטר,יפאורה תבורי,IL,אר.סי קולה 1.5 ליטר,קילוגרמים,1.50,ליטר,false,,3.90,2.6000,true,1,75341
7290019056461,false,מארז אר.סי קולה 6 *1,יפאורה תבורי,IL,מארז אר.סי קולה 6 *1,קילוגרמים,9.00,ליטר,false,,37.90,4.2111,true,1,75064
7290019056478,false,ספרינג תה אפרסק 1.5,יפאורה תבורי,IL,ספרינג תה אפרסק 1.5,קילוגרמים,1.50,ליטר,false,,7.20,4.8000,true,1,75009
7290019056485,false,ספרינג תה ירוק לימון,יפאורה תבורי,IL,ספרינג תה ירוק לימון,קילוגרמים,1.50,ליטר,false,,7.20,4.8000,true,1,75010
7290019056492,false,ספרינג תה מנגו אפרסק,יפאורה תבורי,IL,ספרינג תה מנגו אפרסק,קילוגרמים,1.50,ליטר,false,,7.20,4.8000,true,1,75011
7290019056508,false,פרוט ווטר בטעם ענבים,יפאורה תבורי,IL,פרוט ווטר בטעם ענבים,קילוגרמים,1.50,ליטר,false,,8.90,5.9333,true,1,75012
7290019056515,false,פרוט ווטר בטעם אננס,יפאורה תבורי,IL,פרוט ווטר בטעם אננס,קילוגרמים,1.50,ליטר,false,,8.90,5.9333,true,1,75013
7290019056522,false,פרוט ווטר בטעם תות 1,יפאורה תבורי,IL,פרוט ווטר בטעם תות 1,קילוגרמים,1.50,ליטר,false,,8.90,5.9333,true,1,75015
7290019056539,false,פרוט ווטר בטעם אפרסק,יפאורה תבורי,IL,פרוט ווטר בטעם אפרסק,קילוגרמים,1.50,ליטר,false,,8.90,5.9333,true,1,75016
7290019056546,false,פרוט ווטר בטעם אבטיח,יפאורה תבורי,IL,פרוט ווטר בטעם אבטיח,קילוגרמים,1.50,ליטר,false,,8.90,5.9333,true,1,75195
7290019056553,false,מים עין גדי 6*2 ליטר,עין גדי,IL,מים עין גדי 6*2 ליטר,קילוגרמים,12.00,ליטר,false,,12.90,1.0750,true,1,75067
7290019056577,false,ספרינג מנגו 1.5 ליטר,יפאורה תבורי,IL,ספרינג מנגו 1.5 ליטר,קילוגרמים,1.50,ליטר,false,,7.90,5.2667,true,1,74975
7290019056584,false,ספרינג תפוזים 1.5 לי,יפאורה תבורי,IL,ספרינג תפוזים 1.5 לי,קילוגרמים,1.50,ליטר,false,,7.90,5.2667,true,1,74985
7290019056591,false,ספרינג ענבים 1.5 ליט,יפאורה תבורי,IL,ספרינג ענבים 1.5 ליט,קילוגרמים,1.50,ליטר,false,,7.90,5.2667,true,1,74986
7290019056607,false,ספרינג מיץ תפוחים 1.,יפאורה תבורי,IL,ספרינג מיץ תפוחים 1.,קילוגרמים,1.50,ליטר,false,,7.90,5.2667,true,1,74987
7290019056614,false,ספרינג אפרסק 1.5 ליט,יפאורה תבורי,IL,ספרינג אפרסק 1.5 ליט,קילוגרמים,1.50,ליטר,false,,7.90,5.2667,true,1,74988
7290019056621,false,ספרינג פירות טרופיים,יפאורה תבורי,IL,ספרינג פירות טרופיים,קילוגרמים,1.50,ליטר,false,,7.90,5.2667,true,1,74989
7290019056638,false,ספרינג תות-בננה 1.5,יפאורה תבורי,IL,ספרינג תות-בננה 1.5,קילוגרמים,1.50,ליטר,false,,7.90,5.2667,true,1,74990
7290019056645,false,ספרינג אגס סברס תפוח,יפאורה תבורי,IL,ספרינג אגס סברס תפוח,קילוגרמים,1.50,ליטר,false,,7.90,5.2667,true,1,74991
7290019056652,false,ספרינג אננס בננה 1.5,יפאורה תבורי,IL,ספרינג אננס בננה 1.5,קילוגרמים,1.50,ליטר,false,,7.90,5.2667,true,1,74992
7290019056669,false,ספרינג תפוחים לייט 1,יפאורה תבורי,IL,ספרינג תפוחים לייט 1,קילוגרמים,1.50,ליטר,false,,7.90,5.2667,true,1,74993
7290019056676,false,ספרינג אשכוליות אננס,יפאורה תבורי,IL,ספרינג אשכוליות אננס,קילוגרמים,1.50,ליטר,false,,7.90,5.2667,true,1,74995
7290019056720,false,קריסטל ענבים 2 ליטר,יפאורה תבורי,IL,קריסטל ענבים 2 ליטר,קילוגרמים,2.00,ליטר,false,,6.90,3.4500,true,1,75055
7290019056737,false,קריסטל אשכוליות 2 לי,יפאורה תבורי,IL,קריסטל אשכוליות 2 לי,קילוגרמים,2.00,ליטר,false,,6.90,3.4500,true,1,75056
7290019056744,false,קריסטל תפוזים 2 ליטר,יפאורה תבורי,IL,קריסטל תפוזים 2 ליטר,קילוגרמים,2.00,ליטר,false,,6.90,3.4500,true,1,75057
7290019056751,false,קריסטל אשכוליות דיאט,יפאורה תבורי,IL,קריסטל אשכוליות דיאט,קילוגרמים,2.00,ליטר,false,,6.90,3.4500,true,1,75058
7290019056768,false,קריסטל מנגו 2 ליטר,יפאורה תבורי,IL,קריסטל מנגו 2 ליטר,קילוגרמים,2.00,ליטר,false,,6.90,3.4500,true,1,75059
7290019056775,false,קריסטל ענבים מוגז 2,יפאורה תבורי,IL,קריסטל ענבים מוגז 2,קילוגרמים,2.00,ליטר,false,,6.90,3.4500,true,1,75060
7290019056782,false,קריסטל למון ליים 2 ל,יפאורה תבורי,IL,קריסטל למון ליים 2 ל,קילוגרמים,2.00,ליטר,false,,6.90,3.4500,true,1,75061
7290019056799,false,קריסטל אקזוטי מוגז 2,יפאורה תבורי,IL,קריסטל אקזוטי מוגז 2,קילוגרמים,2.00,ליטר,false,,6.90,3.4500,true,1,75062
7290019056805,false,קריסטל תפוע מוגז 2 ל,יפאורה תבורי,IL,קריסטל תפוע מוגז 2 ל,קילוגרמים,2.00,ליטר,false,,6.90,3.4500,true,1,75063
7290019056812,false,קריסטל מנטה 2 ליטר,יפאורה תבורי,IL,קריסטל מנטה 2 ליטר,קילוגרמים,2.00,ליטר,false,,6.90,3.4500,true,1,75065
7290019056836,false,קריסטל תות מוגז 2 לי,יפאורה תבורי,IL,קריסטל תות מוגז 2 לי,קילוגרמים,2.00,ליטר,false,,6.90,3.4500,true,1,75066
7290019056850,false,ספרינג תה דיאט אפרסק,יפאורה תבורי,IL,ספרינג תה דיאט אפרסק,קילוגרמים,1.50,ליטר,false,,7.20,4.8000,true,1,75014
7290019056959,false,מים מי עדן 1.5 ליטר,יפאורה תבורי,IL,מים מי עדן 1.5 ליטר,קילוגרמים,1.50,ליטר,false,,1.90,1.2667,true,1,75345
7290019056973,false,מים מי עדן 6*1.5 ליט,מי עדן,IL,מים מי עדן 6*1.5 ליט,קילוגרמים,9.00,ליטר,false,,12.90,1.4333,true,1,75068
7290019094203,false,חסה אייסברג 300 גרם,רביבים,IL,חסה אייסברג 300 גרם,גרמים,300.00,100 גרם,false,,12.90,4.3000,true,1,75199
7290019094210,false,כרוב לבן 400 גרם,רביבים,IL,כרוב לבן 400 גרם,גרמים,400.00,100 גרם,false,,11.90,2.9750,true,1,75196
7290019094227,false,כרוב אדום 400 גרם,רביבים,IL,כרוב אדום 400 גרם,גרמים,400.00,100 גרם,false,,11.90,2.9750,true,1,75197
7290019094234,false,קולסלאו 400 גרם,רביבים,IL,קולסלאו 400 גרם,גרמים,300.00,100 גרם,false,,11.90,3.9667,true,1,75200
7290019094241,false,לקט 350 גרם,רביבים,IL,לקט 350 גרם,גרמים,350.00,100 גרם,false,,12.90,3.6857,true,1,75201
7290019094258,false,סלט המושבה 400 גרם,רביבים,IL,סלט המושבה 400 גרם,גרמים,400.00,100 גרם,false,,12.90,3.2250,true,1,75202
7290019094272,false,"כרוב לבן 1 ק""ג",רביבים,IL,"כרוב לבן 1 ק""ג",פריט,1.00,"ק""ג",false,,14.90,14.9000,true,1,75207
7290019094289,false,"כרוב אדום 1 ק""ג",רביבים,IL,"כרוב אדום 1 ק""ג",פריט,1.00,"ק""ג",false,,14.90,14.9000,true,1,75203
7290019094296,false,"קולסלאו 1 ק""ג",רביבים,IL,"קולסלאו 1 ק""ג",פריט,1.00,"ק""ג",false,,14.90,14.9000,true,1,75204
7290019094302,false,עלי חסה שטופים,רביבים,IL,עלי חסה שטופים,Unknown,0.00,יחידה,false,,13.90,0.0000,true,1,75208
7290019145035,false,משקה קיקאופ בטעם ליי,פיירוואטר,IL,משקה קיקאופ בטעם ליי,מיליליטרים,330.00,"100 מ""ל",false,,2.90,0.8788,true,1,79329
7290019145233,false,משקה קיקאופ בטעם אבט,פיירוואטר,IL,משקה קיקאופ בטעם אבט,מיליליטרים,330.00,"100 מ""ל",false,,2.90,0.8788,true,1,79330
7290019145431,false,משקה קיקאופ בטעם אננ,פיירוואטר,IL,משקה קיקאופ בטעם אננ,מיליליטרים,330.00,"100 מ""ל",false,,2.90,0.8788,true,1,79331
7290019145462,false,"ארק סאלי אננס 750 מ""",,IL,"ארק סאלי אננס 750 מ""",מיליליטרים,750.00,"100 מ""ל",false,,29.90,3.9867,true,1,76038
7290019145639,false,משקה קיקאופ בטעם לימ,פיירוואטר,IL,משקה קיקאופ בטעם לימ,מיליליטרים,330.00,"100 מ""ל",false,,2.90,0.8788,true,1,79332
7290019153078,false,שוופס ביטר למון לייט,יפאורה תבורי,IL,שוופס ביטר למון לייט,קילוגרמים,1.50,ליטר,false,,11.90,7.9333,true,1,76530
7290019153085,false,שוופס מוחיטו מוגז לל,יפאורה תבורי,IL,שוופס מוחיטו מוגז לל,קילוגרמים,1.50,ליטר,false,,8.20,5.4667,true,1,76531
7290019153252,false,מארז שוופס סודה תפוח,יפאורה תבורי,IL,מארז שוופס סודה תפוח,קילוגרמים,6.00,ליטר,false,,8.90,1.4833,true,1,77828
7290019153269,false,מארז שוופס סודה אננס,יפאורה תבורי,IL,מארז שוופס סודה אננס,קילוגרמים,6.00,ליטר,false,,8.90,1.4833,true,1,77829
7290019153351,false,תפוזינה פינק אוזו 1.,יפאורה תבורי,IL,תפוזינה פינק אוזו 1.,קילוגרמים,1.50,ליטר,false,,6.90,4.6000,true,1,78103
7290019153375,false,תפוזינה מוחיטו 1.5 ל,יפאורה תבורי,IL,תפוזינה מוחיטו 1.5 ל,קילוגרמים,1.50,ליטר,false,,6.90,4.6000,true,1,78104
7290019153535,false,מארז שוופס מוגז פירו,יפאורה תבורי,IL,מארז שוופס מוגז פירו,קילוגרמים,1.32,ליטר,false,,10.90,8.2576,true,1,78817
7290019232148,false,חליטת חמדת השקד הגן,ויסוצקי,IL,חליטת חמדת השקד הגן,Unknown,0.00,יחידה,false,,21.90,0.0000,true,1,76901
7290019232155,false,חליטת קמומיל ולבנדר,ויסוצקי,IL,חליטת קמומיל ולבנדר,Unknown,0.00,יחידה,false,,24.50,0.0000,true,1,80022
7290019232162,false,חליטת קמומיל ומליסה,ויסוצקי,IL,חליטת קמומיל ומליסה,Unknown,0.00,יחידה,false,,24.50,0.0000,true,1,80020
7290019232179,false,תה ירוק נענע עם ויטמ,ויסוצקי,IL,תה ירוק נענע עם ויטמ,Unknown,0.00,יחידה,false,,24.50,0.0000,true,1,80017
7290019232186,false,תה ירוק לימונית לואי,ויסוצקי,IL,תה ירוק לימונית לואי,Unknown,0.00,יחידה,false,,24.50,0.0000,true,1,80018
7290019232193,false,תה ירוק לימונית ג'ינ,ויסוצקי,IL,תה ירוק לימונית ג'ינ,Unknown,0.00,יחידה,false,,24.50,0.0000,true,1,80019
7290019232353,false,תה ירוק סיני קלאסי ו,ויסוצקי,IL,תה ירוק סיני קלאסי ו,גרמים,75.00,100 גרם,false,,36.90,49.2000,true,1,79531
7290019297192,false,חטיפי גרנולה עם שקדי,,MK,חטיפי גרנולה עם שקדי,גרמים,175.00,100 גרם,false,,7.90,4.5143,true,1,37136
7290019297208,false,חטיפי גרנולה עם פירו,,MK,חטיפי גרנולה עם פירו,גרמים,175.00,100 גרם,false,,7.90,4.5143,true,1,37137
7290019297383,false,מעדן משמש שקדיה 284,,CN,מעדן משמש שקדיה 284,גרמים,284.00,100 גרם,false,,9.90,3.4859,true,1,39065
7290019297420,false,מעדן תות שקדיה 284 ג,,CN,מעדן תות שקדיה 284 ג,גרמים,284.00,100 גרם,false,,9.90,3.4859,true,1,39068
7290019297437,false,מעדן אוכמניות שקדיה,,CN,מעדן אוכמניות שקדיה,גרמים,284.00,100 גרם,false,,9.90,3.4859,true,1,39069
7290019297451,false,"מי ורדים 500 מ""ל",,BE,"מי ורדים 500 מ""ל",מיליליטרים,500.00,"100 מ""ל",false,,13.90,2.7800,true,1,37236
7290019297512,false,רוטב רימונים שקדיה 3,,TR,רוטב רימונים שקדיה 3,מיליליטרים,340.00,"100 מ""ל",false,,9.90,2.9118,true,1,37138
7290019297796,false,עלי גפן ממולאים באור,,,עלי גפן ממולאים באור,גרמים,400.00,100 גרם,false,,8.90,2.2250,true,1,51109
7290019302315,false,יין באז אבטיח מלון מ,יקבי כרמל,IL,יין באז אבטיח מלון מ,מיליליטרים,750.00,"100 מ""ל",false,,23.90,3.1867,true,1,78082
7290019302438,false,יין כרמל חבית 148 קב,יקבי כרמל,IL,יין כרמל חבית 148 קב,מיליליטרים,750.00,"100 מ""ל",false,,139.90,18.6533,true,1,79253
7290019302551,false,מיץ ענבים תירוש אדום,יקבי כרמל,IL,מיץ ענבים תירוש אדום,קילוגרמים,1.00,ליטר,false,,11.90,11.9000,true,1,79138
7290019308126,false,פולי סויה אדממה פרוס,ווליאן פוליד פודס,CN,פולי סויה אדממה פרוס,גרמים,400.00,100 גרם,false,,4.90,1.2250,true,1,79514
7290019308157,false,קוביות מנגו קפוא פרו,גרין האוס,EG,קוביות מנגו קפוא פרו,גרמים,300.00,100 גרם,false,,4.90,1.6333,true,1,80038
7290019308188,false,ציפס קלאסי בסט צ'יפס,גרין האוס,EG,ציפס קלאסי בסט צ'יפס,פריט,1.50,"ק""ג",false,,18.90,12.6000,true,1,79647
7290055090849,false,מרשמלו כרמית 500 גרם,כרמית,IL,מרשמלו כרמית 500 גרם,גרמים,500.00,100 גרם,false,,13.90,2.7800,true,1,31061
7290100653586,false,דאו גל ליידי ספיד סט,קולגייט פלמוליב,BY,דאו גל ליידי ספיד סט,גרמים,65.00,100 גרם,false,,14.90,22.9231,true,1,30704
7290100680650,false,מנה חמה נודלס תאילנד,טאי רזידנט,CN,מנה חמה נודלס תאילנד,גרמים,76.00,100 גרם,false,,4.90,6.4474,true,1,17297
7290100680667,false,מנה חמה נודלס סצואן,טאי רזידנט,CN,מנה חמה נודלס סצואן,גרמים,77.00,100 גרם,false,,4.90,6.3636,true,1,17298
7290100680711,false,פירורית זהב אסם 350,עינת,IL,פירורית זהב אסם 350,גרמים,350.00,100 גרם,false,,7.90,2.2571,true,1,105
7290100680728,false,פירורית לבנה אסם 350,אסם,IL,פירורית לבנה אסם 350,גרמים,350.00,100 גרם,false,,6.90,1.9714,true,1,3664
7290100681015,false,פודינג אינסטנט ריבת,אסם,IL,פודינג אינסטנט ריבת,גרמים,84.00,100 גרם,false,,4.90,5.8333,true,1,25644
7290100681138,false,מארז אפרופו 3*50 גרם,אסם,IL,מארז אפרופו 3*50 גרם,גרמים,150.00,100 גרם,false,,9.90,6.6000,true,1,12743
7290100685136,false,מרק בטעם עוף אסם 1 ק,אסם,IL,מרק בטעם עוף אסם 1 ק,פריט,1.00,"ק""ג",false,,8.90,8.9000,true,1,106
7290100685334,false,מרק עוף אמיתי ר.טבעי,אסם,IL,מרק עוף אמיתי ר.טבעי,גרמים,400.00,100 גרם,false,,19.90,4.9750,true,1,41585
7290100685341,false,מרק בטעם עוף זך ר. ט,אסם,IL,מרק בטעם עוף זך ר. ט,גרמים,400.00,100 גרם,false,,14.90,3.7250,true,1,96
7290100687109,false,במבה נוגט 60 גרם,אסם,IL,במבה נוגט 60 גרם,גרמים,60.00,100 גרם,false,,4.50,7.5000,true,1,3692
7290100688618,false,גביעי גלידה בטעם שוק,גילרו,IL,גביעי גלידה בטעם שוק,גרמים,160.00,100 גרם,false,,14.90,9.3125,true,1,25154
7290100700396,false,"אורז יסמין סוגת 1 ק""",,,"אורז יסמין סוגת 1 ק""",פריט,1.00,"ק""ג",false,,10.90,10.9000,true,1,19756
7290100702741,false,סוכר חום בהיר סוגת 1,סוגת,IL,סוכר חום בהיר סוגת 1,פריט,1.00,"ק""ג",false,,9.90,9.9000,true,1,34802
7290100850909,false,דוריטוס נאצו מקסיקני,שטראוס,IL,דוריטוס נאצו מקסיקני,גרמים,70.00,100 גרם,false,,3.20,4.5714,true,1,12045
7290100850916,false,דוריטוס חמוץ חריף 70,שטראוס,IL,דוריטוס חמוץ חריף 70,גרמים,70.00,100 גרם,false,,3.20,4.5714,true,1,13520
7290100850923,false,דוריטוס גריל 70 גרם,שטראוס,IL,דוריטוס גריל 70 גרם,גרמים,70.00,100 גרם,false,,3.20,4.5714,true,1,14009
7290100850930,false,דוריטוס טבעי 70 גרם,שטראוס,IL,דוריטוס טבעי 70 גרם,גרמים,70.00,100 גרם,false,,3.20,4.5714,true,1,12046
7290100858608,false,קקאו עלית 500 גרם,שטראוס,IL,קקאו עלית 500 גרם,גרמים,500.00,100 גרם,false,,23.90,4.7800,true,1,3713
7290100921401,false,שמפו הוואי קרטין 700,הנקל סוד,IL,שמפו הוואי קרטין 700,מיליליטרים,700.00,"100 מ""ל",false,,8.90,1.2714,true,1,35033
7290100921418,false,מרכך הוואי קרטין 700,הנקל סוד,IL,מרכך הוואי קרטין 700,מיליליטרים,700.00,"100 מ""ל",false,,8.90,1.2714,true,1,35035
7290100922569,false,קרם ידיים ולווטה 3*1,טרופיקל דגיל,IL,קרם ידיים ולווטה 3*1,מיליליטרים,300.00,"100 מ""ל",false,,9.90,3.3000,true,1,37028
7290100925676,false,קולור קאצר 20 דפים ל,הנקל סוד,IE,קולור קאצר 20 דפים ל,Unknown,0.00,יחידה,false,,17.90,0.0000,true,1,50303
7290101110811,false,מאגדת גלידל  שלגון ב,הגלידות של פלדמן,IL,מאגדת גלידל  שלגון ב,גרמים,400.00,100 גרם,false,,28.90,7.2250,true,1,79916
7290101112228,false,מאגדת גלידל פרי אננס,הגלידות של פלדמן,IL,מאגדת גלידל פרי אננס,גרמים,640.00,100 גרם,false,,20.90,3.2656,true,1,67381
7290101112921,false,מאגדת גלידל פרי פירו,הגלידות של פלדמן,IL,מאגדת גלידל פרי פירו,גרמים,640.00,100 גרם,false,,20.90,3.2656,true,1,67383
7290101113157,false,מאגדת גלידל וניל עוג,הגלידות של פלדמן,IL,מאגדת גלידל וניל עוג,גרמים,312.00,100 גרם,false,,22.90,7.3397,true,1,67378
7290101113393,false,מאגדת יופלה יוגורט פ,הגלידות של פלדמן,IL,מאגדת יופלה יוגורט פ,גרמים,350.00,100 גרם,false,,14.90,4.2571,true,1,67374
7290101113430,false,מאגדת גלידל ריפל שוק,הגלידות של פלדמן,IL,מאגדת גלידל ריפל שוק,גרמים,312.00,100 גרם,false,,20.90,6.6987,true,1,72933
7290101113447,false,מאגדת גלידל מיני סנד,הגלידות של פלדמן,IL,מאגדת גלידל מיני סנד,גרמים,270.00,100 גרם,false,,28.90,10.7037,true,1,79917
7290101113454,false,מאגדת גלידל  שלגון י,הגלידות של פלדמן,IL,מאגדת גלידל  שלגון י,גרמים,480.00,100 גרם,false,,28.90,6.0208,true,1,79921
7290101113584,false,טילוני יולו לבן עם ל,הגלידות של פלדמן,IL,טילוני יולו לבן עם ל,גרמים,400.00,100 גרם,false,,19.90,4.9750,true,1,72936
7290101113591,false,טילוני יולו לבן עם ע,הגלידות של פלדמן,IL,טילוני יולו לבן עם ע,גרמים,400.00,100 גרם,false,,19.90,4.9750,true,1,72937
7290101113751,false,מאגדת שלגוני יולו בל,הגלידות של פלדמן,IL,מאגדת שלגוני יולו בל,גרמים,200.00,100 גרם,false,,18.90,9.4500,true,1,79908
7290101113768,false,מאגדת שלגוני יולו שו,הגלידות של פלדמן,IL,מאגדת שלגוני יולו שו,גרמים,200.00,100 גרם,false,,18.90,9.4500,true,1,79922
7290101113805,false,מאגדת יופלה שרבט תות,הגלידות של פלדמן,IL,מאגדת יופלה שרבט תות,גרמים,350.00,100 גרם,false,,19.90,5.6857,true,1,79912
7290101113904,false,מנבו בטעם וניל 12 יח,הגלידות של פלדמן,IL,מנבו בטעם וניל 12 יח,גרמים,288.00,100 גרם,false,,19.90,6.9097,true,1,79890
7290101113911,false,מנבו בטעם מוקה 12 יח,הגלידות של פלדמן,IL,מנבו בטעם מוקה 12 יח,גרמים,288.00,100 גרם,false,,19.90,6.9097,true,1,79891
7290101488286,false,דאו ספריי ליידי ספיד,קולגייט פלמוליב,,דאו ספריי ליידי ספיד,מיליליטרים,150.00,"100 מ""ל",false,,13.90,9.2667,true,1,23249
7290101488323,false,דאו ליידי ספיד סטיק,קולגייט פלמוליב,BY,דאו ליידי ספיד סטיק,Unknown,0.00,יחידה,false,,14.90,0.0000,true,1,23254
7290101551027,false,קפסולות עלית 14 חזק,שטראוס קפה בי.וי,IL,קפסולות עלית 14 חזק,Unknown,0.00,יחידה,false,,15.50,0.0000,true,1,59508
7290101551263,false,סילאן טבעי יד מרדכי,שטראוס,IL,סילאן טבעי יד מרדכי,גרמים,700.00,100 גרם,false,,19.90,2.8429,true,1,63087
7290101551539,false,דנונה פרו אפרסק 0% 2,שטראוס,IL,דנונה פרו אפרסק 0% 2,גרמים,200.00,100 גרם,false,,4.90,2.4500,true,1,58397
7290101551577,false,שיבולת שועל קוואקר 2,קואקר אוטס,GB,שיבולת שועל קוואקר 2,פריט,1.00,"ק""ג",false,,19.90,19.9000,true,1,58094
7290101551584,false,מארז תפוציפס קידס 10,שטראוס,IL,מארז תפוציפס קידס 10,גרמים,200.00,100 גרם,false,,12.90,6.4500,true,1,58618
7290101554233,false,מארז ציטוס כאפה 16*2,שטראוס,IL,מארז ציטוס כאפה 16*2,גרמים,320.00,100 גרם,false,,17.90,5.5937,true,1,58060
7290101863410,false,תרסיס סיליט באנג עם,רקיט בנקיזר,PL,תרסיס סיליט באנג עם,מיליליטרים,750.00,"100 מ""ל",false,,9.90,1.3200,true,1,45097
7290101865216,false,"אבקת קולון 9 ק""ג",זוהר דליה,IL,"אבקת קולון 9 ק""ג",פריט,9.00,"ק""ג",false,,59.90,6.6556,true,1,21050
7290101865261,false,נוזל הברקה פיניש 800,רקיט בנקיזר,PL,נוזל הברקה פיניש 800,מיליליטרים,800.00,"100 מ""ל",false,,19.90,2.4875,true,1,22026
7290101866633,false,גל וניש קליה 3 ליטר,סאסאטק,IL,גל וניש קליה 3 ליטר,קילוגרמים,3.00,ליטר,false,,28.90,9.6333,true,1,23239
7290101866787,false,גל וניש קליה כביסה ל,רקיט בנקיזר,PL,גל וניש קליה כביסה ל,קילוגרמים,3.00,ליטר,false,,28.90,9.6333,true,1,34005
7290101867388,true,אבקת קולון 10 קג,זוהר דליה,,"אבקת כביסה קולון 10 ק""ג",קילוגרמים,10.00,ליטר,false,1,59.90,5.9900,true,1,25791
7290101867623,false,תרסיס וינדולין חלונו,,,תרסיס וינדולין חלונו,קילוגרמים,2.25,ליטר,false,,24.90,11.0667,true,1,26632
7290101868958,false,נוזל הברקה פיניש לימ,רקיט בנקיזר,PL,נוזל הברקה פיניש לימ,מיליליטרים,800.00,"100 מ""ל",false,,19.90,2.4875,true,1,42153
7290101869726,false,גל למדיח פיניש 1 ליט,רקיט בנקיזר,PL,גל למדיח פיניש 1 ליט,קילוגרמים,1.00,ליטר,false,,39.90,39.9000,true,1,42949
7290101869733,false,גל למדיח פיניש לימון,רקיט בנקיזר,PL,גל למדיח פיניש לימון,קילוגרמים,1.00,ליטר,false,,39.90,39.9000,true,1,42950
7290101869757,false,מבשם אוטומטי אירוויק,רקיט בנקיזר,PL,מבשם אוטומטי אירוויק,Unknown,0.00,יחידה,false,,43.90,0.0000,true,1,48079
7290101869764,false,מבשם אוטומטי אירוויק,רקיט בנקיזר,PL,מבשם אוטומטי אירוויק,Unknown,0.00,יחידה,false,,43.90,0.0000,true,1,48078
7290101869801,false,מטהר חשמלי אירוויק +,רקיט בנקיזר,GB,מטהר חשמלי אירוויק +,Unknown,0.00,יחידה,false,,19.90,0.0000,true,1,66669
7290101869818,false,מטהר חשמלי אירוויק +,רקיט בנקיזר,GB,מטהר חשמלי אירוויק +,Unknown,0.00,יחידה,false,,19.90,0.0000,true,1,66670
7290101869825,false,מילוי מבשם חשמלי איר,רקיט בנקיזר,PL,מילוי מבשם חשמלי איר,Unknown,0.00,יחידה,false,,15.90,0.0000,true,1,66663
7290101869832,false,מילוי מבשם חשמלי איר,רקיט בנקיזר,PL,מילוי מבשם חשמלי איר,Unknown,0.00,יחידה,false,,15.90,0.0000,true,1,66664
7290102030330,false,תפוציפס קראנצ מקסיקנ,שטראוס,IL,תפוציפס קראנצ מקסיקנ,גרמים,200.00,100 גרם,false,,9.90,4.9500,true,1,3717
7290102031276,false,אקטימל תות בננה דנונ,שטראוס,IL,אקטימל תות בננה דנונ,מיליליטרים,800.00,"100 מ""ל",false,,19.90,2.4875,true,1,6008
7290102032334,false,קפה נמס וניל 200 גרם,עלית,IL,קפה נמס וניל 200 גרם,גרמים,200.00,100 גרם,false,,19.90,9.9500,true,1,3725
7290102060764,false,מברשת מרידול 2 יח,קולגייט פלמוליב,,מברשת מרידול 2 יח,Unknown,0.00,יחידה,false,,24.90,0.0000,true,1,59932
7290102060979,false,"משחת אלמקס 100 מ""ל",קולגייט פלמוליב,,"משחת אלמקס 100 מ""ל",מיליליטרים,100.00,"100 מ""ל",false,,17.90,17.9000,true,1,12829
7290102062195,false,משחת אלמקס גוניור 75,קולגייט פלמוליב,,משחת אלמקס גוניור 75,גרמים,75.00,100 גרם,false,,9.90,13.2000,true,1,32223
7290102390427,false,מולר פרופ תות 150 גר,טרה,IL,מולר פרופ תות 150 גר,מיליליטרים,150.00,"100 מ""ל",false,,4.80,3.2000,true,1,3738
7290102390465,false,מולר פרופ אפרסק ופסי,טרה,IL,מולר פרופ אפרסק ופסי,מיליליטרים,150.00,"100 מ""ל",false,,4.80,3.2000,true,1,3740
7290102390489,false,מולר פרופ לימון 150,טרה,IL,מולר פרופ לימון 150,מיליליטרים,150.00,"100 מ""ל",false,,4.80,3.2000,true,1,3741
7290102391844,false,מולר פרופ פירות יער,טרה,IL,מולר פרופ פירות יער,מיליליטרים,150.00,"100 מ""ל",false,,4.80,3.2000,true,1,6687
7290102392049,false,גבינת תבור 5% צוריאל,מחלבת משק צוריאל,IL,גבינת תבור 5% צוריאל,גרמים,500.00,100 גרם,false,,22.90,4.5800,true,1,11880
7290102392094,false,חלב עיזים צוריאל 1 ל,מחלבת משק צוריאל,IL,חלב עיזים צוריאל 1 ל,גרמים,250.00,100 גרם,false,,14.90,5.9600,true,1,7563
7290102392254,false,חלב 1% טרה 2 ליטר,טרה,IL,חלב 1% טרה 2 ליטר,קילוגרמים,2.00,ליטר,false,,11.60,5.8000,true,1,13402
7290102393039,false,מולר מיקס פצפוצי שוק,טרה,IL,מולר מיקס פצפוצי שוק,מיליליטרים,150.00,"100 מ""ל",false,,5.60,3.7333,true,1,14756
7290102393060,false,מולר מיקס גלילות 170,טרה,IL,מולר מיקס גלילות 170,מיליליטרים,150.00,"100 מ""ל",false,,5.60,3.7333,true,1,14752
7290102393169,false,מולר סימפלי תות 150,טרה,IL,מולר סימפלי תות 150,גרמים,150.00,100 גרם,false,,4.80,3.2000,true,1,17843
7290102393176,false,מולר סימפלי אפרסק 15,טרה,IL,מולר סימפלי אפרסק 15,גרמים,150.00,100 גרם,false,,4.80,3.2000,true,1,17844
7290102393190,false,מולר סימפלי פירות יע,טרה,IL,מולר סימפלי פירות יע,גרמים,150.00,100 גרם,false,,4.80,3.2000,true,1,17845
7290102393268,false,גבינה 5% טרה 750 גרם,טרה,IL,גבינה 5% טרה 750 גרם,גרמים,750.00,100 גרם,false,,11.90,1.5867,true,1,15091
7290102393947,false,מולר סימפלי קיווי 15,טרה,IL,מולר סימפלי קיווי 15,גרמים,150.00,100 גרם,false,,4.80,3.2000,true,1,20964
7290102394081,false,מולר מיקס קורנפלקס מ,טרה,IL,מולר מיקס קורנפלקס מ,גרמים,170.00,100 גרם,false,,5.60,3.2941,true,1,20968
7290102394258,false,גבינה מה עז 9% צוריא,מחלבת משק צוריאל,IL,גבינה מה עז 9% צוריא,גרמים,180.00,100 גרם,false,,20.90,11.6111,true,1,22294
7290102394463,false,גבינה נעם 28% 500 גר,טרה,IL,גבינה נעם 28% 500 גר,גרמים,500.00,100 גרם,false,,23.90,4.7800,true,1,30794
7290102394821,false,פרוסות גבינה נעם קלא,טרה,IL,פרוסות גבינה נעם קלא,גרמים,200.00,100 גרם,false,,15.20,7.6000,true,1,25820
7290102394845,false,פרוסות גבינה נעם 9%,טרה,IL,פרוסות גבינה נעם 9%,גרמים,200.00,100 גרם,false,,16.90,8.4500,true,1,25726
7290102395217,false,מארז מולר ביאנקו במת,טרה,IL,מארז מולר ביאנקו במת,קילוגרמים,1.20,ליטר,false,,17.90,14.9167,true,1,28571
7290102395224,false,מארז מולר נטורל 1.7%,טרה,IL,מארז מולר נטורל 1.7%,קילוגרמים,1.20,ליטר,false,,16.30,13.5833,true,1,28152
7290102395231,false,מארז מולר נטורל 2.8%,טרה,IL,מארז מולר נטורל 2.8%,קילוגרמים,1.20,ליטר,false,,16.30,13.5833,true,1,28153
7290102395262,false,מארז מולר סימפלי תות,טרה,IL,מארז מולר סימפלי תות,קילוגרמים,1.20,ליטר,false,,28.90,24.0833,true,1,29132
7290102395347,false,משקה יוגורט 6% טרה 3,טרה,IL,משקה יוגורט 6% טרה 3,קילוגרמים,3.00,ליטר,false,,27.90,9.3000,true,1,51578
7290102395439,false,מארז מולר סימפלי פיר,טרה,,מארז מולר סימפלי פיר,קילוגרמים,1.20,ליטר,false,,28.90,24.0833,true,1,29131
7290102395446,false,מעדן מוו וניל עם קצפ,טרה,IL,מעדן מוו וניל עם קצפ,גרמים,123.00,100 גרם,false,,2.90,2.3577,true,1,28708
7290102395477,false,מעדן מוו שוקולד עם ק,טרה,IL,מעדן מוו שוקולד עם ק,גרמים,123.00,100 גרם,false,,2.90,2.3577,true,1,28706
7290102395521,false,שמנת לבישול 15% טרה,טרה,IL,שמנת לבישול 15% טרה,מיליליטרים,500.00,"100 מ""ל",false,,15.90,3.1800,true,1,34801
7290102396399,false,מארז מעדן מוו שוקולד,טרה,IL,מארז מעדן מוו שוקולד,גרמים,800.00,100 גרם,false,,12.90,1.6125,true,1,35911
7290102396405,false,מארז מעדן מוו וניל 8,טרה,IL,מארז מעדן מוו וניל 8,גרמים,800.00,100 גרם,false,,12.90,1.6125,true,1,35912
7290102396580,false,מעדן מוו מוס שוקו 11,טרה,IL,מעדן מוו מוס שוקו 11,גרמים,123.00,100 גרם,false,,2.90,2.3577,true,1,35909
7290102396597,false,מעדן מוו מוס שוקו ונ,טרה,IL,מעדן מוו מוס שוקו ונ,גרמים,123.00,100 גרם,false,,2.90,2.3577,true,1,35910
7290102396665,false,פרוסות גבינה נעם 15%,טרה,IL,פרוסות גבינה נעם 15%,גרמים,200.00,100 גרם,false,,15.20,7.6000,true,1,43845
7290102396740,false,מארז מולר סימפלי תות,טרה,IL,מארז מולר סימפלי תות,קילוגרמים,1.20,ליטר,false,,28.90,24.0833,true,1,37618
7290102397075,false,משקה יוגורט 4% טרה 1,טרה,IL,משקה יוגורט 4% טרה 1,פריט,1.50,"ק""ג",false,,12.90,8.6000,true,1,42361
7290102397204,false,פרוסות גבינה נעם 22%,טרה,IL,פרוסות גבינה נעם 22%,גרמים,200.00,100 גרם,false,,15.20,7.6000,true,1,43844
7290102397310,false,מארז מעדן מוו שוקולד,טרה,IL,מארז מעדן מוו שוקולד,גרמים,560.00,100 גרם,false,,11.90,2.1250,true,1,46381
7290102397334,false,גבינה בולגרית 5% צור,מחלבת משק צוריאל,IL,גבינה בולגרית 5% צור,גרמים,250.00,100 גרם,false,,19.90,7.9600,true,1,45853
7290102397464,false,מולר נטורל עם פיצוחי,מולר,IL,מולר נטורל עם פיצוחי,מיליליטרים,150.00,"100 מ""ל",false,,5.60,3.7333,true,1,51583
7290102397600,false,מולר מיקס שקדים ובוט,מולר,IL,מולר מיקס שקדים ובוט,מיליליטרים,150.00,"100 מ""ל",false,,5.60,3.7333,true,1,47451
7290102397617,false,מולר מיקס קליק כדורי,מולר,IL,מולר מיקס קליק כדורי,מיליליטרים,150.00,"100 מ""ל",false,,5.60,3.7333,true,1,47450
7290102397679,false,קוטג 5% טרה 375 גרם,טרה,IL,קוטג 5% טרה 375 גרם,גרמים,375.00,100 גרם,false,,6.90,1.8400,true,1,50752
7290102397730,false,גבינה נעם אמנטל 30%,טרה,IL,גבינה נעם אמנטל 30%,גרמים,200.00,100 גרם,false,,14.90,7.4500,true,1,52609
7290102397747,false,גבינה נעם מוצרלה פרו,טרה,IL,גבינה נעם מוצרלה פרו,גרמים,200.00,100 גרם,false,,15.90,7.9500,true,1,54995
7290102397891,false,גבינה מותכת צוריאל 1,טרה,IL,גבינה מותכת צוריאל 1,גרמים,100.00,100 גרם,false,,6.90,6.9000,true,1,51580
7290102398065,false,חלב 3% טרה 2 ליטר וס,טרה,IL,חלב 3% טרה 2 ליטר וס,קילוגרמים,2.00,ליטר,false,,11.50,5.7500,true,1,53076
7290102398072,false,חלב 3% טרה 1 ליטר מה,טרה,IL,חלב 3% טרה 1 ליטר מה,קילוגרמים,1.00,ליטר,false,,6.20,6.2000,true,1,68489
7290102398478,false,לאבנה 9% טרה 500 גרם,טרה,IL,לאבנה 9% טרה 500 גרם,גרמים,500.00,100 גרם,false,,16.90,3.3800,true,1,58100
7290102398560,false,משקה שוקו טרה 1 ליטר,טרה,IL,משקה שוקו טרה 1 ליטר,קילוגרמים,1.00,ליטר,false,,10.90,10.9000,true,1,58166
7290102398577,false,שוקו מועשר טרה 250 מ,טרה,IL,שוקו מועשר טרה 250 מ,מיליליטרים,250.00,"100 מ""ל",false,,5.20,2.0800,true,1,77885
7290102398614,false,משקה בננה טרה 1 ליטר,טרה,IL,משקה בננה טרה 1 ליטר,קילוגרמים,1.00,ליטר,false,,10.90,10.9000,true,1,58167
7290102398638,false,משקה מוקה טרה 1 ליטר,טרה,IL,משקה מוקה טרה 1 ליטר,קילוגרמים,1.00,ליטר,false,,10.90,10.9000,true,1,58168
7290102398669,false,משקה אייס קפוצ'ינו ט,טרה,IL,משקה אייס קפוצ'ינו ט,קילוגרמים,1.00,ליטר,false,,10.90,10.9000,true,1,67135
7290102398782,false,משקה סויה צוריאל 1 ל,ואל סויה,IT,משקה סויה צוריאל 1 ל,קילוגרמים,1.00,ליטר,false,,9.90,9.9000,true,1,65287
7290102398799,false,משקה סויה במתיקות מו,ואל סויה,IT,משקה סויה במתיקות מו,קילוגרמים,1.00,ליטר,false,,9.90,9.9000,true,1,65288
7290102398805,false,משקה סויה וניל צוריא,ואל סויה,IT,משקה סויה וניל צוריא,קילוגרמים,1.00,ליטר,false,,9.90,9.9000,true,1,65289
7290102398836,false,משקה שקדים צוריאל 1,ואל סויה,IT,משקה שקדים צוריאל 1,קילוגרמים,1.00,ליטר,false,,11.90,11.9000,true,1,65291
7290102399048,false,גבינה נעם קשקבל 200,טרה,IL,גבינה נעם קשקבל 200,גרמים,200.00,100 גרם,false,,18.90,9.4500,true,1,61311
7290102399635,false,מולר פרופ טרופיקל קו,טרה,IL,מולר פרופ טרופיקל קו,מיליליטרים,150.00,"100 מ""ל",false,,4.80,3.2000,true,1,67911
7290102399796,false,מולר אקטיב לבן 25 גר,מילקו,IL,מולר אקטיב לבן 25 גר,גרמים,200.00,100 גרם,false,,4.90,2.4500,true,1,67300
7290102399802,false,מולר אקטיב תות 20 גר,טרה,IL,מולר אקטיב תות 20 גר,גרמים,200.00,100 גרם,false,,5.50,2.7500,true,1,67303
7290102399819,false,מולר אקטיב פירות יער,טרה,IL,מולר אקטיב פירות יער,גרמים,200.00,100 גרם,false,,5.50,2.7500,true,1,67304
7290102399857,false,מולר אקטיב תות לייט,טרה,IL,מולר אקטיב תות לייט,גרמים,200.00,100 גרם,false,,5.50,2.7500,true,1,67309
7290103120658,false,דאו גל ספיד סטיק קול,קולגייט פלמוליב,BY,דאו גל ספיד סטיק קול,גרמים,85.00,100 גרם,false,,14.90,17.5294,true,1,23256
7290103124588,false,ג'ל רחצה פלמוליב ארו,קולגייט פלמוליב,TR,ג'ל רחצה פלמוליב ארו,מיליליטרים,750.00,"100 מ""ל",false,,12.50,1.6667,true,1,23292
7290103126797,false,משחת קולגייט סנסטיב,קולגייט פלמוליב,,משחת קולגייט סנסטיב,מיליליטרים,75.00,"100 מ""ל",false,,21.90,29.2000,true,1,65580
7290103129378,false,דאו גל ספיד סטיק איק,קולגייט פלמוליב,BY,דאו גל ספיד סטיק איק,Unknown,0.00,יחידה,false,,14.90,0.0000,true,1,57847
7290103129408,false,דאו ליידי ספיד סטיק,קולגייט פלמוליב,BY,דאו ליידי ספיד סטיק,גרמים,65.00,100 גרם,false,,14.90,22.9231,true,1,30679
7290103153779,false,מכסים לתבניות גדולות,אופל אריזות בעמ,IL,מכסים לתבניות גדולות,Unknown,0.00,יחידה,false,,5.90,0.0000,true,1,22481
7290103153786,false,מכסים לתבניות בינוני,אופל אריזות בעמ,IL,מכסים לתבניות בינוני,Unknown,0.00,יחידה,false,,5.90,0.0000,true,1,22482
7290103153793,false,מכסים לתבניות קטנות,אופל אריזות בעמ,IL,מכסים לתבניות קטנות,Unknown,0.00,יחידה,false,,5.90,0.0000,true,1,22483
7290103153823,false,צלחות קטנות נעימות ז,ב פ תעשיות,IL,צלחות קטנות נעימות ז,Unknown,0.00,יחידה,false,,29.90,0.0000,true,1,24275
7290103153830,false,צלחות גדולות נעימות,ב פ תעשיות,IL,צלחות גדולות נעימות,Unknown,0.00,יחידה,false,,49.90,0.0000,true,1,24272
7290103153847,false,צלחות מרק נעימות זהב,ב פ תעשיות,IL,צלחות מרק נעימות זהב,Unknown,0.00,יחידה,false,,32.90,0.0000,true,1,24278
7290103154479,false,צלחות גדולות קשת 105,פאלאס,CN,צלחות גדולות קשת 105,Unknown,0.00,יחידה,false,,37.90,0.0000,true,1,28602
7290103154486,false,צלחות מרק קשת 125 יח,פאלאס,CN,צלחות מרק קשת 125 יח,Unknown,0.00,יחידה,false,,37.90,0.0000,true,1,28603
7290103155087,true,שקיות אשפה עם ידיות,רווח,CN,שקית אשפה 75/90 גופייה בורדו שחור 35 יח,Unknown,0.00,יחידה,false,1,29.90,0.0000,true,1,32480
7290103155582,false,מכסים לתבנית בינוני,אופל אריזות בעמ,IL,מכסים לתבנית בינוני,Unknown,0.00,יחידה,false,,5.90,0.0000,true,1,33132
7290103156138,false,מפת אלבד מדוגם גליל,דיספובד,IL,מפת אלבד מדוגם גליל,Unknown,0.00,יחידה,false,,29.90,0.0000,true,1,33255
7290103156466,false,"כפות ח""פ 100 יח",MAZLUM,TR,"כפות ח""פ 100 יח",Unknown,0.00,יחידה,false,,6.90,0.0000,true,1,36421
7290103156473,false,כפיות חד פעמי 100 יח,MAZLUM,TR,כפיות חד פעמי 100 יח,Unknown,0.00,יחידה,false,,6.90,0.0000,true,1,36422
7290103156480,false,מזלגות חד פעמי 100 י,MAZLUM,TR,מזלגות חד פעמי 100 י,Unknown,0.00,יחידה,false,,6.90,0.0000,true,1,36419
7290103156930,false,כוסות יהלום 40 יח,LARIPLAST,IL,כוסות יהלום 40 יח,Unknown,0.00,יחידה,false,,10.90,0.0000,true,1,38840
7290103157104,false,מפת אלבד צבעוני 4 יח,פאלאס,CN,מפת אלבד צבעוני 4 יח,Unknown,0.00,יחידה,false,,11.90,0.0000,true,1,48670
7290103203405,false,ליקר צאלו שוקולד תפו,ישראליקר,IL,ליקר צאלו שוקולד תפו,מיליליטרים,500.00,"100 מ""ל",false,,29.90,5.9800,true,1,33489
7290103203443,false,ליקר צאלו בננה 500 מ,ישראליקר,IL,ליקר צאלו בננה 500 מ,מיליליטרים,500.00,"100 מ""ל",false,,29.90,5.9800,true,1,33492
7290103203450,false,ליקר צאלו אמרטו 500,ישראליקר,IL,ליקר צאלו אמרטו 500,מיליליטרים,500.00,"100 מ""ל",false,,29.90,5.9800,true,1,33493
7290103401429,false,קפה פלטינום ברזילאי,שטראוס,IL,קפה פלטינום ברזילאי,גרמים,200.00,100 גרם,false,,19.90,9.9500,true,1,7141
7290103702526,false,ממחטות בקופסא טאצ' 1,סאסאטק,IL,ממחטות בקופסא טאצ' 1,Unknown,0.00,יחידה,false,,2.90,0.0000,true,1,79946
7290103702649,false,טישו עדן 5*100 יח,,IL,טישו עדן 5*100 יח,Unknown,500.00,יחידה,false,,7.90,0.0158,true,1,65677
7290103703615,false,נייר טואלט עדן 30 גל,שניב תעשיות נייר,IL,נייר טואלט עדן 30 גל,מטרים,495.00,מטר,false,,16.90,0.0341,true,1,58158
7290103703899,false,מפיות טאצ' חד שכבתי,,IL,מפיות טאצ' חד שכבתי,Unknown,0.00,יחידה,false,,4.90,0.0000,true,1,74286
7290103704216,false,מגבות נייר קשת 16 יח,שניב תעשיות נייר,IL,מגבות נייר קשת 16 יח,Unknown,0.00,יחידה,false,,19.90,0.0000,true,1,70811
7290103704971,false,נייר טואלט כפול סילק,,,נייר טואלט כפול סילק,מטרים,792.00,מטר,false,,34.90,0.0441,true,1,78611
7290103722005,false,נייר טואלט לאבלי לבן,,,נייר טואלט לאבלי לבן,מטרים,573.50,מטר,false,,26.90,0.0469,true,1,15533
7290104061417,false,חומוס עם טחינה אחלה,שטראוס,IL,חומוס עם טחינה אחלה,גרמים,400.00,100 גרם,false,,9.90,2.4750,true,1,137
7290104061424,false,חומוס עם זעתר אחלה 4,שטראוס,IL,חומוס עם זעתר אחלה 4,גרמים,400.00,100 גרם,false,,9.90,2.4750,true,1,136
7290104061431,false,חומוס עם צנוברים אחל,שטראוס,IL,חומוס עם צנוברים אחל,גרמים,400.00,100 גרם,false,,9.90,2.4750,true,1,138
7290104061448,false,חומוס עם חריף אחלה 4,שטראוס,IL,חומוס עם חריף אחלה 4,גרמים,400.00,100 גרם,false,,9.90,2.4750,true,1,139
7290104062599,false,מארז גמדים תות ובננה,שטראוס,IL,מארז גמדים תות ובננה,גרמים,800.00,100 גרם,false,,17.90,2.2375,true,1,343
7290104065187,false,קפה נמס מוקה 200 גרם,שטראוס,IL,קפה נמס מוקה 200 גרם,גרמים,200.00,100 גרם,false,,19.90,9.9500,true,1,15862
7290104065934,false,עלי רוקט 150 גרם,מרינה,IL,עלי רוקט 150 גרם,גרמים,150.00,100 גרם,false,,10.90,7.2667,true,1,52973
7290104066566,true,טחינה אחלה 500 גרם,שטראוס,IL,טחינה  אחלה 500 גרם,גרמים,500.00,100 גרם,false,1,11.90,2.3800,true,1,17015
7290104500572,false,אפרופו איטליאנו 50 ג,אסם,IL,אפרופו איטליאנו 50 ג,גרמים,50.00,100 גרם,false,,4.50,9.0000,true,1,26862
7290104501661,false,פודינג אינסטנט קרם צ,אסם,IL,פודינג אינסטנט קרם צ,גרמים,80.00,100 גרם,false,,4.90,6.1250,true,1,18992
7290104503184,false,עוגת בראוניס שוקולד,אסם,IL,עוגת בראוניס שוקולד,גרמים,380.00,100 גרם,false,,14.90,3.9211,true,1,22533
7290104504228,false,מארז דובונים 5*20 גר,אסם,IL,מארז דובונים 5*20 גר,גרמים,100.00,100 גרם,false,,9.90,9.9000,true,1,21596
7290104508189,false,גביעי גלידה אסם 24 י,אסם,IL,גביעי גלידה אסם 24 י,גרמים,1.00,100 גרם,false,,11.90,1190.0000,true,1,25152
7290104570162,false,תמר כבוש 500 גרם,תמר העמקים בית שאן,,תמר כבוש 500 גרם,גרמים,500.00,100 גרם,false,,6.90,1.3800,true,1,30334
7290104720499,false,מארז דני וניל 8*125,שטראוס,IL,מארז דני וניל 8*125,קילוגרמים,1.00,ליטר,false,,14.90,14.9000,true,1,16239
7290104721755,false,מארז קפה טורקי עלית,חברת המשקם לתעסוקת ק,IL,מארז קפה טורקי עלית,גרמים,435.00,100 גרם,false,,29.90,6.8736,true,1,19754
7290104722530,false,תפוציפס שמנת בצל 200,שטראוס,IL,תפוציפס שמנת בצל 200,גרמים,200.00,100 גרם,false,,9.90,4.9500,true,1,17203
7290104726712,false,מארז מילקי שוקולד 8*,שטראוס,IL,מארז מילקי שוקולד 8*,פריט,1.06,"ק""ג",false,,19.90,18.7736,true,1,21901
7290104728310,false,שמנת להקצפה 38% יטבת,שטראוס,IL,שמנת להקצפה 38% יטבת,מיליליטרים,250.00,"100 מ""ל",false,,6.40,2.5600,true,1,20630
7290104850776,false,מגש אובלי זהב 12 יח,פאלאס,IL,מגש אובלי זהב 12 יח,Unknown,0.00,יחידה,false,,15.90,0.0000,true,1,62936
7290104854736,true,לפתניה דגם קונכיות ל,,,לפתניה דגם קונכיות לבן 16 יח,Unknown,0.00,יחידה,false,1,9.90,0.0000,true,1,43484
7290104855368,false,מיכל 1 ליטר 12 יח,פאלאס,CN,מיכל 1 ליטר 12 יח,Unknown,0.00,יחידה,false,,19.90,0.0000,true,1,44105
7290104855375,false,מיכל 2 ליטר 10 יח,סנטר פלאסט,IL,מיכל 2 ליטר 10 יח,Unknown,0.00,יחידה,false,,19.90,0.0000,true,1,44069
7290104855382,false,מיכל 2.5 ליטר 6 יח,סנטר פלאסט,IL,מיכל 2.5 ליטר 6 יח,Unknown,0.00,יחידה,false,,19.90,0.0000,true,1,44070
7290104855399,false,מיכל 4 ליטר 5 יח,סנטר פלאסט,IL,מיכל 4 ליטר 5 יח,Unknown,0.00,יחידה,false,,19.90,0.0000,true,1,44071
7290104855405,false,מיכל 0.5 ליטר 15 יח,סנטר פלאסט,IL,מיכל 0.5 ליטר 15 יח,Unknown,0.00,יחידה,false,,19.90,0.0000,true,1,44072
7290104856839,false,מארז 6 יח נייר אלומי,פאלאס,CN,מארז 6 יח נייר אלומי,מטרים,30.00,מטר,false,,21.90,0.7300,true,1,45744
7290104856846,false,מארז 4 נייר אלומיניו,פאלאס,CN,מארז 4 נייר אלומיניו,מטרים,30.00,מטר,false,,21.90,0.7300,true,1,46741
7290104856853,false,מארז 3 נייר אלומיניו,פאלאס,CN,מארז 3 נייר אלומיניו,מטרים,22.50,מטר,false,,21.90,0.9733,true,1,46742
7290104856877,false,נייר אלומיניום 16 מי,פאלאס,CN,נייר אלומיניום 16 מי,מטרים,60.90,מטר,false,,23.90,0.3924,true,1,45745
7290104856914,false,מפת אלבד מדוגם 2 יח,פאלאס,CN,מפת אלבד מדוגם 2 יח,Unknown,0.00,יחידה,false,,11.90,0.0000,true,1,48668
7290104857041,false,"כוסות ח""פ 100 יח",פאלאס,CN,"כוסות ח""פ 100 יח",Unknown,0.00,יחידה,false,,4.90,0.0000,true,1,48560
7290104857119,false,צלחות גדולות לפיד 10,פאלאס,TR,צלחות גדולות לפיד 10,Unknown,0.00,יחידה,false,,32.90,0.0000,true,1,65175
7290104858185,false,נרות חימום בפלסטיק 8,פאלאס,CN,נרות חימום בפלסטיק 8,Unknown,0.00,יחידה,false,,23.90,0.0000,true,1,50728
7290104858208,false,נרות חימום בפלסטיק 4,פאלאס,CN,נרות חימום בפלסטיק 4,Unknown,0.00,יחידה,false,,23.90,0.0000,true,1,50727
7290104858567,false,מפת אלבד מוטבע גליל,פאלאס,CN,מפת אלבד מוטבע גליל,Unknown,0.00,יחידה,false,,39.90,0.0000,true,1,51012
7290104858598,false,מפיות לבנות חד שכבתי,פאלאס,CN,מפיות לבנות חד שכבתי,Unknown,0.00,יחידה,false,,4.90,0.0000,true,1,51956
7290104858642,false,שקיות אשפה 75*90 לפי,רווח,CN,שקיות אשפה 75*90 לפי,Unknown,0.00,יחידה,false,,6.90,0.0000,true,1,50013
7290104858727,false,טישו קשת 5*140 יח,פאלאס,CN,טישו קשת 5*140 יח,Unknown,700.00,יחידה,false,,11.90,0.0170,true,1,53268
7290104859267,false,שקיות אוכל קשת 3*15,פאלאס,CN,מארז שקיות אוכל 3*150 יח קשת,Unknown,0.00,יחידה,false,1,9.90,0.0000,true,1,51840
7290104859410,false,צלחות גדולות לפיד 1,פאלאס,CN,צלחות גדולות לפיד 1,Unknown,0.00,יחידה,false,,29.90,0.0000,true,1,53417
7290104859779,false,כוסות איכותיות 40 יח,פאלאס,CN,כוסות איכותיות 40 יח,Unknown,0.00,יחידה,false,,10.90,0.0000,true,1,55996
7290104859977,false,מארז 2 יח מגשי קריסט,פאלאס,CN,מארז 2 יח מגשי קריסט,Unknown,0.00,יחידה,false,,19.90,0.0000,true,1,55727
7290104859984,false,קערה ענקית בלו שיין,פאלאס,CN,קערה ענקית בלו שיין,Unknown,0.00,יחידה,false,,19.90,0.0000,true,1,55722
7290104859991,false,קערה גדולה בלו שיין,פאלאס,CN,קערה גדולה בלו שיין,Unknown,0.00,יחידה,false,,19.90,0.0000,true,1,55723
7290104960970,false,דאו ספריי טיטניום מט,אמיליה קוסמטיקס,IL,דאו ספריי טיטניום מט,מיליליטרים,180.00,"100 מ""ל",false,,14.90,8.2778,true,1,23952
7290104962073,false,דאו ספריי טיטניום גו,אמיליה קוסמטיקס,IL,דאו ספריי טיטניום גו,מיליליטרים,150.00,"100 מ""ל",false,,14.90,9.9333,true,1,32883
7290104964756,false,מי פה תיאדנט ענבים ל,סנו,IL,מי פה תיאדנט ענבים ל,מיליליטרים,150.00,"100 מ""ל",false,,14.70,9.8000,true,1,60280
7290104965647,false,דאו רול און קרליין נ,אמיליה קוסמטיקס,IL,דאו רול און קרליין נ,Unknown,0.00,יחידה,false,,11.70,0.0000,true,1,72218
7290105180186,false,בקבוק תינוק מעוצב אר,אריסטוקרט,,בקבוק תינוק מעוצב אר,Unknown,0.00,יחידה,false,,14.90,0.0000,true,1,19797
7290105180193,false,בקבוק צר לתינוק אריס,אריסטוקרט,,בקבוק צר לתינוק אריס,Unknown,0.00,יחידה,false,,6.90,0.0000,true,1,20531
7290105180209,false,בקבוק צר לתינוק אריס,אריסטוקרט,IL,בקבוק צר לתינוק אריס,Unknown,0.00,יחידה,false,,16.90,0.0000,true,1,19796
7290105180216,false,פלסטר שקוף אריסטוקרט,אריסטוקרט,CN,פלסטר שקוף אריסטוקרט,Unknown,0.00,יחידה,false,,4.90,0.0000,true,1,24578
7290105180247,false,פלסטר מיקס אריסטוקרט,אריסטוקרט,CN,פלסטר מיקס אריסטוקרט,Unknown,0.00,יחידה,false,,4.90,0.0000,true,1,24576
7290105180261,false,משחת נעליים אריסטוקר,אריסטוקרט,TR,משחת נעליים אריסטוקר,גרמים,200.00,100 גרם,false,,9.90,4.9500,true,1,22023
7290105180353,false,סכיני גילוח אריסטוקר,אריסטוקרט,CN,סכיני גילוח אריסטוקר,Unknown,0.00,יחידה,false,,8.90,0.0000,true,1,26137
7290105180377,false,מוצץ סיליקון בינוני,אריסטוקרט,,מוצץ סיליקון בינוני,Unknown,0.00,יחידה,false,,15.90,0.0000,true,1,29556
7290105180384,false,מוצץ סיליקון גדול לת,אריסטוקרט,,מוצץ סיליקון גדול לת,Unknown,0.00,יחידה,false,,15.90,0.0000,true,1,29557
7290105180391,false,בקבוק צר מעוצב לתינו,אריסטוקרט,,בקבוק צר מעוצב לתינו,Unknown,0.00,יחידה,false,,18.90,0.0000,true,1,29554
7290105180490,false,"טלק אריסטוקרט 200 מ""",אריסטוקרט,IL,"טלק אריסטוקרט 200 מ""",מיליליטרים,200.00,"100 מ""ל",false,,9.90,4.9500,true,1,72546
7290105181343,false,בקבוק צר אריסטוקרט 6,אריסטוקרט,TH,בקבוק צר אריסטוקרט 6,Unknown,0.00,יחידה,false,,24.90,0.0000,true,1,46197
7290105181367,false,מחזיקונים לעגלת תינו,אריסטוקרט,CN,מחזיקונים לעגלת תינו,Unknown,0.00,יחידה,false,,24.90,0.0000,true,1,58970
7290105181725,false,צלחת האכלה + כפית רג,אריסטוקרט,CN,צלחת האכלה + כפית רג,Unknown,0.00,יחידה,false,,24.90,0.0000,true,1,58971
7290105181732,false,מוצצים סדרת מלכות אר,אריסטוקרט,IL,מוצצים סדרת מלכות אר,Unknown,0.00,יחידה,false,,19.90,0.0000,true,1,58973
7290105181855,false,ג'ל פטרוליאום טהור א,הרבל קוסמטיקס,IL,ג'ל פטרוליאום טהור א,מיליליטרים,100.00,"100 מ""ל",false,,7.90,7.9000,true,1,78958
7290105181954,false,מלבין טליתות ובגדי צ,BASF,DE,מלבין טליתות ובגדי צ,מיליליטרים,500.00,"100 מ""ל",false,,11.50,2.3000,true,1,63076
7290105182036,false,מברשת שיניים סיליקון,אריסטוקרט,CN,מברשת שיניים סיליקון,Unknown,0.00,יחידה,false,,11.90,0.0000,true,1,70721
7290105182067,false,"אלכוהול 70% 250 מ""ל",אריסטוקרט,IL,"אלכוהול 70% 250 מ""ל",מיליליטרים,250.00,"100 מ""ל",false,,11.90,4.7600,true,1,72041
7290105182111,false,קיסמי שיניים דנטלים,אריסטוקרט,CN,קיסמי שיניים דנטלים,Unknown,0.00,יחידה,false,,14.90,0.0000,true,1,71480
7290105182128,false,מקלוני חוט דנטלי 200,אריסטוקרט,CN,מקלוני חוט דנטלי 200,Unknown,0.00,יחידה,false,,14.90,0.0000,true,1,71481
7290105182258,false,שפתון פטסטיק לריכוך,הרבל קוסמטיקס,IL,שפתון פטסטיק לריכוך,Unknown,0.00,יחידה,false,,14.90,0.0000,true,1,76602
7290105360250,false,קפסולות עלית מס 9 למ,שטראוס קפה בי.וי,IL,קפסולות עלית מס 9 למ,Unknown,0.00,יחידה,false,,15.50,0.0000,true,1,32268
7290105360328,false,קפסולות עלית מס 10 ל,שטראוס קפה בי.וי,IL,קפסולות עלית מס 10 ל,Unknown,0.00,יחידה,false,,15.50,0.0000,true,1,32269
7290105360335,false,קפסולות עלית  מס 7 ל,שטראוס קפה בי.וי,,קפסולות עלית  מס 7 ל,Unknown,0.00,יחידה,false,,15.50,0.0000,true,1,32271
7290105362339,false,שמנת לבישול 15% יטבת,שטראוס,IL,שמנת לבישול 15% יטבת,מיליליטרים,250.00,"100 מ""ל",false,,5.90,2.3600,true,1,25199
7290105364678,false,משקה אקטיביה אפרסק 1,שטראוס,IL,משקה אקטיביה אפרסק 1,גרמים,250.00,100 גרם,false,,3.90,1.5600,true,1,67030
7290105366023,false,חציל בטעם כבד טעמי ה,שטראוס,IL,חציל בטעם כבד טעמי ה,גרמים,400.00,100 גרם,false,,14.90,3.7250,true,1,22054
7290105366047,false,טחינה לבנה טעמי השוק,שטראוס,IL,טחינה לבנה טעמי השוק,גרמים,400.00,100 גרם,false,,14.90,3.7250,true,1,22427
7290105366993,false,גבינת שמנת פלפל שיפק,שטראוס,IL,גבינת שמנת פלפל שיפק,גרמים,200.00,100 גרם,false,,9.90,4.9500,true,1,33414
7290105368331,false,מילקי תות 133 גרם,שטראוס,IL,מילקי תות 133 גרם,גרמים,133.00,100 גרם,false,,2.80,2.1053,true,1,25667
7290105368904,false,שמנת מתוקה להקצפה 32,שטראוס,IL,שמנת מתוקה להקצפה 32,מיליליטרים,250.00,"100 מ""ל",false,,6.90,2.7600,true,1,27189
7290105368928,false,שמנת חמוצה 9% יטבתה,שטראוס,IL,שמנת חמוצה 9% יטבתה,מיליליטרים,200.00,"100 מ""ל",false,,2.90,1.4500,true,1,25196
7290105369130,false,גבינת שמנת בצל ירוק,שטראוס גרופ,IL,גבינת שמנת בצל ירוק,גרמים,200.00,100 גרם,false,,9.90,4.9500,true,1,28594
7290105430441,false,תחליב פלמוליב סחלב ש,קולגייט פלמוליב,TR,תחליב פלמוליב סחלב ש,מיליליטרים,750.00,"100 מ""ל",false,,12.50,1.6667,true,1,29706
7290105430458,false,תחליב פלמוליב שקדים,קולגייט פלמוליב,TR,תחליב פלמוליב שקדים,מיליליטרים,750.00,"100 מ""ל",false,,12.50,1.6667,true,1,29707
7290105431516,false,מארז חטיף פרי תמרים,,,מארז חטיף פרי תמרים,גרמים,125.00,100 גרם,false,,14.90,11.9200,true,1,34307
7290105433961,false,דאו ספריי ליידי ספיד,קולגייט פלמוליב,BY,דאו ספריי ליידי ספיד,מיליליטרים,150.00,"100 מ""ל",false,,13.90,9.2667,true,1,34931
7290105434029,false,דאו ספריי ספיד סטיק,קולגייט פלמוליב,BY,דאו ספריי ספיד סטיק,מיליליטרים,150.00,"100 מ""ל",false,,13.90,9.2667,true,1,43053
7290105434067,false,דאו ספיד סטיק אושן 8,קולגייט פלמוליב,BY,דאו ספיד סטיק אושן 8,גרמים,85.00,100 גרם,false,,14.90,17.5294,true,1,43745
7290105439499,false,מיונז מאסטר שף 480 ג,רמיה סי.וי. הולנד,NL,מיונז מאסטר שף 480 ג,גרמים,480.00,100 גרם,false,,9.90,2.0625,true,1,45561
7290105439505,false,מיונז לייט מאסטר שף,רמיה סי.וי. הולנד,NL,מיונז לייט מאסטר שף,גרמים,521.00,100 גרם,false,,9.90,1.9002,true,1,65361
7290105439581,false,חרדל דיזון צרפתי מאס,סאס קווינור,,חרדל דיזון צרפתי מאס,גרמים,370.00,100 גרם,false,,9.90,2.6757,true,1,45563
7290105439598,false,חרדל דיזון גרגירים מ,סאס קווינור,,חרדל דיזון גרגירים מ,גרמים,370.00,100 גרם,false,,9.90,2.6757,true,1,45562
7290105691248,false,חטיפי טורטייה תירס 6,פרח תעשיות,IL,חטיפי טורטייה תירס 6,גרמים,60.00,100 גרם,false,,6.90,11.5000,true,1,27872
7290105691934,false,"קמח שמרים אסם 1 ק""ג",תחנת קמח המפרץ,IL,"קמח שמרים אסם 1 ק""ג",פריט,1.00,"ק""ג",false,,7.90,7.9000,true,1,27241
7290105693457,false,עוגת דמקה אסם 320 גר,אסם,IL,עוגת דמקה אסם 320 גר,גרמים,320.00,100 גרם,false,,10.90,3.4063,true,1,25527
7290105695024,false,פתיתים אורז עם אטריו,אסם,IL,פתיתים אורז עם אטריו,גרמים,500.00,100 גרם,false,,4.90,0.9800,true,1,28331
7290105695321,false,עוגת בראוניס פאדג אס,אסם,IL,עוגת בראוניס פאדג אס,גרמים,380.00,100 גרם,false,,14.90,3.9211,true,1,26691
7290105695895,false,עוגת דמקה דבש אסם 32,אסם,IL,עוגת דמקה דבש אסם 32,גרמים,320.00,100 גרם,false,,11.90,3.7188,true,1,26692
7290105962331,false,סחוג תימני חריף זהבי,זהבי הכרם,IL,סחוג תימני חריף זהבי,גרמים,220.00,100 גרם,false,,9.90,4.5000,true,1,36524
7290105965738,false,משקה יוגורט תות בננה,שטראוס גרופ,IL,משקה יוגורט תות בננה,גרמים,267.00,100 גרם,false,,3.90,1.4607,true,1,43274
7290105968098,false,קולסלאו אחלה 500 גרם,שטראוס גרופ,IL,קולסלאו אחלה 500 גרם,גרמים,500.00,100 גרם,false,,14.90,2.9800,true,1,27491
7290105968654,false,רביולי בטטה שטראוס 4,שטראוס,IL,רביולי בטטה שטראוס 4,גרמים,400.00,100 גרם,false,,19.90,4.9750,true,1,28319
7290105968777,false,פריכיות אנרג'י תחתית,שטראוס,IL,פריכיות אנרג'י תחתית,גרמים,70.00,100 גרם,false,,7.50,10.7143,true,1,30783
7290106413740,false,עיגולי ביסקוויט עם ק,טופגם תעשיות ממתקים,IL,עיגולי ביסקוויט עם ק,פריט,1.00,"ק""ג",false,,26.90,26.9000,true,1,55145
7290106413924,false,מארז מקלות ביסקוויט,שאנטו קראנצי פרדי,CN,מארז מקלות ביסקוויט,גרמים,150.00,100 גרם,false,,9.90,6.6000,true,1,50089
7290106416918,false,שוקולד חלב ממולא קרם,,,"שוקולד חלב ממולא קרם תפוז 1 ק""ג",קילוגרמים,1.00,ליטר,false,1,39.90,39.9000,true,1,55144
7290106416925,false,שוקולד חלב ממולא קרם,,,"שוקולד חלב ממולא קרם קפה 1 ק""ג",קילוגרמים,1.00,ליטר,false,1,39.90,39.9000,true,1,55141
7290106509825,false,תחבושות אלוויז פלטני,פרוקטר & גמבל,DE,תחבושות אלוויז פלטני,Unknown,0.00,יחידה,false,,29.90,0.0000,true,1,63534
7290106520066,false,גלילי ופל רבע לשבע 1,הגביע מוצרי ופלים,IL,גלילי ופל רבע לשבע 1,גרמים,160.00,100 גרם,false,,9.90,6.1875,true,1,28289
7290106520288,false,דנונה WOW תות 150 גר,שטראוס,IL,דנונה WOW תות 150 גר,מיליליטרים,150.00,"100 מ""ל",false,,3.90,2.6000,true,1,45846
7290106520905,false,סלט טורקי טעמי השוק,שטראוס,IL,סלט טורקי טעמי השוק,גרמים,400.00,100 גרם,false,,14.90,3.7250,true,1,29197
7290106520912,false,שמנת לבישול 9% יטבתה,שטראוס,IL,שמנת לבישול 9% יטבתה,מיליליטרים,250.00,"100 מ""ל",false,,5.90,2.3600,true,1,30890
7290106524439,false,"תפוציפס תפו""א אפוי 6",שטראוס,IL,"תפוציפס תפו""א אפוי 6",גרמים,60.00,100 גרם,false,,3.50,5.8333,true,1,55329
7290106525399,false,קפסולות עלית מס 06 ב,שטראוס קפה בי.וי,IL,קפסולות עלית מס 06 ב,Unknown,0.00,יחידה,false,,15.50,0.0000,true,1,50048
7290106525405,false,קפסולות עלית נטול מס,שטראוס קפה בי.וי,IL,קפסולות עלית נטול מס,גרמים,50.00,100 גרם,false,,15.50,31.0000,true,1,46482
7290106526822,false,פריכיות אנרג'י תחתית,שטראוס,IL,פריכיות אנרג'י תחתית,גרמים,80.00,100 גרם,false,,7.50,9.3750,true,1,37633
7290106527263,false,מארז תפוציפס כפול 16,שטראוס,IL,מארז תפוציפס כפול 16,גרמים,480.00,100 גרם,false,,23.90,4.9792,true,1,33016
7290106572027,false,לחמית חמישה דגנים 20,אסם,IL,לחמית חמישה דגנים 20,גרמים,200.00,100 גרם,false,,7.90,3.9500,true,1,28460
7290106573024,false,סירופ עסיס אננס דיאט,בית השיטה עסיס תעשיו,IL,סירופ עסיס אננס דיאט,קילוגרמים,1.00,ליטר,false,,15.90,15.9000,true,1,54636
7290106573598,false,חומוס לבנוני 400 גרם,,,חומוס לבנוני 400 גרם,גרמים,400.00,100 גרם,false,,10.90,2.7250,true,1,30930
7290106573628,false,חומוס עם טחינה צבר 4,צבר,IL,חומוס עם טחינה צבר 4,גרמים,400.00,100 גרם,false,,10.90,2.7250,true,1,30928
7290106574953,false,בייגלה שטוחים שומשום,אסם,IL,בייגלה שטוחים שומשום,גרמים,300.00,100 גרם,false,,9.90,3.3000,true,1,31668
7290106574977,false,בייגלה שטוחים מלח 30,אסם,IL,בייגלה שטוחים מלח 30,גרמים,300.00,100 גרם,false,,9.90,3.3000,true,1,31667
7290106575257,false,עוגת סופלה שוקולד אס,אסם,IL,עוגת סופלה שוקולד אס,גרמים,340.00,100 גרם,false,,10.90,3.2059,true,1,33183
7290106575431,false,עוגת סופלה שוקו וניל,אסם,IL,עוגת סופלה שוקו וניל,גרמים,340.00,100 גרם,false,,10.90,3.2059,true,1,33184
7290106576223,false,אפרופו שוקולד 50 גרם,אסם,IL,אפרופו שוקולד 50 גרם,גרמים,50.00,100 גרם,false,,4.50,9.0000,true,1,53914
7290106576537,false,חומוס מסעדה צבר 700,צבר,IL,חומוס מסעדה צבר 700,גרמים,700.00,100 גרם,false,,10.80,1.5429,true,1,33204
7290106576797,false,גלידה לה קרמריה וניל,גלידות נסטלה,IL,גלידה לה קרמריה וניל,קילוגרמים,1.40,ליטר,false,,16.90,12.0714,true,1,33978
7290106576810,false,גלידה לה קרמריה ריבת,גלידות נסטלה,IL,גלידה לה קרמריה ריבת,קילוגרמים,1.40,ליטר,false,,16.90,12.0714,true,1,33977
7290106576834,false,גלידה לה קרמריה פונט,גלידות נסטלה,IL,גלידה לה קרמריה פונט,קילוגרמים,1.40,ליטר,false,,16.90,12.0714,true,1,33982
7290106576919,false,שרבט לה קרמריה תות ל,גלידות נסטלה,IL,שרבט לה קרמריה תות ל,קילוגרמים,1.40,ליטר,false,,16.90,12.0714,true,1,33980
7290106576957,false,גלידה לה קרמריה שוקו,גלידות נסטלה,IL,גלידה לה קרמריה שוקו,קילוגרמים,1.40,ליטר,false,,16.90,12.0714,true,1,33983
7290106576971,false,גלידה לה קרמריה שוקו,גלידות נסטלה,IL,גלידה לה קרמריה שוקו,קילוגרמים,1.40,ליטר,false,,16.90,12.0714,true,1,33976
7290106576995,false,שרבט לה קרמריה תות מ,גלידות נסטלה,IL,שרבט לה קרמריה תות מ,קילוגרמים,1.40,ליטר,false,,16.90,12.0714,true,1,34389
7290106577039,false,גלידה לה קרמריה וניל,גלידות נסטלה,IL,גלידה לה קרמריה וניל,קילוגרמים,1.40,ליטר,false,,16.90,12.0714,true,1,33979
7290106577282,false,טחינה צבר 400 גרם,צבר,IL,טחינה צבר 400 גרם,גרמים,400.00,100 גרם,false,,11.90,2.9750,true,1,33192
7290106578692,false,במבה ביסלי מיקס 80 ג,אסם,IL,במבה ביסלי מיקס 80 ג,גרמים,80.00,100 גרם,false,,3.90,4.8750,true,1,35060
7290106578821,false,עוגת שמרים שוקולד אס,אסם,IL,עוגת שמרים שוקולד אס,גרמים,350.00,100 גרם,false,,14.90,4.2571,true,1,34718
7290106660410,false,רביולי תרד וגבינה שט,שטראוס,IL,רביולי תרד וגבינה שט,גרמים,400.00,100 גרם,false,,19.90,4.9750,true,1,36720
7290106663091,false,לאבנה 9% שטראוס 500,בר תבור,IL,לאבנה 9% שטראוס 500,מיליליטרים,500.00,"100 מ""ל",false,,16.90,3.3800,true,1,43273
7290106663503,false,קונפיטורה תות לייט י,יד מרדכי,IL,קונפיטורה תות לייט י,גרמים,250.00,100 גרם,false,,11.90,4.7600,true,1,37916
7290106664067,false,לאבנה עם שמן זית וזע,בר תבור,IL,לאבנה עם שמן זית וזע,גרמים,400.00,100 גרם,false,,13.90,3.4750,true,1,44738
7290106664555,false,רוטב שמנת עגבניות 9%,שטראוס,IL,רוטב שמנת עגבניות 9%,מיליליטרים,250.00,"100 מ""ל",false,,7.50,3.0000,true,1,45025
7290106666788,false,סוכריות ממולאות בטעם,שטראוס,IL,סוכריות ממולאות בטעם,גרמים,80.00,100 גרם,false,,4.90,6.1250,true,1,48567
7290106668713,false,דנונה פרי פירות יער,שטראוס גרופ,IL,דנונה פרי פירות יער,מיליליטרים,150.00,"100 מ""ל",false,,3.50,2.3333,true,1,43272
7290106669857,false,קפסולות עלית אספרסו,שטראוס קפה בי.וי,IL,קפסולות עלית אספרסו,Unknown,0.00,יחידה,false,,15.50,0.0000,true,1,52218
7290106721913,false,מסטיק בזוקה צנצנת רי,שטראוס,IL,מסטיק בזוקה צנצנת רי,גרמים,66.00,100 גרם,false,,8.90,13.4848,true,1,44050
7290106721920,false,מסטיק ספירמינט צנצנת,שטראוס,IL,מסטיק ספירמינט צנצנת,גרמים,66.00,100 גרם,false,,8.90,13.4848,true,1,44049
7290106723689,false,עלי תרד בייבי 200 גר,מרינה,IL,עלי תרד בייבי 200 גר,גרמים,200.00,100 גרם,false,,10.90,5.4500,true,1,52974
7290106726178,false,דנונה WOW פירות יער,שטראוס,IL,דנונה WOW פירות יער,מיליליטרים,150.00,"100 מ""ל",false,,3.90,2.6000,true,1,44749
7290107280020,false,מטליות לחות סנו סושי,דינאמיק,IL,מטליות לחות סנו סושי,Unknown,0.00,יחידה,false,,16.90,0.0000,true,1,31947
7290107280341,false,מטליות לחות לרצפה בנ,סנו,IL,מטליות לחות לרצפה בנ,Unknown,0.00,יחידה,false,,9.90,0.0000,true,1,64617
7290107280563,false,גל אוקסיגן בייבי 3 ל,סנו,IL,גל אוקסיגן בייבי 3 ל,קילוגרמים,3.00,ליטר,false,,27.90,9.3000,true,1,37072
7290107280655,false,אבקת מקסימה בייבי 3.,סנו,IL,אבקת מקסימה בייבי 3.,פריט,3.25,"ק""ג",false,,29.90,9.2000,true,1,37788
7290107280761,false,נוזל כלים ספארק + מש,סנו,IL,נוזל כלים ספארק + מש,קילוגרמים,1.00,ליטר,false,,9.90,9.9000,true,1,38246
7290107647656,false,שלגוני סולרו קוקוס א,גלידות שטראוס,IL,שלגוני סולרו קוקוס א,גרמים,354.00,100 גרם,false,,19.50,5.5085,true,1,60395
7290107649605,false,שוקולד קליק קורנפלקס,יוניליוור,IL,שוקולד קליק קורנפלקס,גרמים,85.00,100 גרם,false,,4.90,5.7647,true,1,56900
7290107871532,false,קרחוני נסטלה בטעם מל,גלידות נסטלה,IL,קרחוני נסטלה בטעם מל,גרמים,800.00,100 גרם,false,,12.90,1.6125,true,1,38684
7290107871990,false,פסטה צינורות אסם 500,זארה,IL,פסטה צינורות אסם 500,גרמים,500.00,100 גרם,false,,4.90,0.9800,true,1,36386
7290107875400,false,גלידה לה קרמריה פיסט,גלידות נסטלה,IL,גלידה לה קרמריה פיסט,קילוגרמים,1.40,ליטר,false,,16.90,12.0714,true,1,38078
7290107877619,false,מארז במבה במילוי נוג,אסם,IL,מארז במבה במילוי נוג,גרמים,150.00,100 גרם,false,,9.90,6.6000,true,1,45654
7290107879521,false,שלגוני לה פרוטה תות,גלידות נסטלה,IL,שלגוני לה פרוטה תות,גרמים,350.00,100 גרם,false,,16.90,4.8286,true,1,46510
7290107879569,false,שלגוני לה פרוטה מנגו,גלידות נסטלה,IL,שלגוני לה פרוטה מנגו,גרמים,350.00,100 גרם,false,,16.90,4.8286,true,1,46512
7290107930321,false,קונפיטורה דובדבן יד,יד מרדכי,IL,קונפיטורה דובדבן יד,גרמים,340.00,100 גרם,false,,12.90,3.7941,true,1,44045
7290107932080,false,חלב מועשר 3% יטבתה 1,שטראוס,IL,חלב מועשר 3% יטבתה 1,קילוגרמים,1.00,ליטר,false,,7.20,7.2000,true,1,49758
7290107934473,false,מארז יוגורט אקטיביה,שטראוס,IL,מארז יוגורט אקטיביה,קילוגרמים,1.20,ליטר,false,,19.90,16.5833,true,1,44211
7290107937542,false,משקה אקטיביה תות 1.2,שטראוס,IL,משקה אקטיביה תות 1.2,גרמים,250.00,100 גרם,false,,3.90,1.5600,true,1,67031
7290107937627,false,מסטיק מאסט צנצנת מנט,שטראוס,IL,מסטיק מאסט צנצנת מנט,גרמים,58.00,100 גרם,false,,8.90,15.3448,true,1,49771
7290107937641,false,מסטיק בזוקה קוביות צ,שטראוס,IL,מסטיק בזוקה קוביות צ,גרמים,58.00,100 גרם,false,,8.90,15.3448,true,1,49769
7290107937856,false,קפסולות עלית מס 11 ל,שטראוס קפה בי.וי,IL,קפסולות עלית מס 11 ל,Unknown,0.00,יחידה,false,,15.50,0.0000,true,1,50047
7290107938396,false,אקטימל תות דנונה 8*1,שטראוס,IL,אקטימל תות דנונה 8*1,מיליליטרים,800.00,"100 מ""ל",false,,19.90,2.4875,true,1,59410
7290107940467,false,יוגורט אקטיביה 1.5%,שטראוס,IL,יוגורט אקטיביה 1.5%,מיליליטרים,200.00,"100 מ""ל",false,,3.70,1.8500,true,1,48618
7290107943369,false,שיבולת שועל ל.גלוטן,קוואקר אוטס קומפני,US,שיבולת שועל ל.גלוטן,גרמים,511.00,100 גרם,false,,16.90,3.3072,true,1,58165
7290107944243,false,ופל אפיפית בטעם שוקו,שטראוס,IL,ופל אפיפית בטעם שוקו,גרמים,200.00,100 גרם,false,,6.90,3.4500,true,1,71617
7290107944472,false,גבינת שמנת שום שמיר,שטראוס,IL,גבינת שמנת שום שמיר,גרמים,200.00,100 גרם,false,,9.90,4.9500,true,1,50388
7290107945165,false,קונפיטורה משמש יד מר,יד מרדכי,IL,קונפיטורה משמש יד מר,גרמים,340.00,100 גרם,false,,12.90,3.7941,true,1,52124
7290107950190,false,מעדן דיאט שוקולד מרי,שטראוס,IL,מעדן דיאט שוקולד מרי,מיליליטרים,130.00,"100 מ""ל",false,,3.20,2.4615,true,1,49751
7290107950206,false,מעדן דיאט שוקולד 0%,שטראוס,IL,מעדן דיאט שוקולד 0%,מיליליטרים,130.00,"100 מ""ל",false,,3.20,2.4615,true,1,49752
7290107953559,false,קפה טורקי לדרך 24 יח,שטראוס קפה בי.וי,IL,קפה טורקי לדרך 24 יח,גרמים,168.00,100 גרם,false,,16.90,10.0595,true,1,64316
7290107956642,false,תרסיס שמן זית יד מרד,יד מרדכי,IL,תרסיס שמן זית יד מרד,מיליליטרים,150.00,"100 מ""ל",false,,14.90,9.9333,true,1,70439
7290107956710,false,מארז מילקי מיני שוקו,שטראוס,IL,מארז מילקי מיני שוקו,פריט,1.12,"ק""ג",false,,19.90,17.7679,true,1,52299
7290107956925,false,קפסולות עלית מס 13 א,שטראוס קפה בי.וי,IL,קפסולות עלית מס 13 א,Unknown,0.00,יחידה,false,,15.50,0.0000,true,1,58182
7290107956932,false,קפסולות עלית מס 12 ל,שטראוס קפה בי.וי,IL,קפסולות עלית מס 12 ל,גרמים,50.00,100 גרם,false,,15.50,31.0000,true,1,55166
7290107956963,false,מארז דנונה פרי תות 1,שטראוס גרופ,IL,מארז דנונה פרי תות 1,פריט,1.20,"ק""ג",false,,19.90,16.5833,true,1,53603
7290107970020,false,תרסיס אגקס חלונות 3*,קולגייט פלמוליב,BY,תרסיס אגקס חלונות 3*,קילוגרמים,2.25,ליטר,false,,27.90,12.4000,true,1,42887
7290107971720,false,משחת קולגייט טריפל א,קולגייט פלמוליב,PL,משחת קולגייט טריפל א,גרמים,450.00,100 גרם,false,,24.90,5.5333,true,1,45402
7290107973861,false,מארז עגבניות קצוצות,INTENTO,IT,מארז עגבניות קצוצות,פריט,1.20,"ק""ג",false,,15.90,13.2500,true,1,50430
7290107974301,false,דאו גל ליידי ספיד סט,קולגייט פלמוליב,BY,דאו גל ליידי ספיד סט,Unknown,0.00,יחידה,false,,14.90,0.0000,true,1,57843
7290107975346,false,דאו גל ספיד סטיק כח,קולגייט פלמוליב,BY,דאו גל ספיד סטיק כח,Unknown,0.00,יחידה,false,,14.90,0.0000,true,1,57848
7290107975360,false,דאו גל ליידי ספיד סט,קולגייט פלמוליב,BY,דאו גל ליידי ספיד סט,Unknown,0.00,יחידה,false,,14.90,0.0000,true,1,57842
7290107975544,false,משחת קולגייט ילדים ב,קולגייט פלמוליב,PL,משחת קולגייט ילדים ב,מיליליטרים,50.00,"100 מ""ל",false,,11.90,23.8000,true,1,58125
7290107976848,false,סבון מוצק פלמוליב קמ,קולגייט פלמוליב,,סבון מוצק פלמוליב קמ,גרמים,360.00,100 גרם,false,,16.50,4.5833,true,1,56782
7290107977456,false,ג'ל רחצה פלמוליב לגב,קולגייט פלמוליב,TR,ג'ל רחצה פלמוליב לגב,מיליליטרים,750.00,"100 מ""ל",false,,12.50,1.6667,true,1,64020
7290107978132,false,מברשת קולגייט זיג זג,קולגייט פלמוליב,PL,מברשת קולגייט זיג זג,Unknown,0.00,יחידה,false,,14.90,0.0000,true,1,67032
7290107978453,false,קראנצוס גריל 55 גרם,מנה,IL,קראנצוס גריל 55 גרם,גרמים,55.00,100 גרם,false,,1.90,3.4545,true,1,53642
7290107978460,false,קראנצוס פלאפל 55 גרם,מנה,IL,קראנצוס פלאפל 55 גרם,Unknown,0.00,יחידה,false,,1.90,0.0000,true,1,53641
7290108197129,false,"כהל 95% 500 מ""ל כשל""",ישראליקר,IL,"כהל 95% 500 מ""ל כשל""",מיליליטרים,500.00,"100 מ""ל",false,,74.90,14.9800,true,1,60598
7290108350531,false,נוזל כלים ספארק + מש,סנו,IL,נוזל כלים ספארק + מש,קילוגרמים,1.00,ליטר,false,,9.90,9.9000,true,1,42919
7290108350548,false,נוזל כלים ספארק + מש,סנו,IL,נוזל כלים ספארק + מש,קילוגרמים,1.00,ליטר,false,,9.90,9.9000,true,1,42920
7290108350616,false,מרכך מקסימה סופר מרו,סנו,IL,מרכך מקסימה סופר מרו,קילוגרמים,1.00,ליטר,false,,17.50,17.5000,true,1,47366
7290108350623,false,מרכך מקסימה סופר מרו,סנו,IL,מרכך מקסימה סופר מרו,קילוגרמים,1.00,ליטר,false,,17.50,17.5000,true,1,47365
7290108351507,false,מרכך מקסימה אינספריי,סנו,IL,מרכך מקסימה אינספריי,קילוגרמים,4.00,ליטר,false,,16.90,4.2250,true,1,50522
7290108351514,false,מרכך מקסימה בלוסום 4,סנו,IL,מרכך מקסימה בלוסום 4,קילוגרמים,4.00,ליטר,false,,16.90,4.2250,true,1,50521
7290108351521,false,גל מקסימה מאסק 5 ליט,סנו,IL,גל מקסימה מאסק 5 ליט,קילוגרמים,5.00,ליטר,false,,41.90,8.3800,true,1,55097
7290108351613,false,ריצפז פרש הום מלון ח,סנו,IL,ריצפז פרש הום מלון ח,קילוגרמים,2.00,ליטר,false,,19.70,9.8500,true,1,52214
7290108351675,false,גל מקסימה מיקס אנד ו,סנו,IL,גל מקסימה מיקס אנד ו,קילוגרמים,5.00,ליטר,false,,41.90,8.3800,true,1,79591
7290108351682,false,גל מקסימה ביו קולד 5,סנו,IL,גל מקסימה ביו קולד 5,קילוגרמים,5.00,ליטר,false,,41.90,8.3800,true,1,57829
7290108351804,false,מרכך מקסימה סופר מרו,סנו,IL,מרכך מקסימה סופר מרו,קילוגרמים,1.00,ליטר,false,,17.50,17.5000,true,1,63053
7290108351811,false,מרכך מקסימה סופר מרו,סנו,IL,מרכך מקסימה סופר מרו,קילוגרמים,1.00,ליטר,false,,17.50,17.5000,true,1,63054
7290108351835,false,מרכך מקסימה פלורל 4,סנו,IL,מרכך מקסימה פלורל 4,קילוגרמים,4.00,ליטר,false,,16.90,4.2250,true,1,64393
7290108352047,false,מברשת אורביטול לחניכ,סנו,IL,מברשת אורביטול לחניכ,Unknown,0.00,יחידה,false,,18.90,0.0000,true,1,78347
7290108352054,false,מברשת אורביטול סיבים,סנו,IL,מברשת אורביטול סיבים,Unknown,0.00,יחידה,false,,18.90,0.0000,true,1,78348
7290108352115,false,סבון אסלה סנובון ז'א,סנו,IL,סבון אסלה סנובון ז'א,גרמים,165.00,100 גרם,false,,9.90,6.0000,true,1,64824
7290108352146,false,סנובון ג'ל מגנוליה ו,סנו,IL,סנובון ג'ל מגנוליה ו,מיליליטרים,750.00,"100 מ""ל",false,,8.90,1.1867,true,1,66727
7290108352153,false,סנובון ג'ל לוטוס וסח,סנו,IL,סנובון ג'ל לוטוס וסח,מיליליטרים,750.00,"100 מ""ל",false,,8.90,1.1867,true,1,66725
7290108352207,false,קפסולות ג'ל מקסימה פ,סנו,IL,קפסולות ג'ל מקסימה פ,Unknown,0.00,יחידה,false,,28.90,0.0000,true,1,66728
7290108352214,false,קפסולות ג'ל מקסימה ב,סנו,IL,קפסולות ג'ל מקסימה ב,Unknown,0.00,יחידה,false,,28.90,0.0000,true,1,66729
7290108352252,false,נוזל כלים ספארק לחיט,סנו,IL,נוזל כלים ספארק לחיט,קילוגרמים,1.00,ליטר,false,,9.90,9.9000,true,1,68341
7290108352337,false,מבשם אויר סנו פרש או,סנו,IL,מבשם אויר סנו פרש או,מיליליטרים,250.00,"100 מ""ל",false,,10.90,4.3600,true,1,78359
7290108352344,false,מבשם אויר סנו פרש או,סנו,IL,מבשם אויר סנו פרש או,מיליליטרים,250.00,"100 מ""ל",false,,10.90,4.3600,true,1,78360
7290108352399,false,ריצפז פרש הום בניחוח,סנו,IL,ריצפז פרש הום בניחוח,קילוגרמים,2.00,ליטר,false,,19.70,9.8500,true,1,76871
7290108352498,false,סנו פרש מכשיר אוטומט,סנו,IL,סנו פרש מכשיר אוטומט,Unknown,0.00,יחידה,false,,39.90,0.0000,true,1,78357
7290108352511,false,מקסימה ניקוי וחיטוי,סנו,IL,מקסימה ניקוי וחיטוי,מיליליטרים,500.00,"100 מ""ל",false,,11.90,2.3800,true,1,72224
7290108352535,false,דפי בישום לחים מקסימ,,IL,דפי בישום לחים מקסימ,Unknown,0.00,יחידה,false,,11.90,0.0000,true,1,78349
7290108352566,false,מרכך מקסימה ג'וי 4 ל,סנו,IL,מרכך מקסימה ג'וי 4 ל,קילוגרמים,4.00,ליטר,false,,16.90,4.2250,true,1,76874
7290108352573,false,מרכך מקסימה קאלם 4 ל,סנו,IL,מרכך מקסימה קאלם 4 ל,קילוגרמים,4.00,ליטר,false,,16.90,4.2250,true,1,78346
7290108352672,false,מטליות רצפה מיקרופיי,סנו,IL,מטליות רצפה מיקרופיי,Unknown,0.00,יחידה,false,,19.90,0.0000,true,1,52718
7290108352689,false,כריות קרצוף סנו סושי,סנו,IL,כריות קרצוף סנו סושי,Unknown,0.00,יחידה,false,,9.90,0.0000,true,1,47407
7290108352696,false,ניילון נצמד סנו סושי,FV HK,IL,ניילון נצמד סנו סושי,מטרים,100.00,מטר,false,,29.90,0.2990,true,1,59446
7290108352825,false,ספוג הפלא נירוסטה סנ,U F O,IL,ספוג הפלא נירוסטה סנ,Unknown,0.00,יחידה,false,,9.90,0.0000,true,1,57833
7290108352900,false,מגבות נייר סנו סושי,סנו,IL,מגבות נייר סנו סושי,מטרים,126.60,מטר,false,,19.90,0.1572,true,1,62585
7290108353532,false,שקיות אשפה עם שרוך 5,סנו,IL,שקיות אשפה עם שרוך 5,Unknown,0.00,יחידה,false,,29.90,0.0000,true,1,64621
7290108353747,false,תחליב קרמה + משאבה א,קוסמופארם,IL,תחליב קרמה + משאבה א,מיליליטרים,600.00,"100 מ""ל",false,,16.50,2.7500,true,1,79381
7290108353761,false,תחליב קרמה + משאבה ז,קוסמופארם,IL,תחליב קרמה + משאבה ז,מיליליטרים,600.00,"100 מ""ל",false,,16.50,2.7500,true,1,79382
7290108353815,false,תחליב קרמה + משאבה מ,קוסמופארם,IL,תחליב קרמה + משאבה מ,מיליליטרים,600.00,"100 מ""ל",false,,16.50,2.7500,true,1,79383
7290108353907,false,דאו רול און קרמה קלא,סנו,IL,דאו רול און קרמה קלא,מיליליטרים,75.00,"100 מ""ל",false,,11.90,15.8667,true,1,68373
7290108353983,false,קרם גוף קרמה קלאסי 5,קוסמופארם,IL,קרם גוף קרמה קלאסי 5,מיליליטרים,500.00,"100 מ""ל",false,,19.90,3.9800,true,1,68365
7290108353990,false,קרם גוף קרמה מאסק 50,קוסמופארם,IL,קרם גוף קרמה מאסק 50,מיליליטרים,500.00,"100 מ""ל",false,,19.90,3.9800,true,1,68366
7290108354270,false,מרכך מקסימה סופר מרו,סנו,IL,מרכך מקסימה סופר מרו,קילוגרמים,1.00,ליטר,false,,17.50,17.5000,true,1,76875
7290108354416,false,תחליב קרמה + משאבה י,קוסמופארם,IL,תחליב קרמה + משאבה י,מיליליטרים,600.00,"100 מ""ל",false,,16.50,2.7500,true,1,79384
7290108354430,false,שמפו כיף שמן קוקוס ו,סנו,IL,שמפו כיף שמן קוקוס ו,מיליליטרים,700.00,"100 מ""ל",false,,11.50,1.6429,true,1,70374
7290108354447,false,מרכך כיף שמן קוקוס ו,סנו,IL,מרכך כיף שמן קוקוס ו,מיליליטרים,700.00,"100 מ""ל",false,,11.50,1.6429,true,1,70375
7290108354485,false,מרכך קרליין 10 ארגן,סנו,IL,מרכך קרליין 10 ארגן,מיליליטרים,700.00,"100 מ""ל",false,,10.90,1.5571,true,1,79771
7290108354492,false,שמפו קרליין 10 ארגן,סנו,IL,שמפו קרליין 10 ארגן,מיליליטרים,700.00,"100 מ""ל",false,,10.90,1.5571,true,1,79772
7290108354607,false,שמפו נקה 7  ביו 750,אמיליה קוסמטיקס,IL,שמפו נקה 7  ביו 750,מיליליטרים,750.00,"100 מ""ל",false,,9.90,1.3200,true,1,78344
7290108354614,false,מרכך נקה 7  ביו 750,אמיליה קוסמטיקס,IL,מרכך נקה 7  ביו 750,מיליליטרים,750.00,"100 מ""ל",false,,9.90,1.3200,true,1,78345
7290108354850,false,דאו רול און קרמה ברי,סנו,IL,דאו רול און קרמה ברי,מיליליטרים,75.00,"100 מ""ל",false,,11.90,15.8667,true,1,68374
7290108355154,false,שמפו נקה 7 שמני הזנה,אמיליה קוסמטיקס,IL,שמפו נקה 7 שמני הזנה,מיליליטרים,750.00,"100 מ""ל",false,,9.90,1.3200,true,1,57834
7290108355161,false,מרכך נקה 7 שמני הזנה,אמיליה קוסמטיקס,IL,מרכך נקה 7 שמני הזנה,מיליליטרים,750.00,"100 מ""ל",false,,9.90,1.3200,true,1,57835
7290108355451,false,דאו רול און קרמה ורד,סנו,IL,דאו רול און קרמה ורד,מיליליטרים,75.00,"100 מ""ל",false,,11.90,15.8667,true,1,68375
7290108355468,false,דאו רול און קרמה נרו,סנו,IL,דאו רול און קרמה נרו,מיליליטרים,75.00,"100 מ""ל",false,,11.90,15.8667,true,1,68376
7290108356106,false,תחליב רחצה כיף חלב ש,סנו,IL,תחליב רחצה כיף חלב ש,מיליליטרים,700.00,"100 מ""ל",false,,9.90,1.4143,true,1,58682
7290108356113,false,תחליב רחצה כיף חלב ו,סנו,IL,תחליב רחצה כיף חלב ו,מיליליטרים,700.00,"100 מ""ל",false,,9.90,1.4143,true,1,58683
7290108356120,false,תחליב רחצה כיף קוקוס,סנו,IL,תחליב רחצה כיף קוקוס,מיליליטרים,700.00,"100 מ""ל",false,,9.90,1.4143,true,1,58685
7290108356151,false,תחליב רחצה כיף מאסק,סנו,IL,תחליב רחצה כיף מאסק,מיליליטרים,700.00,"100 מ""ל",false,,9.90,1.4143,true,1,58681
7290108356168,false,תחליב רחצה כיף אוקיי,סנו,IL,תחליב רחצה כיף אוקיי,מיליליטרים,700.00,"100 מ""ל",false,,9.90,1.4143,true,1,58686
7290108356489,false,תחליב רחצה כיף אפרסק,סנו,IL,תחליב רחצה כיף אפרסק,מיליליטרים,700.00,"100 מ""ל",false,,9.90,1.4143,true,1,78353
7290108356519,false,שמפו קרליין 10 פרוטא,סנו,IL,שמפו קרליין 10 פרוטא,מיליליטרים,700.00,"100 מ""ל",false,,10.90,1.5571,true,1,79767
7290108356526,false,שמפו קרליין 10 פרוטא,סנו,IL,שמפו קרליין 10 פרוטא,מיליליטרים,700.00,"100 מ""ל",false,,10.90,1.5571,true,1,79768
7290108356533,false,שמפו קרליין 10 פרוטא,סנו,IL,שמפו קרליין 10 פרוטא,מיליליטרים,700.00,"100 מ""ל",false,,10.90,1.5571,true,1,79769
7290108356540,false,שמפו קרליין 10 פרוטא,סנו,IL,שמפו קרליין 10 פרוטא,מיליליטרים,700.00,"100 מ""ל",false,,10.90,1.5571,true,1,79770
7290108356557,false,שמפו קרליין 10 פרוטא,סנו,IL,שמפו קרליין 10 פרוטא,מיליליטרים,700.00,"100 מ""ל",false,,10.90,1.5571,true,1,79773
7290108356564,false,מרכך קרליין 10 פרוטא,סנו,IL,מרכך קרליין 10 פרוטא,מיליליטרים,700.00,"100 מ""ל",false,,10.90,1.5571,true,1,79774
7290108356571,false,מרכך קרליין 10 פרוטא,סנו,IL,מרכך קרליין 10 פרוטא,מיליליטרים,700.00,"100 מ""ל",false,,10.90,1.5571,true,1,79775
7290108356588,false,מרכך קרליין 10 פרוטא,סנו,IL,מרכך קרליין 10 פרוטא,מיליליטרים,700.00,"100 מ""ל",false,,10.90,1.5571,true,1,79776
7290108356595,false,מרכך קרליין 10 פרוטא,סנו,IL,מרכך קרליין 10 פרוטא,מיליליטרים,700.00,"100 מ""ל",false,,10.90,1.5571,true,1,79777
7290108356854,false,מגבונים בייבי כיף 5*,סנו,IL,מגבונים בייבי כיף 5*,Unknown,0.00,יחידה,false,,19.90,0.0000,true,1,74158
7290108356861,false,מגבונים בייבי כיף 5*,סנו,IL,מגבונים בייבי כיף 5*,Unknown,0.00,יחידה,false,,19.90,0.0000,true,1,74167
7290108357011,false,מרכך כיף ורד ושמן קו,סנו,IL,מרכך כיף ורד ושמן קו,מיליליטרים,700.00,"100 מ""ל",false,,11.50,1.6429,true,1,66722
7290108357189,false,תרסיס מקסימה למייבש,סנו,IL,תרסיס מקסימה למייבש,מיליליטרים,750.00,"100 מ""ל",false,,13.50,1.8000,true,1,66723
7290108357202,false,תרסיס סנוקליר בלו בל,סנו,IL,תרסיס סנוקליר בלו בל,קילוגרמים,1.00,ליטר,false,,9.90,9.9000,true,1,70376
7290108357226,false,אבקת אוקסיג'ן לכביסה,,IL,אבקת אוקסיג'ן לכביסה,פריט,1.40,"ק""ג",false,,27.90,19.9286,true,1,78354
7290108357240,false,אבקת אוקסיג'ן לכביסה,,IL,אבקת אוקסיג'ן לכביסה,פריט,1.40,"ק""ג",false,,27.90,19.9286,true,1,78351
7290108357257,false,סנו פרש מכשיר אוטומט,סנו,IL,סנו פרש מכשיר אוטומט,Unknown,0.00,יחידה,false,,39.90,0.0000,true,1,78358
7290108357264,false,מבשם אויר סנו פרש או,סנו,IL,מבשם אויר סנו פרש או,מיליליטרים,250.00,"100 מ""ל",false,,10.90,4.3600,true,1,78361
7290108357271,false,סנובון ג'ל אוקסיג'ן,סנו,IL,סנובון ג'ל אוקסיג'ן,מיליליטרים,750.00,"100 מ""ל",false,,8.90,1.1867,true,1,78350
7290108357288,false,אקונומיקה סנו גאוול,סנו,IL,אקונומיקה סנו גאוול,קילוגרמים,4.00,ליטר,false,,15.90,3.9750,true,1,76872
7290108357295,false,תרסיס אוקסיגן לכביסה,סנו,IL,תרסיס אוקסיגן לכביסה,מיליליטרים,750.00,"100 מ""ל",false,,17.70,2.3600,true,1,78352
7290108357394,false,תחליב קרמה חלב ודבש,קוסמופארם,IL,תחליב קרמה חלב ודבש,מיליליטרים,700.00,"100 מ""ל",false,,16.50,2.3571,true,1,72220
7290108357417,false,קרם גוף קרמה ורד וני,קוסמופארם,IL,קרם גוף קרמה ורד וני,מיליליטרים,500.00,"100 מ""ל",false,,19.90,3.9800,true,1,68370
7290108357707,false,שמפו כיף לשיער רגיל,סנו,IL,שמפו כיף לשיער רגיל,מיליליטרים,700.00,"100 מ""ל",false,,11.50,1.6429,true,1,60989
7290108357769,false,מרכך כיף לשיער רגיל,סנו,IL,מרכך כיף לשיער רגיל,מיליליטרים,700.00,"100 מ""ל",false,,11.50,1.6429,true,1,60983
7290108357776,false,מרכך כיף לשיער יבש 7,סנו,IL,מרכך כיף לשיער יבש 7,מיליליטרים,700.00,"100 מ""ל",false,,11.50,1.6429,true,1,60984
7290108357851,false,ג'ל רחצה כיף מועשר ב,סנו,IL,ג'ל רחצה כיף מועשר ב,מיליליטרים,700.00,"100 מ""ל",false,,9.90,1.4143,true,1,76869
7290108357868,false,ג'ל רחצה כיף מועשר ב,סנו,IL,ג'ל רחצה כיף מועשר ב,מיליליטרים,700.00,"100 מ""ל",false,,9.90,1.4143,true,1,76870
7290108357875,false,שמפו כיף אפרסק וחמאת,סנו,IL,שמפו כיף אפרסק וחמאת,מיליליטרים,700.00,"100 מ""ל",false,,11.50,1.6429,true,1,78355
7290108357882,false,מרכך כיף אפרסק וחמאת,סנו,IL,מרכך כיף אפרסק וחמאת,מיליליטרים,700.00,"100 מ""ל",false,,11.50,1.6429,true,1,78356
7290108358070,false,תחליב קרמה קלאסי 700,קוסמופארם,IL,תחליב קרמה קלאסי 700,מיליליטרים,700.00,"100 מ""ל",false,,16.50,2.3571,true,1,72222
7290108358087,false,תחליב קרמה מאסק 700,קוסמופארם,IL,תחליב קרמה מאסק 700,מיליליטרים,700.00,"100 מ""ל",false,,16.50,2.3571,true,1,72223
7290108358100,false,מקלות ריחניים סנו פר,סנו,IL,מקלות ריחניים סנו פר,מיליליטרים,100.00,"100 מ""ל",false,,19.90,19.9000,true,1,76866
7290108358117,false,מקלות ריחניים סנו פר,סנו,IL,מקלות ריחניים סנו פר,מיליליטרים,100.00,"100 מ""ל",false,,19.90,19.9000,true,1,76867
7290108358124,false,דפי בישום לחים מקסימ,,IL,דפי בישום לחים מקסימ,Unknown,0.00,יחידה,false,,11.90,0.0000,true,1,79380
7290108359060,false,כריות ניקוי לשבת סנו,סנו,IL,כריות ניקוי לשבת סנו,Unknown,0.00,יחידה,false,,9.90,0.0000,true,1,74160
7290108359824,false,קרם גוף בייבי כיף 50,סנו,IL,קרם גוף בייבי כיף 50,מיליליטרים,500.00,"100 מ""ל",false,,19.90,3.9800,true,1,58617
7290108359831,false,שמן לתינוק בייבי כיף,סנו,IL,שמן לתינוק בייבי כיף,מיליליטרים,500.00,"100 מ""ל",false,,19.90,3.9800,true,1,58612
7290108359848,false,שמפו בייבי כיף אל דמ,סנו,IL,שמפו בייבי כיף אל דמ,קילוגרמים,1.00,ליטר,false,,17.90,17.9000,true,1,58610
7290108359862,false,אל סבון בייבי כיף 1,סנו,IL,אל סבון בייבי כיף 1,קילוגרמים,1.00,ליטר,false,,17.90,17.9000,true,1,58611
7290108359886,false,תחליב רחצה בייבי כיף,סנו,IL,תחליב רחצה בייבי כיף,קילוגרמים,1.00,ליטר,false,,17.90,17.9000,true,1,58609
7290108359985,false,תרסיס ניקוי סנו גאוו,סנו,IL,תרסיס ניקוי סנו גאוו,קילוגרמים,1.00,ליטר,false,,16.90,16.9000,true,1,76873
7290108500677,false,כבד דג שיבוט וילי פו,ניולאט פוד,IT,כבד דג שיבוט וילי פו,גרמים,120.00,100 גרם,false,,9.90,8.2500,true,1,71801
7290108502305,false,גבינת גרנה פדנו משול,זנאטי,GR,גבינת גרנה פדנו משול,גרמים,150.00,100 גרם,false,,16.90,11.2667,true,1,64169
7290108502510,false,קרקר קלאסי טבעי וילי,קולוסי אס פי איי,IT,קרקר קלאסי טבעי וילי,גרמים,500.00,100 גרם,false,,9.90,1.9800,true,1,58334
7290108503043,false,מארז תפוחונים ויליפו,ינטאי זונגקאן פוד קו,CN,מארז תפוחונים ויליפו,גרמים,88.00,100 גרם,false,,14.90,16.9318,true,1,59664
7290108503067,false,פרמזנו משולש ויליפוד,וילי פוד,IL,פרמזנו משולש ויליפוד,גרמים,150.00,100 גרם,false,,13.90,9.2667,true,1,79592
7290108503159,false,גבינת כחולה 31% יורו,אלפסטור,ES,גבינת כחולה 31% יורו,גרמים,100.00,100 גרם,false,,9.90,9.9000,true,1,64168
7290108503647,false,אורז בסמטי דאווט 1 ק,lt foods,IN,אורז בסמטי דאווט 1 ק,פריט,1.00,"ק""ג",false,,11.90,11.9000,true,1,60907
7290108503708,false,פיצה פטריות ויליפוד,מנטואה,IT,פיצה פטריות ויליפוד,גרמים,390.00,100 גרם,false,,13.80,3.5385,true,1,65068
7290108503715,false,פיצה זיתים ויליפוד 3,מנטואה,IT,פיצה זיתים ויליפוד 3,גרמים,385.00,100 גרם,false,,13.80,3.5844,true,1,65069
7290108503975,false,קנלוני פסטה איטליאנה,פוד טאק,IT,קנלוני פסטה איטליאנה,גרמים,250.00,100 גרם,false,,9.90,3.9600,true,1,66415
7290108505689,false,גבינת גרנה פדנו מגור,זנאטי,IT,גבינת גרנה פדנו מגור,גרמים,100.00,100 גרם,false,,9.90,9.9000,true,1,64296
7290108505719,false,גבינת מוצרלה מגורדת,אונטד גידה,TR,גבינת מוצרלה מגורדת,גרמים,200.00,100 גרם,false,,10.90,5.4500,true,1,77721
7290108505726,false,אצבעות גבינה 25% יור,אונטד גידה,TR,אצבעות גבינה 25% יור,גרמים,200.00,100 גרם,false,,10.90,5.4500,true,1,77722
7290108505733,false,צמות גבינה חצי קשה 2,אונטד גידה,TR,צמות גבינה חצי קשה 2,גרמים,200.00,100 גרם,false,,10.90,5.4500,true,1,77723
7290108505740,false,גבינת קשקבל 25% יורו,אונטד גידה,TR,גבינת קשקבל 25% יורו,גרמים,200.00,100 גרם,false,,10.90,5.4500,true,1,77724
7290108507058,false,ביסקוויט פריך בשוקול,מודרן צוקולטה,TR,ביסקוויט פריך בשוקול,מיליליטרים,100.00,"100 מ""ל",false,,6.90,6.9000,true,1,75521
7290108507188,false,כנאפה מאפה שערות קדא,ארמה,TR,כנאפה מאפה שערות קדא,גרמים,450.00,100 גרם,false,,18.90,4.2000,true,1,68730
7290108507645,false,ביסקוויט פריך בשוקול,מודרן צוקולטה,TR,ביסקוויט פריך בשוקול,מיליליטרים,100.00,"100 מ""ל",false,,6.90,6.9000,true,1,75522
7290108507652,false,ביסקוויט פריך בשוקול,מודרן צוקולטה,TR,ביסקוויט פריך בשוקול,גרמים,100.00,100 גרם,false,,6.90,6.9000,true,1,75523
7290108508369,false,שערות גבינה חצי קשה,אונטד גידה,TR,שערות גבינה חצי קשה,גרמים,200.00,100 גרם,false,,10.90,5.4500,true,1,78077
7290108508499,false,משקה איירן יוגורט בס,אקר,TR,משקה איירן יוגורט בס,מיליליטרים,293.00,"100 מ""ל",false,,4.90,1.6724,true,1,71555
7290108508765,false,פתיתים קונכיות ויליפ,גדיה,TR,פתיתים קונכיות ויליפ,גרמים,400.00,100 גרם,false,,4.90,1.2250,true,1,74363
7290108508772,false,פתיתים קונכיות תרד ו,גדיה,TR,פתיתים קונכיות תרד ו,גרמים,400.00,100 גרם,false,,4.90,1.2250,true,1,74362
7290108508963,false,גבינת קשקבל מגורדת 2,אונטד גידה,TR,גבינת קשקבל מגורדת 2,גרמים,200.00,100 גרם,false,,10.90,5.4500,true,1,77725
7290108509816,false,גבינת בייבי מוצרלה 2,אונטד גידה,TR,גבינת בייבי מוצרלה 2,גרמים,200.00,100 גרם,false,,10.90,5.4500,true,1,78078
7290108509908,false,מנת השף אטריות להכנה,נמצאו,TH,מנת השף אטריות להכנה,גרמים,85.00,100 גרם,false,,3.50,4.1176,true,1,76177
7290108509915,false,מנת השף אטריות להכנה,נמצאו,TH,מנת השף אטריות להכנה,גרמים,85.00,100 גרם,false,,3.50,4.1176,true,1,76178
7290108509922,false,מנת השף אטריות להכנה,נמצאו,TH,מנת השף אטריות להכנה,גרמים,85.00,100 גרם,false,,3.50,4.1176,true,1,76179
7290108620054,false,יין אסטייט קברנה סוב,יקבי ציון,IL,יין אסטייט קברנה סוב,מיליליטרים,750.00,"100 מ""ל",false,,39.90,5.3200,true,1,67885
7290108620078,false,יין אסטייט  מרלו,יקבי ציון,IL,יין אסטייט  מרלו,מיליליטרים,750.00,"100 מ""ל",false,,39.90,5.3200,true,1,67887
7290108620108,false,יין אימפריאל קברנה ס,יקבי ציון,IL,יין אימפריאל קברנה ס,מיליליטרים,700.00,"100 מ""ל",false,,29.90,4.2714,true,1,67881
7290108620153,false,יין אסטייט קברנה סמי,יקבי ציון,IL,יין אסטייט קברנה סמי,מיליליטרים,750.00,"100 מ""ל",false,,34.90,4.6533,true,1,67889
7290108620160,false,יין אימפריאל סוביניו,יקבי ציון,IL,יין אימפריאל סוביניו,מיליליטרים,750.00,"100 מ""ל",false,,29.90,3.9867,true,1,67890
7290108620177,false,יין פאלאס בלנד אדום,יקבי ציון,IL,יין פאלאס בלנד אדום,מיליליטרים,750.00,"100 מ""ל",false,,24.90,3.3200,true,1,67883
7290108620214,false,יין פאלאס בלנד לבן י,יקבי ציון,IL,יין פאלאס בלנד לבן י,מיליליטרים,750.00,"100 מ""ל",false,,24.90,3.3200,true,1,67884
7290108620245,false,מיץ ענבים תירוש לבן,יקבי ציון,IL,מיץ ענבים תירוש לבן,קילוגרמים,1.00,ליטר,false,,16.90,16.9000,true,1,75928
7290108620351,false,יין גן עדן מוסקט המב,יקבי ציון,IL,יין גן עדן מוסקט המב,מיליליטרים,750.00,"100 מ""ל",false,,19.90,2.6533,true,1,75925
7290108620368,false,יין גן עדן מוסקט אלכ,יקבי ציון,IL,יין גן עדן מוסקט אלכ,מיליליטרים,750.00,"100 מ""ל",false,,19.90,2.6533,true,1,75926
7290109351025,false,חומוסטחינה צבר 400 ג,צבר,IL,חומוסטחינה צבר 400 ג,גרמים,400.00,100 גרם,false,,13.90,3.4750,true,1,45038
7290109351971,false,פריכיות דגנים מצופות,אסם,IL,פריכיות דגנים מצופות,גרמים,84.00,100 גרם,false,,11.90,14.1667,true,1,56560
7290109352916,false,פריכיות דגנים מצופות,אסם,IL,פריכיות דגנים מצופות,גרמים,84.00,100 גרם,false,,11.90,14.1667,true,1,56559
7290109354057,false,שלגוני לה פרוטה תפוז,גלידות נסטלה,IL,שלגוני לה פרוטה תפוז,גרמים,350.00,100 גרם,false,,16.90,4.8286,true,1,48741
7290109354996,false,פתיבר שוקו ל.גלוטן א,אסם,IL,פתיבר שוקו ל.גלוטן א,גרמים,200.00,100 גרם,false,,8.90,4.4500,true,1,48743
7290109358482,false,עוגיות קרמוגית במילו,אסם,IL,עוגיות קרמוגית במילו,גרמים,200.00,100 גרם,false,,7.50,3.7500,true,1,60160
7290109358765,false,דגני בוקר קראנצ רולס,אסם,IL,דגני בוקר קראנצ רולס,גרמים,450.00,100 גרם,false,,19.90,4.4222,true,1,51882
7290109580043,false,שניצל תירס זוגלובק 1,זוגלובק,IL,שניצל תירס זוגלובק 1,פריט,1.75,"ק""ג",false,,49.90,28.5143,true,1,68807
7290109580098,false,קבנוס בטעם סרירצ'ה ז,זוגלובק,IL,קבנוס בטעם סרירצ'ה ז,גרמים,135.00,100 גרם,false,,9.90,7.3333,true,1,76630
7290109580104,false,רוסטביף זוגלובק 150,זוגלובק,IL,רוסטביף זוגלובק 150,גרמים,150.00,100 גרם,false,,19.90,13.2667,true,1,71285
7290109580111,false,צלעות אסאדו מעושנות,זוגלובק,IL,צלעות אסאדו מעושנות,גרמים,120.00,100 גרם,false,,19.90,16.5833,true,1,76629
7290109580135,false,קורנדביף זוגלובק 180,זוגלובק,IL,קורנדביף זוגלובק 180,גרמים,180.00,100 גרם,false,,19.90,11.0556,true,1,71287
7290109580142,false,נקניקיות מן הצומח זו,זוגלובק,IL,נקניקיות מן הצומח זו,פריט,1.75,"ק""ג",false,,49.90,28.5143,true,1,72250
7290109580166,false,סלמי סרוולד זוגלובק,זוגלובק,IL,סלמי סרוולד זוגלובק,גרמים,150.00,100 גרם,false,,19.90,13.2667,true,1,71289
7290109580210,false,נקניקיות ריינהולדס ה,זוגלובק,IL,נקניקיות ריינהולדס ה,גרמים,300.00,100 גרם,false,,19.90,6.6333,true,1,77385
7290109580227,false,נקניקיות ריינהולדס ק,זוגלובק,IL,נקניקיות ריינהולדס ק,גרמים,300.00,100 גרם,false,,19.90,6.6333,true,1,77386
7290109580241,false,נאגטס שניצלונים מן ה,זוגלובק,IL,נאגטס שניצלונים מן ה,גרמים,500.00,100 גרם,false,,19.90,3.9800,true,1,78288
7290109580258,false,מארז חרמון כפרית וסל,זוגלובק,IL,מארז חרמון כפרית וסל,גרמים,600.00,100 גרם,false,,25.90,4.3167,true,1,78289
7290109580302,false,מארז תה מעושן וחרמון,זוגלובק,IL,מארז תה מעושן וחרמון,גרמים,700.00,100 גרם,false,,25.90,3.7000,true,1,79021
7290109580326,false,נקניקיות עוף זוגלובק,זוגלובק,IL,נקניקיות עוף זוגלובק,גרמים,800.00,100 גרם,false,,22.90,2.8625,true,1,79022
7290109580357,false,מארז חרמון וברביקיו,זוגלובק,IL,מארז חרמון וברביקיו,גרמים,600.00,100 גרם,false,,25.90,4.3167,true,1,79023
7290109580449,false,סלמי בטעם כמהין זוגל,זוגלובק,IL,סלמי בטעם כמהין זוגל,גרמים,180.00,100 גרם,false,,19.90,11.0556,true,1,78161
7290110000479,false,פריכיות אורז ללא מלח,בטר אנד דיפרנט,IL,פריכיות אורז ללא מלח,גרמים,210.00,100 גרם,false,,7.90,3.7619,true,1,58808
7290110000486,false,פריכיות אורז עם כוסמ,בטר אנד דיפרנט,IL,פריכיות אורז עם כוסמ,גרמים,210.00,100 גרם,false,,7.90,3.7619,true,1,58809
7290110000967,false,ממתיק נוזלי מתוקל 39,עין חרוד,IL,ממתיק נוזלי מתוקל 39,גרמים,390.00,100 גרם,false,,14.90,3.8205,true,1,64966
7290110001315,false,מיכל חלבי 2 ליטר 4 י,בטר אנד דיפרנט,IL,מיכל חלבי 2 ליטר 4 י,Unknown,0.00,יחידה,false,,14.90,0.0000,true,1,73204
7290110001612,false,ממתיק צמחי אריתריטול,בטר אנד דיפרנט,IL,ממתיק צמחי אריתריטול,פריט,1.00,"ק""ג",false,,39.90,39.9000,true,1,76618
7290110002206,false,שמן קוקוס מזוכך ב.ד.,בטר אנד דיפרנט,IL,שמן קוקוס מזוכך ב.ד.,מיליליטרים,500.00,"100 מ""ל",false,,19.90,3.9800,true,1,77341
7290110110277,false,סיידר תפוחים סומרסבי,קרלסברג יבוא יצוא,RO,סיידר תפוחים סומרסבי,קילוגרמים,1.98,ליטר,false,,24.90,12.5758,true,1,72638
7290110110369,false,מארז בירה קרלסברג לו,קרלסברג ישראל,IL,מארז בירה קרלסברג לו,קילוגרמים,1.98,ליטר,false,,29.90,15.1010,true,1,68394
7290110110659,false,"ספרייט 330 מ""ל",קוקה קולה,IL,"ספרייט 330 מ""ל",מיליליטרים,330.00,"100 מ""ל",false,,2.90,0.8788,true,1,66622
7290110113377,false,מארז קוקה קולה 4*1 ל,קוקה קולה,IL,מארז קוקה קולה 4*1 ל,קילוגרמים,4.00,ליטר,false,,29.90,7.4750,true,1,78713
7290110113384,false,מארז קוקה קולה זירו,קוקה קולה,IL,מארז קוקה קולה זירו,קילוגרמים,4.00,ליטר,false,,29.90,7.4750,true,1,78714
7290110114787,false,נביעות מים בטעם תפוח,נביעות,IL,נביעות מים בטעם תפוח,קילוגרמים,1.50,ליטר,false,,8.40,5.6000,true,1,74872
7290110114794,false,נביעות מים בטעם אפרס,נביעות,IL,נביעות מים בטעם אפרס,קילוגרמים,1.50,ליטר,false,,8.40,5.6000,true,1,74873
7290110114800,false,נביעות מים בטעם ענבי,נביעות,IL,נביעות מים בטעם ענבי,קילוגרמים,1.50,ליטר,false,,8.40,5.6000,true,1,74874
7290110114855,false,מים נביעות 6*1.5 ליט,נביעות,IL,מים נביעות 6*1.5 ליט,קילוגרמים,9.00,ליטר,false,,12.90,1.4333,true,1,74876
7290110114954,false,מיץ תפוזים מתקתק פרי,גת,IL,מיץ תפוזים מתקתק פרי,קילוגרמים,2.00,ליטר,false,,19.90,9.9500,true,1,74858
7290110114961,false,פריגת תפוזים 1.5 ליט,פריגת,IL,פריגת תפוזים 1.5 ליט,קילוגרמים,1.50,ליטר,false,,8.80,5.8667,true,1,74877
7290110114985,false,פריגת אשכוליות 1.5 ל,פריגת,IL,פריגת אשכוליות 1.5 ל,קילוגרמים,1.50,ליטר,false,,8.80,5.8667,true,1,74879
7290110114992,false,פריגת אשכוליות דיאט,פריגת,IL,פריגת אשכוליות דיאט,קילוגרמים,1.50,ליטר,false,,8.80,5.8667,true,1,74880
7290110115005,false,פריגת ענבים 1.5 ליטר,פריגת,IL,פריגת ענבים 1.5 ליטר,קילוגרמים,1.50,ליטר,false,,8.80,5.8667,true,1,74881
7290110115036,false,פריגת מנגו 1.5 ליטר,פריגת,IL,פריגת מנגו 1.5 ליטר,קילוגרמים,1.50,ליטר,false,,8.80,5.8667,true,1,74884
7290110115043,false,פריגת לימונענע 1.5 ל,פריגת,IL,פריגת לימונענע 1.5 ל,קילוגרמים,1.50,ליטר,false,,8.80,5.8667,true,1,74885
7290110115050,false,פריגת מיקס תות בננה,פריגת,IL,פריגת מיקס תות בננה,קילוגרמים,1.50,ליטר,false,,8.80,5.8667,true,1,74886
7290110115081,false,פריגת צלול ענבים 1.5,פריגת,IL,פריגת צלול ענבים 1.5,קילוגרמים,1.50,ליטר,false,,8.20,5.4667,true,1,74890
7290110115104,false,פריגת צלול אפרסק 1.5,פריגת,IL,פריגת צלול אפרסק 1.5,קילוגרמים,1.50,ליטר,false,,8.20,5.4667,true,1,74891
7290110115111,false,פריגת צלול אננס 1.5,פריגת,IL,פריגת צלול אננס 1.5,קילוגרמים,1.50,ליטר,false,,8.20,5.4667,true,1,74892
7290110115128,false,פריגת צלול לימונענע,פריגת,IL,פריגת צלול לימונענע,קילוגרמים,1.50,ליטר,false,,8.20,5.4667,true,1,74893
7290110115180,false,מים נביעות 1.5 ליטר,נביעות,IL,מים נביעות 1.5 ליטר,קילוגרמים,1.50,ליטר,false,,1.90,1.2667,true,1,75340
7290110115203,false,קוקה קולה 1.5 ליטר,קוקה קולה,IL,קוקה קולה 1.5 ליטר,קילוגרמים,1.50,ליטר,false,,8.90,5.9333,true,1,74894
7290110115227,false,קוקה קולה זירו 1.5 ל,קוקה קולה,IL,קוקה קולה זירו 1.5 ל,קילוגרמים,1.50,ליטר,false,,8.90,5.9333,true,1,74896
7290110115234,false,קוקה קולה זירו נטול,החברה המרכזית לייצור,IL,קוקה קולה זירו נטול,קילוגרמים,1.50,ליטר,false,,8.90,5.9333,true,1,74897
7290110115241,false,קוקה קולה זירו לימון,החברה המרכזית לייצור,IL,קוקה קולה זירו לימון,קילוגרמים,1.50,ליטר,false,,8.90,5.9333,true,1,74898
7290110115265,false,ספרייט למון ליים 1.5,החברה המרכזית לייצור,IL,ספרייט למון ליים 1.5,קילוגרמים,1.50,ליטר,false,,8.90,5.9333,true,1,74902
7290110115272,false,ספרייט זירו 1.5 ליטר,החברה המרכזית לייצור,IL,ספרייט זירו 1.5 ליטר,קילוגרמים,1.50,ליטר,false,,8.90,5.9333,true,1,74903
7290110115289,false,ספרייט לימון נענע 1.,קוקה קולה,IL,ספרייט לימון נענע 1.,קילוגרמים,1.50,ליטר,false,,8.90,5.9333,true,1,74906
7290110115302,false,פאנטה אורנג זירו 1.5,קוקה קולה,IL,פאנטה אורנג זירו 1.5,קילוגרמים,1.50,ליטר,false,,8.20,5.4667,true,1,74908
7290110115319,false,פאנטה אקזוטיק 1.5 לי,קוקה קולה,IL,פאנטה אקזוטיק 1.5 לי,קילוגרמים,1.50,ליטר,false,,8.20,5.4667,true,1,74912
7290110115340,false,פאנטה ענבים 1.5 ליטר,קוקה קולה,IL,פאנטה ענבים 1.5 ליטר,קילוגרמים,1.50,ליטר,false,,8.20,5.4667,true,1,74915
7290110115364,false,מארז קוקה קולה 6*1.5,קוקה קולה,IL,מארז קוקה קולה 6*1.5,קילוגרמים,9.00,ליטר,false,,49.90,5.5444,true,1,74900
7290110115388,false,מארז ספרייט ליים 6*1,קוקה קולה,IL,מארז ספרייט ליים 6*1,קילוגרמים,9.00,ליטר,false,,44.90,4.9889,true,1,74909
7290110115395,false,מארז ספרייט זירו 6*1,החברה המרכזית לייצור,IL,מארז ספרייט זירו 6*1,קילוגרמים,9.00,ליטר,false,,42.90,4.7667,true,1,74910
7290110115401,false,מארז סודה קינלי 6 *1,קוקה קולה,IL,מארז סודה קינלי 6 *1,קילוגרמים,9.00,ליטר,false,,14.90,1.6556,true,1,74916
7290110115418,false,מארז קוקה קולה זירו,קוקה קולה,IL,מארז קוקה קולה זירו,קילוגרמים,9.00,ליטר,false,,46.90,5.2111,true,1,74901
7290110115425,false,פיוז תה ירוק לימון נ,FUZE TEA,IL,פיוז תה ירוק לימון נ,קילוגרמים,1.50,ליטר,false,,8.90,5.9333,true,1,74918
7290110115449,false,פיוז תה אננס 1.5 ליט,FUZE TEA,IL,פיוז תה אננס 1.5 ליט,קילוגרמים,1.50,ליטר,false,,8.90,5.9333,true,1,74919
7290110115456,false,פיוז תה אפרסק מופחת,FUZE TEA,IL,פיוז תה אפרסק מופחת,קילוגרמים,1.50,ליטר,false,,8.90,5.9333,true,1,74920
7290110115463,false,פיוז תה אפרסק 1.5 לי,FUZE TEA,IL,פיוז תה אפרסק 1.5 לי,קילוגרמים,1.50,ליטר,false,,8.90,5.9333,true,1,74921
7290110115494,false,פיוז תה ענבים 1.5 לי,FUZE TEA,IL,פיוז תה ענבים 1.5 לי,קילוגרמים,1.50,ליטר,false,,8.90,5.9333,true,1,74924
7290110115586,false,פריגת תפוזים 40% פחו,פריגת,IL,פריגת תפוזים 40% פחו,קילוגרמים,1.50,ליטר,false,,8.80,5.8667,true,1,74887
7290110115593,false,פריגת אשכוליות 40% פ,פריגת,IL,פריגת אשכוליות 40% פ,קילוגרמים,1.50,ליטר,false,,8.80,5.8667,true,1,74888
7290110115616,false,פיוז תה זירו גרין אנ,FUZE TEA,IL,פיוז תה זירו גרין אנ,קילוגרמים,1.50,ליטר,false,,8.90,5.9333,true,1,75773
7290110115623,false,פיוז תה זירו אפרסק 1,FUZE TEA,IL,פיוז תה זירו אפרסק 1,קילוגרמים,1.50,ליטר,false,,8.90,5.9333,true,1,75774
7290110116064,false,פאנטה אננס מנגו זירו,קוקה קולה,IL,פאנטה אננס מנגו זירו,קילוגרמים,1.50,ליטר,false,,8.20,5.4667,true,1,79020
7290110116125,false,סירופ בטעם פטל במתיק,סירופ גבעת חיים,IL,סירופ בטעם פטל במתיק,מיליליטרים,750.00,"100 מ""ל",false,,19.90,2.6533,true,1,79087
7290110116132,false,סירופ בטעם לימון פרי,סירופ גבעת חיים,IL,סירופ בטעם לימון פרי,מיליליטרים,750.00,"100 מ""ל",false,,19.90,2.6533,true,1,79088
7290110116149,false,סירופ בטעם ענבים במת,סירופ גבעת חיים,IL,סירופ בטעם ענבים במת,מיליליטרים,750.00,"100 מ""ל",false,,19.90,2.6533,true,1,79089
7290110116194,false,נביעות 0 קלוריות מים,נביעות,IL,נביעות 0 קלוריות מים,קילוגרמים,1.50,ליטר,false,,8.40,5.6000,true,1,79121
7290110116217,false,נביעות 0 קלוריות מים,נביעות,IL,נביעות 0 קלוריות מים,קילוגרמים,1.50,ליטר,false,,8.40,5.6000,true,1,79122
7290110116392,false,סירופ בטעם תפוזים פר,סירופ גבעת חיים,IL,סירופ בטעם תפוזים פר,מיליליטרים,750.00,"100 מ""ל",false,,19.90,2.6533,true,1,79090
7290110116552,false,ספרייט למון היט 1.5,החברה המרכזית לייצור,IL,ספרייט למון היט 1.5,קילוגרמים,1.50,ליטר,false,,7.90,5.2667,true,1,79939
7290110116569,false,ספרייט זירו לימון הי,החברה המרכזית לייצור,IL,ספרייט זירו לימון הי,קילוגרמים,1.50,ליטר,false,,8.90,5.9333,true,1,79937
7290110320867,false,גבינה מגורדת עמק 500,תנובה מרכז שיתופי לש,IL,גבינה מגורדת עמק 500,גרמים,500.00,100 גרם,false,,28.90,5.7800,true,1,54409
7290110320935,false,גבינת מוצרלה פרוסות,תנובה מרכז שיתופי לש,IL,גבינת מוצרלה פרוסות,גרמים,150.00,100 גרם,false,,15.90,10.6000,true,1,54411
7290110321277,false,קוטג בקטנה  5% תנובה,תנובה מרכז שיתופי לש,IL,קוטג בקטנה  5% תנובה,גרמים,100.00,100 גרם,false,,1.00,1.0000,true,1,71242
7290110321284,false,קוטג בקטנה  9% תנובה,תנובה מרכז שיתופי לש,IL,קוטג בקטנה  9% תנובה,גרמים,100.00,100 גרם,false,,2.50,2.5000,true,1,71243
7290110322014,false,טופו בטעם טבעי אלטרנ,תנובה,IL,טופו בטעם טבעי אלטרנ,גרמים,300.00,100 גרם,false,,11.80,3.9333,true,1,69400
7290110322021,false,טופו בטעם בזיליקום א,תנובה,IL,טופו בטעם בזיליקום א,גרמים,300.00,100 גרם,false,,11.80,3.9333,true,1,69402
7290110322038,false,טופו פיקנטי אלטרנטיב,תנובה,IL,טופו פיקנטי אלטרנטיב,גרמים,300.00,100 גרם,false,,11.80,3.9333,true,1,69403
7290110323714,false,משקה קוקוס שקדים אלט,סוי מגיק,IL,משקה קוקוס שקדים אלט,קילוגרמים,1.00,ליטר,false,,11.60,11.6000,true,1,60017
7290110324070,false,גבינת חלומי 30% פירא,תנובה,IL,גבינת חלומי 30% פירא,גרמים,200.00,100 גרם,false,,16.90,8.4500,true,1,71986
7290110324551,false,מארז יופלה טיוב תות,תנובה,IL,מארז יופלה טיוב תות,גרמים,348.00,100 גרם,false,,9.90,2.8448,true,1,61197
7290110324711,false,ממרח סויה בטעם טבעי,תנובה,IL,ממרח סויה בטעם טבעי,גרמים,250.00,100 גרם,false,,7.90,3.1600,true,1,63942
7290110324728,false,ממרח סויה עם שום שמי,תנובה,IL,ממרח סויה עם שום שמי,גרמים,250.00,100 גרם,false,,7.90,3.1600,true,1,63944
7290110324858,false,מעדן שקדים אגוזי לוז,תנובה,IL,מעדן שקדים אגוזי לוז,גרמים,125.00,100 גרם,false,,3.90,3.1200,true,1,64450
7290110324926,false,משקה סויה ללא תוספת,תנובה מרכז שיתופי לש,IL,משקה סויה ללא תוספת,קילוגרמים,1.00,ליטר,false,,9.90,9.9000,true,1,64073
7290110325169,false,פרוסות גאודה תנובה 1,תנובה,IL,פרוסות גאודה תנובה 1,גרמים,170.00,100 גרם,false,,16.90,9.9412,true,1,66326
7290110325510,false,מארז יופלה טיוב וניל,תנובה,IL,מארז יופלה טיוב וניל,גרמים,348.00,100 גרם,false,,9.90,2.8448,true,1,64591
7290110325619,false,משקה שיבולת שועל אלט,תנובה מרכז שיתופי לש,IL,משקה שיבולת שועל אלט,קילוגרמים,1.00,ליטר,false,,11.60,11.6000,true,1,64688
7290110325893,false,משקה GO אייס קפה 27,תנובה מרכז שיתופי לש,IL,משקה GO אייס קפה 27,מיליליטרים,340.00,"100 מ""ל",false,,6.90,2.0294,true,1,67445
7290110326210,false,יופלה און טופ פצפוצי,תנובה מרכז שיתופי לש,IL,יופלה און טופ פצפוצי,גרמים,157.00,100 גרם,false,,4.70,2.9936,true,1,66329
7290110326227,false,יופלה און טופ קורנפל,תנובה מרכז שיתופי לש,IL,יופלה און טופ קורנפל,גרמים,157.00,100 גרם,false,,4.70,2.9936,true,1,66332
7290110326234,false,יופלה און טופ כוכבים,תנובה מרכז שיתופי לש,IL,יופלה און טופ כוכבים,גרמים,157.00,100 גרם,false,,4.70,2.9936,true,1,66330
7290110327033,false,משקה סויה מועשר בחלב,דגי תנובה,IL,משקה סויה מועשר בחלב,קילוגרמים,1.00,ליטר,false,,11.60,11.6000,true,1,68286
7290110327545,false,יופלה און טופ תות ופ,תנובה מרכז שיתופי לש,IL,יופלה און טופ תות ופ,גרמים,157.00,100 גרם,false,,4.70,2.9936,true,1,70090
7290110328016,false,משקה סויה מועשר בטעם,תנובה מרכז שיתופי לש,IL,משקה סויה מועשר בטעם,מיליליטרים,250.00,"100 מ""ל",false,,5.90,2.3600,true,1,71367
7290110328504,false,טריו פתיתים מיקס 3 ג,תנובה מרכז שיתופי לש,IL,טריו פתיתים מיקס 3 ג,גרמים,300.00,100 גרם,false,,23.90,7.9667,true,1,71862
7290110328610,false,משקה אורז ושקדים ברי,תנובה,IL,משקה אורז ושקדים ברי,קילוגרמים,1.00,ליטר,false,,11.60,11.6000,true,1,78336
7290110328627,false,יוגורט גו יופלה סמיך,תנובה מרכז שיתופי לש,IL,יוגורט גו יופלה סמיך,גרמים,200.00,100 גרם,false,,5.50,2.7500,true,1,72991
7290110328641,false,טופו טבעי אלטרנטיב 2,תנובה,IL,טופו טבעי אלטרנטיב 2,גרמים,500.00,100 גרם,false,,16.90,3.3800,true,1,78617
7290110328764,false,יוגורט גו יופלה סמיך,תנובה מרכז שיתופי לש,IL,יוגורט גו יופלה סמיך,גרמים,200.00,100 גרם,false,,5.50,2.7500,true,1,72992
7290110328771,false,יוגורט גו יופלה סמיך,תנובה מרכז שיתופי לש,IL,יוגורט גו יופלה סמיך,גרמים,200.00,100 גרם,false,,5.50,2.7500,true,1,72993
7290110328788,false,יוגורט גו יופלה סמיך,תנובה מרכז שיתופי לש,IL,יוגורט גו יופלה סמיך,גרמים,200.00,100 גרם,false,,5.50,2.7500,true,1,72994
7290110329143,false,מעדן חלב גו 12 מועשר,תנובה מרכז שיתופי לש,IL,מעדן חלב גו 12 מועשר,גרמים,120.00,100 גרם,false,,4.50,3.7500,true,1,75416
7290110329211,false,מארז יופלה מחית תות/,תנובה מרכז שיתופי לש,IL,מארז יופלה מחית תות/,קילוגרמים,1.20,ליטר,false,,25.90,21.5833,true,1,75787
7290110329303,false,פרוסות צהובה קלאסית,תנובה,IL,פרוסות צהובה קלאסית,גרמים,200.00,100 גרם,false,,19.90,9.9500,true,1,78615
7290110329686,false,משקה GO בטעם עוגיות,תנובה מרכז שיתופי לש,IL,משקה GO בטעם עוגיות,מיליליטרים,340.00,"100 מ""ל",false,,6.90,2.0294,true,1,78616
7290110329716,false,משקה קפה קר בטעם קפו,תנובה מרכז שיתופי לש,IL,משקה קפה קר בטעם קפו,מיליליטרים,230.00,"100 מ""ל",false,,5.90,2.5652,true,1,77942
7290110329723,false,משקה קפה קר בטעם לאט,תנובה מרכז שיתופי לש,IL,משקה קפה קר בטעם לאט,מיליליטרים,230.00,"100 מ""ל",false,,5.90,2.5652,true,1,77943
7290110329730,false,משקה קפה קר בטעם לאט,תנובה מרכז שיתופי לש,IL,משקה קפה קר בטעם לאט,מיליליטרים,230.00,"100 מ""ל",false,,5.90,2.5652,true,1,77944
7290110329792,false,מעדן סויה ביו אפרסק,תנובה,IL,מעדן סויה ביו אפרסק,גרמים,150.00,100 גרם,false,,4.40,2.9333,true,1,75791
7290110329808,false,מעדן סויה ביו תות אל,תנובה,IL,מעדן סויה ביו תות אל,גרמים,150.00,100 גרם,false,,4.40,2.9333,true,1,75792
7290110329815,false,מעדן סויה ביו מתיקות,תנובה,IL,מעדן סויה ביו מתיקות,גרמים,150.00,100 גרם,false,,4.40,2.9333,true,1,75793
7290110329822,false,מעדן סויה ביו פירות,תנובה,IL,מעדן סויה ביו פירות,גרמים,150.00,100 גרם,false,,4.40,2.9333,true,1,75794
7290110329846,false,מעדן סויה ביו טבעי א,תנובה,IL,מעדן סויה ביו טבעי א,גרמים,150.00,100 גרם,false,,4.40,2.9333,true,1,75790
7290110329914,false,משקה ביו שיבולת שועל,תנובה מרכז שיתופי לש,IL,משקה ביו שיבולת שועל,מיליליטרים,600.00,"100 מ""ל",false,,17.90,2.9833,true,1,78662
7290110550219,false,מטבעות שוקולד לבן לא,שטראוס,IL,מטבעות שוקולד לבן לא,גרמים,400.00,100 גרם,false,,24.90,6.2250,true,1,77752
7290110550226,false,מטבעות שוקולד מריר ל,שטראוס,IL,מטבעות שוקולד מריר ל,גרמים,400.00,100 גרם,false,,24.90,6.2250,true,1,77753
7290110552121,false,דנונה היוגורט הראשון,תנובה מרכז שיתופי לש,IL,דנונה היוגורט הראשון,גרמים,100.00,100 גרם,false,,2.20,2.2000,true,1,77806
7290110552220,false,דנונה פרו 20 תות ללא,שטראוס,IL,דנונה פרו 20 תות ללא,גרמים,200.00,100 גרם,false,,4.90,2.4500,true,1,75707
7290110552237,false,דנונה פרו 20 אפרסק ו,שטראוס,IL,דנונה פרו 20 אפרסק ו,גרמים,200.00,100 גרם,false,,4.90,2.4500,true,1,75708
7290110552817,false,מסטיק מאסט צנצנת בטע,שטראוס,IL,מסטיק מאסט צנצנת בטע,גרמים,58.00,100 גרם,false,,8.90,15.3448,true,1,78663
7290110554422,false,רוטב עגבניות ופלפלים,אימילאנה,IT,רוטב עגבניות ופלפלים,גרמים,350.00,100 גרם,false,,10.80,3.0857,true,1,78975
7290110554583,false,מארז צ'יטוס בטעם גבי,שטראוס,IL,מארז צ'יטוס בטעם גבי,גרמים,200.00,100 גרם,false,,11.50,5.7500,true,1,75877
7290110554729,false,קפסולות עלית מס 04 ל,שטראוס קפה בי.וי,IL,קפסולות עלית מס 04 ל,Unknown,0.00,יחידה,false,,15.50,0.0000,true,1,77559
7290110554798,false,פולי קפה ארומטיים בק,שטראוס קפה בי.וי,IL,פולי קפה ארומטיים בק,גרמים,250.00,100 גרם,false,,19.90,7.9600,true,1,79998
7290110555009,false,מחית עגבניות פסאטה י,אימילאנה,IT,מחית עגבניות פסאטה י,גרמים,700.00,100 גרם,false,,9.90,1.4143,true,1,78667
7290110555306,false,גלילי ופל רבע לשבע ס,שטראוס גרופ,IL,גלילי ופל רבע לשבע ס,גרמים,125.00,100 גרם,false,,9.90,7.9200,true,1,78337
7290110556242,false,שוקולד פרה מריר 100,עלית,IL,שוקולד פרה מריר 100,גרמים,100.00,100 גרם,false,,4.90,4.9000,true,1,79139
7290110557027,false,חומוס עשיר ב50% טחינ,שטראוס,IL,חומוס עשיר ב50% טחינ,גרמים,400.00,100 גרם,false,,11.90,2.9750,true,1,75407
7290110557102,false,מעדן חלב עם שוקולד פ,שטראוס,IL,מעדן חלב עם שוקולד פ,גרמים,150.00,100 גרם,false,,4.90,3.2667,true,1,74367
7290110557133,false,מעדן הגולן וניל 125,שטראוס,IL,מעדן הגולן וניל 125,מיליליטרים,125.00,"100 מ""ל",false,,2.50,2.0000,true,1,74701
7290110557317,false,דנונה היוגורט הראשון,תנובה מרכז שיתופי לש,IL,דנונה היוגורט הראשון,גרמים,100.00,100 גרם,false,,2.20,2.2000,true,1,77807
7290110557478,false,חומוס גלילי אחלה 600,שטראוס,IL,חומוס גלילי אחלה 600,גרמים,600.00,100 גרם,false,,11.90,1.9833,true,1,76699
7290110558130,false,יוגורט אקטיביה עם שי,שטראוס,IL,יוגורט אקטיביה עם שי,גרמים,150.00,100 גרם,false,,4.50,3.0000,true,1,78181
7290110558154,false,דנונה לייט אנד פרי ב,שטראוס,IL,דנונה לייט אנד פרי ב,גרמים,150.00,100 גרם,false,,4.50,3.0000,true,1,78671
7290110558222,false,דנונה WOW עם שכבה בט,שטראוס,IL,דנונה WOW עם שכבה בט,מיליליטרים,150.00,"100 מ""ל",false,,3.90,2.6000,true,1,78673
7290110558239,false,דנונה WOW עם שכבה בט,שטראוס,IL,דנונה WOW עם שכבה בט,מיליליטרים,150.00,"100 מ""ל",false,,3.90,2.6000,true,1,78674
7290110558253,false,משקה דנונה ריפרש בננ,שטראוס גרופ,IL,משקה דנונה ריפרש בננ,גרמים,250.00,100 גרם,false,,3.90,1.5600,true,1,78182
7290110558314,false,דנונה פרו 20 בטעם פי,שטראוס,IL,דנונה פרו 20 בטעם פי,גרמים,200.00,100 גרם,false,,4.90,2.4500,true,1,78670
7290110558666,false,דניאלה בטעם תפוח 88,שטראוס,IL,דניאלה בטעם תפוח 88,גרמים,88.00,100 גרם,false,,3.90,4.4318,true,1,79666
7290110559748,false,מאגדת ריל אנרג'י שקד,ואמואליס פודס,GR,מאגדת ריל אנרג'י שקד,גרמים,105.00,100 גרם,false,,15.90,15.1429,true,1,78342
7290110559755,false,מאגדת ריל אנרג'י בוט,ואמואליס פודס,GR,מאגדת ריל אנרג'י בוט,גרמים,105.00,100 גרם,false,,15.90,15.1429,true,1,78343
7290110559762,false,מאגדת ריל אנרג'י אגו,ואמואליס פודס,GR,מאגדת ריל אנרג'י אגו,גרמים,105.00,100 גרם,false,,15.90,15.1429,true,1,78341
7290110560300,false,פריכיות אנרג'י משולש,פרח תעשיות,IL,פריכיות אנרג'י משולש,Unknown,0.00,יחידה,false,,4.90,0.0000,true,1,68327
7290110560317,false,פריכיות אנרג'י משולש,פרח תעשיות,IL,פריכיות אנרג'י משולש,Unknown,0.00,יחידה,false,,4.90,0.0000,true,1,68328
7290110560324,false,פריכיות אנרג'י משולש,פרח תעשיות,IL,פריכיות אנרג'י משולש,Unknown,0.00,יחידה,false,,4.90,0.0000,true,1,68329
7290110561352,false,דנונה דל לקטוז בתוספ,שטראוס גרופ,IL,דנונה דל לקטוז בתוספ,גרמים,200.00,100 גרם,false,,3.90,1.9500,true,1,73246
7290110561604,false,מארז גמדים תות בננה,שטראוס,IL,מארז גמדים תות בננה,גרמים,800.00,100 גרם,false,,17.90,2.2375,true,1,56071
7290110563462,false,חלב מועשר נטול לקטוז,שטראוס,IL,חלב מועשר נטול לקטוז,קילוגרמים,1.00,ליטר,false,,7.80,7.8000,true,1,64967
7290110564339,false,חומוס עשיר ב30% טחינ,שטראוס,IL,חומוס עשיר ב30% טחינ,גרמים,400.00,100 גרם,false,,11.90,2.9750,true,1,56059
7290110564360,false,חומוס עשיר ב40% טחינ,שטראוס,IL,חומוס עשיר ב40% טחינ,גרמים,400.00,100 גרם,false,,11.90,2.9750,true,1,56058
7290110564414,false,חומוס עשיר ב 30% טחי,שטראוס,IL,חומוס עשיר ב 30% טחי,גרמים,600.00,100 גרם,false,,11.90,1.9833,true,1,56055
7290110565527,false,דנונה פרו טבעי 1.5%,שטראוס,IL,דנונה פרו טבעי 1.5%,גרמים,200.00,100 גרם,false,,4.90,2.4500,true,1,54972
7290110565572,false,קפה טורקי  הל לדרך 2,שטראוס קפה בי.וי,IL,קפה טורקי  הל לדרך 2,גרמים,168.00,100 גרם,false,,16.90,10.0595,true,1,79141
7290110566043,false,משקה יוגורט 4% שטראו,בר בכפר די אנד די,IL,משקה יוגורט 4% שטראו,פריט,3.00,"ק""ג",false,,26.90,8.9667,true,1,57071
7290110566623,false,קפסולות עלית קולומבי,שטראוס קפה בי.וי,IL,קפסולות עלית קולומבי,Unknown,0.00,יחידה,false,,15.50,0.0000,true,1,57556
7290110566975,false,דנונה פרו תות 0% 200,שטראוס,IL,דנונה פרו תות 0% 200,גרמים,200.00,100 גרם,false,,4.90,2.4500,true,1,56964
7290110568238,false,קצפת צמחית במתיקות מ,יטבתה,IL,קצפת צמחית במתיקות מ,מיליליטרים,250.00,"100 מ""ל",false,,7.90,3.1600,true,1,71303
7290110568511,false,קונפיטורה פירות יער,יד מרדכי,IL,קונפיטורה פירות יער,גרמים,265.00,100 גרם,false,,12.90,4.8679,true,1,70049
7290110568559,false,מארז דוריטוס חמוץ חר,שטראוס גרופ,IL,מארז דוריטוס חמוץ חר,גרמים,250.00,100 גרם,false,,10.90,4.3600,true,1,57437
7290110568566,false,מארז דוריטוס גריל 10,שטראוס גרופ,IL,מארז דוריטוס גריל 10,גרמים,250.00,100 גרם,false,,10.90,4.3600,true,1,57436
7290110571382,false,מעדן חלב בטעם וניל פ,שטראוס,IL,מעדן חלב בטעם וניל פ,גרמים,150.00,100 גרם,false,,4.90,3.2667,true,1,78025
7290110571412,false,עוגיות מיני פינוקיות,עלית,IL,עוגיות מיני פינוקיות,גרמים,180.00,100 גרם,false,,9.90,5.5000,true,1,80258
7290110571535,false,מארז קפה טורקי הל על,שטראוס קפה בי.וי,IL,מארז קפה טורקי הל על,גרמים,300.00,100 גרם,false,,22.90,7.6333,true,1,77755
7290110572884,false,קפסולות עלית מס' 20,שטראוס קפה בי.וי,IL,קפסולות עלית מס' 20,גרמים,50.00,100 גרם,false,,15.50,31.0000,true,1,80198
7290110576752,false,שוקולד ספלנדיד מריר,עלית,,שוקולד ספלנדיד מריר,גרמים,100.00,100 גרם,false,,9.90,9.9000,true,1,80208
7290110576776,false,שוקולד ספלנדיד מריר,עלית,,שוקולד ספלנדיד מריר,גרמים,100.00,100 גרם,false,,9.90,9.9000,true,1,80209
7290110576790,false,מעדן גבינה בטעם מיקס,שטראוס,IL,מעדן גבינה בטעם מיקס,גרמים,125.00,100 גרם,false,,3.70,2.9600,true,1,79667
7290110577230,false,משקה חלב בטעם פיסטוק,שטראוס,IL,משקה חלב בטעם פיסטוק,קילוגרמים,1.00,ליטר,false,,11.50,11.5000,true,1,79663
7290111342042,false,כריות יפניות אנטיבקט,פלסטו פוליש,IL,כריות יפניות אנטיבקט,Unknown,0.00,יחידה,false,,9.90,0.0000,true,1,67319
7290111342226,false,תחבושות לילי לילה +,אונטקס,ES,תחבושות לילי לילה +,Unknown,0.00,יחידה,false,,23.90,0.0000,true,1,65764
7290111343858,false,מטליות לחות אנטיבקטר,עלבד משואות יצחק,IL,מטליות לחות אנטיבקטר,Unknown,0.00,יחידה,false,,9.90,0.0000,true,1,67321
7290111344077,false,מטליות לחות אנטיבקטר,עלבד משואות יצחק,IL,מטליות לחות אנטיבקטר,Unknown,0.00,יחידה,false,,19.90,0.0000,true,1,67322
7290111344206,false,מגבונים האגיס 4*64 י,חוגלה קימברלי,IL,מגבונים האגיס 4*64 י,Unknown,0.00,יחידה,false,,18.90,0.0000,true,1,74570
7290111344558,false,שקיות אשפה לפחים גדו,חוגלה קימברלי,IL,שקיות אשפה לפחים גדו,Unknown,0.00,יחידה,false,,29.90,0.0000,true,1,73744
7290111344831,false,מגן תחתון קוטקס אקסט,חוגלה קימברלי,CN,מגן תחתון קוטקס אקסט,Unknown,0.00,יחידה,false,,15.90,0.0000,true,1,74977
7290111344855,false,מגן תחתון קוטקס אקסט,חוגלה קימברלי,CN,מגן תחתון קוטקס אקסט,Unknown,0.00,יחידה,false,,15.90,0.0000,true,1,74976
7290111345814,false,נייר טואלט לילי נטור,קימברלי קלארק,IL,נייר טואלט לילי נטור,מטרים,517.00,מטר,false,,32.90,0.0636,true,1,75540
7290111345890,false,נייר טואלט מולט 24 ג,חוגלה קימברלי,IL,נייר טואלט מולט 24 ג,Unknown,0.00,יחידה,false,,49.90,0.0000,true,1,77663
7290111345982,false,דפי ספוגית הקסם ניקו,חוגלה קימברלי,IL,דפי ספוגית הקסם ניקו,Unknown,0.00,יחידה,false,,9.90,0.0000,true,1,77661
7290111346088,false,נייר טואלט מולט 30 ג,חוגלה קימברלי,IL,נייר טואלט מולט 30 ג,מטרים,500.00,מטר,false,,28.90,0.0578,true,1,79900
7290111350047,false,תמר מגהול כבוש קליית,טעמי הגליל,IL,תמר מגהול כבוש קליית,גרמים,500.00,100 גרם,false,,9.90,1.9800,true,1,50949
7290111351723,false,פופקורן למיקרוגל טבע,פופז,US,פופקורן למיקרוגל טבע,פריט,1.10,"ק""ג",false,,19.90,18.0909,true,1,62763
7290111351754,false,פופקורן למיקרוגל חמא,פופז,US,פופקורן למיקרוגל חמא,פריט,1.10,"ק""ג",false,,19.90,18.0909,true,1,62764
7290111352966,false,סוכריות גומי ממולאות,סאאדת,TR,סוכריות גומי ממולאות,גרמים,250.00,100 גרם,false,,5.90,2.3600,true,1,67447
7290111352973,false,סוכריות קוביות חמוצו,סאאדת,TR,סוכריות קוביות חמוצו,גרמים,220.00,100 גרם,false,,5.90,2.6818,true,1,67448
7290111353055,false,סוכריות גומי דובונים,טופ גאם,IL,סוכריות גומי דובונים,גרמים,200.00,100 גרם,false,,7.90,3.9500,true,1,77369
7290111353123,false,סוכריות גומי נחשים י,טופ גאם,IL,סוכריות גומי נחשים י,גרמים,200.00,100 גרם,false,,7.90,3.9500,true,1,77370
7290111353208,false,פופקורן למיקרוגל טבע,פופז,US,פופקורן למיקרוגל טבע,פריט,1.10,"ק""ג",false,,19.90,18.0909,true,1,69222
7290111353239,false,סוכריות גומי יין יוג,טופ גאם,IL,סוכריות גומי יין יוג,גרמים,200.00,100 גרם,false,,7.90,3.9500,true,1,77371
7290111353246,false,סוכריות גומי מסוכרות,טופ גאם,IL,סוכריות גומי מסוכרות,גרמים,800.00,100 גרם,false,,15.90,1.9875,true,1,69133
7290111353475,false,סוכריות גומי שטיחים,סאאדת,TR,סוכריות גומי שטיחים,גרמים,200.00,100 גרם,false,,5.90,2.9500,true,1,70583
7290111534010,false,עוגת מוס גבינה פירור,קפולסקי אדל בעמ,IL,עוגת מוס גבינה פירור,גרמים,450.00,100 גרם,false,,35.90,7.9778,true,1,51482
7290111564239,false,שלגוני מיני קראנצ ונ,גלידות נסטלה,IL,שלגוני מיני קראנצ ונ,גרמים,275.00,100 גרם,false,,22.50,8.1818,true,1,55746
7290111564277,false,פריכיות דקות 3 דגנים,פרח תעשיות,IL,פריכיות דקות 3 דגנים,גרמים,120.00,100 גרם,false,,9.90,8.2500,true,1,58172
7290111564291,false,פריכיות דקות עם קינו,פרח תעשיות,IL,פריכיות דקות עם קינו,גרמים,120.00,100 גרם,false,,9.90,8.2500,true,1,58171
7290111564727,false,עוגיות שוקו קרם אגוז,אסם,IL,עוגיות שוקו קרם אגוז,גרמים,200.00,100 גרם,false,,7.50,3.7500,true,1,55099
7290111565038,false,גלידה לה קרמריה וניל,גלידות נסטלה,IL,גלידה לה קרמריה וניל,קילוגרמים,1.40,ליטר,false,,16.90,12.0714,true,1,56437
7290111565083,false,מארז במבה 15*25 גרם,גבעול,IL,מארז במבה 15*25 גרם,גרמים,375.00,100 גרם,false,,17.90,4.7733,true,1,54403
7290111566103,false,פלאפל טבעול 590 גרם,טבעול ישראל,IL,פלאפל טבעול 590 גרם,גרמים,590.00,100 גרם,false,,29.90,5.0678,true,1,55084
7290111566240,false,שניצל דק צמחוני צילי,טבעול ישראל,IL,שניצל דק צמחוני צילי,גרמים,564.00,100 גרם,false,,29.90,5.3014,true,1,55078
7290111566271,false,חטיפי תירס טבעול 657,טבעול ישראל,IL,חטיפי תירס טבעול 657,גרמים,657.00,100 גרם,false,,29.90,4.5510,true,1,55076
7290111566318,false,שניצל דק צמחוני ביתי,טבעול ישראל,IL,שניצל דק צמחוני ביתי,גרמים,564.00,100 גרם,false,,29.90,5.3014,true,1,55077
7290111566332,false,נקניקיות וינר צמחוני,טבעול ישראל,IL,נקניקיות וינר צמחוני,גרמים,680.00,100 גרם,false,,29.90,4.3971,true,1,55079
7290111566417,false,טחון צמחוני טבעול 50,טבעול ישראל,IL,טחון צמחוני טבעול 50,גרמים,500.00,100 גרם,false,,29.90,5.9800,true,1,55092
7290111566547,false,חזה בגריל צמחוני טבע,טבעול ישראל,IL,חזה בגריל צמחוני טבע,גרמים,560.00,100 גרם,false,,29.90,5.3393,true,1,55090
7290111566561,false,שניצל ברוקולי 99 קלו,טבעול ישראל,IL,שניצל ברוקולי 99 קלו,גרמים,500.00,100 גרם,false,,29.90,5.9800,true,1,55086
7290111566585,false,שניצל צמחוני טבעול 6,טבעול ישראל,IL,שניצל צמחוני טבעול 6,גרמים,650.00,100 גרם,false,,29.90,4.6000,true,1,55089
7290111566714,false,המבורגר צמחוני טבעול,טבעול ישראל,IL,המבורגר צמחוני טבעול,גרמים,600.00,100 גרם,false,,29.90,4.9833,true,1,55088
7290111566752,false,שניצל תירס טבעול 693,טבעול ישראל,IL,שניצל תירס טבעול 693,גרמים,693.00,100 גרם,false,,29.90,4.3146,true,1,55085
7290111566776,false,נקניקיות קוקטייל צמח,טבעול ישראל,IL,נקניקיות קוקטייל צמח,גרמים,680.00,100 גרם,false,,29.90,4.3971,true,1,55080
7290111568206,false,ביסלי פארטי מיקס 150,אסם,IL,ביסלי פארטי מיקס 150,גרמים,150.00,100 גרם,false,,6.90,4.6000,true,1,56509
7290111568961,false,בייגלה טבעות עם מלח,אסם,IL,בייגלה טבעות עם מלח,גרמים,400.00,100 גרם,false,,8.90,2.2250,true,1,78819
7290111930799,false,קראנצוס בצל 55 גרם,מנה,IL,קראנצוס בצל 55 גרם,Unknown,0.00,יחידה,false,,1.90,0.0000,true,1,53640
7290111930805,false,קראנצוס ברבקיו 55 גר,מנה,IL,קראנצוס ברבקיו 55 גר,גרמים,55.00,100 גרם,false,,1.90,3.4545,true,1,53639
7290111930850,false,קראנצוס פיצה 55 גרם,מנה,IL,קראנצוס פיצה 55 גרם,גרמים,55.00,100 גרם,false,,1.90,3.4545,true,1,53638
7290111930997,false,פירורי לחם מוזהב מאס,מנה,IL,פירורי לחם מוזהב מאס,גרמים,800.00,100 גרם,false,,11.90,1.4875,true,1,54530
7290111932380,false,"משחת מרידול 2*75 מ""ל",,,"משחת מרידול 2*75 מ""ל",מיליליטרים,150.00,"100 מ""ל",false,,24.90,16.6000,true,1,55406
7290111933554,false,מארז עגבניות קוביות,פראנו אנריקו ופיגלי,IT,מארז עגבניות קוביות,פריט,1.20,"ק""ג",false,,15.90,13.2500,true,1,58637
7290111933592,false,פירורי לחם פנקו מאסט,מנה,IL,פירורי לחם פנקו מאסט,גרמים,510.00,100 גרם,false,,11.90,2.3333,true,1,58080
7290111936203,false,דאו ספריי ליידי ספיד,קולגייט פלמוליב,US,דאו ספריי ליידי ספיד,מיליליטרים,150.00,"100 מ""ל",false,,13.90,9.2667,true,1,62660
7290111936296,false,ג'ל רחצה פלמוליב סנס,קולגייט פלמוליב,TR,ג'ל רחצה פלמוליב סנס,מיליליטרים,750.00,"100 מ""ל",false,,12.50,1.6667,true,1,61045
7290111936647,false,משחת קולגייט מקס פרש,קולגייט פלמוליב,PL,משחת קולגייט מקס פרש,מיליליטרים,250.00,"100 מ""ל",false,,28.90,11.5600,true,1,60314
7290111937248,false,מארז חטיף פרי תמרים,טבעית,IL,מארז חטיף פרי תמרים,גרמים,125.00,100 גרם,false,,14.90,11.9200,true,1,60242
7290111937255,false,מארז חטיף פרי תמרים,טבעית,IL,מארז חטיף פרי תמרים,גרמים,125.00,100 גרם,false,,14.90,11.9200,true,1,60356
7290111938498,false,רוטב סויה בהירה מאסט,תאי סופרים,TH,רוטב סויה בהירה מאסט,גרמים,700.00,100 גרם,false,,9.90,1.4143,true,1,64820
7290111939822,false,משחת קולגייט אופטיק,קולגייט פלמוליב,PL,משחת קולגייט אופטיק,מיליליטרים,225.00,"100 מ""ל",false,,37.50,16.6667,true,1,63890
7290111939846,false,משחת קולגייט אופטיק,קולגייט פלמוליב,PL,משחת קולגייט אופטיק,מיליליטרים,225.00,"100 מ""ל",false,,37.50,16.6667,true,1,63891
7290112000408,false,תרסיס דטול מנקה ומחט,רקיט בנקיזר,PL,תרסיס דטול מנקה ומחט,מיליליטרים,750.00,"100 מ""ל",false,,14.90,1.9867,true,1,65778
7290112000798,false,תרסיס דטול מנקה ומחט,רקיט בנקיזר,PL,תרסיס דטול מנקה ומחט,מיליליטרים,750.00,"100 מ""ל",false,,14.90,1.9867,true,1,65783
7290112000903,false,טבליות פיניש פאוורבו,רקיט בנקיזר,PL,טבליות פיניש פאוורבו,פריט,1.92,"ק""ג",false,,64.90,33.8021,true,1,59693
7290112001436,false,מנקה מדיח פיניש לימו,רקיט בנקיזר,PL,מנקה מדיח פיניש לימו,מיליליטרים,250.00,"100 מ""ל",false,,14.90,5.9600,true,1,64036
7290112001641,false,תרסיס וניש קליה 950,רקיט בנקיזר,PL,תרסיס וניש קליה 950,מיליליטרים,950.00,"100 מ""ל",false,,19.90,2.0947,true,1,66473
7290112001870,false,תרסיס סיליט באנג לני,רקיט בנקיזר,PL,תרסיס סיליט באנג לני,מיליליטרים,750.00,"100 מ""ל",false,,9.90,1.3200,true,1,64976
7290112002136,false,ג'ל קולון כחול 4 ליט,רקיט בנקיזר,IL,ג'ל קולון כחול 4 ליט,קילוגרמים,4.00,ליטר,false,,34.50,8.6250,true,1,63725
7290112002143,false,ג'ל קולון לילך סגול,רקיט בנקיזר,IL,ג'ל קולון לילך סגול,קילוגרמים,4.00,ליטר,false,,34.50,8.6250,true,1,63726
7290112002457,false,מטליות לחות דטול לני,רקיט בנקיזר,PL,מטליות לחות דטול לני,Unknown,0.00,יחידה,false,,19.90,0.0000,true,1,69135
7290112003188,false,קפסולות ג'ל קולון 60,רקיט בנקיזר,IT,קפסולות ג'ל קולון 60,Unknown,0.00,יחידה,false,,49.90,0.0000,true,1,69022
7290112003973,false,אבקת וניש מסיר כתמים,רקיט בנקיזר,PL,אבקת וניש מסיר כתמים,פריט,1.35,"ק""ג",false,,34.90,25.8519,true,1,73190
7290112003980,false,אבקת וניש מסיר כתמים,רקיט בנקיזר,PL,אבקת וניש מסיר כתמים,פריט,1.35,"ק""ג",false,,34.90,25.8519,true,1,73191
7290112004109,false,מטליות לחות דטול לחי,רקיט בנקיזר,PL,מטליות לחות דטול לחי,Unknown,0.00,יחידה,false,,19.90,0.0000,true,1,69136
7290112004413,false,ספריי וניש להסרת כתמ,רקיט בנקיזר,PL,ספריי וניש להסרת כתמ,מיליליטרים,750.00,"100 מ""ל",false,,16.90,2.2533,true,1,77338
7290112004482,false,אירוויק ספריי וניל 3,,,אירוויק ספריי וניל 3,מיליליטרים,720.00,"100 מ""ל",false,,19.90,2.7639,true,1,70906
7290112004505,false,אירוויק ספריי לבנדר,,,אירוויק ספריי לבנדר,מיליליטרים,720.00,"100 מ""ל",false,,19.90,2.7639,true,1,70908
7290112004512,false,מילוי מבשם אוטומטי א,רקיט בנקיזר,PL,מילוי מבשם אוטומטי א,מיליליטרים,750.00,"100 מ""ל",false,,39.90,5.3200,true,1,70902
7290112004529,false,מילוי מבשם אוטומטי א,רקיט בנקיזר,PL,מילוי מבשם אוטומטי א,מיליליטרים,750.00,"100 מ""ל",false,,39.90,5.3200,true,1,70903
7290112004536,false,מילוי מבשם אוטומטי א,רקיט בנקיזר,PL,מילוי מבשם אוטומטי א,מיליליטרים,750.00,"100 מ""ל",false,,39.90,5.3200,true,1,70904
7290112004611,false,ג'ל וניש גולד מסיר כ,רקיט בנקיזר,PT,ג'ל וניש גולד מסיר כ,מיליליטרים,200.00,"100 מ""ל",false,,16.50,8.2500,true,1,76865
7290112005168,false,טבליות פיניש קוואנטו,רקיט בנקיזר,PL,טבליות פיניש קוואנטו,Unknown,0.00,יחידה,false,,58.90,0.0000,true,1,78632
7290112120311,false,ממתיק ספלנדה 100 יח,,,ממתיק ספלנדה 100 יח,גרמים,100.00,100 גרם,false,,13.90,13.9000,true,1,54614
7290112120649,false,בונבוניירה צדף 125 ג,קאיפינג גינקה פודסטא,CN,בונבוניירה צדף 125 ג,גרמים,125.00,100 גרם,false,,5.90,4.7200,true,1,59589
7290112120663,false,בונבוניירה לב 120 גר,קאיפינג גינקה פודסטא,CN,בונבוניירה לב 120 גר,גרמים,120.00,100 גרם,false,,16.90,14.0833,true,1,59585
7290112120670,false,בונבוניירה מתומן 200,קאיפינג גינקה פודסטא,CN,בונבוניירה מתומן 200,גרמים,200.00,100 גרם,false,,17.90,8.9500,true,1,59586
7290112120687,false,בונבוניירה פירמידה 3,קאיפינג גינקה פודסטא,CN,בונבוניירה פירמידה 3,גרמים,310.00,100 גרם,false,,29.90,9.6452,true,1,59584
7290112120830,false,נפוליטנים שוקולד חלב,"תופינית בע""מ",IL,נפוליטנים שוקולד חלב,גרמים,150.00,100 גרם,false,,11.90,7.9333,true,1,60329
7290112120861,false,לזניה גלי דורומי 400,Bessan Makarna,TR,לזניה גלי דורומי 400,גרמים,400.00,100 גרם,false,,6.90,1.7250,true,1,58384
7290112121066,false,חומצה אצטית סינטטי א,הלל תעשיות,IL,חומצה אצטית סינטטי א,קילוגרמים,1.00,ליטר,false,,3.90,3.9000,true,1,59887
7290112121073,false,חומץ 5% אינדירה 1 לי,הלל תעשיות,IL,חומץ 5% אינדירה 1 לי,קילוגרמים,1.00,ליטר,false,,4.20,4.2000,true,1,59888
7290112121080,false,מיץ בטעם לימון משומר,הלל תעשיות,IL,מיץ בטעם לימון משומר,קילוגרמים,1.00,ליטר,false,,4.20,4.2000,true,1,59886
7290112121097,false,רוטב לימון אינדירה 1,הלל תעשיות,IL,רוטב לימון אינדירה 1,קילוגרמים,1.00,ליטר,false,,5.20,5.2000,true,1,59889
7290112122629,false,ופל מצופה בטעם שוקול,מנעמים תעשיות מזון,IL,ופל מצופה בטעם שוקול,גרמים,800.00,100 גרם,false,,14.90,1.8625,true,1,64875
7290112123060,false,ספגטי דורומי 900 גרם,Bessan Makarna,TR,ספגטי דורומי 900 גרם,גרמים,900.00,100 גרם,false,,4.90,0.5444,true,1,68575
7290112123077,false,פסטה פנה ריגטה דורומ,Bessan Makarna,TR,פסטה פנה ריגטה דורומ,גרמים,900.00,100 גרם,false,,4.90,0.5444,true,1,68346
7290112123084,false,פסטה פוסילי דורומי 9,Bessan Makarna,TR,פסטה פוסילי דורומי 9,גרמים,900.00,100 גרם,false,,4.90,0.5444,true,1,68473
7290112123121,false,שמן זית כתית ארץ זית,Elitagro SL,ES,שמן זית כתית ארץ זית,מיליליטרים,750.00,"100 מ""ל",false,,23.90,3.1867,true,1,68459
7290112123404,false,סוכריות גומי מגש קטן,טופ גאם,IL,סוכריות גומי מגש קטן,גרמים,350.00,100 גרם,false,,12.90,3.6857,true,1,70588
7290112123589,false,סוכריות גומי מגש קטן,,,סוכריות גומי מגש קטן,גרמים,350.00,100 גרם,false,,12.90,3.6857,true,1,71545
7290112124142,false,סוכריות גומי אבטיח מ,חברת המשקם לתעסוקת ק,IL,סוכריות גומי אבטיח מ,גרמים,300.00,100 גרם,false,,8.90,2.9667,true,1,77758
7290112124166,false,סוכריות גומי ליקריץ,חברת המשקם לתעסוקת ק,IL,סוכריות גומי ליקריץ,גרמים,300.00,100 גרם,false,,8.90,2.9667,true,1,77760
7290112124173,false,סוכריות גומי לקריץ צ,חברת המשקם לתעסוקת ק,IL,סוכריות גומי לקריץ צ,גרמים,300.00,100 גרם,false,,8.90,2.9667,true,1,77761
7290112124197,false,סוכריות גומי לבבות מ,,IL,סוכריות גומי לבבות מ,גרמים,300.00,100 גרם,false,,8.90,2.9667,true,1,77431
7290112124319,false,טורטיה דורום 36*45 ג,מוטלוקאל גידה סאן טי,TR,טורטיה דורום 36*45 ג,פריט,1.62,"ק""ג",false,,19.90,12.2840,true,1,78639
7290112125019,false,סבון מוצק דאב לבן 4*,,,סבון מוצק דאב לבן 4*,גרמים,400.00,100 גרם,false,,9.90,2.4750,true,1,3901
7290112125026,false,תה ילו לייבל ליפטון,יוניליוור,RU,תה ילו לייבל ליפטון,גרמים,200.00,100 גרם,false,,7.90,3.9500,true,1,78649
7290112190857,false,מגבונים סמארט 4*72 י,רנקסן,TR,מגבונים סמארט 4*72 י,Unknown,0.00,יחידה,false,,5.90,0.0000,true,1,75307
7290112192806,false,משחת פרודונטקס אולטר,גלקסוס סמית קליין,SK,משחת פרודונטקס אולטר,מיליליטרים,150.00,"100 מ""ל",false,,39.90,26.6000,true,1,59476
7290112192813,false,משחת פרודונטקס אורגי,גלקסוס סמית קליין,SK,משחת פרודונטקס אורגי,מיליליטרים,150.00,"100 מ""ל",false,,39.90,26.6000,true,1,59477
7290112195746,false,שמן זית כתית מעולה א,אסייאס דל סור,ES,שמן זית כתית מעולה א,מיליליטרים,750.00,"100 מ""ל",false,,23.90,3.1867,true,1,76837
7290112195777,false,"פול קפוא 1 ק""ג",O.K FRUIT,EG,"פול קפוא 1 ק""ג",פריט,1.00,"ק""ג",false,,13.90,13.9000,true,1,76749
7290112195784,false,תות שדה קפוא פרוסטי,,EG,תות שדה קפוא פרוסטי,גרמים,300.00,100 גרם,false,,4.90,1.6333,true,1,79145
7290112196712,false,משחת סנסודיין פרש מי,גלקסוס סמית קליין,GB,משחת סנסודיין פרש מי,מיליליטרים,300.00,"100 מ""ל",false,,29.90,9.9667,true,1,72147
7290112197245,false,משחת סנסודיין מלבינה,גלקסוס סמית קליין,GB,משחת סנסודיין מלבינה,מיליליטרים,225.00,"100 מ""ל",false,,29.90,13.2889,true,1,76715
7290112198006,false,שמן זית כתית מעולה א,אולאריה קלמנטה,IT,שמן זית כתית מעולה א,מיליליטרים,750.00,"100 מ""ל",false,,13.90,1.8533,true,1,79450
7290112330352,false,דנונה פרו וניל 0% 20,שטראוס,IL,דנונה פרו וניל 0% 20,גרמים,200.00,100 גרם,false,,4.90,2.4500,true,1,61391
7290112330390,false,דנונה פרו פירות יער,שטראוס,IL,דנונה פרו פירות יער,גרמים,200.00,100 גרם,false,,4.90,2.4500,true,1,61392
7290112330420,false,דנונה פרו לבן עשיר ב,שטראוס,IL,דנונה פרו לבן עשיר ב,גרמים,150.00,100 גרם,false,,3.90,2.6000,true,1,60554
7290112332585,false,פריכיות אנרג'י משולש,פרח תעשיות,IL,פריכיות אנרג'י משולש,Unknown,0.00,יחידה,false,,4.90,0.0000,true,1,68330
7290112332691,false,עוגיות פינוקיות פסק,עלית,IL,עוגיות פינוקיות פסק,גרמים,200.00,100 גרם,false,,9.90,4.9500,true,1,62644
7290112334596,false,שוקולית 850 גרם+10%,שטראוס קפה בי.וי,IL,שוקולית 850 גרם+10%,גרמים,935.00,100 גרם,false,,14.90,1.5936,true,1,63606
7290112335487,false,פריכיות 3 דגנים וקצח,עלית,IL,פריכיות 3 דגנים וקצח,גרמים,135.00,100 גרם,false,,9.90,7.3333,true,1,62506
7290112335500,false,פריכיות חומוס אורז ע,עלית,IL,פריכיות חומוס אורז ע,גרמים,135.00,100 גרם,false,,9.90,7.3333,true,1,62507
7290112336637,false,סוכריות מאסט תות אוכ,שטראוס,IL,סוכריות מאסט תות אוכ,גרמים,80.00,100 גרם,false,,6.90,8.6250,true,1,63857
7290112336644,false,סוכריות מאסט לימון 8,שטראוס,IL,סוכריות מאסט לימון 8,גרמים,80.00,100 גרם,false,,6.90,8.6250,true,1,63854
7290112336651,false,סוכריות מאסט ריבת חל,שטראוס,IL,סוכריות מאסט ריבת חל,גרמים,80.00,100 גרם,false,,6.90,8.6250,true,1,63858
7290112336712,false,דנונה פרו עשיר בחלבו,שטראוס,IL,דנונה פרו עשיר בחלבו,גרמים,200.00,100 גרם,false,,4.90,2.4500,true,1,60544
7290112337474,false,סוכריות מאסט פטל לימ,שטראוס,IL,סוכריות מאסט פטל לימ,גרמים,80.00,100 גרם,false,,6.90,8.6250,true,1,63855
7290112337481,false,סוכריות מאסט קפוצ'ינ,שטראוס,IL,סוכריות מאסט קפוצ'ינ,גרמים,80.00,100 גרם,false,,6.90,8.6250,true,1,63859
7290112338877,false,מעדן גבינה בטעם תות,שטראוס,IL,מעדן גבינה בטעם תות,גרמים,125.00,100 גרם,false,,3.70,2.9600,true,1,61209
7290112339171,false,מילקי מוס שוקולד 170,שטראוס,IL,מילקי מוס שוקולד 170,מיליליטרים,170.00,"100 מ""ל",false,,3.40,2.0000,true,1,60016
7290112339362,false,דנונה לייט אנד פרי ק,שטראוס,IL,דנונה לייט אנד פרי ק,גרמים,150.00,100 גרם,false,,4.50,3.0000,true,1,64409
7290112339867,false,גמדים לדרך תות סקווי,שטראוס,IL,גמדים לדרך תות סקווי,גרמים,100.00,100 גרם,false,,5.40,5.4000,true,1,64663
7290112339874,false,גמדים לדרך תות בננה,שטראוס,IL,גמדים לדרך תות בננה,גרמים,100.00,100 גרם,false,,5.40,5.4000,true,1,64664
7290112340122,false,פריכיות 3 דגנים אנרג,עלית,IL,פריכיות 3 דגנים אנרג,גרמים,135.00,100 גרם,false,,9.90,7.3333,true,1,62508
7290112340245,false,מסטיק מאסט צנצנת דוב,שטראוס,IL,מסטיק מאסט צנצנת דוב,גרמים,66.00,100 גרם,false,,8.90,13.4848,true,1,61193
7290112340252,false,מסטיק מאסט צנצנת אבט,שטראוס,IL,מסטיק מאסט צנצנת אבט,גרמים,66.00,100 גרם,false,,8.90,13.4848,true,1,61194
7290112340276,false,עוגיות פינוקיות קפה,עלית,IL,עוגיות פינוקיות קפה,גרמים,200.00,100 גרם,false,,9.90,4.9500,true,1,62645
7290112341556,false,יוגורט אקטיביה צ'יה,שטראוס,IL,יוגורט אקטיביה צ'יה,גרמים,150.00,100 גרם,false,,4.50,3.0000,true,1,66314
7290112341679,false,יוגורט אקטיביה 3% 20,שטראוס,IL,יוגורט אקטיביה 3% 20,מיליליטרים,200.00,"100 מ""ל",false,,3.70,1.8500,true,1,63711
7290112341686,false,מארז יוגורט אקטיביה,שטראוס,IL,מארז יוגורט אקטיביה,קילוגרמים,1.20,ליטר,false,,19.90,16.5833,true,1,63712
7290112342102,false,גבינת שמנת בצל מקורמ,שטראוס גרופ,IL,גבינת שמנת בצל מקורמ,גרמים,200.00,100 גרם,false,,9.90,4.9500,true,1,65264
7290112342270,false,קפה פלטינום אינטנס 1,שטראוס קפה בי.וי,IL,קפה פלטינום אינטנס 1,גרמים,125.00,100 גרם,false,,15.90,12.7200,true,1,63608
7290112343260,false,רוטב שמנת קלאסי 9% י,שטראוס,IL,רוטב שמנת קלאסי 9% י,מיליליטרים,250.00,"100 מ""ל",false,,7.50,3.0000,true,1,66176
7290112344564,false,רביולי גבינה קלאסי ש,שטראוס,IL,רביולי גבינה קלאסי ש,גרמים,400.00,100 גרם,false,,19.90,4.9750,true,1,66580
7290112344724,false,מעדן חלב  בטעם שוקול,שטראוס,IL,מעדן חלב  בטעם שוקול,מיליליטרים,170.00,"100 מ""ל",false,,3.40,2.0000,true,1,64571
7290112344755,false,מילקי שוקולד 26% פחו,שטראוס,IL,מילקי שוקולד 26% פחו,מיליליטרים,135.00,"100 מ""ל",false,,2.80,2.0741,true,1,69823
7290112344786,false,קפה פלטינום קלאסיק 2,שטראוס,IL,קפה פלטינום קלאסיק 2,גרמים,200.00,100 גרם,false,,19.90,9.9500,true,1,66387
7290112344953,false,גבינת שמנת חציל קלוי,שטראוס,IL,גבינת שמנת חציל קלוי,גרמים,200.00,100 גרם,false,,9.90,4.9500,true,1,70213
7290112344991,false,דנונה לייט אנד פרי ת,שטראוס,IL,דנונה לייט אנד פרי ת,גרמים,150.00,100 גרם,false,,4.50,3.0000,true,1,64164
7290112346360,false,בפלות אחת אחת בציפוי,עלית,IL,בפלות אחת אחת בציפוי,גרמים,180.00,100 גרם,false,,11.90,6.6111,true,1,64799
7290112346506,false,דנונה לייט אנד פרי א,שטראוס,IL,דנונה לייט אנד פרי א,גרמים,150.00,100 גרם,false,,4.50,3.0000,true,1,64165
7290112346629,false,דנונה בר וקורנפלקס מ,שטראוס,IL,דנונה בר וקורנפלקס מ,גרמים,172.00,100 גרם,false,,4.30,2.5000,true,1,67202
7290112346773,false,דנונה לייט אנד פרי ו,שטראוס,IL,דנונה לייט אנד פרי ו,גרמים,150.00,100 גרם,false,,4.50,3.0000,true,1,70219
7290112346797,false,יוגורט אקטיביה עם שי,שטראוס,IL,יוגורט אקטיביה עם שי,גרמים,150.00,100 גרם,false,,4.50,3.0000,true,1,66456
7290112346827,false,אקטימל פטל ויטמין סי,שטראוס,IL,אקטימל פטל ויטמין סי,מיליליטרים,864.00,"100 מ""ל",false,,19.90,2.3032,true,1,69826
7290112347008,false,גמדים ארוחת בוקר תות,שטראוס,IL,גמדים ארוחת בוקר תות,גרמים,100.00,100 גרם,false,,5.40,5.4000,true,1,64566
7290112347473,false,מארז  יוגורט לייט אנ,שטראוס,IL,מארז  יוגורט לייט אנ,פריט,1.20,"ק""ג",false,,26.90,22.4167,true,1,64166
7290112349606,false,דניאלה תות בננה 88 ג,שטראוס,IL,דניאלה תות בננה 88 ג,Unknown,0.00,יחידה,false,,3.90,0.0000,true,1,75700
7290112349705,false,רוטב עגבניות פומודור,אימילאנה,IT,רוטב עגבניות פומודור,גרמים,350.00,100 גרם,false,,10.80,3.0857,true,1,78976
7290112349736,false,רוטב עגבניות לפסטה ב,אימילאנה,IT,רוטב עגבניות לפסטה ב,גרמים,350.00,100 גרם,false,,10.80,3.0857,true,1,78977
7290112349743,false,רוטב עגבניות פיקנטי,אימילאנה,IT,רוטב עגבניות פיקנטי,גרמים,350.00,100 גרם,false,,10.80,3.0857,true,1,78979
7290112349750,false,רוטב עגבניות לפיצה י,אימילאנה,IT,רוטב עגבניות לפיצה י,גרמים,350.00,100 גרם,false,,10.80,3.0857,true,1,78978
7290112350275,false,קפסולות עלית לונגו ל,שטראוס קפה בי.וי,IL,קפסולות עלית לונגו ל,Unknown,0.00,יחידה,false,,15.50,0.0000,true,1,65693
7290112350312,false,קפסולות עלית מס 15 ע,שטראוס קפה בי.וי,IL,קפסולות עלית מס 15 ע,Unknown,0.00,יחידה,false,,15.50,0.0000,true,1,68649
7290112351258,false,עוגיות פינוקיות שחור,הגביע מוצרי ופלים,IL,עוגיות פינוקיות שחור,גרמים,200.00,100 גרם,false,,9.90,4.9500,true,1,68325
7290112354969,false,תפוציפס WAVY טבעי 20,שטראוס,IL,תפוציפס WAVY טבעי 20,גרמים,200.00,100 גרם,false,,9.90,4.9500,true,1,79923
7290112355027,false,דנונה פרו 20 קרמל מל,שטראוס,IL,דנונה פרו 20 קרמל מל,גרמים,200.00,100 גרם,false,,4.90,2.4500,true,1,69822
7290112355102,false,גמדים לדרך סלט פירות,שטראוס,IL,גמדים לדרך סלט פירות,גרמים,100.00,100 גרם,false,,5.40,5.4000,true,1,70215
7290112355263,false,רוטב שמנת עם שוקולד,שטראוס,IL,רוטב שמנת עם שוקולד,מיליליטרים,265.00,"100 מ""ל",false,,7.50,2.8302,true,1,77913
7290112355393,false,רוטב שמנת עם בטטה 9%,שטראוס,IL,רוטב שמנת עם בטטה 9%,מיליליטרים,257.00,"100 מ""ל",false,,7.50,2.9183,true,1,79664
7290112355775,false,גבינת במרקם שמנת עיר,שטראוס,IL,גבינת במרקם שמנת עיר,גרמים,200.00,100 גרם,false,,9.90,4.9500,true,1,78666
7290112357175,false,קפסולות עלית בוסט למ,שטראוס קפה בי.וי,IL,קפסולות עלית בוסט למ,Unknown,0.00,יחידה,false,,15.50,0.0000,true,1,65694
7290112358127,false,דנונה פרו 20 וניל עו,שטראוס,IL,דנונה פרו 20 וניל עו,גרמים,200.00,100 גרם,false,,5.90,2.9500,true,1,69829
7290112358462,false,דבש יד מרדכי 700 גרם,שטראוס גרופ,IL,דבש יד מרדכי 700 גרם,גרמים,700.00,100 גרם,false,,29.90,4.2714,true,1,68268
7290112358554,false,מארז קפה נמס לדרך על,שטראוס גרופ,IL,מארז קפה נמס לדרך על,גרמים,50.40,100 גרם,false,,9.90,19.6429,true,1,77754
7290112415400,false,עוגיות אלפחורס תופינ,קפולסקי אדל בעמ,IL,עוגיות אלפחורס תופינ,גרמים,280.00,100 גרם,false,,29.90,10.6786,true,1,64185
7290112480002,false,קערה קטנה בלו שיין 5,פאלאס,CN,קערה קטנה בלו שיין 5,Unknown,0.00,יחידה,false,,19.90,0.0000,true,1,55725
7290112480019,false,קערה אובלית בינוני ב,פאלאס,CN,קערה אובלית בינוני ב,Unknown,0.00,יחידה,false,,19.90,0.0000,true,1,55724
7290112480033,false,מארז 3 יח מגשי אובלי,פאלאס,CN,מארז 3 יח מגשי אובלי,Unknown,0.00,יחידה,false,,19.90,0.0000,true,1,55728
7290112480040,false,מארז 5 יח מגשי אובלי,פאלאס,CN,מארז 5 יח מגשי אובלי,Unknown,0.00,יחידה,false,,19.90,0.0000,true,1,55729
7290112480057,false,מארז 3 יח מגש מחולק,פאלאס,CN,מארז 3 יח מגש מחולק,Unknown,0.00,יחידה,false,,19.90,0.0000,true,1,55730
7290112480316,false,צלחות קטנות קלאסיק ק,פאלאס,CN,צלחות קטנות קלאסיק ק,Unknown,0.00,יחידה,false,,25.90,0.0000,true,1,57379
7290112480361,false,שקיות אשפה שחור 85*,פאלאס,CN,שקיות אשפה 76/85 שחור 50 יח,Unknown,0.00,יחידה,false,1,19.90,0.0000,true,1,57982
7290112480378,false,שקיות אשפה 70*50 לפ,פאלאס,CN,שקיות אשפה 50/70 שחור 75 יח,Unknown,0.00,יחידה,false,1,19.90,0.0000,true,1,57983
7290112481023,false,כוסיות יין קריסטל 12,פאלאס,CN,כוסיות יין קריסטל 12,Unknown,0.00,יחידה,false,,17.90,0.0000,true,1,56364
7290112481030,false,כוס קריסטל בלו שיין,פאלאס,CN,כוס קריסטל בלו שיין,Unknown,0.00,יחידה,false,,29.90,0.0000,true,1,56367
7290112481085,false,"כפיות ח""פ 188 יח",פאלאס,TR,"כפיות ח""פ 188 יח",Unknown,0.00,יחידה,false,,12.90,0.0000,true,1,59096
7290112481108,false,"סכינים ח""פ 188 יח",פאלאס,TR,"סכינים ח""פ 188 יח",Unknown,0.00,יחידה,false,,12.90,0.0000,true,1,59098
7290112481115,false,כפות איכותיות בלו שי,פאלאס,TR,כפות איכותיות בלו שי,Unknown,0.00,יחידה,false,,19.90,0.0000,true,1,57573
7290112481122,false,כפיות איכותיות בלו ש,פאלאס,TR,כפיות איכותיות בלו ש,Unknown,0.00,יחידה,false,,19.90,0.0000,true,1,57572
7290112481139,false,מזלגות איכותיים בלו,פאלאס,TR,מזלגות איכותיים בלו,Unknown,0.00,יחידה,false,,19.90,0.0000,true,1,57574
7290112481146,false,סכינים איכותיים בלו,פאלאס,TR,סכינים איכותיים בלו,Unknown,0.00,יחידה,false,,19.90,0.0000,true,1,57571
7290112481153,false,שקיות אשפה כתום 75*9,פאלאס,CN,שקיות אשפה כתום 75*9,Unknown,0.00,יחידה,false,,19.90,0.0000,true,1,57984
7290112481344,false,צלחות רנסנס גדול +קט,פאלאס,CN,צלחות רנסנס גדול +קט,Unknown,0.00,יחידה,false,,69.90,0.0000,true,1,57907
7290112481382,false,מארז קעריות אובליות,פאלאס,CN,מארז קעריות אובליות,Unknown,0.00,יחידה,false,,26.90,0.0000,true,1,57900
7290112481399,false,מארז קעריות אובליות,פאלאס,CN,מארז קעריות אובליות,Unknown,0.00,יחידה,false,,26.90,0.0000,true,1,57906
7290112481832,false,מגש יהלום בלו שיין 4,פאלאס,CN,מגש יהלום בלו שיין 4,Unknown,0.00,יחידה,false,,19.90,0.0000,true,1,57052
7290112481900,false,כוסות מעוטרות לפיד 5,LARIPLAST,IL,כוסות מעוטרות לפיד 5,Unknown,0.00,יחידה,false,,17.90,0.0000,true,1,58699
7290112481917,false,קערה ענקית שקוף בלו,a.plast,IL,קערה ענקית שקוף בלו,Unknown,0.00,יחידה,false,,19.90,0.0000,true,1,57775
7290112481924,false,קערה גדולה שקוף בלו,a.plast,IL,קערה גדולה שקוף בלו,Unknown,0.00,יחידה,false,,19.90,0.0000,true,1,57774
7290112481979,false,גביע איכותי בלו שיין,פאלאס,CN,גביע איכותי בלו שיין,Unknown,0.00,יחידה,false,,19.90,0.0000,true,1,59344
7290112481986,false,גביע איכותי בלו שיין,פאלאס,CN,גביע איכותי בלו שיין,Unknown,0.00,יחידה,false,,19.90,0.0000,true,1,59343
7290112481993,false,גביע איכותי בלו שיין,פאלאס,CN,גביע איכותי בלו שיין,Unknown,0.00,יחידה,false,,19.90,0.0000,true,1,59342
7290112482075,false,שקיות אשפה עם שרוך 5,פאלאס,IL,שקיות אשפה עם שרוך 5,Unknown,0.00,יחידה,false,,19.90,0.0000,true,1,58695
7290112482082,false,שקיות אשפה עם שרוך 7,פאלאס,IL,שקיות אשפה עם שרוך 7,Unknown,0.00,יחידה,false,,19.90,0.0000,true,1,58696
7290112482228,false,שקיות אשפה 75/90 קרם,פאלאס,IL,שקיות אשפה 75/90 קרם,Unknown,0.00,יחידה,false,,19.90,0.0000,true,1,60254
7290112482242,false,צלחות קטנות טופ סטאר,פאלאס,TR,צלחות קטנות טופ סטאר,Unknown,0.00,יחידה,false,,5.90,0.0000,true,1,61060
7290112482259,false,צלחות גדולות טופ סטא,פאלאס,TR,צלחות גדולות טופ סטא,Unknown,0.00,יחידה,false,,9.90,0.0000,true,1,61061
7290112482266,false,צלחות ענק טופ סטאר 2,פאלאס,TR,צלחות ענק טופ סטאר 2,Unknown,0.00,יחידה,false,,11.90,0.0000,true,1,61057
7290112482273,false,צלחות מרק טופ סטאר 2,פאלאס,TR,צלחות מרק טופ סטאר 2,Unknown,0.00,יחידה,false,,5.90,0.0000,true,1,61062
7290112482280,false,צלחות לפתן טופ סטאר,פאלאס,TR,צלחות לפתן טופ סטאר,Unknown,0.00,יחידה,false,,3.90,0.0000,true,1,61058
7290112482303,false,מגבונים קשת 7*72 יח,פאלאס,IL,מגבונים קשת 7*72 יח,Unknown,0.00,יחידה,false,,15.90,0.0000,true,1,61370
7290112482327,false,"צלחות קטנות קשת 1 ק""",פאלאס,CN,"צלחות קטנות קשת 1 ק""",Unknown,0.00,יחידה,false,,37.90,0.0000,true,1,64933
7290112482402,false,צלחות גדולות קיסר שח,פאלאס,CN,צלחות גדולות קיסר שח,Unknown,0.00,יחידה,false,,21.90,0.0000,true,1,75222
7290112482419,false,צלחות ענקיות קיסר שח,פאלאס,CN,צלחות ענקיות קיסר שח,Unknown,0.00,יחידה,false,,27.90,0.0000,true,1,75223
7290112482440,false,צלחות קטנות לוקה לבן,פאלאס,CN,צלחות קטנות לוקה לבן,Unknown,0.00,יחידה,false,,15.90,0.0000,true,1,75224
7290112482471,false,צלחות מרק לוקה לבן כ,פאלאס,CN,צלחות מרק לוקה לבן כ,Unknown,0.00,יחידה,false,,17.90,0.0000,true,1,75232
7290112482488,false,לפתניות לוקה לבן כסף,פאלאס,CN,לפתניות לוקה לבן כסף,Unknown,0.00,יחידה,false,,12.90,0.0000,true,1,75225
7290112482518,false,צלחות גדולות לוקה לב,פאלאס,CN,צלחות גדולות לוקה לב,Unknown,0.00,יחידה,false,,19.90,0.0000,true,1,75233
7290112482532,false,צלחות מרק  לוקה לבן,פאלאס,CN,צלחות מרק  לוקה לבן,Unknown,0.00,יחידה,false,,17.90,0.0000,true,1,75234
7290112482549,false,לפתניות לוקה לבן זהב,פאלאס,CN,לפתניות לוקה לבן זהב,Unknown,0.00,יחידה,false,,12.90,0.0000,true,1,75227
7290112482631,false,מגש תחרה בלו שיין 4,פאלאס,CN,מגש תחרה בלו שיין 4,Unknown,0.00,יחידה,false,,19.90,0.0000,true,1,63675
7290112482891,false,צלחות קטנות פרח זהב,פאלאס,TR,צלחות קטנות פרח זהב,Unknown,0.00,יחידה,false,,14.90,0.0000,true,1,63824
7290112482907,false,צלחות גדולות פרח זהב,פאלאס,TR,צלחות גדולות פרח זהב,Unknown,0.00,יחידה,false,,17.90,0.0000,true,1,63825
7290112482914,false,צלחות מרק פרח זהב לפ,פאלאס,TR,צלחות מרק פרח זהב לפ,Unknown,0.00,יחידה,false,,14.90,0.0000,true,1,63833
7290112482945,false,צלחות גדולות פרח כסף,פאלאס,TR,צלחות גדולות פרח כסף,Unknown,0.00,יחידה,false,,17.90,0.0000,true,1,63827
7290112483027,false,צלחות גדולות פרח שחו,פאלאס,TR,צלחות גדולות פרח שחו,Unknown,0.00,יחידה,false,,17.90,0.0000,true,1,63829
7290112483058,false,צלחות קטנות פרח קרם,פאלאס,TR,צלחות קטנות פרח קרם,Unknown,0.00,יחידה,false,,14.90,0.0000,true,1,63830
7290112483065,false,צלחות גדולות פרח קרם,פאלאס,TR,צלחות גדולות פרח קרם,Unknown,0.00,יחידה,false,,17.90,0.0000,true,1,63831
7290112483195,false,מיכל 3 ליטר 7 יח,NINGBO,CN,מיכל 3 ליטר 7 יח,Unknown,0.00,יחידה,false,,19.90,0.0000,true,1,63007
7290112483362,false,"תבניות ח""פ עגול קשת",פאלאס,CN,"תבניות ח""פ עגול קשת",Unknown,0.00,יחידה,false,,19.90,0.0000,true,1,64512
7290112483379,false,"תבניות ח""פ מלבן קשת",פאלאס,CN,"תבניות ח""פ מלבן קשת",Unknown,0.00,יחידה,false,,19.90,0.0000,true,1,64513
7290112483386,false,"תבניות ח""פ עמוקות קש",פאלאס,CN,"תבניות ח""פ עמוקות קש",Unknown,0.00,יחידה,false,,19.90,0.0000,true,1,64514
7290112483393,false,"תבניות ח""פ בינוניות",פאלאס,CN,"תבניות ח""פ בינוניות",Unknown,0.00,יחידה,false,,19.90,0.0000,true,1,64515
7290112483409,false,"תבניות ח""פ גדולות קש",פאלאס,CN,"תבניות ח""פ גדולות קש",Unknown,0.00,יחידה,false,,19.90,0.0000,true,1,64516
7290112483416,false,"תבניות ח""פ ענק קשת 1",פאלאס,CN,"תבניות ח""פ ענק קשת 1",Unknown,0.00,יחידה,false,,19.90,0.0000,true,1,64517
7290112483423,false,"תבניות ח""פ אינגליש א",פאלאס,CN,"תבניות ח""פ אינגליש א",Unknown,0.00,יחידה,false,,19.90,0.0000,true,1,64518
7290112483478,false,"תבניות ח""פ אינגליש ק",פאלאס,CN,"תבניות ח""פ אינגליש ק",Unknown,0.00,יחידה,false,,19.90,0.0000,true,1,64519
7290112483560,false,מפיות מודפסות תלת שכ,פאלאס,CN,מפיות מודפסות תלת שכ,Unknown,0.00,יחידה,false,,9.90,0.0000,true,1,65411
7290112483607,false,צלחות גדולות רנסנס ל,פאלאס,TR,צלחות גדולות רנסנס ל,Unknown,0.00,יחידה,false,,59.90,0.0000,true,1,65798
7290112483614,false,צלחות ענק רנסנס לבן,פאלאס,TR,צלחות ענק רנסנס לבן,Unknown,0.00,יחידה,false,,69.90,0.0000,true,1,65799
7290112484178,false,צלחות גדולות רוז פני,פאלאס,CN,צלחות גדולות רוז פני,Unknown,0.00,יחידה,false,,49.90,0.0000,true,1,71579
7290112484215,false,קעריות אובליות רוז פ,פאלאס,CN,קעריות אובליות רוז פ,Unknown,0.00,יחידה,false,,32.90,0.0000,true,1,71574
7290112484352,false,צלחות ענק נעימות 50,פאלאס,TR,צלחות ענק נעימות 50,Unknown,0.00,יחידה,false,,39.90,0.0000,true,1,67668
7290112484369,false,צלחות לפתן נעימות 10,פאלאס,TR,צלחות לפתן נעימות 10,Unknown,0.00,יחידה,false,,22.90,0.0000,true,1,67670
7290112484406,false,"כוסות ח""פ קשת 200 מ""",פאלאס,GR,"כוסות ח""פ קשת 200 מ""",Unknown,0.00,יחידה,false,,34.90,0.0000,true,1,67295
7290112484420,false,כוסות נייר 168 יח 26,פאלאס,CN,כוסות נייר 168 יח 26,Unknown,0.00,יחידה,false,,29.90,0.0000,true,1,69837
7290112484444,false,כוסות נייר 116 יח 35,פאלאס,CN,כוסות נייר 116 יח 35,Unknown,0.00,יחידה,false,,29.90,0.0000,true,1,69405
7290112484758,false,צלחות גדולות רוז שחו,פאלאס,CN,צלחות גדולות רוז שחו,Unknown,0.00,יחידה,false,,49.90,0.0000,true,1,71583
7290112484789,false,לפתניות רוז שחור בלו,פאלאס,CN,לפתניות רוז שחור בלו,Unknown,0.00,יחידה,false,,29.90,0.0000,true,1,71577
7290112484796,false,קעריות אובליות רוז ש,פאלאס,CN,קעריות אובליות רוז ש,Unknown,0.00,יחידה,false,,32.90,0.0000,true,1,71575
7290112484802,false,"כוסות ח""פ 100 יח צבע",פאלאס,CN,"כוסות ח""פ 100 יח צבע",Unknown,0.00,יחידה,false,,4.90,0.0000,true,1,69076
7290112484819,false,צלחות קטנות נעימות ש,פאלאס,TR,צלחות קטנות נעימות ש,Unknown,0.00,יחידה,false,,29.90,0.0000,true,1,69753
7290112484826,false,צלחות גדולות נעימות,ב פ תעשיות,IL,צלחות גדולות נעימות,Unknown,0.00,יחידה,false,,49.90,0.0000,true,1,68508
7290112484833,false,צלחות ענק נעימות שקו,פאלאס,CN,צלחות ענק נעימות שקו,Unknown,0.00,יחידה,false,,59.90,0.0000,true,1,69762
7290112484840,false,צלחות מרק נעימות שקו,ב פ תעשיות,IL,צלחות מרק נעימות שקו,Unknown,0.00,יחידה,false,,32.90,0.0000,true,1,69754
7290112484857,false,צלחות לפתן נעימות שק,פאלאס,TR,צלחות לפתן נעימות שק,Unknown,0.00,יחידה,false,,22.90,0.0000,true,1,69755
7290112484864,false,קעריות אובלי נעימות,פאלאס,TR,קעריות אובלי נעימות,Unknown,0.00,יחידה,false,,22.90,0.0000,true,1,69756
7290112484895,false,צלחות גדולות חזקות ב,פאלאס,CN,צלחות גדולות חזקות ב,Unknown,0.00,יחידה,false,,32.90,0.0000,true,1,70564
7290112484901,false,תבניות מאפינס קשת 72,פאלאס,CN,תבניות מאפינס קשת 72,Unknown,0.00,יחידה,false,,9.90,0.0000,true,1,74198
7290112484925,false,מפת ניילון סופר עבה,פאלאס,IL,מפת ניילון סופר עבה,מטרים,35.00,מטר,false,,39.90,1.1400,true,1,70737
7290112484970,false,כפות איכותיים רנסנס,פאלאס,TR,כפות איכותיים רנסנס,Unknown,0.00,יחידה,false,,19.90,0.0000,true,1,71397
7290112484987,false,כפיות איכותיים רנסנס,פאלאס,TR,כפיות איכותיים רנסנס,Unknown,0.00,יחידה,false,,19.90,0.0000,true,1,71399
7290112484994,false,מזלגות איכותיים רנסנ,פאלאס,TR,מזלגות איכותיים רנסנ,Unknown,0.00,יחידה,false,,19.90,0.0000,true,1,71398
7290112485007,false,סכינים איכותיים רנסנ,פאלאס,TR,סכינים איכותיים רנסנ,Unknown,0.00,יחידה,false,,19.90,0.0000,true,1,71400
7290112485045,false,צלחות מרק סטפס לבן ל,פאלאס,CN,צלחות מרק סטפס לבן ל,Unknown,0.00,יחידה,false,,19.90,0.0000,true,1,77020
7290112485144,false,קערה גדולה שיפוע שחו,פאלאס,CN,קערה גדולה שיפוע שחו,Unknown,0.00,יחידה,false,,7.90,0.0000,true,1,76945
7290112485175,false,קערה גדולה שיפוע שקו,פאלאס,CN,קערה גדולה שיפוע שקו,Unknown,0.00,יחידה,false,,7.90,0.0000,true,1,76947
7290112485205,false,מגש מלבן לפיד,פאלאס,CN,מגש מלבן לפיד,Unknown,0.00,יחידה,false,,8.90,0.0000,true,1,74204
7290112485212,false,מגש מלבן ארוך לפיד,פאלאס,CN,מגש מלבן ארוך לפיד,Unknown,0.00,יחידה,false,,8.90,0.0000,true,1,74205
7290112485274,false,סט סכום מהודר כסף לפ,פאלאס,CN,סט סכום מהודר כסף לפ,Unknown,0.00,יחידה,false,,29.90,0.0000,true,1,77156
7290112485342,false,צלחות קטנות אמריקאיו,ב פ תעשיות,IL,צלחות קטנות אמריקאיו,Unknown,0.00,יחידה,false,,26.90,0.0000,true,1,74278
7290112485359,false,צלחות גדולות אמריקאי,ב פ תעשיות,IL,צלחות גדולות אמריקאי,Unknown,0.00,יחידה,false,,34.90,0.0000,true,1,74279
7290112485366,false,צלחות ענק אמריקאי לב,פאלאס,TR,צלחות ענק אמריקאי לב,Unknown,0.00,יחידה,false,,49.90,0.0000,true,1,74277
7290112485373,false,מרקיות אמריקאיות בלו,ב פ תעשיות,IL,מרקיות אמריקאיות בלו,Unknown,0.00,יחידה,false,,26.90,0.0000,true,1,74280
7290112485380,false,לפתניות אמריקאיות בל,ב פ תעשיות,IL,לפתניות אמריקאיות בל,Unknown,0.00,יחידה,false,,14.90,0.0000,true,1,74281
7290112485502,false,סט סכום מהודר כסוף ב,פאלאס,CN,סט סכום מהודר כסוף ב,Unknown,0.00,יחידה,false,,49.90,0.0000,true,1,77157
7290112485519,false,מגש מלבן קיסר לפיד 4,פאלאס,CN,מגש מלבן קיסר לפיד 4,Unknown,0.00,יחידה,false,,9.90,0.0000,true,1,76953
7290112485526,false,מגש מרובע קיסר לפיד,פאלאס,CN,מגש מרובע קיסר לפיד,Unknown,0.00,יחידה,false,,9.90,0.0000,true,1,76954
7290112485557,false,מגש עגול גדול קיסר ל,פאלאס,CN,מגש עגול גדול קיסר ל,Unknown,0.00,יחידה,false,,14.90,0.0000,true,1,76957
7290112485571,false,כוסות קיסר לפיד 10 י,פאלאס,CN,כוסות קיסר לפיד 10 י,Unknown,0.00,יחידה,false,,10.90,0.0000,true,1,76959
7290112485625,false,כוסות נייר 50 יח 210,פאלאס,TR,כוסות נייר 50 יח 210,Unknown,0.00,יחידה,false,,5.90,0.0000,true,1,74285
7290112485892,false,מפיות חד שכבתי קשת 1,פאלאס,TR,מפיות חד שכבתי קשת 1,Unknown,0.00,יחידה,false,,5.90,0.0000,true,1,78733
7290112486011,false,צלחות לפתן פאלאס 150,פאלאס,IL,צלחות לפתן פאלאס 150,Unknown,0.00,יחידה,false,,19.90,0.0000,true,1,77368
7290112486028,false,צלחות קטנות פאלאס 12,פאלאס,IL,צלחות קטנות פאלאס 12,Unknown,0.00,יחידה,false,,19.90,0.0000,true,1,78598
7290112486035,false,צלחות גדולות פאלאס 8,פאלאס,IL,צלחות גדולות פאלאס 8,Unknown,0.00,יחידה,false,,19.90,0.0000,true,1,77657
7290112486042,false,צלחות מרק 70 יח' פאל,פאלאס,IL,צלחות מרק 70 יח' פאל,Unknown,0.00,יחידה,false,,19.90,0.0000,true,1,77590
7290112486059,false,צלחות ענק פאלאס 70 י,פאלאס,IL,צלחות ענק פאלאס 70 י,Unknown,0.00,יחידה,false,,19.90,0.0000,true,1,77591
7290112486066,false,קערות אובלית פאלאס 8,פאלאס,IL,קערות אובלית פאלאס 8,Unknown,0.00,יחידה,false,,19.90,0.0000,true,1,79656
7290112491558,false,שוקולד ורד הגליל מרי,יוניליוור,IL,שוקולד ורד הגליל מרי,גרמים,600.00,100 גרם,false,,17.90,2.9833,true,1,60281
7290112493934,false,גלידה קרמיסימו וניל,גלידות שטראוס,IL,גלידה קרמיסימו וניל,קילוגרמים,1.33,ליטר,false,,17.50,13.1579,true,1,64610
7290112494238,false,קליק שוקולד חלב 65 ג,יוניליוור,IL,קליק שוקולד חלב 65 ג,גרמים,65.00,100 גרם,false,,4.90,7.5385,true,1,63731
7290112494276,false,קליק כריות 65 גרם,יוניליוור,IL,קליק כריות 65 גרם,גרמים,65.00,100 גרם,false,,4.90,7.5385,true,1,63939
7290112494283,false,קליק חום לבן מעורב 6,יוניליוור,IL,קליק חום לבן מעורב 6,גרמים,65.00,100 גרם,false,,4.90,7.5385,true,1,63732
7290112494313,false,קליק קורנפלקס 65 גרם,יוניליוור,IL,קליק קורנפלקס 65 גרם,גרמים,65.00,100 גרם,false,,4.90,7.5385,true,1,63733
7290112494351,false,קורנפלקס של אלופים 8,יוניליוור,IL,קורנפלקס של אלופים 8,גרמים,850.00,100 גרם,false,,16.90,1.9882,true,1,65495
7290112495006,false,"כריות נוגט בד""צ 686",יוניליוור,IL,"כריות נוגט בד""צ 686",גרמים,686.00,100 גרם,false,,23.90,3.4840,true,1,63742
7290112498748,false,שלגוני מיני סולרו ונ,גלידות שטראוס,IL,שלגוני מיני סולרו ונ,גרמים,350.00,100 גרם,false,,19.50,5.5714,true,1,70909
7290112498885,false,שלגוני גודיס תות ושו,גלידות שטראוס,IL,שלגוני גודיס תות ושו,גרמים,235.00,100 גרם,false,,19.50,8.2979,true,1,71802
7290112499189,false,גלידה קרמיסימו חד קר,גלידות שטראוס,IL,גלידה קרמיסימו חד קר,קילוגרמים,1.33,ליטר,false,,17.50,13.1579,true,1,78207
7290112499196,false,גלידה קרמיסימו בטעם,גלידות שטראוס,IL,גלידה קרמיסימו בטעם,קילוגרמים,1.33,ליטר,false,,17.50,13.1579,true,1,78208
7290112499219,false,שלגוני גודיס פיסטוק,גלידות שטראוס,IL,שלגוני גודיס פיסטוק,גרמים,235.00,100 גרם,false,,19.50,8.2979,true,1,78312
7290112499776,false,שלגוני גודיס שלושת ש,גלידות שטראוס,IL,שלגוני גודיס שלושת ש,גרמים,235.00,100 גרם,false,,19.50,8.2979,true,1,66807
7290112870247,false,ממרח פסטו בזיליקום ב,בני דרום,IL,ממרח פסטו בזיליקום ב,גרמים,190.00,100 גרם,false,,9.90,5.2105,true,1,58245
7290112870254,false,ממרח עגבניות מיובשות,בני דרום,IL,ממרח עגבניות מיובשות,גרמים,190.00,100 גרם,false,,9.90,5.2105,true,1,58246
7290112870261,false,ממרח ארטישוק בני דרו,בני דרום,IL,ממרח ארטישוק בני דרו,גרמים,190.00,100 גרם,false,,9.90,5.2105,true,1,58247
7290112870278,false,ממרח טפנד זיתים מרינ,בני דרום,IL,ממרח טפנד זיתים מרינ,גרמים,190.00,100 גרם,false,,9.90,5.2105,true,1,58242
7290112870285,false,ממרח טפנד זיתים בני,בני דרום,IL,ממרח טפנד זיתים בני,גרמים,190.00,100 גרם,false,,9.90,5.2105,true,1,58248
7290112870292,false,ממרח צימיצורי בני דר,בני דרום,IL,ממרח צימיצורי בני דר,גרמים,190.00,100 גרם,false,,9.90,5.2105,true,1,58244
7290112870308,false,ממרח פלפל אדום בני ד,בני דרום,IL,ממרח פלפל אדום בני ד,גרמים,190.00,100 גרם,false,,9.90,5.2105,true,1,58243
7290112870315,false,זית טבעות ירוק בני ד,בני דרום,IL,זית טבעות ירוק בני ד,פריט,3.00,"ק""ג",false,,29.90,9.9667,true,1,60992
7290112870414,false,ממרח סחוג אדום בני ד,בני דרום,IL,ממרח סחוג אדום בני ד,גרמים,190.00,100 גרם,false,,9.90,5.2105,true,1,61191
7290112961266,false,בייגלה כפיות איטלקי,אסם,IL,בייגלה כפיות איטלקי,גרמים,300.00,100 גרם,false,,9.90,3.3000,true,1,61254
7290112961327,false,בייגלה כפיות כפרי 30,אסם,IL,בייגלה כפיות כפרי 30,גרמים,300.00,100 גרם,false,,9.90,3.3000,true,1,61255
7290112961372,false,חטיפי פריכיות קינמון,אסם,IL,חטיפי פריכיות קינמון,גרמים,60.00,100 גרם,false,,7.90,13.1667,true,1,59717
7290112961464,false,חטיפי פריכיות מתובלו,אסם,IL,חטיפי פריכיות מתובלו,גרמים,60.00,100 גרם,false,,7.90,13.1667,true,1,59718
7290112961754,false,עוגיות שוקולד ציפס מ,אסם,IL,עוגיות שוקולד ציפס מ,גרמים,200.00,100 גרם,false,,7.50,3.7500,true,1,60161
7290112963321,false,בייגלה שטוח גרפיטי ל,אסם,IL,בייגלה שטוח גרפיטי ל,גרמים,300.00,100 גרם,false,,11.90,3.9667,true,1,66829
7290112963918,false,קרקר דק רוזמרין פיטנ,אסם,IL,קרקר דק רוזמרין פיטנ,גרמים,140.00,100 גרם,false,,10.90,7.7857,true,1,62669
7290112964458,false,רוטב לסלט ויניגרט אס,אסם,IL,רוטב לסלט ויניגרט אס,גרמים,295.00,100 גרם,false,,8.90,3.0169,true,1,62568
7290112964472,false,רוטב שום אסם 290 גרם,אסם,IL,רוטב שום אסם 290 גרם,גרמים,290.00,100 גרם,false,,8.90,3.0690,true,1,62569
7290112964502,false,רוטב אלף האיים אסם 6,אסם,IL,רוטב אלף האיים אסם 6,גרמים,600.00,100 גרם,false,,14.90,2.4833,true,1,62570
7290112964625,false,רוטב שום לייט אסם 31,אסם,IL,רוטב שום לייט אסם 31,גרמים,310.00,100 גרם,false,,8.90,2.8710,true,1,62571
7290112964724,false,המבורגר צמחוני טבעול,טבעול ישראל,IL,המבורגר צמחוני טבעול,גרמים,580.00,100 גרם,false,,29.90,5.1552,true,1,62634
7290112965165,false,מרק נמס פטריות אסם 2,אסם,IL,מרק נמס פטריות אסם 2,גרמים,48.00,100 גרם,false,,5.50,11.4583,true,1,64500
7290112965240,false,מרק נמס עגבניות אסם,אסם,IL,מרק נמס עגבניות אסם,גרמים,60.00,100 גרם,false,,5.50,9.1667,true,1,64501
7290112965288,false,מרק נמס ירקות אסם 2*,אסם,IL,מרק נמס ירקות אסם 2*,גרמים,56.00,100 גרם,false,,5.50,9.8214,true,1,69092
7290112965301,false,מרק נמס עוף אסם 2*26,אסם,IL,מרק נמס עוף אסם 2*26,גרמים,52.00,100 גרם,false,,5.50,10.5769,true,1,64502
7290112965660,false,חטיף פיטנס מלח פלפל,אסם,IL,חטיף פיטנס מלח פלפל,Unknown,0.00,יחידה,false,,4.90,0.0000,true,1,69460
7290112965684,false,חטיף פיטנס עשבי תיבו,אסם,IL,חטיף פיטנס עשבי תיבו,גרמים,25.00,100 גרם,false,,4.90,19.6000,true,1,69461
7290112965707,false,חטיף פיטנס צ'ילי מעו,אסם,IL,חטיף פיטנס צ'ילי מעו,גרמים,25.00,100 גרם,false,,4.90,19.6000,true,1,69462
7290112965745,false,ביסלי פריסטייל בצל מ,אסם,IL,ביסלי פריסטייל בצל מ,גרמים,60.00,100 גרם,false,,3.90,6.5000,true,1,73130
7290112965783,false,ביסלי פריסטייל על הא,אסם,IL,ביסלי פריסטייל על הא,גרמים,60.00,100 גרם,false,,3.90,6.5000,true,1,73082
7290112965905,false,בייגלה שמיניות במליח,אסם,IL,בייגלה שמיניות במליח,גרמים,400.00,100 גרם,false,,8.90,2.2250,true,1,64531
7290112965967,false,נאגטס ירקות כתומים ט,טבעול ישראל,IL,נאגטס ירקות כתומים ט,גרמים,500.00,100 גרם,false,,29.90,5.9800,true,1,69691
7290112966094,false,עוגת תפוז מופחתת סוכ,אסם,IL,עוגת תפוז מופחתת סוכ,גרמים,400.00,100 גרם,false,,10.90,2.7250,true,1,64637
7290112966247,false,לחמית כוסמין 200 גרם,אסם,IL,לחמית כוסמין 200 גרם,גרמים,200.00,100 גרם,false,,8.90,4.4500,true,1,69003
7290112966803,false,פודינג אינסטנט שוקול,אסם,IL,פודינג אינסטנט שוקול,גרמים,88.00,100 גרם,false,,4.90,5.5682,true,1,66512
7290112966841,false,פודינג אינסטנט שוקול,אסם,IL,פודינג אינסטנט שוקול,גרמים,90.00,100 גרם,false,,4.90,5.4444,true,1,66513
7290112967114,false,חטיפי פריכיות קטניות,אסם,IL,חטיפי פריכיות קטניות,גרמים,60.00,100 גרם,false,,7.90,13.1667,true,1,66824
7290112967152,false,מארז במבה מתוקה  15*,אסם,IL,מארז במבה מתוקה  15*,גרמים,225.00,100 גרם,false,,17.90,7.9556,true,1,64629
7290112967381,false,חטיפי פריכיות קטניות,אסם,IL,חטיפי פריכיות קטניות,גרמים,60.00,100 גרם,false,,7.90,13.1667,true,1,66825
7290112967572,false,רוטב ברביקיו אסם 290,אסם,IL,רוטב ברביקיו אסם 290,גרמים,290.00,100 גרם,false,,8.90,3.0690,true,1,64505
7290112967848,false,גלי בטעם תות מופחת ס,אסם,IL,גלי בטעם תות מופחת ס,גרמים,85.00,100 גרם,false,,5.90,6.9412,true,1,72163
7290112968340,false,חומוס גרוס גס גס צבר,צבר,IL,חומוס גרוס גס גס צבר,גרמים,400.00,100 גרם,false,,13.90,3.4750,true,1,65052
7290112968708,false,שניצל תירס טבעול 1.3,טבעול ישראל,IL,שניצל תירס טבעול 1.3,פריט,1.30,"ק""ג",false,,39.90,30.6923,true,1,66151
7290112968722,false,נקניקיות מן הצומח טב,טבעול ישראל,IL,נקניקיות מן הצומח טב,פריט,1.20,"ק""ג",false,,39.90,33.2500,true,1,66152
7290112968807,false,קרקר דק סלק פיטנס 14,אסם,IL,קרקר דק סלק פיטנס 14,גרמים,140.00,100 גרם,false,,10.90,7.7857,true,1,69906
7290112968821,false,קרקר דק בטטה פיטנס 1,אסם,IL,קרקר דק בטטה פיטנס 1,גרמים,140.00,100 גרם,false,,10.90,7.7857,true,1,69907
7290113190375,false,סילאן טבעי שקדיה 900,שקדיה,TR,סילאן טבעי שקדיה 900,גרמים,900.00,100 גרם,false,,17.90,1.9889,true,1,60475
7290113190863,false,סילאן טבעי לחיץ שקדי,שקדיה,IL,סילאן טבעי לחיץ שקדי,גרמים,385.00,100 גרם,false,,11.90,3.0909,true,1,68264
7290113191006,false,פפריקה מתוקה יוחאי ב,תבליני בר,IL,פפריקה מתוקה יוחאי ב,גרמים,250.00,100 גרם,false,,19.90,7.9600,true,1,61496
7290113191013,false,פפריקה חריפה יוחאי ב,תבליני בר,IL,פפריקה חריפה יוחאי ב,גרמים,250.00,100 גרם,false,,19.90,7.9600,true,1,61497
7290113191020,false,פלפל שחור טחון יוחאי,תבליני בר,IL,פלפל שחור טחון יוחאי,גרמים,250.00,100 גרם,false,,19.90,7.9600,true,1,61498
7290113191037,false,פלפל שחור גרוס יוחאי,תבליני בר,IL,פלפל שחור גרוס יוחאי,גרמים,250.00,100 גרם,false,,19.90,7.9600,true,1,61499
7290113191044,false,כמון יוחאי ביטון 250,תבליני בר,IL,כמון יוחאי ביטון 250,גרמים,250.00,100 גרם,false,,19.90,7.9600,true,1,61500
7290113191051,false,כורכום יוחאי ביטון 2,תבליני בר,IL,כורכום יוחאי ביטון 2,גרמים,250.00,100 גרם,false,,19.90,7.9600,true,1,61501
7290113191099,false,סירופ מייפל טהור 250,שקדיה,IL,סירופ מייפל טהור 250,מיליליטרים,250.00,"100 מ""ל",false,,19.90,7.9600,true,1,76049
7290113191747,false,דפי אורז מרובעים באצ,תראן ראנח,VN,דפי אורז מרובעים באצ,גרמים,250.00,100 גרם,false,,9.90,3.9600,true,1,65924
7290113191938,false,תרכיז שקדים רוזטה 75,פוליבה,IL,תרכיז שקדים רוזטה 75,מיליליטרים,750.00,"100 מ""ל",false,,16.90,2.2533,true,1,63187
7290113192102,false,דפי אורז עגוליםבאצ',תראן ראנח,VN,דפי אורז עגוליםבאצ',גרמים,250.00,100 גרם,false,,9.90,3.9600,true,1,65925
7290113192201,false,אבקה להכנת סחלב שקדי,עין חרוד,IL,אבקה להכנת סחלב שקדי,גרמים,500.00,100 גרם,false,,14.90,2.9800,true,1,64821
7290113192218,false,אבקה להכנת מלבי שקדי,עין חרוד,IL,אבקה להכנת מלבי שקדי,גרמים,500.00,100 גרם,false,,14.90,2.9800,true,1,64822
7290113192300,false,זית חרוזית מושחר בית,בית השיטה,IL,זית חרוזית מושחר בית,גרמים,560.00,100 גרם,false,,8.90,1.5893,true,1,64535
7290113192331,false,זית מנזלינו בית השיט,בית השיטה,IL,זית מנזלינו בית השיט,גרמים,560.00,100 גרם,false,,9.50,1.6964,true,1,64538
7290113192348,false,זית שום בית השיטה 56,בית השיטה,IL,זית שום בית השיטה 56,גרמים,560.00,100 גרם,false,,7.90,1.4107,true,1,64539
7290113192355,false,זית חרוזית בית השיטה,בית השיטה,IL,זית חרוזית בית השיטה,גרמים,560.00,100 גרם,false,,8.50,1.5179,true,1,64540
7290113192362,false,זית טבעות בית השיטה,בית השיטה,IL,זית טבעות בית השיטה,גרמים,560.00,100 גרם,false,,9.90,1.7679,true,1,64541
7290113192379,false,זית מבוקע בית השיטה,בית השיטה,IL,זית מבוקע בית השיטה,גרמים,560.00,100 גרם,false,,8.90,1.5893,true,1,64542
7290113192393,false,זית קוקטייל בית השיט,בית השיטה,IL,זית קוקטייל בית השיט,גרמים,560.00,100 גרם,false,,10.90,1.9464,true,1,64543
7290113192478,false,מלפפון במלח 10-12 בי,בית השיטה,IL,מלפפון במלח 10-12 בי,גרמים,560.00,100 גרם,false,,7.90,1.4107,true,1,64544
7290113192485,false,מלפפון בחומץ 10-12 ב,בית השיטה,IL,מלפפון בחומץ 10-12 ב,גרמים,560.00,100 גרם,false,,7.90,1.4107,true,1,64545
7290113192492,false,מלפפון בחומץ 13-17 ב,בית השיטה,IL,מלפפון בחומץ 13-17 ב,גרמים,560.00,100 גרם,false,,10.50,1.8750,true,1,64546
7290113192508,false,מלפפון במלח 13-17 בי,בית השיטה,IL,מלפפון במלח 13-17 בי,גרמים,560.00,100 גרם,false,,10.50,1.8750,true,1,64547
7290113192515,false,מלפפון במלח 18-25 בי,בית השיטה,IL,מלפפון במלח 18-25 בי,גרמים,560.00,100 גרם,false,,11.50,2.0536,true,1,64548
7290113192522,false,מלפפון בחומץ 18-25 ב,בית השיטה,IL,מלפפון בחומץ 18-25 ב,גרמים,560.00,100 גרם,false,,11.50,2.0536,true,1,64549
7290113192539,false,מלפפון במלח 7-9 בית,בית השיטה,IL,מלפפון במלח 7-9 בית,גרמים,560.00,100 גרם,false,,6.30,1.1250,true,1,64550
7290113192546,false,מלפפון בחומץ 7-9 בית,בית השיטה,IL,מלפפון בחומץ 7-9 בית,גרמים,560.00,100 גרם,false,,6.30,1.1250,true,1,64551
7290113192560,false,פלפל שיפקה בית השיטה,בית השיטה,IL,פלפל שיפקה בית השיטה,גרמים,560.00,100 גרם,false,,5.90,1.0536,true,1,64552
7290113192577,false,כרוב כבוש בית השיטה,בית השיטה,IL,כרוב כבוש בית השיטה,גרמים,560.00,100 גרם,false,,6.90,1.2321,true,1,66947
7290113192997,false,זית שחור מרוקאי בית,בית השיטה,IL,זית שחור מרוקאי בית,גרמים,340.00,100 גרם,false,,11.90,3.5000,true,1,75072
7290113193000,false,פלפל שיפקונית בית הש,בית השיטה,IL,פלפל שיפקונית בית הש,גרמים,560.00,100 גרם,false,,9.90,1.7679,true,1,66948
7290113193017,false,זית חרוזית קוקטייל ב,בית השיטה,IL,זית חרוזית קוקטייל ב,גרמים,560.00,100 גרם,false,,11.50,2.0536,true,1,66953
7290113193031,false,זית חרוזית קלמטה בית,בית השיטה,IL,זית חרוזית קלמטה בית,גרמים,560.00,100 גרם,false,,11.50,2.0536,true,1,66949
7290113193321,false,שמן זית כתית מעולה ב,בית השיטה,IL,שמן זית כתית מעולה ב,מיליליטרים,750.00,"100 מ""ל",false,,27.90,3.7200,true,1,69358
7290113193406,false,זית טבעות קוקטייל בי,בית השיטה,IL,זית טבעות קוקטייל בי,גרמים,560.00,100 גרם,false,,11.50,2.0536,true,1,66950
7290113193444,false,מלפפון במלח גדול עמק,בית השיטה,IL,מלפפון במלח גדול עמק,גרמים,820.00,100 גרם,false,,6.90,0.8415,true,1,67478
7290113193451,false,מלפפון במלח בינוני ע,בית השיטה,IL,מלפפון במלח בינוני ע,גרמים,820.00,100 גרם,false,,7.90,0.9634,true,1,67482
7290113193468,false,מלפפון במלח קטן עמק,בית השיטה,IL,מלפפון במלח קטן עמק,גרמים,820.00,100 גרם,false,,9.50,1.1585,true,1,67479
7290113193475,false,מלפפון במלח קטן מאוד,בית השיטה,IL,מלפפון במלח קטן מאוד,גרמים,820.00,100 גרם,false,,11.90,1.4512,true,1,67484
7290113193482,false,מלפפון בחומץ גדול עמ,בית השיטה,IL,מלפפון בחומץ גדול עמ,גרמים,820.00,100 גרם,false,,6.90,0.8415,true,1,67480
7290113193499,false,מלפפון בחומץ בינוני,בית השיטה,IL,מלפפון בחומץ בינוני,גרמים,820.00,100 גרם,false,,7.90,0.9634,true,1,67483
7290113193505,false,מלפפון בחומץ קטן עמק,בית השיטה,IL,מלפפון בחומץ קטן עמק,גרמים,820.00,100 גרם,false,,9.50,1.1585,true,1,67481
7290113193512,false,מלפפון בחומץ קטן מאו,בית השיטה,IL,מלפפון בחומץ קטן מאו,גרמים,820.00,100 גרם,false,,11.90,1.4512,true,1,67485
7290113193529,false,מיקס זיתים עמק חרוד,בית השיטה,IL,מיקס זיתים עמק חרוד,גרמים,820.00,100 גרם,false,,11.90,1.4512,true,1,67475
7290113193536,false,זית חרוזית עמק חרוד,בית השיטה,IL,זית חרוזית עמק חרוד,גרמים,820.00,100 גרם,false,,9.90,1.2073,true,1,67476
7290113193543,false,זית טבעות עמק חרוד 8,בית השיטה,IL,זית טבעות עמק חרוד 8,גרמים,820.00,100 גרם,false,,9.90,1.2073,true,1,67477
7290113194601,false,מובחרים מן הטבע 500,דין שיווק,IL,מובחרים מן הטבע 500,גרמים,500.00,100 גרם,false,,9.90,1.9800,true,1,67492
7290113194618,false,קוואקר מובחרים מן הט,דין שיווק,IL,קוואקר מובחרים מן הט,גרמים,700.00,100 גרם,false,,4.90,0.7000,true,1,67494
7290113194625,false,מובחרים מן הטבע 300,דין שיווק,IL,מובחרים מן הטבע 300,גרמים,300.00,100 גרם,false,,9.90,3.3000,true,1,67493
7290113194632,false,ממרח שקדים שקדיה 500,פוליבה,IL,ממרח שקדים שקדיה 500,גרמים,500.00,100 גרם,false,,39.90,7.9800,true,1,68708
7290113195837,false,מובחרים מן הטבע 250,דין שיווק,IL,מובחרים מן הטבע 250,גרמים,250.00,100 גרם,false,,9.90,3.9600,true,1,68280
7290113195844,false,מובחרים מן הטבע 400,דין שיווק,IL,מובחרים מן הטבע 400,גרמים,400.00,100 גרם,false,,9.90,2.4750,true,1,68281
7290113195851,false,מובחרים מן הטבע 800,דין שיווק,IL,מובחרים מן הטבע 800,גרמים,800.00,100 גרם,false,,9.90,1.2375,true,1,68282
7290113195868,false,מובחרים מן הטבע 200,דין שיווק,IL,מובחרים מן הטבע 200,גרמים,200.00,100 גרם,false,,9.90,4.9500,true,1,68283
7290113195943,false,פלפל שיפקה עמק חרוד,בית השיטה,IL,פלפל שיפקה עמק חרוד,גרמים,820.00,100 גרם,false,,7.90,0.9634,true,1,68992
7290113195967,false,שיבולת שועל שקדיה פח,שקדיה,IL,שיבולת שועל שקדיה פח,גרמים,500.00,100 גרם,false,,4.90,0.9800,true,1,73748
7290113196339,false,מלפפונים קורנישונים,,IN,מלפפונים קורנישונים,גרמים,680.00,100 גרם,false,,9.90,1.4559,true,1,73749
7290113196414,false,אורז בסמטי שקדיה 1 ק,שקדיה,IN,אורז בסמטי שקדיה 1 ק,פריט,1.00,"ק""ג",false,,9.90,9.9000,true,1,74108
7290113196490,false,פריכיות כוסמת זרעי צ,שקדיה,IL,פריכיות כוסמת זרעי צ,גרמים,150.00,100 גרם,false,,11.90,7.9333,true,1,73752
7290113196506,false,פריכיות כוסמת ללא מל,שקדיה,IL,פריכיות כוסמת ללא מל,גרמים,150.00,100 גרם,false,,11.90,7.9333,true,1,73753
7290113196520,false,פריכיות כוסמין ללא מ,שקדיה,IL,פריכיות כוסמין ללא מ,גרמים,150.00,100 גרם,false,,11.90,7.9333,true,1,73751
7290113196759,false,ירקות מעורבים בטעם ב,בית השיטה,IL,ירקות מעורבים בטעם ב,גרמים,750.00,100 גרם,false,,9.90,1.3200,true,1,75083
7290113196896,false,תרסיס שמן זית שקדיה,שקדיה,IL,תרסיס שמן זית שקדיה,מיליליטרים,170.00,"100 מ""ל",false,,14.90,8.7647,true,1,74543
7290113196940,false,חטיפי תירס בטעם טבעי,אן וי רוגר,BE,חטיפי תירס בטעם טבעי,גרמים,300.00,100 גרם,false,,12.90,4.3000,true,1,78392
7290113196957,false,חטיפי תירס בטעם ברבי,אן וי רוגר,BE,חטיפי תירס בטעם ברבי,גרמים,300.00,100 גרם,false,,12.90,4.3000,true,1,78390
7290113197152,false,לבבות דקל שלם בצנצנת,שקדיה,IL,לבבות דקל שלם בצנצנת,גרמים,410.00,100 גרם,false,,11.90,2.9024,true,1,74572
7290113199323,false,מיני טורטיה מקמח חיט,,TR,מיני טורטיה מקמח חיט,גרמים,150.00,100 גרם,false,,4.90,3.2667,true,1,80048
7290113199590,false,נקטר חמוציות קרנברי,,US,נקטר חמוציות קרנברי,קילוגרמים,1.89,ליטר,false,,19.90,10.5291,true,1,76546
7290113199613,false,אנרג'י מיקס כפרי שקד,שקדיה,IL,אנרג'י מיקס כפרי שקד,גרמים,220.00,100 גרם,false,,4.90,2.2273,true,1,77864
7290113199620,false,אנרג'י מיקס גרנולה ש,שקדיה,IL,אנרג'י מיקס גרנולה ש,גרמים,220.00,100 גרם,false,,14.90,6.7727,true,1,77861
7290113199637,false,אנרג'י מיקס פרו שקדי,שקדיה,IL,אנרג'י מיקס פרו שקדי,גרמים,220.00,100 גרם,false,,4.90,2.2273,true,1,77862
7290113199774,false,ממרח 100% בוטנים שקד,פפאיינס,TW,ממרח 100% בוטנים שקד,גרמים,300.00,100 גרם,false,,13.90,4.6333,true,1,78388
7290113199866,false,מיקס פיצוחים 450 גרם,דין שיווק,IL,מיקס פיצוחים 450 גרם,גרמים,450.00,100 גרם,false,,34.90,7.7556,true,1,76615
7290113199880,false,טורטיות בתוספת קמח כ,,TR,טורטיות בתוספת קמח כ,גרמים,360.00,100 גרם,false,,12.90,3.5833,true,1,78391
7290113199941,false,"תמר מגהול 1 ק""ג",דין שיווק,IL,"תמר מגהול 1 ק""ג",פריט,1.00,"ק""ג",false,,14.90,14.9000,true,1,76504
7290113455955,false,סוכריות גומילי נחשים,טופ גאם,IL,סוכריות גומילי נחשים,גרמים,500.00,100 גרם,false,,29.90,5.9800,true,1,79599
7290113456020,false,סוכריות גומילי בננה,טופ גאם,IL,סוכריות גומילי בננה,גרמים,500.00,100 גרם,false,,29.90,5.9800,true,1,79601
7290113456051,false,סוכריות גומילי נחשים,טופ גאם,IL,סוכריות גומילי נחשים,גרמים,500.00,100 גרם,false,,29.90,5.9800,true,1,79602
7290113456075,false,סוכריות גומילי אבטיח,טופ גאם,IL,סוכריות גומילי אבטיח,גרמים,500.00,100 גרם,false,,29.90,5.9800,true,1,79604
7290113469952,false,גבינה מגורדת גאודה 2,מלקוויטה,PL,גבינה מגורדת גאודה 2,גרמים,300.00,100 גרם,false,,7.90,2.6333,true,1,80028
7290114310215,false,שמנת מתוקה 38%  בבקב,טרה,IL,שמנת מתוקה 38%  בבקב,מיליליטרים,250.00,"100 מ""ל",false,,6.40,2.5600,true,1,66448
7290114310222,false,חלב מועשר 3% טרה 1.5,מילקו,IL,חלב מועשר 3% טרה 1.5,קילוגרמים,1.50,ליטר,false,,10.90,7.2667,true,1,67340
7290114310239,false,חלב מועשר נטול לקטוז,מילקו,IL,חלב מועשר נטול לקטוז,קילוגרמים,1.50,ליטר,false,,10.90,7.2667,true,1,67341
7290114310246,false,גבינה גרנה פדנו 29%,מחלבת משק צוריאל,IL,גבינה גרנה פדנו 29%,גרמים,125.00,100 גרם,false,,14.90,11.9200,true,1,72067
7290114310338,false,גבינה צפתית מעודנת 5,מחלבת משק צוריאל,IL,גבינה צפתית מעודנת 5,גרמים,225.00,100 גרם,false,,16.90,7.5111,true,1,71959
7290114310536,false,מולר אקטיב וניל לייט,טרה,IL,מולר אקטיב וניל לייט,גרמים,200.00,100 גרם,false,,5.50,2.7500,true,1,73260
7290114310550,false,גבינת פטה עיזים מעוד,מילקו,IL,גבינת פטה עיזים מעוד,מיליליטרים,200.00,"100 מ""ל",false,,22.90,11.4500,true,1,72085
7290114310567,false,לאבנה עיזים 5% צוריא,מילקו,IL,לאבנה עיזים 5% צוריא,גרמים,200.00,100 גרם,false,,13.90,6.9500,true,1,72086
7290114310611,false,"משקה בננה טרה 250 מ""",טרה,IL,"משקה בננה טרה 250 מ""",מיליליטרים,250.00,"100 מ""ל",false,,5.20,2.0800,true,1,77886
7290114310628,false,משקה וניל עוגיות טרה,טרה,IL,משקה וניל עוגיות טרה,קילוגרמים,1.00,ליטר,false,,10.90,10.9000,true,1,72641
7290114310673,false,לאבנה 9% טרה 250 גרם,טרה,IL,לאבנה 9% טרה 250 גרם,גרמים,250.00,100 גרם,false,,11.90,4.7600,true,1,72087
7290114310895,false,מארז מולר סימפלי תות,טרה,IL,מארז מולר סימפלי תות,קילוגרמים,1.20,ליטר,false,,28.90,24.0833,true,1,78839
7290114311014,false,משקה אייס קפוצ'ינו ט,טרה,IL,משקה אייס קפוצ'ינו ט,מיליליטרים,250.00,"100 מ""ל",false,,5.20,2.0800,true,1,77887
7290114311021,false,משקה וניל עוגיות טרה,טרה,IL,משקה וניל עוגיות טרה,מיליליטרים,250.00,"100 מ""ל",false,,5.20,2.0800,true,1,77880
7290114311038,false,שמנת מתוקה 32% בבקבו,טרה,IL,שמנת מתוקה 32% בבקבו,מיליליטרים,250.00,"100 מ""ל",false,,6.70,2.6800,true,1,77683
7290114311069,false,מולר אקטיב בטעם טבעי,מילקו,IL,מולר אקטיב בטעם טבעי,גרמים,200.00,100 גרם,false,,4.90,2.4500,true,1,77353
7290114311076,false,חמאה עם שום מולר 200,מילקו,IL,חמאה עם שום מולר 200,גרמים,200.00,100 גרם,false,,10.90,5.4500,true,1,77677
7290114311298,false,מולר פרופ קציפת תות,טרה,IL,מולר פרופ קציפת תות,מיליליטרים,150.00,"100 מ""ל",false,,4.80,3.2000,true,1,78433
7290114311304,false,מולר פרופ קציפת מנגו,טרה,IL,מולר פרופ קציפת מנגו,מיליליטרים,150.00,"100 מ""ל",false,,4.80,3.2000,true,1,78432
7290114311328,false,חלב נטול לקטוז 2% טר,ג'י.אר.אמ.גרופו אלימ,IL,חלב נטול לקטוז 2% טר,קילוגרמים,1.00,ליטר,false,,7.30,7.3000,true,1,78840
7290114311359,false,מולר פרופ קציפת מנגו,טרה,IL,מולר פרופ קציפת מנגו,מיליליטרים,150.00,"100 מ""ל",false,,4.80,3.2000,true,1,78434
7290114311458,false,חלב מועשר 3% וויטמין,טרה,IL,חלב מועשר 3% וויטמין,קילוגרמים,1.00,ליטר,false,,6.90,6.9000,true,1,79385
7290114311496,false,חלב מועשר 1% טרה 1 ל,טרה,IL,חלב מועשר 1% טרה 1 ל,קילוגרמים,1.00,ליטר,false,,6.90,6.9000,true,1,79386
7290114601221,false,אג'קס עם אקונומיקה ל,cp צרפת,FR,אג'קס עם אקונומיקה ל,מיליליטרים,0.00,"100 מ""ל",false,,34.90,0.0000,true,1,64356
7290114602174,false,משחת קולגייט טוטל הל,קולגייט פלמוליב,PL,משחת קולגייט טוטל הל,מיליליטרים,300.00,"100 מ""ל",false,,43.90,14.6333,true,1,67035
7290114602211,false,משחת קולגייט סנסטיב,קולגייט פלמוליב,PL,משחת קולגייט סנסטיב,גרמים,225.00,100 גרם,false,,44.90,19.9556,true,1,67872
7290114604932,false,רוטב ברביקיו דבש מאס,רמיה סי.וי. הולנד,NL,רוטב ברביקיו דבש מאס,גרמים,524.00,100 גרם,false,,12.90,2.4618,true,1,73980
7290114604949,false,רוטב ברביקיו מאסטר ש,רמיה סי.וי. הולנד,NL,רוטב ברביקיו מאסטר ש,גרמים,524.00,100 גרם,false,,12.90,2.4618,true,1,73981
7290114606592,false,רוטב סויה מאסטר שף 6,מסוונג רונרוג,,רוטב סויה מאסטר שף 6,מיליליטרים,620.00,"100 מ""ל",false,,14.90,2.4032,true,1,77366
7290114607315,false,משחת קולגייט מקס ווי,קולגייט פלמוליב,PL,משחת קולגייט מקס ווי,מיליליטרים,250.00,"100 מ""ל",false,,28.90,11.5600,true,1,72412
7290114608688,false,פירורי לחם מתובלים מ,מנה,IL,פירורי לחם מתובלים מ,גרמים,480.00,100 גרם,false,,11.90,2.4792,true,1,73979
7290114608701,false,"חטיף תפו""א בטעם גריל",מנה,IL,"חטיף תפו""א בטעם גריל",גרמים,120.00,100 גרם,false,,11.90,9.9167,true,1,75715
7290115200676,false,עוגיות קרמוגית במילו,אסם,IL,עוגיות קרמוגית במילו,גרמים,200.00,100 גרם,false,,7.50,3.7500,true,1,69094
7290115200713,false,מארז במבה 5*50 גרם,אסם,IL,מארז במבה 5*50 גרם,גרמים,250.00,100 גרם,false,,9.90,3.9600,true,1,67865
7290115201680,false,ביסלי ברביקיו 70 גרם,אסם,IL,ביסלי ברביקיו 70 גרם,גרמים,70.00,100 גרם,false,,3.90,5.5714,true,1,70488
7290115201703,false,ביסלי ברביקיו 200 גר,אסם,IL,ביסלי ברביקיו 200 גר,גרמים,200.00,100 גרם,false,,6.50,3.2500,true,1,70797
7290115201727,false,ביסלי בצל 200 גרם,אסם,IL,ביסלי בצל 200 גרם,גרמים,200.00,100 גרם,false,,6.50,3.2500,true,1,70057
7290115201741,false,ביסלי בצל 70 גרם,אסם,IL,ביסלי בצל 70 גרם,גרמים,70.00,100 גרם,false,,3.90,5.5714,true,1,69832
7290115203134,false,פופקו  פופקורן קרמל,גבעול,IL,פופקו  פופקורן קרמל,גרמים,80.00,100 גרם,false,,4.50,5.6250,true,1,73256
7290115203172,false,במבה פרו 80 גרם,גבעול,IL,במבה פרו 80 גרם,גרמים,80.00,100 גרם,false,,3.90,4.8750,true,1,79435
7290115204056,false,קטשופ לחיץ מופחת סוכ,אסם,IL,קטשופ לחיץ מופחת סוכ,גרמים,690.00,100 גרם,false,,9.90,1.4348,true,1,71185
7290115205176,false,קרקר דק כפרי פיטנס 1,אסם,IL,קרקר דק כפרי פיטנס 1,גרמים,140.00,100 גרם,false,,10.90,7.7857,true,1,76740
7290115205312,false,קרקר דק זיתי קלמטה פ,אסם,IL,קרקר דק זיתי קלמטה פ,גרמים,140.00,100 גרם,false,,10.90,7.7857,true,1,77809
7290115205695,false,בצק פיצה מצונן בונז',אסם,IL,בצק פיצה מצונן בונז',גרמים,460.00,100 גרם,false,,14.90,3.2391,true,1,76219
7290115205718,false,בצק עלים מצונן בונז',אסם,IL,בצק עלים מצונן בונז',גרמים,230.00,100 גרם,false,,11.90,5.1739,true,1,76220
7290115207941,false,סירופ ויטמינצ'יק אננ,אסם,IL,סירופ ויטמינצ'יק אננ,קילוגרמים,1.00,ליטר,false,,19.90,19.9000,true,1,76215
7290115207965,false,סירופ ויטמינצ'יק מנג,אסם,IL,סירופ ויטמינצ'יק מנג,קילוגרמים,1.00,ליטר,false,,19.90,19.9000,true,1,76216
7290115207989,false,סירופ ויטמינצ'יק לימ,אסם,IL,סירופ ויטמינצ'יק לימ,קילוגרמים,1.00,ליטר,false,,19.90,19.9000,true,1,76217
7290115208047,false,סירופ ויטמינצ'יק פטל,אסם,IL,סירופ ויטמינצ'יק פטל,קילוגרמים,1.00,ליטר,false,,19.90,19.9000,true,1,76218
7290115208061,false,סירופ ויטמינצ'יק תפו,אסם,IL,סירופ ויטמינצ'יק תפו,קילוגרמים,1.00,ליטר,false,,19.90,19.9000,true,1,76214
7290115208320,false,אפרופו בטעם ביסלי בצ,אסם,IL,אפרופו בטעם ביסלי בצ,גרמים,50.00,100 גרם,false,,4.50,9.0000,true,1,80315
7290115208344,false,בייגלה כפיות בטעם שמ,אסם,IL,בייגלה כפיות בטעם שמ,גרמים,300.00,100 גרם,false,,9.90,3.3000,true,1,79436
7290115208597,false,עוגיות קרמוגית מיניס,אסם,IL,עוגיות קרמוגית מיניס,גרמים,200.00,100 גרם,false,,7.50,3.7500,true,1,79046
7290115208634,false,קמח רב תכליתי ל. גלו,אשבול בעמ,IL,קמח רב תכליתי ל. גלו,גרמים,400.00,100 גרם,false,,17.90,4.4750,true,1,77094
7290115208801,false,לחמית דבש ואגוזים 19,אסם,IL,לחמית דבש ואגוזים 19,גרמים,190.00,100 גרם,false,,8.90,4.6842,true,1,79246
7290115209136,false,חטיפים צמחוניים בטעם,טבעול ישראל,IL,חטיפים צמחוניים בטעם,פריט,1.20,"ק""ג",false,,39.90,33.2500,true,1,78922
7290115209198,false,במבה אוורירית 80 גרם,גבעול,IL,במבה אוורירית 80 גרם,גרמים,80.00,100 גרם,false,,3.90,4.8750,true,1,79043
7290115209235,false,פתיבר בטעם קפה אסם 5,,,פתיבר בטעם קפה אסם 5,גרמים,500.00,100 גרם,false,,8.90,1.7800,true,1,80206
7290115209358,false,במבה במילוי קרם בטעם,אסם,IL,במבה במילוי קרם בטעם,גרמים,60.00,100 גרם,false,,4.50,7.5000,true,1,80204
7290115405088,false,קינוח אישי קדאיף קפו,קפולסקי אדל בעמ,IL,קינוח אישי קדאיף קפו,גרמים,250.00,100 גרם,false,,14.90,5.9600,true,1,66302
7290115405118,false,קינוח אישי תענוג תות,קפולסקי אדל בעמ,IL,קינוח אישי תענוג תות,גרמים,240.00,100 גרם,false,,14.90,6.2083,true,1,66304
7290115405774,false,פחזניות במילוי קרם ב,קפולסקי אדל בעמ,IL,פחזניות במילוי קרם ב,גרמים,180.00,100 גרם,false,,9.90,5.5000,true,1,77872
7290115405798,false,פחזניות במילוי קרם ב,קפולסקי אדל בעמ,IL,פחזניות במילוי קרם ב,גרמים,180.00,100 גרם,false,,9.90,5.5000,true,1,77874
7290115405804,false,פחזניות במילוי קרם ב,קפולסקי אדל בעמ,IL,פחזניות במילוי קרם ב,גרמים,180.00,100 גרם,false,,9.90,5.5000,true,1,77875
7290115405811,false,קינוח אישי גבינה ופי,קפולסקי אדל בעמ,IL,קינוח אישי גבינה ופי,גרמים,200.00,100 גרם,false,,12.90,6.4500,true,1,77876
7290115405828,false,קינוח אישי גבינה אוכ,קפולסקי אדל בעמ,IL,קינוח אישי גבינה אוכ,גרמים,200.00,100 גרם,false,,12.90,6.4500,true,1,77877
7290115671223,false,מסטיק מאסט צנצנת בטע,שטראוס,IL,מסטיק מאסט צנצנת בטע,Unknown,0.00,יחידה,false,,8.90,0.0000,true,1,75781
7290115671339,false,עוגיות מיני פינוקיות,עלית,IL,עוגיות מיני פינוקיות,גרמים,180.00,100 גרם,false,,9.90,5.5000,true,1,76181
7290115671346,false,עוגיות מיני פינוקיות,עלית,IL,עוגיות מיני פינוקיות,גרמים,188.00,100 גרם,false,,9.90,5.2660,true,1,74502
7290115671353,false,עוגיות מיני פינוקיות,עלית,IL,עוגיות מיני פינוקיות,גרמים,188.00,100 גרם,false,,9.90,5.2660,true,1,75785
7290115671421,false,פולי קפה ארומטיים בק,שטראוס קפה בי.וי,IL,פולי קפה ארומטיים בק,גרמים,250.00,100 גרם,false,,19.90,7.9600,true,1,79999
7290115675696,false,דגני בוקר קראנצ'ים ש,גלידות שטראוס,PL,דגני בוקר קראנצ'ים ש,גרמים,375.00,100 גרם,false,,18.90,5.0400,true,1,78449
7290115675702,false,דגני בוקר קראנצ'ים ש,גלידות שטראוס,PL,דגני בוקר קראנצ'ים ש,גרמים,375.00,100 גרם,false,,18.90,5.0400,true,1,78450
7290115675986,false,דנונה בר עם אגוזים מ,שטראוס,IL,דנונה בר עם אגוזים מ,גרמים,173.00,100 גרם,false,,4.30,2.4855,true,1,70221
7290115676037,false,משקה דנונה ריפרש תות,שטראוס גרופ,IL,משקה דנונה ריפרש תות,גרמים,250.00,100 גרם,false,,3.90,1.5600,true,1,72957
7290115676273,false,קקאו עלית 500 + 50 ג,שטראוס,IL,קקאו עלית 500 + 50 ג,גרמים,550.00,100 גרם,false,,23.90,4.3455,true,1,72599
7290115677089,false,קונפיטורה תפוח וקינמ,יד מרדכי,IL,קונפיטורה תפוח וקינמ,גרמים,340.00,100 גרם,false,,12.90,3.7941,true,1,73757
7290115678222,false,מארז יוגורט דנונה יו,שטראוס גרופ,IL,מארז יוגורט דנונה יו,גרמים,0.00,100 גרם,false,,23.90,0.0000,true,1,73210
7290115678376,false,מעדן הגולן שוקולד 12,שטראוס,IL,מעדן הגולן שוקולד 12,מיליליטרים,125.00,"100 מ""ל",false,,2.50,2.0000,true,1,73778
7290115678383,false,מעדן הגולן שוקולד מר,שטראוס,IL,מעדן הגולן שוקולד מר,מיליליטרים,125.00,"100 מ""ל",false,,2.50,2.0000,true,1,73779
7290115720280,false,סוכריות לגו בריקס 18,גרוסליין,CN,סוכריות לגו בריקס 18,גרמים,216.00,100 גרם,false,,14.90,6.8981,true,1,72729
7290115720358,false,סוכריות טבעת ג'ואל פ,גרוסליין,CN,סוכריות טבעת ג'ואל פ,גרמים,225.00,100 גרם,false,,14.90,6.6222,true,1,72730
7290115720464,false,סוכריות מוצץ גרוסליי,גרוסליין,BE,סוכריות מוצץ גרוסליי,גרמים,105.00,100 גרם,false,,14.90,14.1905,true,1,73243
7290115720471,false,סוכריות משרוקית גרוס,גרוסליין,BE,סוכריות משרוקית גרוס,גרמים,170.00,100 גרם,false,,14.90,8.7647,true,1,73244
7290115720488,false,סוכריות ליפסטיק גרוס,גרוסליין,BE,סוכריות ליפסטיק גרוס,גרמים,170.00,100 גרם,false,,14.90,8.7647,true,1,73245
7290115720709,false,סוכריות טבעת גרוסליי,גרוסליין,CN,סוכריות טבעת גרוסליי,גרמים,216.00,100 גרם,false,,14.90,6.8981,true,1,78316
7290115720778,false,סוכריות דיפ אנד ליק,גרוסליין,CN,סוכריות דיפ אנד ליק,גרמים,216.00,100 גרם,false,,14.90,6.8981,true,1,78317
7290115720969,false,סוכריות בלוקס בטעמי,גרוסליין,CN,סוכריות בלוקס בטעמי,גרמים,216.00,100 גרם,false,,18.90,8.7500,true,1,79655
7290116532240,false,שוקולד קליק עוגיות ו,יוניליוור,IL,שוקולד קליק עוגיות ו,גרמים,85.00,100 גרם,false,,4.90,5.7647,true,1,78011
7290116532264,false,שלגוני גודיס לייט אפ,גלידות שטראוס,IL,שלגוני גודיס לייט אפ,גרמים,300.00,100 גרם,false,,19.50,6.5000,true,1,78625
7290116532462,false,גלידה שמנת קליק בטעם,גלידות שטראוס,IL,גלידה שמנת קליק בטעם,מיליליטרים,520.00,"100 מ""ל",false,,17.90,3.4423,true,1,78209
7290116532486,false,גלידה שמנת קליק בטעם,גלידות שטראוס,IL,גלידה שמנת קליק בטעם,מיליליטרים,520.00,"100 מ""ל",false,,17.90,3.4423,true,1,78211
7290116850382,false,ניילון לכיסוי מזון א,,,ניילון לכיסוי מזון א,Unknown,0.00,יחידה,false,,9.90,0.0000,true,1,74323
7290116850856,false,נר הבדלה נבל עם בשמי,,,נר הבדלה נבל עם בשמי,Unknown,0.00,יחידה,false,,29.90,0.0000,true,1,77201
7290116850863,false,נר הבדלה אתרוג,,,נר הבדלה אתרוג,Unknown,0.00,יחידה,false,,29.90,0.0000,true,1,77202
7290116850870,false,נר הבדלה שבוע טוב,,,נר הבדלה שבוע טוב,Unknown,0.00,יחידה,false,,19.90,0.0000,true,1,77199
7290116851716,false,מארז 6 כריות קרצוף ש,,,מארז 6 כריות קרצוף ש,Unknown,0.00,יחידה,false,,14.90,0.0000,true,1,77200
7290116853635,false,מארז 6 כריות קרצוף ע,,,מארז 6 כריות קרצוף ע,Unknown,0.00,יחידה,false,,19.90,0.0000,true,1,79442
7290116930244,false,מארז יוגורט ביו תנוב,תנובה מרכז שיתופי לש,IL,מארז יוגורט ביו תנוב,קילוגרמים,1.20,ליטר,false,,15.90,13.2500,true,1,77940
7290116930435,false,יוגורט גו יופלה סמיך,תנובה מרכז שיתופי לש,IL,יוגורט גו יופלה סמיך,גרמים,200.00,100 גרם,false,,5.50,2.7500,true,1,77941
7290116930442,false,יופלה שייק בננה מנגו,תנובה,IL,יופלה שייק בננה מנגו,מיליליטרים,230.00,"100 מ""ל",false,,5.90,2.5652,true,1,78332
7290116930459,false,יופלה שייק בננה אננס,תנובה,IL,יופלה שייק בננה אננס,מיליליטרים,230.00,"100 מ""ל",false,,5.90,2.5652,true,1,78333
7290116930466,false,יופלה שייק מנגו בננה,תנובה,IL,יופלה שייק מנגו בננה,מיליליטרים,230.00,"100 מ""ל",false,,5.90,2.5652,true,1,78334
7290116930701,false,מעדן חלב גו 12 מועשר,תנובה מרכז שיתופי לש,IL,מעדן חלב גו 12 מועשר,גרמים,120.00,100 גרם,false,,4.50,3.7500,true,1,78326
7290116931081,false,מעדן סויה בטעם טופי,תנובה מרכז שיתופי לש,IL,מעדן סויה בטעם טופי,גרמים,125.00,100 גרם,false,,3.90,3.1200,true,1,78971
7290117260401,false,גבינת מוצרלה מגורדת,,TR,גבינת מוצרלה מגורדת,גרמים,500.00,100 גרם,false,,19.90,3.9800,true,1,74859
7290117260562,false,חמאה כפרית בגביע ויל,סוטאש,TR,חמאה כפרית בגביע ויל,גרמים,225.00,100 גרם,false,,14.90,6.6222,true,1,79976
7290117260814,false,תן בו בטעם וניל בציפ,אלויראסמינדר,DK,תן בו בטעם וניל בציפ,גרמים,300.00,100 גרם,false,,19.90,6.6333,true,1,75620
7290117260920,false,קרקר ל. גלוטן וילי פ,ארמנדומודיאה אס.אר.א,IT,קרקר ל. גלוטן וילי פ,גרמים,125.00,100 גרם,false,,9.90,7.9200,true,1,77402
7290117260937,false,קרקר ל. גלוטן עם עגב,ארמנדומודיאה אס.אר.א,IT,קרקר ל. גלוטן עם עגב,גרמים,125.00,100 גרם,false,,9.90,7.9200,true,1,77403
7290117261248,false,תן בו ביס בטעם וניל,אלויראסמינדר,DK,תן בו ביס בטעם וניל,גרמים,180.00,100 גרם,false,,9.90,5.5000,true,1,80024
7290117261521,false,סלמון אטלנטי בשמן קנ,באנגה,LV,סלמון אטלנטי בשמן קנ,גרמים,120.00,100 גרם,false,,9.90,8.2500,true,1,79146
7290117261538,false,סלמון אטלנטי בשמן קנ,באנגה,LV,סלמון אטלנטי בשמן קנ,גרמים,120.00,100 גרם,false,,9.90,8.2500,true,1,79147
7290117261545,false,סלמון אטלנטי ברוטב ט,באנגה,LV,סלמון אטלנטי ברוטב ט,גרמים,120.00,100 גרם,false,,9.90,8.2500,true,1,79148
7290117261569,false,סלמון אטלנטי מעושן ב,באנגה,LV,סלמון אטלנטי מעושן ב,גרמים,120.00,100 גרם,false,,9.90,8.2500,true,1,79149
7290117262221,false,משקה יוגורט אננס יור,אקר,TR,משקה יוגורט אננס יור,מיליליטרים,200.00,"100 מ""ל",false,,4.90,2.4500,true,1,78833
7290117262238,false,משקה יוגורט תות שדה,אקר,TR,משקה יוגורט תות שדה,מיליליטרים,200.00,"100 מ""ל",false,,4.90,2.4500,true,1,78834
7290117262245,false,משקה יוגורט אפרסק ומ,אקר,TR,משקה יוגורט אפרסק ומ,מיליליטרים,200.00,"100 מ""ל",false,,4.90,2.4500,true,1,78835
7290117262290,false,פרלינים אגוזים פצפוצ,מודרן צוקולטה,TR,פרלינים אגוזים פצפוצ,גרמים,50.00,100 גרם,false,,4.50,9.0000,true,1,79988
7290117262306,false,קורנפלקס מצופה שוקול,מודרן צוקולטה,TR,קורנפלקס מצופה שוקול,גרמים,50.00,100 גרם,false,,4.50,9.0000,true,1,79989
7290117262313,false,פצפוצי דגנים בשוקולד,מודרן צוקולטה,TR,פצפוצי דגנים בשוקולד,גרמים,50.00,100 גרם,false,,4.50,9.0000,true,1,79990
7290117262320,false,ביסקוויט מצופה שוקול,מודרן צוקולטה,TR,ביסקוויט מצופה שוקול,גרמים,40.00,100 גרם,false,,4.50,11.2500,true,1,79991
7290117263006,false,צהובה מגורדת ויליפוד,וילי פוד,IL,צהובה מגורדת ויליפוד,פריט,1.20,"ק""ג",false,,39.90,33.2500,true,1,79365
7290117263020,false,משקה יוגורט פרוביוטי,אקר,TR,משקה יוגורט פרוביוטי,מיליליטרים,200.00,"100 מ""ל",false,,4.90,2.4500,true,1,80513
7290117383155,false,משחת קולגייט טוטאל י,קולגייט פלמוליב,PL,משחת קולגייט טוטאל י,מיליליטרים,150.00,"100 מ""ל",false,,29.90,19.9333,true,1,79057
7290117383711,false,תחליב פלמוליב חלב וד,קולגייט פלמוליב,TR,תחליב פלמוליב חלב וד,קילוגרמים,1.50,ליטר,false,,29.90,19.9333,true,1,79824
7290117383728,false,ג'ל פלמוליב לומינס א,קולגייט פלמוליב,TR,ג'ל פלמוליב לומינס א,קילוגרמים,1.50,ליטר,false,,29.90,19.9333,true,1,79825
7290117383735,false,ג'ל פלמוליב חימר ורד,קולגייט פלמוליב,TR,ג'ל פלמוליב חימר ורד,קילוגרמים,1.50,ליטר,false,,29.90,19.9333,true,1,79827
7290117383742,false,ג'ל פלמוליב לגבר 2*7,קולגייט פלמוליב,TR,ג'ל פלמוליב לגבר 2*7,קילוגרמים,1.50,ליטר,false,,29.90,19.9333,true,1,79828
7290117383780,false,ג'ל פלמוליב ארומה מס,קולגייט פלמוליב,TR,ג'ל פלמוליב ארומה מס,קילוגרמים,1.50,ליטר,false,,29.90,19.9333,true,1,79826
7290117761076,false,מזלגות איכותיות שקוף,ווינפאק סחר בעמ,TR,מזלגות איכותיות שקוף,Unknown,0.00,יחידה,false,,11.90,0.0000,true,1,77933
7290117761090,false,כפיות איכותיות שקוף,ווינפאק סחר בעמ,TR,כפיות איכותיות שקוף,Unknown,0.00,יחידה,false,,11.90,0.0000,true,1,77923
7290117761113,false,מזלגות איכותיות קרם,ווינפאק סחר בעמ,TR,מזלגות איכותיות קרם,Unknown,0.00,יחידה,false,,11.90,0.0000,true,1,77935
7290117761137,false,כפיות איכותיות קרם מ,ווינפאק סחר בעמ,TR,כפיות איכותיות קרם מ,Unknown,0.00,יחידה,false,,11.90,0.0000,true,1,77926
7290117761199,false,מזלגות איכותיות זהב,ווינפאק סחר בעמ,TR,מזלגות איכותיות זהב,Unknown,0.00,יחידה,false,,11.90,0.0000,true,1,77921
7290117761212,false,כפיות איכותיות זהב מ,ווינפאק סחר בעמ,TR,כפיות איכותיות זהב מ,Unknown,0.00,יחידה,false,,11.90,0.0000,true,1,77930
7290117761236,false,מזלגות איכותיות זהב,ווינפאק סחר בעמ,TR,מזלגות איכותיות זהב,Unknown,0.00,יחידה,false,,11.90,0.0000,true,1,77931
7290117901328,false,מיקס חלבה וממתקי שומ,שקדיה,AE,מיקס חלבה וממתקי שומ,גרמים,500.00,100 גרם,false,,29.90,5.9800,true,1,78905
7290117902646,false,פקאן בציפוי קרמל 130,,IL,פקאן בציפוי קרמל 130,גרמים,130.00,100 גרם,false,,16.90,13.0000,true,1,80042
7290117902653,false,פקאן בציפוי שברי עוג,,IL,פקאן בציפוי שברי עוג,גרמים,130.00,100 גרם,false,,16.90,13.0000,true,1,80040
7290117902660,false,קשיו בציפוי בייגלה 1,,IL,קשיו בציפוי בייגלה 1,גרמים,130.00,100 גרם,false,,16.90,13.0000,true,1,80043
7290117902684,false,קשיו בציפוי קרמל 130,,IL,קשיו בציפוי קרמל 130,גרמים,130.00,100 גרם,false,,16.90,13.0000,true,1,80045
7290900010282,false,אורז בסמטי אינדירה 1,Emsons Exim PVT LTD,IN,אורז בסמטי אינדירה 1,פריט,1.40,"ק""ג",false,,11.90,8.5000,true,1,50052
7290900010367,false,טורטיות דורומי 36*45,Turka Invest,PL,טורטיות דורומי 36*45,פריט,1.62,"ק""ג",false,,19.90,12.2840,true,1,46740
7290900010435,false,תערובת לכדורי שוקולד,א.ל. ייצור ושיווק תב,IL,תערובת לכדורי שוקולד,גרמים,400.00,100 גרם,false,,11.90,2.9750,true,1,46897
7290900010442,false,תערובת לעוגת בראוניז,א.ל. ייצור ושיווק תב,IL,תערובת לעוגת בראוניז,גרמים,500.00,100 גרם,false,,11.90,2.3800,true,1,46898
7290900010459,false,תערובת לעוגת וניל בו,א.ל. ייצור ושיווק תב,IL,תערובת לעוגת וניל בו,גרמים,500.00,100 גרם,false,,11.90,2.3800,true,1,46899
7290900010466,false,תערובת לעוגת שוקולד,א.ל. ייצור ושיווק תב,IL,תערובת לעוגת שוקולד,גרמים,500.00,100 גרם,false,,11.90,2.3800,true,1,46900
7290900010480,false,תערובת לפנקייק בון ב,א.ל. ייצור ושיווק תב,IL,תערובת לפנקייק בון ב,גרמים,400.00,100 גרם,false,,11.90,2.9750,true,1,46902
7290900011838,false,זית שחור אוליבסי  1.,Yatagan Zeytincilik,TR,זית שחור אוליבסי  1.,פריט,1.74,"ק""ג",false,,29.90,17.1839,true,1,50237
7290900012316,false,פתיתים קוסקוס דורומי,Bessan Makarna,TR,פתיתים קוסקוס דורומי,גרמים,500.00,100 גרם,false,,4.90,0.9800,true,1,51323
7290900012552,false,קרוטונים לסלט דורומי,חטיפים מן הטבע,IL,קרוטונים לסלט דורומי,גרמים,500.00,100 גרם,false,,12.90,2.5800,true,1,50837
7291128651141,false,קוביות פלסטיק צבעוני,,,קוביות פלסטיק צבעוני,Unknown,0.00,יחידה,false,,34.90,0.0000,true,1,79237
7291192834051,false,כדורים בצלחת,,,כדורים בצלחת,Unknown,0.00,יחידה,false,,19.90,0.0000,true,1,79217
7291594895667,false,נושי פינוקי פינגווין,,,נושי פינוקי פינגווין,Unknown,0.00,יחידה,false,,29.90,0.0000,true,1,79224
7291594895766,false,דב נושי עם מגבת קטיפ,,,דב נושי עם מגבת קטיפ,Unknown,0.00,יחידה,false,,29.90,0.0000,true,1,79234
7296058000373,false,פריכיות דקות אורז פר,פרח תעשיות,IL,פריכיות דקות אורז פר,גרמים,100.00,100 גרם,false,,6.90,6.9000,true,1,41723
7296058000397,false,פריכיות דקות אורז וק,פרח תעשיות,IL,פריכיות דקות אורז וק,גרמים,100.00,100 גרם,false,,6.90,6.9000,true,1,41725
7296058000403,false,פריכיות דקות אורז וכ,פרח תעשיות,IL,פריכיות דקות אורז וכ,גרמים,100.00,100 גרם,false,,6.90,6.9000,true,1,41726
7296058000526,false,פריכיות כוסמת פרח 16,פרח תעשיות,IL,פריכיות כוסמת פרח 16,גרמים,160.00,100 גרם,false,,6.90,4.3125,true,1,73845
7296058330012,false,מארז פריכיות אורז פר,פרח תעשיות,IL,מארז פריכיות אורז פר,גרמים,330.00,100 גרם,false,,9.90,3.0000,true,1,73846
7296073286493,false,מארז פטריות מרינה,מרינה פטריות,IL,מארז פטריות מרינה,Unknown,0.00,יחידה,false,,14.90,0.0000,true,1,55788
7296146007796,false,זוג כוסיות המשושים ע,,,זוג כוסיות המשושים ע,Unknown,0.00,יחידה,false,,4.90,0.0000,true,1,6911
7296146007819,false,פתילייט -מילוי לצינו,,,פתילייט -מילוי לצינו,Unknown,0.00,יחידה,false,,1.90,0.0000,true,1,3769
7296146077775,false,פתילונים משושים,,,פתילונים משושים,Unknown,0.00,יחידה,false,,2.90,0.0000,true,1,3770
7296146077799,false,פתילונר,,,פתילונר,Unknown,0.00,יחידה,false,,1.90,0.0000,true,1,3771
7297395000026,true,בדי בדיקה טהרה 3*20,חן המעין בעמ,IL,בדית שלישייה,Unknown,0.00,יחידה,false,1,14.90,0.0000,true,1,3830
7298544587528,false,דב נושי עם מגבת קטיפ,,,דב נושי עם מגבת קטיפ,Unknown,0.00,יחידה,false,,29.90,0.0000,true,1,79235
7298546821026,false,דב נושי עם מגבת קטיפ,,,דב נושי עם מגבת קטיפ,Unknown,0.00,יחידה,false,,29.90,0.0000,true,1,79236
7350041950141,false,ליקר שרי הרינג 1 ליט,פיטר הרינג,DK,ליקר שרי הרינג 1 ליט,קילוגרמים,1.00,ליטר,false,,100.20,100.2000,true,1,64719
7501013122039,false,נקטר ג'ומקס בטעם מנג,חומקס אלורה אס איי,MX,נקטר ג'ומקס בטעם מנג,קילוגרמים,1.00,ליטר,false,,9.90,9.9000,true,1,75440
7501013122053,false,נקטר ג'ומקס בטעם אפר,חומקס אלורה אס איי,MX,נקטר ג'ומקס בטעם אפר,קילוגרמים,1.00,ליטר,false,,9.90,9.9000,true,1,75441
7501013122114,false,נקטר ג'ומקס בטעם אננ,חומקס אלורה אס איי,MX,נקטר ג'ומקס בטעם אננ,קילוגרמים,1.00,ליטר,false,,9.90,9.9000,true,1,75443
7501013122992,false,נקטר ג'ומקס בטעם קוק,חומקס אלורה אס איי,MX,נקטר ג'ומקס בטעם קוק,קילוגרמים,1.00,ליטר,false,,9.90,9.9000,true,1,75442
7501064191398,false,מארז בירה קורונה 4.5,,,מארז בירה קורונה 4.5,קילוגרמים,2.13,ליטר,false,,39.90,18.7324,true,1,61177
7509546057545,false,דאו ליידי ספיד סטיק,קולגייט פלמוליב,BY,דאו ליידי ספיד סטיק,גרמים,45.00,100 גרם,false,,14.90,33.1111,true,1,74812
7509546061665,false,דאו ספיד סטיק אקסטרי,קולגייט פלמוליב,BY,דאו ספיד סטיק אקסטרי,גרמים,85.00,100 גרם,false,,14.90,17.5294,true,1,79211
7509546061672,false,דאו ספיד סטיק אקסטרי,קולגייט פלמוליב,BY,דאו ספיד סטיק אקסטרי,גרמים,50.00,100 גרם,false,,14.90,29.8000,true,1,79210
7509546063515,false,דאו ספריי ליידי ספיד,קולגייט פלמוליב,BY,דאו ספריי ליידי ספיד,מיליליטרים,150.00,"100 מ""ל",false,,13.90,9.2667,true,1,79212
7610100034084,false,מיונז בשפורפרת טומי,נסטלה,US,מיונז בשפורפרת טומי,גרמים,265.00,100 גרם,false,,9.90,3.7358,true,1,50246
7610113011652,false,בקרדי בריזר תפוח 275,בקרדי מרטיני,BE,בקרדי בריזר תפוח 275,מיליליטרים,275.00,"100 מ""ל",false,,12.90,4.6909,true,1,68312
7610700012642,false,סוכריות צמחים ריקולה,ריקולה,CH,סוכריות צמחים ריקולה,גרמים,75.00,100 גרם,false,,9.90,13.2000,true,1,72598
7613030979647,false,דגני בוקר טריקס 480,סי.פי,FR,דגני בוקר טריקס 480,גרמים,480.00,100 גרם,false,,19.90,4.1458,true,1,56608
7613035548374,false,דגני בוקר גולדן מיני,אסם,FR,דגני בוקר גולדן מיני,גרמים,570.00,100 גרם,false,,19.90,3.4912,true,1,64638
7613036880534,false,מחית מרק ירקות מעורב,מטרנה,PL,מחית מרק ירקות מעורב,גרמים,190.00,100 גרם,false,,5.50,2.8947,true,1,64360
7613037686906,false,דגני בוקר פיטנס שקדי,נסטלה צרפת איטנקורט,FR,דגני בוקר פיטנס שקדי,גרמים,355.00,100 גרם,false,,19.90,5.6056,true,1,64302
7613038268262,false,דגני בוקר האני נאט צ,אסם,FR,דגני בוקר האני נאט צ,גרמים,410.00,100 גרם,false,,19.90,4.8537,true,1,64634
7613038451954,false,דגני בוקר קראנצ שוקו,אסם,FR,דגני בוקר קראנצ שוקו,גרמים,410.00,100 גרם,false,,19.90,4.8537,true,1,64635
7613039879382,false,"מחית תפו""ע גרבר 190",מטרנה,PL,"מחית תפו""ע גרבר 190",גרמים,190.00,100 גרם,false,,5.50,2.8947,true,1,71256
7613039880807,false,מחית גזר תפוח גרבר 1,מטרנה,PL,מחית גזר תפוח גרבר 1,גרמים,190.00,100 גרם,false,,5.50,2.8947,true,1,71252
7613039881521,false,מחית מנגו גרבר 190 ג,מטרנה,PL,מחית מנגו גרבר 190 ג,גרמים,190.00,100 גרם,false,,5.50,2.8947,true,1,71253
7613039881965,false,מחית גזר תפוח מנגו ג,מטרנה,PL,מחית גזר תפוח מנגו ג,גרמים,190.00,100 גרם,false,,5.50,2.8947,true,1,71254
7613287394323,false,דגני בוקר מולטי צירי,אסם,IL,דגני בוקר מולטי צירי,גרמים,600.00,100 גרם,false,,19.90,3.3167,true,1,73259
7613287476678,false,דגני בוקר סינימיניס,אסם,FR,דגני בוקר סינימיניס,גרמים,360.00,100 גרם,false,,19.90,5.5278,true,1,75825
7613287855640,false,קפסולות סטארבקס גווא,אסם,IL,קפסולות סטארבקס גווא,גרמים,52.00,100 גרם,false,,21.50,41.3462,true,1,79437
7622201139278,false,גבינת שמנת 27% פילדל,מיודלז אספניה פרודוק,ES,גבינת שמנת 27% פילדל,גרמים,150.00,100 גרם,false,,11.90,7.9333,true,1,65480
7622201521493,false,גבינת שמנת 12% פילדל,מיודלז אספניה פרודוק,ES,גבינת שמנת 12% פילדל,גרמים,150.00,100 גרם,false,,11.90,7.9333,true,1,78362
7622201798154,false,גבינת שמנת לייט 13%,מיודלז אספניה פרודוק,ES,גבינת שמנת לייט 13%,גרמים,150.00,100 גרם,false,,11.90,7.9333,true,1,75413
7622201808631,false,עוגיות מיני אוראו ונ,מונדליז,UA,עוגיות מיני אוראו ונ,גרמים,67.00,100 גרם,false,,6.90,10.2985,true,1,73354
7622300761363,false,עוגיות מיני אוראו שו,מונדליז,UA,עוגיות מיני אוראו שו,גרמים,67.00,100 גרם,false,,6.90,10.2985,true,1,63889
7630477891592,false,קפסולות סטארבקס האוס,אסם,IL,קפסולות סטארבקס האוס,גרמים,57.00,100 גרם,false,,21.50,37.7193,true,1,68423
7630477891615,false,קפסולות סטארבקס סומט,אסם,IL,קפסולות סטארבקס סומט,גרמים,55.00,100 גרם,false,,21.50,39.0909,true,1,68424
7630477891639,false,קפסולות סטארבקס ורונ,אסם,IL,קפסולות סטארבקס ורונ,גרמים,55.00,100 גרם,false,,21.50,39.0909,true,1,68425
7630477891653,false,קפסולות סטארבקס נטול,אסם,IL,קפסולות סטארבקס נטול,גרמים,57.00,100 גרם,false,,21.50,37.7193,true,1,68426
7630477891677,false,קפסולות סטארבקס פייק,אסם,IL,קפסולות סטארבקס פייק,גרמים,53.00,100 גרם,false,,21.50,40.5660,true,1,68427
7630477891691,false,קפסולות סטארבקס קולו,אסם,IL,קפסולות סטארבקס קולו,גרמים,57.00,100 גרם,false,,21.50,37.7193,true,1,68428
7630477891714,false,קפסולות סטארבקס רוסט,אסם,IL,קפסולות סטארבקס רוסט,גרמים,57.00,100 גרם,false,,21.50,37.7193,true,1,68429
7630477891738,false,קפסולות סטארבקס בלונ,אסם,IL,קפסולות סטארבקס בלונ,גרמים,53.00,100 גרם,false,,21.50,40.5660,true,1,68430
7638900431797,false,מארז 12 סוללות אנרג',אנרגייזר,CN,מארז 12 סוללות אנרג',Unknown,0.00,יחידה,false,,19.90,0.0000,true,1,78956
7638900431803,false,מארז 12 סוללות אנרג',אנרגייזר,CN,מארז 12 סוללות אנרג',Unknown,0.00,יחידה,false,,19.90,0.0000,true,1,78957
7640103867709,false,שערות סבתא תות 3*15,אסאדא פוד,אנדונסיה,שערות סבתא תות 3*15,Unknown,0.00,יחידה,false,,9.90,0.0000,true,1,72564
7702018271788,false,דאו גל גילט ספורט 70,פרוקטר & גמבל,,דאו גל גילט ספורט 70,גרמים,70.00,100 גרם,false,,17.90,25.5714,true,1,46288
7702018321582,false,דאו סטיק גילט קול וו,פרוקטר & גמבל,,דאו סטיק גילט קול וו,גרמים,45.00,100 גרם,false,,17.90,39.7778,true,1,33322
7702018978106,false,דאו גל גילט ארקטיק א,פרוקטר & גמבל,,דאו גל גילט ארקטיק א,גרמים,150.00,100 גרם,false,,17.90,11.9333,true,1,18030
7702018978120,false,דאו גל גילט קליר ווי,פרוקטר & גמבל,,דאו גל גילט קליר ווי,גרמים,150.00,100 גרם,false,,17.90,11.9333,true,1,18031
7702018980833,false,גל גילוח גילט סירייס,פרוקטר & גמבל,,גל גילוח גילט סירייס,מיליליטרים,200.00,"100 מ""ל",false,,12.90,6.4500,true,1,48904
7702018980864,false,קצף גילוח גילט סיריי,פרוקטר & גמבל,,קצף גילוח גילט סיריי,מיליליטרים,200.00,"100 מ""ל",false,,14.90,7.4500,true,1,48902
7790040423015,false,עוגיות סנדוויץ אלפחו,,,עוגיות סנדוויץ אלפחו,גרמים,369.00,100 גרם,false,,19.90,5.3930,true,1,76943
7790580412654,false,בונבוניירה בון בון צ,ארקור,AR,בונבוניירה בון בון צ,גרמים,270.00,100 גרם,false,,15.90,5.8889,true,1,58900
7790580421663,false,בונבוניירה בון בון ר,ארקור,AR,בונבוניירה בון בון ר,גרמים,288.00,100 גרם,false,,19.90,6.9097,true,1,76603
7891024027998,false,מי פה קולגייט אנטי ט,קולגייט פלמוליב,,מי פה קולגייט אנטי ט,מיליליטרים,500.00,"100 מ""ל",false,,24.90,4.9800,true,1,79684
8000139926730,false,פסטה גדולה פאצ'רי רו,פסטיפציו לוצ'יו גארו,IT,פסטה גדולה פאצ'רי רו,גרמים,500.00,100 גרם,false,,3.90,0.7800,true,1,78153
8000380192243,false,ופל אגוז לואקר 200 ג,לואקר,AT,ופל אגוז לואקר 200 ג,גרמים,200.00,100 גרם,false,,10.90,5.4500,true,1,59594
8000380192250,false,ופל שוקולד לואקר 200,לואקר,AT,ופל שוקולד לואקר 200,גרמים,200.00,100 גרם,false,,10.90,5.4500,true,1,59593
8000380198221,false,ופל דאבל שוקולד לואק,לואקר,AT,ופל דאבל שוקולד לואק,גרמים,175.00,100 גרם,false,,10.90,6.2286,true,1,66431
8000500172810,false,סוכריות טיק טק תות 4,פררו,ZA,סוכריות טיק טק תות 4,גרמים,64.00,100 גרם,false,,9.90,15.4688,true,1,43648
8001003100218,false,סוכריות גלי יוגוטה 8,תות ממתקי איכות,TR,סוכריות גלי יוגוטה 8,גרמים,800.00,100 גרם,false,,15.90,1.9875,true,1,39359
8001090033512,false,אבקת כביסה טייד קולו,פרוקטר & גמבל,,אבקת כביסה טייד קולו,פריט,8.00,"ק""ג",false,,39.90,4.9875,true,1,46954
8001090156839,false,חיתולי פמפרס בייבי ד,פרוקטר & גמבל,TR,חיתולי פמפרס בייבי ד,Unknown,0.00,יחידה,false,,64.90,0.0000,true,1,76687
8001090368553,false,חיתולי פמפרס בייבי ד,פרוקטר & גמבל,TR,חיתולי פמפרס בייבי ד,Unknown,0.00,יחידה,false,,64.90,0.0000,true,1,76690
8001090379337,false,חיתולי פמפרס פרימיום,פרוקטר & גמבל,TR,חיתולי פמפרס פרימיום,Unknown,0.00,יחידה,false,,29.90,0.0000,true,1,54352
8001090379368,false,חיתולי פמפרס פרימיום,פרוקטר & גמבל,TR,חיתולי פמפרס פרימיום,Unknown,0.00,יחידה,false,,29.90,0.0000,true,1,54353
8001090379399,false,חיתולי פמפרס פרימיום,פרוקטר & גמבל,TR,חיתולי פמפרס פרימיום,Unknown,0.00,יחידה,false,,29.90,0.0000,true,1,54354
8001090458322,false,נוזל כלים פיירי ורדי,פרוקטר & גמבל,GB,נוזל כלים פיירי ורדי,קילוגרמים,1.01,ליטר,false,,14.90,14.7525,true,1,68965
8001090493637,false,שמפו הד&שולדרס אולטר,פרוקטר & גמבל,,שמפו הד&שולדרס אולטר,מיליליטרים,450.00,"100 מ""ל",false,,17.90,3.9778,true,1,53344
8001090802385,false,קפסולות ג'ל טייד 26,פרוקטר & גמבל,FR,קפסולות ג'ל טייד 26,גרמים,644.00,100 גרם,false,,23.90,3.7112,true,1,61782
8001090832450,false,שמפו פנטן קלאסי 660,פרוקטר & גמבל,RO,שמפו פנטן קלאסי 660,מיליליטרים,660.00,"100 מ""ל",false,,18.90,2.8636,true,1,66561
8001090832535,false,שמפו פנטן שמן מרוקאי,פרוקטר & גמבל,RO,שמפו פנטן שמן מרוקאי,מיליליטרים,660.00,"100 מ""ל",false,,18.90,2.8636,true,1,66562
8001090832573,false,שמפו פנטן לחות מוגבר,פרוקטר & גמבל,RO,שמפו פנטן לחות מוגבר,מיליליטרים,660.00,"100 מ""ל",false,,18.90,2.8636,true,1,66653
8001090832818,false,מרכך פנטן קלאסי 660,פרוקטר & גמבל,RO,מרכך פנטן קלאסי 660,מיליליטרים,660.00,"100 מ""ל",false,,18.90,2.8636,true,1,66563
8001090832856,false,מרכך פנטן שמן מרוקאי,פרוקטר & גמבל,RO,מרכך פנטן שמן מרוקאי,מיליליטרים,660.00,"100 מ""ל",false,,18.90,2.8636,true,1,66564
8001090832894,false,מרכך פנטן לחות מוגבר,פרוקטר & גמבל,RO,מרכך פנטן לחות מוגבר,מיליליטרים,660.00,"100 מ""ל",false,,18.90,2.8636,true,1,66565
8001090992338,false,טבליות פיירי למדיח פ,פרוקטר & גמבל,FR,טבליות פיירי למדיח פ,גרמים,922.00,100 גרם,false,,44.90,4.8698,true,1,64352
8001841006710,false,כדוריות לנור לכביסה,פרוקטר & גמבל,GB,כדוריות לנור לכביסה,גרמים,210.00,100 גרם,false,,24.90,11.8571,true,1,71039
8001841053684,false,תחבושות אולוויז עבה,פרוקטר & גמבל,HU,תחבושות אולוויז עבה,Unknown,0.00,יחידה,false,,9.90,0.0000,true,1,60602
8001841053806,false,תחבושות אולוויז עבה,פרוקטר & גמבל,HU,תחבושות אולוויז עבה,Unknown,0.00,יחידה,false,,9.90,0.0000,true,1,60601
8001841062624,false,מגבונים פמפרס ללא בי,פרוקטר & גמבל,DE,מגבונים פמפרס ללא בי,Unknown,0.00,יחידה,false,,15.90,0.0000,true,1,73000
8001841077949,false,מגבונים פמפרס בניחוח,פרוקטר & גמבל,DE,מגבונים פמפרס בניחוח,Unknown,0.00,יחידה,false,,15.90,0.0000,true,1,72999
8001841104751,false,חיתולי פמפרס פרימיום,פרוקטר & גמבל,TR,חיתולי פמפרס פרימיום,Unknown,0.00,יחידה,false,,29.90,0.0000,true,1,74457
8001841105093,false,חיתולי פמפרס פרימיום,פרוקטר & גמבל,PL,חיתולי פמפרס פרימיום,Unknown,0.00,יחידה,false,,29.90,0.0000,true,1,74459
8001841216584,false,תחבושות אלוויז קוואט,פרוקטר & גמבל,HU,תחבושות אלוויז קוואט,Unknown,0.00,יחידה,false,,29.90,0.0000,true,1,64313
8001841427126,false,מגן תחתון אולוויז מג,פרוקטר & גמבל,,מגן תחתון אולוויז מג,Unknown,0.00,יחידה,false,,16.90,0.0000,true,1,75420
8001841566771,false,כדוריות לנור לכביסה,פרוקטר & גמבל,GB,כדוריות לנור לכביסה,גרמים,210.00,100 גרם,false,,24.90,11.8571,true,1,71040
8001841617893,false,שמפו פנטן לחות מוגבר,פרוקטר & גמבל,RO,שמפו פנטן לחות מוגבר,קילוגרמים,1.00,ליטר,false,,21.90,21.9000,true,1,72708
8001841619026,false,מרכך פנטן לחות מוגבר,פרוקטר & גמבל,RO,מרכך פנטן לחות מוגבר,קילוגרמים,1.00,ליטר,false,,21.90,21.9000,true,1,72709
8001841625287,false,נוזל כלים פיירי פלטי,פרוקטר & גמבל,TR,נוזל כלים פיירי פלטי,קילוגרמים,1.01,ליטר,false,,14.90,14.7525,true,1,74113
8001841669465,false,קפסולות גל אריאל בני,פרוקטר & גמבל,FR,קפסולות גל אריאל בני,Unknown,0.00,יחידה,false,,29.90,0.0000,true,1,77850
8001841669519,false,קפסולות גל אריאל 55,פרוקטר & גמבל,FR,קפסולות גל אריאל 55,פריט,1.39,"ק""ג",false,,54.90,39.4964,true,1,66982
8001841680989,false,מגן תחתון אולוויז מג,פרוקטר & גמבל,,מגן תחתון אולוויז מג,Unknown,0.00,יחידה,false,,16.90,0.0000,true,1,75421
8001841715957,false,ג'ל רחצה ושמפו  הד &,פרוקטר & גמבל,FR,ג'ל רחצה ושמפו  הד &,מיליליטרים,360.00,"100 מ""ל",false,,14.90,4.1389,true,1,73002
8001841716312,false,ג'ל רחצה ושמפו  הד &,פרוקטר & גמבל,FR,ג'ל רחצה ושמפו  הד &,מיליליטרים,360.00,"100 מ""ל",false,,14.90,4.1389,true,1,73003
8001841716435,false,ג'ל רחצה ושמפו  הד &,פרוקטר & גמבל,FR,ג'ל רחצה ושמפו  הד &,מיליליטרים,360.00,"100 מ""ל",false,,14.90,4.1389,true,1,73004
8001841780818,false,נוזל כלים פיירי לימו,פרוקטר & גמבל,TR,נוזל כלים פיירי לימו,קילוגרמים,1.50,ליטר,false,,9.90,6.6000,true,1,78428
8001841943961,false,כדוריות לנור לכביסה,פרוקטר & גמבל,GB,כדוריות לנור לכביסה,גרמים,210.00,100 גרם,false,,24.90,11.8571,true,1,73920
8001841948119,false,נוזל כלים פיירי תפוח,פרוקטר & גמבל,GB,נוזל כלים פיירי תפוח,קילוגרמים,1.05,ליטר,false,,10.90,10.3810,true,1,72020
8002110383709,false,קרם ידיים מרוכז ניוט,גונסון אנד גונסון,FR,קרם ידיים מרוכז ניוט,מיליליטרים,50.00,"100 מ""ל",false,,19.90,39.8000,true,1,79963
8003440996553,false,מסטיק מנטוס פיור בטע,פרפטי ואן מלה ברדה,TR,מסטיק מנטוס פיור בטע,גרמים,336.00,100 גרם,false,,24.90,7.4107,true,1,77901
8003440997857,false,מסטיק מנטוס פיור פרש,פרפטי ואן מלה ברדה,TR,מסטיק מנטוס פיור פרש,גרמים,200.00,100 גרם,false,,19.90,9.9500,true,1,73207
8003440997871,false,מסטיק מנטוס פיור פרש,פרפטי ואן מלה ברדה,TR,מסטיק מנטוס פיור פרש,גרמים,200.00,100 גרם,false,,19.90,9.9500,true,1,73208
8005200256587,false,נסטי בטעם אפרסק 1.5,סן פלגרינו,,נסטי בטעם אפרסק 1.5,קילוגרמים,1.50,ליטר,false,,4.90,3.2667,true,1,74972
8005200286584,false,נסטי בטעם מנגו אננס,סן פלגרינו,,נסטי בטעם מנגו אננס,קילוגרמים,1.50,ליטר,false,,4.90,3.2667,true,1,74973
8005200316588,false,נסטי דיאט אפרסק 1.5,סן פלגרינו,,נסטי דיאט אפרסק 1.5,קילוגרמים,1.50,ליטר,false,,4.90,3.2667,true,1,74974
8006540091937,false,כדוריות לנור לכביסה,פרוקטר & גמבל,GB,כדוריות לנור לכביסה,גרמים,210.00,100 גרם,false,,24.90,11.8571,true,1,74112
8006540112793,false,מרכך מרוכז לנור יסמי,פרוקטר & גמבל,FR,מרכך מרוכז לנור יסמי,מיליליטרים,900.00,"100 מ""ל",false,,14.90,1.6556,true,1,73355
8006540112823,false,מרכך מרוכז לנור אוקי,פרוקטר & גמבל,FR,מרכך מרוכז לנור אוקי,מיליליטרים,900.00,"100 מ""ל",false,,14.90,1.6556,true,1,72483
8006540112854,false,מרכך מרוכז לנור סחלב,פרוקטר & גמבל,FR,מרכך מרוכז לנור סחלב,מיליליטרים,900.00,"100 מ""ל",false,,14.90,1.6556,true,1,72209
8006540252468,false,תחבושות אלוויז פלטינ,פרוקטר & גמבל,HU,תחבושות אלוויז פלטינ,Unknown,0.00,יחידה,false,,29.90,0.0000,true,1,77855
8006540252499,false,תחבושות אלוויז פלטינ,פרוקטר & גמבל,HU,תחבושות אלוויז פלטינ,Unknown,0.00,יחידה,false,,29.90,0.0000,true,1,77856
8006540252529,false,תחבושות אלוויז פלטינ,פרוקטר & גמבל,HU,תחבושות אלוויז פלטינ,Unknown,0.00,יחידה,false,,29.90,0.0000,true,1,77857
8006540352960,false,טמפונים טמפקס פרל רג,פרוקטר & גמבל,HK,טמפונים טמפקס פרל רג,Unknown,0.00,יחידה,false,,19.90,0.0000,true,1,74982
8006540353004,false,טמפונים טמפקס פרל סו,פרוקטר & גמבל,HK,טמפונים טמפקס פרל סו,Unknown,0.00,יחידה,false,,19.90,0.0000,true,1,74983
8006540358498,false,טמפונים טמפקס פרל סו,פרוקטר & גמבל,HK,טמפונים טמפקס פרל סו,Unknown,0.00,יחידה,false,,19.90,0.0000,true,1,74984
8006540383087,false,טבליות פיירי פלטינום,פרוקטר & גמבל,FR,טבליות פיירי פלטינום,גרמים,922.00,100 גרם,false,,44.90,4.8698,true,1,77847
8006540404850,false,תחבושות אלוויז דיסקר,פרוקטר & גמבל,DE,תחבושות אלוויז דיסקר,Unknown,0.00,יחידה,false,,13.90,0.0000,true,1,78706
8006540404898,false,תחבושות אלוויז דיסקר,פרוקטר & גמבל,DE,תחבושות אלוויז דיסקר,Unknown,0.00,יחידה,false,,13.90,0.0000,true,1,78707
8006540404935,false,תחבושות אלוויז דיסקר,פרוקטר & גמבל,DE,תחבושות אלוויז דיסקר,Unknown,0.00,יחידה,false,,13.90,0.0000,true,1,78708
8006540405031,false,תחבושות אלוויז דיסקר,פרוקטר & גמבל,DE,תחבושות אלוויז דיסקר,Unknown,0.00,יחידה,false,,13.90,0.0000,true,1,78709
8006540425930,false,קפסולות גל אריאל אקס,פרוקטר & גמבל,FR,קפסולות גל אריאל אקס,Unknown,0.00,יחידה,false,,29.90,0.0000,true,1,77848
8006540428368,false,חיתולי פמפרס בייבי ד,פרוקטר & גמבל,PL,חיתולי פמפרס בייבי ד,Unknown,0.00,יחידה,false,,29.90,0.0000,true,1,77454
8006540463550,false,טבליות פיירי פלטינום,פרוקטר & גמבל,FR,טבליות פיירי פלטינום,גרמים,939.00,100 גרם,false,,44.90,4.7817,true,1,78465
8006540495186,false,מרכך מרוכז לנור בייב,פרוקטר & גמבל,FR,מרכך מרוכז לנור בייב,מיליליטרים,900.00,"100 מ""ל",false,,14.90,1.6556,true,1,78239
8006540495216,false,מרכך מרוכז לנור זר פ,פרוקטר & גמבל,FR,מרכך מרוכז לנור זר פ,מיליליטרים,900.00,"100 מ""ל",false,,14.90,1.6556,true,1,78292
8006540495247,false,מרכך מרוכז לנור בניח,פרוקטר & גמבל,FR,מרכך מרוכז לנור בניח,מיליליטרים,900.00,"100 מ""ל",false,,14.90,1.6556,true,1,79276
8007178120310,false,חומץ בלסמי גקובזי 50,זקובזי,,חומץ בלסמי גקובזי 50,מיליליטרים,500.00,"100 מ""ל",false,,17.90,3.5800,true,1,22413
8007178223547,false,קרם מצומצם עם חומץ ב,זקובזי,IT,קרם מצומצם עם חומץ ב,מיליליטרים,250.00,"100 מ""ל",false,,19.90,7.9600,true,1,78406
8008343880039,false,ספגטי ללא גלוטן רומו,רומו,IT,ספגטי ללא גלוטן רומו,גרמים,400.00,100 גרם,false,,12.90,3.2250,true,1,71972
8008343880480,false,פסטה פוזילי ללא גלוט,רומו,IT,פסטה פוזילי ללא גלוט,גרמים,400.00,100 גרם,false,,12.90,3.2250,true,1,71973
8008343880664,false,פסטה פנה ללא גלוטן ר,רומו,IT,פסטה פנה ללא גלוטן ר,גרמים,400.00,100 גרם,false,,12.90,3.2250,true,1,71974
8014601651969,false,קמח ללא גלוטן קאפוטו,קאפוטו,IT,קמח ללא גלוטן קאפוטו,פריט,1.00,"ק""ג",false,,44.90,44.9000,true,1,71969
8018068031395,false,נסקוטש 6 יח,YIWU HANGYUE I&E,CN,נסקוטש 6 יח,Unknown,0.00,יחידה,false,,19.90,0.0000,true,1,65138
8034108740423,false,תפוח עץ ברייבורן בי,אראל תוצרת חקלאית בע,IL,תפוח עץ ברייבורן בי,פריט,1.00,"ק""ג",false,,9.90,9.9000,true,1,78614
8034108740461,false,תפוח עץ חרמון בי & ב,אראל תוצרת חקלאית בע,IL,תפוח עץ חרמון בי & ב,פריט,1.00,"ק""ג",false,,9.90,9.9000,true,1,77757
8034108740478,false,תפוח עץ מוזהב גולדן,אראל תוצרת חקלאית בע,IL,תפוח עץ מוזהב גולדן,פריט,1.00,"ק""ג",false,,9.90,9.9000,true,1,77726
8034108740485,false,תפוח עץ סמיט בי & בי,אראל תוצרת חקלאית בע,IL,תפוח עץ סמיט בי & בי,פריט,1.00,"ק""ג",false,,9.90,9.9000,true,1,77796
8034108740515,false,תפוח עץ גאלה בי & בי,אראל תוצרת חקלאית בע,IL,תפוח עץ גאלה בי & בי,פריט,1.00,"ק""ג",false,,9.90,9.9000,true,1,79633
8034108740539,false,תפוח עץ גולד רוז,אראל תוצרת חקלאית בע,IL,תפוח עץ גולד רוז,פריט,1.00,"ק""ג",false,,12.90,12.9000,true,1,79936
8076800195057,false,ספגטי ברילה מס 5 500,ברילה,IT,ספגטי ברילה מס 5 500,גרמים,500.00,100 גרם,false,,6.90,1.3800,true,1,30091
8076800195132,false,פסטה ברילה בבטה מס 1,ברילה,IT,פסטה ברילה בבטה מס 1,גרמים,500.00,100 גרם,false,,6.90,1.3800,true,1,30094
8076802085738,false,פסטה ברילה פנה רגטה,ברילה,IT,פסטה ברילה פנה רגטה,גרמים,500.00,100 גרם,false,,6.90,1.3800,true,1,30087
8076802085837,false,פסטה ברילה טורטליוני,ברילה,IT,פסטה ברילה טורטליוני,גרמים,500.00,100 גרם,false,,6.90,1.3800,true,1,30088
8076802085936,false,פסטה ברילה קונצילה ר,ברילה,,פסטה ברילה קונצילה ר,גרמים,500.00,100 גרם,false,,6.90,1.3800,true,1,39447
8076802085981,false,פסטה ברילה פוזילי 50,ברילה,IT,פסטה ברילה פוזילי 50,גרמים,500.00,100 גרם,false,,6.90,1.3800,true,1,30097
8076808050440,false,מקרוני ברילה 500 גרם,ברילה,IT,מקרוני ברילה 500 גרם,גרמים,500.00,100 גרם,false,,6.90,1.3800,true,1,30089
8076808060654,false,פרפלה ברילה מס 65 50,ברילה,IT,פרפלה ברילה מס 65 50,גרמים,500.00,100 גרם,false,,6.90,1.3800,true,1,30096
8076809512268,false,פסטה ברילה גירנדולה,ברילה,IT,פסטה ברילה גירנדולה,גרמים,500.00,100 גרם,false,,6.90,1.3800,true,1,30098
8076809513388,false,רוטב עגבניות ארביאטה,ברילה,IT,רוטב עגבניות ארביאטה,גרמים,400.00,100 גרם,false,,11.90,2.9750,true,1,32080
8076809513395,false,רוטב עגבניות פומודור,ברילה,IT,רוטב עגבניות פומודור,גרמים,400.00,100 גרם,false,,11.90,2.9750,true,1,32079
8076809513654,false,רוטב בסיס לבולונז בר,ברילה,IT,רוטב בסיס לבולונז בר,גרמים,400.00,100 גרם,false,,11.90,2.9750,true,1,32078
8076809513692,false,רוטב עגבניות נפולטנה,ברילה,IT,רוטב עגבניות נפולטנה,גרמים,400.00,100 גרם,false,,11.90,2.9750,true,1,32081
8076809513739,false,רוטב עגבניות בזיליקו,ברילה,IT,רוטב עגבניות בזיליקו,גרמים,400.00,100 גרם,false,,11.90,2.9750,true,1,32082
8076809523561,false,רוטב עגבניות טוסקנה,ברילה,IT,רוטב עגבניות טוסקנה,גרמים,400.00,100 גרם,false,,11.90,2.9750,true,1,32077
8076809523738,false,לזניה ברילה 500 גרם,ברילה,,לזניה ברילה 500 גרם,גרמים,500.00,100 גרם,false,,19.90,3.9800,true,1,30105
8076809545440,false,ספגטי ל.גלוטן ברילה,ברילה,IT,ספגטי ל.גלוטן ברילה,גרמים,500.00,100 גרם,false,,14.90,2.9800,true,1,44284
8076809545457,false,פסטה פנה ל.גלוטן ברי,ברילה,IT,פסטה פנה ל.גלוטן ברי,גרמים,400.00,100 גרם,false,,14.90,3.7250,true,1,44285
8076809545464,false,פסטה פוסילי ל.גלוטן,ברילה,IT,פסטה פוסילי ל.גלוטן,גרמים,500.00,100 גרם,false,,14.90,2.9800,true,1,44286
8410076601865,false,מארז  נייטשר ואלי בט,גנרל מילס,ES,מארז  נייטשר ואלי בט,גרמים,420.00,100 גרם,false,,14.90,3.5476,true,1,78717
8410076601872,false,מארז  נייטשר ואלי בט,גנרל מילס,ES,מארז  נייטשר ואלי בט,גרמים,420.00,100 גרם,false,,14.90,3.5476,true,1,78430
8410104039134,false,מנקה מדיח פיניש 250,רקיט בנקיזר,PL,מנקה מדיח פיניש 250,מיליליטרים,250.00,"100 מ""ל",false,,14.90,5.9600,true,1,25789
8410104045111,false,"מלח למדיח פיניש 2 ק""",חברת המלח,IL,"מלח למדיח פיניש 2 ק""",פריט,2.00,"ק""ג",false,,13.90,6.9500,true,1,41915
8410104437268,false,מפיג ריח פיניש רענן,רקיט בנקיזר,PL,מפיג ריח פיניש רענן,Unknown,0.00,יחידה,false,,14.90,0.0000,true,1,25793
8410104511340,false,רצועות שעווה לעור יב,רקיט בנקיזר,FR,רצועות שעווה לעור יב,Unknown,0.00,יחידה,false,,19.90,0.0000,true,1,67487
8435188458053,false,רפידת ספוג לנעליים,,,רפידת ספוג לנעליים,Unknown,0.00,יחידה,false,,12.90,0.0000,true,1,27013
8436575292205,false,שלגוני חמשושים 15 יח,גלידות נסטלה,IL,שלגוני חמשושים 15 יח,גרמים,180.00,100 גרם,false,,18.90,10.5000,true,1,60386
8445290046284,false,קפה נמס מגורען רד מא,נסטלה ספרד קפה,ES,קפה נמס מגורען רד מא,גרמים,220.00,100 גרם,false,,18.90,8.5909,true,1,79247
8681873024519,false,"כוסות ח""פ 100 יח",פאלאס,CN,"כוסות ח""פ 100 יח",Unknown,0.00,יחידה,false,,4.90,0.0000,true,1,80027
8682091025517,false,מארז 10 מכוניות עם ש,דוגקאר גידה,TR,מארז 10 מכוניות עם ש,Unknown,0.00,יחידה,false,,10.90,0.0000,true,1,65109
8683323040100,false,יוגוטה מקלות תותי פר,סאאדת,TR,יוגוטה מקלות תותי פר,גרמים,35.00,100 גרם,false,,1.50,4.2857,true,1,47300
8683323041107,false,יוגוטה מקלות תות שדה,סאאדת,TR,יוגוטה מקלות תות שדה,גרמים,35.00,100 גרם,false,,1.50,4.2857,true,1,47262
8683323063024,false,סוכריות גומי שטיחים,סאאדת,TR,סוכריות גומי שטיחים,גרמים,220.00,100 גרם,false,,5.90,2.6818,true,1,50111
8690120160177,false,ופל מצופה קרם אגוזים,קומרה,TR,ופל מצופה קרם אגוזים,גרמים,840.00,100 גרם,false,,24.90,2.9643,true,1,75391
8690120160405,false,ופל מצופה שוקולד חלב,קומרה,TR,ופל מצופה שוקולד חלב,גרמים,840.00,100 גרם,false,,24.90,2.9643,true,1,76794
8690120559995,false,ופל מצופה שוקולד מרי,קומרה,TR,ופל מצופה שוקולד מרי,גרמים,840.00,100 גרם,false,,24.90,2.9643,true,1,76795
8690646389250,false,פתיבר קלאסי בריידמן,אוילום,TR,פתיבר קלאסי בריידמן,פריט,1.00,"ק""ג",false,,11.90,11.9000,true,1,80518
8693495041461,false,מברשת קולגייט שחור ס,קולגייט פלמוליב,PL,מברשת קולגייט שחור ס,Unknown,0.00,יחידה,false,,19.90,0.0000,true,1,43749
8693495052177,false,תחליב פלמוליב זיתים,קולגייט פלמוליב,TR,תחליב פלמוליב זיתים,מיליליטרים,750.00,"100 מ""ל",false,,12.50,1.6667,true,1,55870
8693804095109,false,אטריות להכנת קדאיף 5,אונלו מאמולרי,TR,אטריות להכנת קדאיף 5,גרמים,500.00,100 גרם,false,,9.90,1.9800,true,1,78176
8693804095192,false,דפי פילו משולשים 40,אונלו מאמולרי,TR,דפי פילו משולשים 40,גרמים,600.00,100 גרם,false,,9.90,1.6500,true,1,78177
8693804095222,false,דפי פילו 44 יח',אונלו מאמולרי,TR,דפי פילו 44 יח',גרמים,800.00,100 גרם,false,,9.90,1.2375,true,1,78178
8697420697914,false,זית שחור יבש קרן 700,אונטד גידה,TR,זית שחור יבש קרן 700,גרמים,700.00,100 גרם,false,,19.90,2.8429,true,1,58113
8697465218891,false,מארז 10 מכוניות עם א,דוגקאר גידה,TR,מארז 10 מכוניות עם א,Unknown,0.00,יחידה,false,,10.90,0.0000,true,1,65106
8697480065821,false,פסטה דורומי 900 גרם,Bessan Makarna,TR,פסטה דורומי 900 גרם,גרמים,900.00,100 גרם,false,,4.90,0.5444,true,1,39221
8697826469092,false,טורטיות 12*45 גרם,,TR,טורטיות 12*45 גרם,גרמים,540.00,100 גרם,false,,9.90,1.8333,true,1,29062
8698829381152,false,טורטיה דורום 18*90 ג,מוטלוקאל גידה סאן טי,TR,טורטיה דורום 18*90 ג,פריט,1.62,"ק""ג",false,,19.90,12.2840,true,1,78148
8698996005783,false,טישו נואה 7*100 יח,פאלאס,TR,טישו נואה 7*100 יח,Unknown,0.00,יחידה,false,,11.90,0.0000,true,1,74360
8698996006230,false,מפיות לבנות איכותיות,פאלאס,TR,מפיות לבנות איכותיות,Unknown,0.00,יחידה,false,,6.90,0.0000,true,1,72039
8699905720025,false,סוכריות קשות בטעמי פ,סארבאן קונפקטינרי,TR,סוכריות קשות בטעמי פ,גרמים,500.00,100 גרם,false,,17.90,3.5800,true,1,79979
8699905720032,false,סוכריות קשות בטעם לי,סארבאן קונפקטינרי,TR,סוכריות קשות בטעם לי,גרמים,500.00,100 גרם,false,,17.90,3.5800,true,1,79980
8699905720049,false,סוכריות קשות בטעם מנ,סארבאן קונפקטינרי,TR,סוכריות קשות בטעם מנ,גרמים,500.00,100 גרם,false,,17.90,3.5800,true,1,79981
8699905720575,false,פרוט טאפי חמוץ מיקס,קונרק טינטי,TR,פרוט טאפי חמוץ מיקס,גרמים,240.00,100 גרם,false,,9.90,4.1250,true,1,72764
8710428005755,false,סימילאק איזומיל טף ש,אבוט,NL,סימילאק איזומיל טף ש,גרמים,400.00,100 גרם,false,,39.90,9.9750,true,1,32278
8710428005762,false,סימילאק איזומיל טף ש,אבוט,NL,סימילאק איזומיל טף ש,גרמים,400.00,100 גרם,false,,39.90,9.9750,true,1,32279
8710502194825,false,עוגיות שוקולד ציפס מ,מרבה הולנד,NL,עוגיות שוקולד ציפס מ,גרמים,150.00,100 גרם,false,,4.90,3.2667,true,1,37470
8710800961310,false,מנטוס תות 4 יח,פרפטי ואן מלה ברדה,NL,מנטוס תות 4 יח,גרמים,150.00,100 גרם,false,,10.90,7.2667,true,1,4096
8711000371176,false,קפסולות גייקובס קלאס,JDE,FR,קפסולות גייקובס קלאס,Unknown,0.00,יחידה,false,,16.90,0.0000,true,1,59843
8711000371183,false,קפסולות גייקובס אינט,JDE,FR,קפסולות גייקובס אינט,Unknown,0.00,יחידה,false,,16.90,0.0000,true,1,59844
8711000371206,false,קפסולות גייקובס ריסט,JDE,FR,קפסולות גייקובס ריסט,Unknown,0.00,יחידה,false,,16.90,0.0000,true,1,59845
8711000515297,false,קפה נמס גייקובס ולוו,,,קפה נמס גייקובס ולוו,גרמים,200.00,100 גרם,false,,19.90,9.9500,true,1,79763
8714599410530,false,קפה גיקובס קרוננג בש,גייקובס,UA,קפה גיקובס קרוננג בש,גרמים,200.00,100 גרם,false,,19.90,9.9500,true,1,54392
8714599512159,false,קפה גיקובס מונרך 190,גייקובס,RU,קפה גיקובס מונרך 190,גרמים,190.00,100 גרם,false,,19.90,10.4737,true,1,58656
8714599513781,false,קפה גיקובס קרנט זהב,גייקובס,UA,קפה גיקובס קרנט זהב,גרמים,200.00,100 גרם,false,,19.90,9.9500,true,1,45113
8714599513866,false,קפה גיקובס קרוננג 20,גייקובס,UA,קפה גיקובס קרוננג 20,גרמים,200.00,100 גרם,false,,19.90,9.9500,true,1,45112
8714789177229,false,מברשת קולגייט מדיום,קולגייט פלמוליב,VN,מברשת קולגייט מדיום,Unknown,0.00,יחידה,false,,9.90,0.0000,true,1,24646
8714789402918,false,אגקס חגיגת הפרחים אד,,,אגקס חגיגת הפרחים אד,קילוגרמים,1.50,ליטר,false,,17.90,11.9333,true,1,29702
8714789402932,false,אגקס חגיגת הפרחים ור,,,אגקס חגיגת הפרחים ור,קילוגרמים,1.50,ליטר,false,,17.90,11.9333,true,1,29703
8714789402970,false,אגקס חגיגת הפרחים פר,,,אגקס חגיגת הפרחים פר,קילוגרמים,1.50,ליטר,false,,17.90,11.9333,true,1,29704
8714789529561,false,משחת קולגייט סנסטיב,קולגייט פלמוליב,PL,משחת קולגייט סנסטיב,מיליליטרים,75.00,"100 מ""ל",false,,21.90,29.2000,true,1,65582
8715700115849,false,"קטשופ היינץ 1.35 ק""ג",היינץ,US,"קטשופ היינץ 1.35 ק""ג",פריט,1.35,"ק""ג",false,,14.90,11.0370,true,1,57088
8715700423906,false,מתבל עגבניות היינץ 5,היינץ,NL,מתבל עגבניות היינץ 5,גרמים,555.00,100 גרם,false,,9.90,1.7838,true,1,73543
8717163647257,false,דאו ספריי גולד 150 מ,יוניליוור,GB,דאו ספריי גולד 150 מ,מיליליטרים,150.00,"100 מ""ל",false,,9.90,6.6000,true,1,61232
8718114724485,false,מיונז לחיץ הלמנס 705,יוניליוור,GB,מיונז לחיץ הלמנס 705,גרמים,705.00,100 גרם,false,,15.90,2.2553,true,1,79251
8718951093331,false,מברשת מרידול אקסטרה,קולגייט פלמוליב,,מברשת מרידול אקסטרה,Unknown,0.00,יחידה,false,,24.90,0.0000,true,1,59916
8718951159808,false,מברשת קולגייט 360 מד,קולגייט פלמוליב,CN,מברשת קולגייט 360 מד,Unknown,0.00,יחידה,false,,24.90,0.0000,true,1,56666
8718951259409,false,תחליב פלמוליב נטורלס,קולגייט פלמוליב,TR,תחליב פלמוליב נטורלס,מיליליטרים,750.00,"100 מ""ל",false,,12.50,1.6667,true,1,79409
8718951264618,false,משחת קולגייט אופטיק,קולגייט פלמוליב,PL,משחת קולגייט אופטיק,Unknown,0.00,יחידה,false,,28.90,0.0000,true,1,69406
8718951265103,false,מברשת קולגייט אולטרה,קולגייט פלמוליב,CN,מברשת קולגייט אולטרה,Unknown,0.00,יחידה,false,,29.90,0.0000,true,1,63142
8718951289833,false,סבון מוצק פלמוליב לו,קולגייט פלמוליב,,סבון מוצק פלמוליב לו,גרמים,360.00,100 גרם,false,,16.50,4.5833,true,1,64353
8718951315303,false,משחת קולגייט מקסימום,קולגייט פלמוליב,,משחת קולגייט מקסימום,גרמים,200.00,100 גרם,false,,19.90,9.9500,true,1,70654
8718951361485,false,משחת קולגייט הלבנה פ,קולגייט פלמוליב,PL,משחת קולגייט הלבנה פ,מיליליטרים,150.00,"100 מ""ל",false,,37.90,25.2667,true,1,76002
8718951370135,false,תחליב פלמוליב ארומה,קולגייט פלמוליב,TR,תחליב פלמוליב ארומה,מיליליטרים,750.00,"100 מ""ל",false,,12.50,1.6667,true,1,67489
8718951409798,false,מברשת קולגייט מקס וו,קולגייט פלמוליב,CN,מברשת קולגייט מקס וו,Unknown,0.00,יחידה,false,,24.90,0.0000,true,1,75094
8718951431614,false,ג'ל רחצה פלמוליב פיר,קולגייט פלמוליב,TR,ג'ל רחצה פלמוליב פיר,מיליליטרים,750.00,"100 מ""ל",false,,12.50,1.6667,true,1,74810
8718951433120,false,משחת קולגייט טוטאל ג,קולגייט פלמוליב,PL,משחת קולגייט טוטאל ג,מיליליטרים,50.00,"100 מ""ל",false,,14.90,29.8000,true,1,79058
8718951470538,false,משחת קולגייט מקס פרש,קולגייט פלמוליב,PL,משחת קולגייט מקס פרש,מיליליטרים,250.00,"100 מ""ל",false,,19.90,7.9600,true,1,76882
8718951509627,false,משחת קולגייט אופטיק,קולגייט פלמוליב,PL,משחת קולגייט אופטיק,גרמים,75.00,100 גרם,false,,28.90,38.5333,true,1,77762
8719200998001,false,מרגרינה ללא מלח בלוב,יוניליוור,IL,מרגרינה ללא מלח בלוב,גרמים,200.00,100 גרם,false,,4.30,2.1500,true,1,65097
8719200998018,false,מחמאה בלובנד 200 גרם,יוניליוור,IL,מחמאה בלובנד 200 גרם,גרמים,200.00,100 גרם,false,,4.30,2.1500,true,1,64672
8719200998032,false,מרגרינה 3/4 שומן טעם,יוניליוור,IL,מרגרינה 3/4 שומן טעם,גרמים,250.00,100 גרם,false,,9.30,3.7200,true,1,64601
8719200998049,false,מרגרינה מזולה 250 גר,יוניליוור,IL,מרגרינה מזולה 250 גר,גרמים,250.00,100 גרם,false,,9.30,3.7200,true,1,64780
8719200998094,false,מרגרינה מזולה 200 גר,יוניליוור,IL,מרגרינה מזולה 200 גר,גרמים,200.00,100 גרם,false,,6.50,3.2500,true,1,64979
8719200998100,false,מרגרינה בטעם חמאה מז,יוניליוור,IL,מרגרינה בטעם חמאה מז,גרמים,200.00,100 גרם,false,,6.50,3.2500,true,1,64602
8723400756552,false,מנטוס צבעי הקשת 4 יח,פרפטי ואן מלה ברדה,NL,מנטוס צבעי הקשת 4 יח,גרמים,150.00,100 גרם,false,,10.90,7.2667,true,1,27337
8801055707966,false,קפה נמס טסטרס צויס ב,גלידות נסטלה,IL,קפה נמס טסטרס צויס ב,גרמים,180.00,100 גרם,false,,29.90,16.6111,true,1,46965
8809168840471,false,חטיף אצות מיובשות מז,JK GLOBAL INC,KR,חטיף אצות מיובשות מז,גרמים,40.50,100 גרם,false,,22.90,56.5432,true,1,72487
8850006932964,false,מברשת קולגייט טוויסט,קולגייט פלמוליב,VN,מברשת קולגייט טוויסט,Unknown,0.00,יחידה,false,,21.90,0.0000,true,1,69890
8850180040028,false,טמפורה מזרח ומערב 50,קרנחם אוטאי פחרה,TH,טמפורה מזרח ומערב 50,גרמים,500.00,100 גרם,false,,10.90,2.1800,true,1,65160
8850206250592,false,רוטב צ'ילי סרירצ'ה מ,יאן ונזל יון,TH,רוטב צ'ילי סרירצ'ה מ,גרמים,540.00,100 גרם,false,,17.90,3.3148,true,1,65171
8850367992164,false,קרם קוקוס ל.גלוטן 20,טאפ פאד ונגפורן,CN,קרם קוקוס ל.גלוטן 20,מיליליטרים,250.00,"100 מ""ל",false,,6.90,2.7600,true,1,65150
8850367992171,false,קרם קוקוס מזרח ומערב,טאפאדונגפורן קוקינט,TH,קרם קוקוס מזרח ומערב,קילוגרמים,1.00,ליטר,false,,18.90,18.9000,true,1,65172
8850367994021,false,רוטב צ'ילי מתוק ללא,יאן ונזל יון,TH,רוטב צ'ילי מתוק ללא,מיליליטרים,280.00,"100 מ""ל",false,,9.90,3.5357,true,1,80140
8850389105825,false,משקה אלוורה סאפה ענב,SAPPE PUBLIC,,משקה אלוורה סאפה ענב,קילוגרמים,1.00,ליטר,false,,11.90,11.9000,true,1,44800
8850389105832,false,משקה אלוורה סאפה תפו,SAPPE PUBLIC,,משקה אלוורה סאפה תפו,קילוגרמים,1.00,ליטר,false,,11.90,11.9000,true,1,44797
8850389105849,false,משקה אלוורה סאפה אפר,SAPPE PUBLIC,,משקה אלוורה סאפה אפר,קילוגרמים,1.00,ליטר,false,,11.90,11.9000,true,1,44796
8858271002870,false,רוטב פאד תאי מזרח ומ,יאן ונזל יון,TH,רוטב פאד תאי מזרח ומ,מיליליטרים,250.00,"100 מ""ל",false,,9.90,3.9600,true,1,65161
8858271002887,false,רוטב טריאקי מזרח ומע,דאנינג יוה פודס קו,TH,רוטב טריאקי מזרח ומע,מיליליטרים,250.00,"100 מ""ל",false,,9.90,3.9600,true,1,65162
8858271003020,false,רוטב סויה מזרח ומערב,יאן ונזל יון,TH,רוטב סויה מזרח ומערב,מיליליטרים,700.00,"100 מ""ל",false,,14.90,2.1286,true,1,65173
8858271003075,false,רוטב סויה מתוקה מקסצ,דאנינג יוה פודס קו,TH,רוטב סויה מתוקה מקסצ,מיליליטרים,700.00,"100 מ""ל",false,,14.90,2.1286,true,1,80142
8858271003921,false,רוטב קארי אדום מקסצ',yan val yun corpora,TH,רוטב קארי אדום מקסצ',מיליליטרים,250.00,"100 מ""ל",false,,9.90,3.9600,true,1,72489
8858271003938,false,רוטב קארי ירוק מקסצ',yan val yun corpora,TH,רוטב קארי ירוק מקסצ',מיליליטרים,250.00,"100 מ""ל",false,,9.90,3.9600,true,1,72490
8858271004034,false,רוטב צ'ילי חריף מקסצ,דאנינג יוה פודס קו,TH,רוטב צ'ילי חריף מקסצ,מיליליטרים,700.00,"100 מ""ל",false,,14.90,2.1286,true,1,80143
8858271004126,false,רוטב חמוץ מתוק מזרח,יאן ונזל יון,TH,רוטב חמוץ מתוק מזרח,מיליליטרים,700.00,"100 מ""ל",false,,14.90,2.1286,true,1,65322
8858271004300,false,רוטב טריאקי מקסצא'פ,דאנינג יוה פודס קו,TH,רוטב טריאקי מקסצא'פ,מיליליטרים,700.00,"100 מ""ל",false,,18.90,2.7000,true,1,80141
8858271004799,false,רוטב צ'ילי מתוק מזרח,יאן ונזל יון,TH,רוטב צ'ילי מתוק מזרח,מיליליטרים,700.00,"100 מ""ל",false,,12.50,1.7857,true,1,65163
8901537024014,false,אורז בסמטי דאווט 1 ק,אלטי פוד,IN,אורז בסמטי דאווט 1 ק,פריט,1.00,"ק""ג",false,,11.90,11.9000,true,1,25167
8901537076679,false,אורז בסמטי חום מלא ד,אל סי פורס,IN,אורז בסמטי חום מלא ד,פריט,1.00,"ק""ג",false,,11.90,11.9000,true,1,62821
8906006432383,false,נוזל קיווי שחור משופ,,,נוזל קיווי שחור משופ,מיליליטרים,75.00,"100 מ""ל",false,,13.90,18.5333,true,1,32749
8906006432468,false,קיוי קופסא שחור פקק,,,קיוי קופסא שחור פקק,Unknown,0.00,יחידה,false,,5.90,0.0000,true,1,32751
8906006432505,false,נוזל קיווי שחור אקספ,,,נוזל קיווי שחור אקספ,Unknown,0.00,יחידה,false,,13.90,0.0000,true,1,50232
8908003972220,false,צנימים דורומי 300 גר,טי.אר.די.פי הפי וורל,IN,צנימים דורומי 300 גר,גרמים,300.00,100 גרם,false,,7.90,2.6333,true,1,80420
8934878081811,false,דפי אורז ללא גלוטן 2,דאנינג יוה פודס קו,CN,דפי אורז ללא גלוטן 2,גרמים,400.00,100 גרם,false,,11.90,2.9750,true,1,65164
8938535541366,false,דפי אורז צבעוניים לל,CHANH KHANG COMPANY,VN,דפי אורז צבעוניים לל,גרמים,400.00,100 גרם,false,,11.90,2.9750,true,1,72486
9000101536560,false,קפסולות ג'ל פרסיל 70,הנקל סוד,RS,קפסולות ג'ל פרסיל 70,Unknown,0.00,יחידה,false,,49.90,0.0000,true,1,78986
9000101548211,false,קולור קאצר 40 דפים ל,הנקל סוד,IE,קולור קאצר 40 דפים ל,Unknown,0.00,יחידה,false,,29.90,0.0000,true,1,79463
9000101548419,false,קולור קאצר 18 דפים מ,הנקל סוד,IE,קולור קאצר 18 דפים מ,Unknown,0.00,יחידה,false,,14.90,0.0000,true,1,79464
9044400822320,false,סוכריות דחוסות בטעם,פז פרודוקשיין,GB,סוכריות דחוסות בטעם,גרמים,93.50,100 גרם,false,,13.90,14.8663,true,1,78980
9044400849105,false,סוכריות דחוסות בטעם,פז פרודוקשיין,GB,סוכריות דחוסות בטעם,גרמים,93.50,100 גרם,false,,13.90,14.8663,true,1,79039
9044400851672,false,סוכריות דחוסות בטעם,פז פרודוקשיין,GB,סוכריות דחוסות בטעם,גרמים,25.50,100 גרם,false,,10.90,42.7451,true,1,78981
