code,internal_code,name,manufacturer_name,manufacture_country,manufacturer_item_description,unit_qty,quantity,unit_of_measure,weighted,qty_in_package,price,unit_of_measure_price,allow_discount,status,item_id
17,true,עגבניה,חקלאי,IL,עגבניה,קילוגרמים,1.00,"ק""ג",true,,12.90,12.9000,true,1,2974
20,true,מלפפון,חקלאי,IL,מלפפון,קילוגרמים,1.00,"ק""ג",true,,11.90,11.9000,true,1,74837
31,true,גזר ארוז,חקלאי,IL,גזר ארוז,קילוגרמים,1.00,"ק""ג",true,,7.70,7.7000,true,1,74845
40,true,סלק,חקלאי,IL,סלק,קילוגרמים,1.00,"ק""ג",true,,7.90,7.9000,true,1,2882
90,true,בצל יבש,חקלאי,IL,בצל יבש,קילוגרמים,1.00,"ק""ג",true,,6.50,6.5000,true,1,2906
97,true,בצל אדום,חקלאי,IL,בצל אדום,קילוגרמים,1.00,"ק""ג",true,,9.90,9.9000,true,1,2907
110,true,בטטה,חקלאי,IL,בטטה,קילוגרמים,1.00,"ק""ג",true,,14.90,14.9000,true,1,74838
135,true,דלורית,חקלאי,IL,דלורית,קילוגרמים,1.00,"ק""ג",true,,9.90,9.9000,true,1,2857
138,true,דלעת ערמונים,חקלאי,IL,דלעת ערמונים,קילוגרמים,1.00,"ק""ג",true,,19.90,19.9000,true,1,5258
147,true,אפרסמון,חקלאי,IL,אפרסמון,קילוגרמים,1.00,"ק""ג",true,,27.90,27.9000,true,1,5259
158,true,פלפל חריף ירוק,חקלאי,IL,פלפל חריף ירוק,קילוגרמים,1.00,"ק""ג",true,,12.90,12.9000,true,1,2860
160,true,פלפל אדום,חקלאי,IL,פלפל אדום,קילוגרמים,1.00,"ק""ג",true,,13.90,13.9000,true,1,2861
170,true,קולורבי,חקלאי,IL,קולורבי,קילוגרמים,1.00,"ק""ג",true,,9.90,9.9000,true,1,2864
185,true,קישוא זוקיני,חקלאי,IL,קישוא זוקיני,קילוגרמים,1.00,"ק""ג",true,,13.90,13.9000,true,1,2865
287,true,שום ארוז חבילה,חקלאי,IL,שום ארוז חבילה,Unknown,0.00,Unknown,false,1,13.90,0.0000,true,1,74842
290,true,תפוח אדמה אדום,חקלאי,IL,תפוח אדמה אדום,קילוגרמים,1.00,"ק""ג",true,,6.90,6.9000,true,1,74843
295,true,תפוח אדמה לבן,חקלאי,IL,תפוח אדמה לבן,קילוגרמים,1.00,"ק""ג",true,,6.50,6.5000,true,1,74844
312,true,מלון גליה,חקלאי,IL,מלון גליה,קילוגרמים,1.00,"ק""ג",true,,11.90,11.9000,true,1,2874
370,true,שומר,חקלאי,IL,שומר,קילוגרמים,1.00,"ק""ג",true,,12.90,12.9000,true,1,74847
486,true,לימון,חקלאי,IL,לימון,קילוגרמים,1.00,"ק""ג",true,,13.90,13.9000,true,1,2885
500,true,תפוז מובחר,חקלאי,IL,תפוז מובחר,קילוגרמים,1.00,"ק""ג",true,,11.90,11.9000,true,1,2886
510,true,קלמנטינה,חקלאי,IL,קלמנטינה,קילוגרמים,1.00,"ק""ג",true,,13.90,13.9000,true,1,74852
522,true,אשכולית אדומה,חקלאי,IL,אשכולית אדומה,קילוגרמים,1.00,"ק""ג",true,,9.90,9.9000,true,1,2889
557,true,בננה,חקלאי,IL,בננה,קילוגרמים,1.00,"ק""ג",true,,12.90,12.9000,true,1,4549
560,true,אבוקדו,חקלאי,IL,אבוקדו,קילוגרמים,1.00,"ק""ג",true,,25.50,25.5000,true,1,2892
568,true,רימון,חקלאי,IL,רימון,קילוגרמים,1.00,"ק""ג",true,,14.90,14.9000,true,1,3345
583,true,נקטרינה,חקלאי,IL,נקטרינה,קילוגרמים,1.00,"ק""ג",true,,22.90,22.9000,true,1,4736
605,true,אגס,חקלאי,IL,אגס,קילוגרמים,1.00,"ק""ג",true,,18.90,18.9000,true,1,2897
626,true,מנגו,חקלאי,IL,מנגו,קילוגרמים,1.00,"ק""ג",true,,21.90,21.9000,true,1,3132
636,true,קיווי,חקלאי,IL,קיווי,קילוגרמים,1.00,"ק""ג",true,,39.90,39.9000,true,1,2899
638,true,קרמבולה,חקלאי,IL,קרמבולה,קילוגרמים,1.00,"ק""ג",true,,29.90,29.9000,true,1,2900
658,true,תפוח עץ סמית,חקלאי,IL,תפוח עץ סמית,קילוגרמים,1.00,"ק""ג",true,,16.50,16.5000,true,1,2901
688,true,תפוח עץ מוזהב,חקלאי,IL,תפוח עץ מוזהב,קילוגרמים,1.00,"ק""ג",true,,14.90,14.9000,true,1,2902
700,true,תפוח עץ סטארקינג,חקלאי,IL,תפוח עץ סטארקינג,קילוגרמים,1.00,"ק""ג",true,,14.90,14.9000,true,1,3000
738,true,ענבים אדומים,חקלאי,IL,ענבים אדומים,קילוגרמים,1.00,"ק""ג",true,,49.90,49.9000,true,1,3092
756,true,שזיף,חקלאי,IL,שזיף,קילוגרמים,1.00,"ק""ג",true,,34.90,34.9000,true,1,3010
772,true,משמש,חקלאי,IL,משמש,קילוגרמים,1.00,"ק""ג",true,,44.90,44.9000,true,1,74850
2151,true,קופון שוקולד טוניס ב,,,קופון שוקולד טוניס ב14.90 מימוש באונליין,יחידה,1.00,יחידה,false,1,0.01,0.0100,true,1,77246
4400,true,עגבנית שרי באשכולות,מרינה,IL,עגבנית שרי באשכולות שקיל,קילוגרמים,1.00,"ק""ג",true,,29.90,29.9000,true,1,8417
4690,true,סוכריה על מקל בטעם ת,פיני גולוסינאס אספני,,סוכריה על מקל בטעם תות,Unknown,0.00,Unknown,false,1,1.90,0.0000,true,1,12813
4780,true,סוכריה על מקל תרנגול,פיני גולוסינאס אספני,,סוכריה על מקל תרנגול,Unknown,0.00,Unknown,false,1,1.50,0.0000,true,1,15643
5803,true,פומלה,מרינה,IL,פומלה,קילוגרמים,1.00,"ק""ג",true,,12.90,12.9000,true,1,5729
5809,true,ענבים ירוקים,מרינה,IL,ענבים ירוקים,קילוגרמים,1.00,"ק""ג",true,,39.90,39.9000,true,1,7768
6407,true,בורקס /רוגלך /קוראסו,פילסברי,,בורקס /רוגלך /קוראסון/גבניות,קילוגרמים,1.00,"ק""ג",true,,64.90,64.9000,true,1,7435
6408,true,בורקס ריבועי פיצה,יושלם,,בורקס ריבועי פיצה,לא מנהל יחידת מידה,0.00,לא מנהל יחידת מידה,false,1,3.50,0.0000,true,1,7436
6415,true,סופגניה מיני בטעמים,יושלם,,סופגניה מיני בטעמים פילסברי,לא מנהל יחידת מידה,0.00,לא מנהל יחידת מידה,false,1,6.00,0.0000,true,1,12410
8061,true,ירק נענע ארוז,חקלאי,IL,ירק נענע ארוז,גרמים,70.00,100 גרם,false,1,4.90,0.0700,true,1,6424
8066,true,תפוח קריספ פינק,מרינה,IL,תפוח קריספ פינק,קילוגרמים,1.00,"ק""ג",true,,21.90,21.9000,true,1,6427
9287,true,שום ארוז במשקל,חקלאי,IL,שום ארוז במשקל,קילוגרמים,1.00,"ק""ג",true,,39.90,39.9000,true,1,74864
209524,true,סירופ דיאט פטל יכין,"זנלכל בע""מ",IL,יכין סירופ דיאט בטעם פטל 1 ליטר,ליטרים,1.00,ליטר,false,1,17.90,17.9000,true,1,37309
453781,true,שמרים יבשים 125 גרם,ללמנ איבריה,PT,שמרית שמרים יבשים 125 גרם,גרמים,125.00,100 גרם,false,1,7.50,0.0600,true,1,19625
3072804,true,פסטרמה של פעם 200גר,הנסיך- מפעל לייצור ט,IL,"טירת צבי, פסטרמה של פעם, 200 גרם, ללא גלוטן",Unknown,0.00,Unknown,false,1,28.90,0.0000,true,1,69632
6256775,true,יין גאטו נגרו מלבק 7,פינקל פודס,AR,יין גאטו נגרו מלבק 750 מל,מיליליטרים,750.00,"100 מ""ל",false,1,39.90,0.0532,true,1,73535
6899088,true,תה סרמוני ירוק נענע,,IL,תה סרמוני ירוק נענע מרוקאית 20 שקיקים,יחידה,1.00,יחידה,false,1,19.90,19.9000,true,1,76663
30112902,false,נייר גלגול קטן+פילטר,,,נייר גלגול קטן+פילטר בודד,יחידה,1.00,יחידה,false,1,9.40,9.4000,false,1,12673
30112919,false,נ.ג. בינוני+פילטר בו,,,נ.ג. בינוני+פילטר בודד,Unknown,0.00,Unknown,false,1,7.90,0.0000,false,1,12072
32147230,false,מיץ לימון משומר לימו,ג'נרל מילס סאן אדריא,,סיצילה מיץ לימון משומר לימונית 200 מל,מיליליטרים,200.00,"100 מ""ל",false,1,8.50,0.0425,true,1,6399
40084107,false,ביצת הפתעה קינדר בוד,פררו,IT,ביצת הפתעה - עשיר בחלב,גרמים,20.00,100 גרם,false,1,6.40,0.3200,true,1,3055
40084725,false,קנדר מילק סלייס עוגת,פררו טורקיה צ'יקולטה,TR,קנדר מילק סלייס עוגת ספוג במילוי קרם65%,גרמים,30.00,100 גרם,false,1,4.90,0.1633,true,1,74582
40111216,false,חטיף שוקולד באונטי 5,"נארז ע""י : א.ג. גילר",NL,חטיף שוקולד באונטי 57 גרם,גרמים,57.00,100 גרם,false,1,4.90,0.0860,true,1,1274
40677804,false,"יגרמייסטר 200מ""ל",ייגרמיסטר,LV,"יגרמייסטר 200מ""ל",מיליליטרים,200.00,"100 מ""ל",false,1,31.90,0.1595,true,1,66542
41001356,false,"בירה בקס פחית 500 מ""",יבואן ומשווק: ש. שסט,DE,בירה בק'ס בפחית 500 מל,מיליליטרים,500.00,"100 מ""ל",false,1,11.90,0.0238,true,1,3321
42061939,false,בירה בקס בקבוק 500 מ,"איי, בי, אינבוו",DE,בירה בקס 500 מל,מיליליטרים,500.00,"100 מ""ל",false,1,10.90,0.0218,true,1,18374
42138105,false,סיגריות וינסטון סלימ,גיי טי אינטרנשיונל,,סיגריות וינסטון סלימס כחול חפיסה בודד,לא מנהל יחידת מידה,0.00,לא מנהל יחידת מידה,false,1,33.70,0.0000,false,1,7229
42138129,false,סיגריות וינסטון סלימ,JTI,,סיגריות וינסטון סלימס מנטול חפיסה בודד,לא מנהל יחידת מידה,0.00,לא מנהל יחידת מידה,false,1,33.70,0.0000,false,1,7230
42139430,false,סיגריות כאמל שחור חפ,JTI,,סיגריות כאמל שחור חפיסה בודד,לא מנהל יחידת מידה,0.00,לא מנהל יחידת מידה,false,1,31.60,0.0000,false,1,12050
54013674,false,ריזלה נייר גלגול אדו,ריזלה נייר גלגול אדו,,ריזלה נייר גלגול אדום 3גרם,יחידה,1.00,יחידה,false,1,3.00,3.0000,true,1,76501
54013681,false,ריזלה נייר גלגול אפו,ריזלה נייר גלגול אדו,,ריזלה נייר גלגול אפור 3גרם,יחידה,1.00,יחידה,false,1,3.00,3.0000,true,1,76502
54013698,false,ריזלה נייר גלגול כחו,ריזלה נייר גלגול אדו,,ריזלה נייר גלגול כחול 3גרם,יחידה,1.00,יחידה,false,1,3.00,3.0000,true,1,76503
59039549,false,סיגריות ווג פריזון מ,BAT,,סיגריות ווג פריזון מנטול חפיסה בודד,Unknown,0.00,Unknown,false,1,39.50,0.0000,false,1,8559
59068907,false,סיגריות פאל מאל כחול,גלוברנס,,סיגריות פאל מאל כחול דמי סלימס בודד,לא מנהל יחידת מידה,0.00,לא מנהל יחידת מידה,false,1,26.40,0.0000,false,1,18963
59068914,false,סיגריות פאל מאל סילב,,,סיגריות פאל מאל סילבר דמני סלימס בודד,לא מנהל יחידת מידה,0.00,לא מנהל יחידת מידה,false,1,26.40,0.0000,false,1,18965
59455233,false,סיגריות ווג ליידי כח,BAT,,סיגריות ווג ליידי כחול חפיסה בודד,לא מנהל יחידת מידה,0.00,לא מנהל יחידת מידה,false,1,39.50,0.0000,false,1,9050
59455240,false,סיגריות ווג ליידי לי,BAT,,סיגריות ווג ליידי לילך חפיסה בודד,Unknown,0.00,Unknown,false,1,39.50,0.0000,false,1,9048
72940754,false,מילקי וניל 133 גרם,"שטראוס גרופ בע""מ",IL,מילקי בטעם וניל,גרמים,133.00,100 גרם,false,1,2.90,0.0218,true,1,2284
72940761,false,מילקי שוקולד 133 גרם,מיוצר עי קונדיטוריית,IL,מילקי בטעם שוקולד,גרמים,133.00,100 גרם,false,1,2.90,0.0218,true,1,2285
72940952,false,מילקי פי 2 קצפת 107,"שטראוס גרופ בע""מ",IL,מילקי אקסטרה קצפת,גרמים,107.00,100 גרם,false,1,4.50,0.0421,true,1,2286
72961506,false,פרילי תות בגביע 125,מיוצר עי קונדיטוריית,IL,פרילי תות בגביע 125 גרם,מיליליטרים,125.00,"100 מ""ל",false,1,4.00,0.0320,true,1,2291
72963753,false,שמנת של פעם 27% תנוב,תנובה,IL,תנובה שמנת של פעם אורגינל 27% שומן,מיליליטרים,200.00,"100 מ""ל",false,1,4.00,0.0200,true,1,2296
72964132,false,טבעגורט יוגורט עם גר,מיוצר עי קונדיטוריית,IL,טבעגורט יוגורט עם גרנולה 200 גרם,גרמים,200.00,100 גרם,false,1,5.70,0.0285,true,1,2298
72964422,false,יוגורט תנובה 4% 200,מחלבת תנובה,IL,תנובה יוגורט 4.5% שומן 200 מל,גרמים,200.00,100 גרם,false,1,3.00,0.0150,true,1,2299
72983997,false,סיגריות גולף גולד 10,דובק,,סיגריות גולף גולד 100בוקס חפיסה בודד,לא מנהל יחידת מידה,0.00,לא מנהל יחידת מידה,false,1,31.20,0.0000,false,1,4893
72986370,false,"גלידה וניל 500 מ""ל",המאפיה של הרמן,IL,פיינט וניל FT,מיליליטרים,500.00,"100 מ""ל",false,1,23.90,0.0478,true,1,2303
72986424,false,גלידה קרם עוגיות 500,המאפיה של הרמן,IL,"פיינט קרם עוגיות בד""ץ",מיליליטרים,500.00,"100 מ""ל",false,1,23.90,0.0478,true,1,2304
72986448,false,גלידה טופי קראנץ 500,המאפיה של הרמן,IL,גלידת וניל עם חתיכות טופי מצופות שוקולד,מיליליטרים,500.00,"100 מ""ל",false,1,23.90,0.0478,true,1,2305
72986455,false,גלידה ניו יורק סופר,המאפיה של הרמן,IL,פיינט ניו-יורק סופר FT,מיליליטרים,500.00,"100 מ""ל",false,1,23.90,0.0478,true,1,2306
72986479,false,גלידה צינקי מונקי 50,המאפיה של הרמן,IL,פיינט צאנקי מנקי FT,מיליליטרים,500.00,"100 מ""ל",false,1,23.90,0.0478,true,1,2307
72989395,false,טילון קרם עוגיות 100,מוצרי איכות אמריקאיי,IL,טילון קרם עוגיות,גרמים,100.00,100 גרם,false,1,11.90,0.1190,true,1,2823
72989425,false,גלידה שוקולד בראוניס,המאפיה של הרמן,IL,"גלידה שוקולד בראוניס 500 מ""ל",מיליליטרים,500.00,"100 מ""ל",false,1,23.90,0.0478,true,1,3830
72991374,false,סיגריות טיים רד חפיס,דובק,,סיגריות טיים רד חפיסה בודד,Unknown,0.00,Unknown,false,1,30.20,0.0000,false,1,836
72991398,false,סיגריות טיים בלו לי,דובק,,סיגריות טיים בלו לייט חפיסה בודד,לא מנהל יחידת מידה,0.00,לא מנהל יחידת מידה,false,1,30.20,0.0000,false,1,864
72991459,false,סיגריות גולף לייט חפ,דובק,,סיגריות גולף לייט חפיסה בודד,לא מנהל יחידת מידה,0.00,לא מנהל יחידת מידה,false,1,31.20,0.0000,false,1,856
72991886,false,גלידה דולצה דה לצה 5,המאפיה של הרמן,IL,פיינט דולצ'ה דה לצ'ה,מיליליטרים,500.00,"100 מ""ל",false,1,23.90,0.0478,true,1,2310
72993637,false,דני שוקולד מהדרין,מחלבת אחיהוד,IL,דני שוקולד,גרמים,125.00,100 גרם,false,1,2.70,0.0216,true,1,6169
72994061,false,חטיף פסק זמן 2GOOD מ,אף.סי תבליני בגליל ב,TR,פסק זמן 2GOOD,גרמים,36.00,100 גרם,false,1,5.90,0.1639,true,1,8423
76136184,false,סיגריות פאל מל סלימס,BAT,,סיגריות פאל מל סלימס כחול חפיסה בודד,לא מנהל יחידת מידה,0.00,לא מנהל יחידת מידה,false,1,30.50,0.0000,false,1,5487
76136191,false,סיגריות פאל מל סלימס,BAT,,סיגריות פאל מל סלימס כתום חפיסה בודד,לא מנהל יחידת מידה,0.00,לא מנהל יחידת מידה,false,1,29.00,0.0000,false,1,5232
80001027,false,חטיף טורטינה חלב,לואקר,IT,וופל בציפוי שוקולד חלב וממלוא בקרם אגוזים,גרמים,21.00,100 גרם,false,1,4.90,0.2333,true,1,3053
80001287,false,חטיף גרדנה אגוז,לואקר,AT,חטיף גרדנה אגוז 38 גרם,גרמים,38.00,100 גרם,false,1,4.90,0.1289,true,1,2377
80001461,false,חטיף גרדנה שוקולד,"א. לואקר קונפקט בע""מ",AT,חטיף גרדנה שוקולד 38 גרם,גרמים,38.00,100 גרם,false,1,4.90,0.1289,true,1,5580
80001799,false,חטיף טורטינה לבן 21,לואקר,IT,וופל בציפוי שוקולד חלב וממלוא בקרם אגוזים,גרמים,21.00,100 גרם,false,1,4.90,0.2333,true,1,13412
80001911,false,חטיף גרדנה לבן 38 גר,א. לואקר,AT,חטיף גרדנה לבן 38 גרם,גרמים,38.00,100 גרם,false,1,4.90,0.1289,true,1,15724
80042556,false,עגבניות מרוסקות MUTT,"איי, בי, אינבוו",IT,עגבניות מרוסקות POLPA MUTTI,גרמים,400.00,100 גרם,false,1,6.90,0.0173,true,1,71247
80042563,false,מחית רסק עגבניות פא,"איי, בי, אינבוו",IT,רסק עגבניות 700 גרם (צהוב) MUTTI,גרמים,700.00,100 גרם,false,1,12.90,0.0184,true,1,40855
80050025,false,סוכריות טיק טק תפוז,פררו,ZA,דחוסות בטעם תפוז,גרמים,16.00,100 גרם,false,1,4.50,0.2813,true,1,2402
80050124,false,סוכריות טיק טק מנטה,פררו,ZA,טיק טק מנטה,גרמים,16.00,100 גרם,false,1,4.50,0.2813,true,1,2403
80050278,false,פררו רושה שלישייה,פררו,IT,פררו רושה שלישייה,גרמים,38.00,100 גרם,false,1,6.50,0.1711,true,1,3236
80052487,false,רפאלו 30 גרי שלישיי,פררו,PL,רפאלו 30 גרי שלישייה,גרמים,30.00,100 גרם,false,1,5.50,0.1833,true,1,75186
80052760,false,חטיף וופל קינדר בואנ,פררו,PL,קינדר בואנו,גרמים,43.00,100 גרם,false,1,5.00,0.1163,true,1,2405
80176732,false,קינדר הפי היפו,פררו,DE,"הפי היפו קקאו, וופל במילוי קרם חלבי וקרם קקאו",גרמים,21.00,100 גרם,false,1,4.50,0.2143,true,1,6012
80176800,false,ממרח שוקולד נוטלה 75,פררו תעשיות איטליה ס,IT,ממרח שוקולד נוטלה 750 גרם,גרמים,750.00,100 גרם,false,1,28.90,0.0385,true,1,2408
80177173,false,ממרח שוקולד נוטלה,פררו,IT,ממרח שוקולד נוטלה אגוזים 350 גרם,גרמים,350.00,100 גרם,false,1,16.90,0.0483,true,1,2409
80177180,false,שוקולד קינדר קאנטרי,פררו,IT,שוקולד קינדר קאנטרי 23.5 גרם,גרמים,24.00,100 גרם,false,1,3.50,0.1458,true,1,3829
80177609,false,שוקולד קינדר אצבעות,פררו,IT,שוקולד חלב עם תכולת חלב גבוהה במילוי קרם חלבי,גרמים,50.00,100 גרם,false,1,5.50,0.1100,true,1,2410
80177616,false,שוקולד חלב ממולא קינ,פררו,IT,שוקולד חלב עם תכולת חלב גבוהה במילוי קרם חלבי,גרמים,100.00,100 גרם,false,1,9.90,0.0990,true,1,2411
80273561,false,פלפל שחור במטחנה 45,DROGHERIA E ALIMENTA,,פלפל שחור במטחנה 45 גרם,גרמים,45.00,100 גרם,false,1,13.90,0.3089,true,1,2423
80273592,false,פלפל 4 העונות במטחנה,DROGHERIA E ALIMENTA,,פלפל 4 העונות במטחנה 35 גרם,גרמים,35.00,100 גרם,false,1,13.90,0.3971,true,1,2424
80273660,false,שום במטחנה 50 גרם,DROGHERIA E ALIMENTA,,שום במטחנה 50 גרם,גרמים,50.00,100 גרם,false,1,13.90,0.2780,true,1,2427
80273677,false,"צ""ילי במטחנה 20 גרם",DROGHERIA E ALIMENTA,,"צ""ילי במטחנה 20 גרם",גרמים,20.00,100 גרם,false,1,13.90,0.6950,true,1,2428
80310891,false,"ביצת קינדר ג""וי",פררו,ZA,"ביצת קינדר ג""וי 20 גרם",גרמים,20.00,100 גרם,false,1,6.90,0.3450,true,1,77478
80651000,false,"שום וצ""ילי במטחנה 30",DROGHERIA E ALIMENTA,,"שום וצ""ילי במטחנה 30 גרם",גרמים,30.00,100 גרם,false,1,13.90,0.4633,true,1,2452
80761761,false,חטיף וופל קינדר בואנ,פררו,PL,חטיף וופל קינדר בואנו שוקולד לבן 39 גרם,גרמים,39.00,100 גרם,false,1,5.00,0.1282,true,1,8703
80768258,false,ביצת קינדר גוי ורוד,פררו,ZA,קינדר ג'וי ורוד,גרמים,20.00,100 גרם,false,1,6.40,0.3200,true,1,11855
80773429,false,מסטיק מנטוס פיור פרש,פרפטי ואן מלה ברדה,TR,מסטיק מנטוס פיור פרש בטעם תות מעוגל,גרמים,60.00,100 גרם,false,1,10.90,0.1817,true,1,18372
80790990,false,מסטיק מנטוס מנטה עדי,פרפטי ואן מלה ברדה,TR,מסטיק מנטוס מנטה עדינה בקבוק מעוגל 60 גר,גרמים,60.00,100 גרם,false,1,10.90,0.1817,true,1,17344
80809265,false,חטיף טורטינה חמאת בו,לואקר,IT,חטיף טורטינה חמאת בוטנים 21 גרם,גרמים,21.00,100 גרם,false,1,4.90,0.2333,true,1,77015
80843184,false,מסטיק בקבוקון פיור ע,פרפטי ואן מלה,TR,מסטיק בקבוקון פיור ענבים 60 גרם,גרמים,60.00,100 גרם,false,1,10.90,0.1817,true,1,75355
80864059,false,גרדנה חמאת בוטנים 38,לואקר,IT,גרדנה חמאת בוטנים 38 גרם,גרמים,38.00,100 גרם,false,1,4.90,0.1289,true,1,77016
80864295,false,מסטיק בקבקון מ.עדינה,פרפטי ואן מלה,TR,מסטיק בקבקון מ.עדינה pure white 60 גרם,גרמים,60.00,100 גרם,false,1,10.90,0.1817,true,1,75607
80874652,false,קינדר קארדס 25.6 גרם,פררו,IT,קינדר קארדס 25.6 גרם,גרמים,26.00,100 גרם,false,1,4.90,0.1885,true,1,77301
80936848,false,סוכריות טיק טק תות 1,פררו,ZA,טיק טק תות,גרמים,16.00,100 גרם,false,1,4.50,0.2813,true,1,11705
80974482,false,ביצת קינדר גוי כחול,פררו,ZA,קינדר ג'וי כחול,גרמים,20.00,100 גרם,false,1,6.40,0.3200,true,1,11856
80979128,false,מסטיק בקבוקון פיור ד,פרפטי ואן מלה,TR,מסטיק בקבוקון פיור דובדובן 60 גרם,גרמים,60.00,100 גרם,false,1,10.90,0.1817,true,1,75356
80982470,false,מסטיק מנטוס פיור מנט,פרפטי ואן מלה ברדה,TR,מסטיק מנטוס פיור מנטה חזקה 60 ג,גרמים,60.00,100 גרם,false,1,10.90,0.1817,true,1,74317
85939868,false,נייר קצר ללא פילטר,,,נייר קצר ללא פילטר,יחידה,0.00,יחידה,false,1,3.00,0.0000,true,1,9981
85942677,false,נייר קצר כולל פילטר,,,נייר קצר כולל פילטר,Unknown,0.00,Unknown,false,1,6.00,0.0000,false,1,9939
85942707,false,נייר קצר עבה,,,נייר קצר עבה,Unknown,0.00,Unknown,false,1,3.00,0.0000,false,1,11678
87108538,false,סוכריות מנטוס תות גל,הדקלאים אגודת שיתופי,NL,מנטוס תות 40 גלילים,גרמים,38.00,100 גרם,false,1,3.90,0.1026,true,1,5401
90162602,false,משקה אנרגיה רד בול,רד בול ג'י.אם.בי. אץ,AT,"משקה אנרגיה רד בול 250 מ""ל",מיליליטרים,250.00,"100 מ""ל",false,1,8.50,0.0340,true,1,5122
90162800,false,משקה אנרגיה רד בול,רד בול ג'י.אם.בי. אץ,AT,רד בול,מיליליטרים,250.00,"100 מ""ל",false,1,8.50,0.0340,true,1,5483
90446269,false,רד בול אבטיח 250 מל,ראון פרוכטסאפה,AT,רד בול אבטיח 250 מל,מיליליטרים,250.00,"100 מ""ל",false,1,8.50,0.0340,true,1,74428
90448867,false,רד בול ללא פחמימות פ,רד בול,AT,רד בול ללא פחמימות פחית 250 מל,מיליליטרים,250.00,"100 מ""ל",false,1,8.50,0.0340,true,1,76662
8112100298,false,שמן שומשום קלוי,Flavor full foods in,,מזרח ומערב שמן שומשום טהור לא מזוכך 185 מל,מיליליטרים,185.00,"100 מ""ל",false,1,15.90,0.0859,true,1,76267
8421408948,false,בובת TY- הלו קיטי סר,TY,,בובת TY- הלו קיטי סרבל ורוד קטנה,Unknown,0.00,Unknown,false,1,39.50,0.0000,true,1,13100
9800800056,false,נוטלה גו בייגלה מלוח,פררו,DE,נוטלה גו בייגלה מלוח,גרמים,52.00,100 גרם,false,1,7.90,0.1519,true,1,15840
11182700930,false,שעועית אדומה בהירה ק,קינג קול,,שעועית אדומה בהירה קינג קול 436 גרם,גרמים,436.00,100 גרם,false,1,11.90,0.0273,true,1,9208
11182700954,false,שעועית שחורה קינג קו,קינג קול,,שעועית שחורה קינג קול 436 גרם,גרמים,436.00,100 גרם,false,1,11.90,0.0273,true,1,8786
11210000094,false,"רוטב טבסקו 60 מ""ל",מקאילהייני אייבורי,,"רוטב טבסקו 60 מ""ל",מיליליטרים,60.00,"100 מ""ל",false,1,12.90,0.2150,true,1,43
11210007253,false,רוטב טבסקו שום ופלפל,מקאילהייני אייבורי,,"רוטב טבסקו שום ופלפל 60 מ""ל",מיליליטרים,60.00,"100 מ""ל",false,1,12.90,0.2150,true,1,44
11210009387,false,רוטב טבסקו פלפל ירוק,מקאילהייני אייבורי,,"רוטב טבסקו פלפל ירוק 60 מ""ל",מיליליטרים,60.00,"100 מ""ל",false,1,12.90,0.2150,true,1,45
14100074120,false,עוגיות מילאנו פפרידג,פפרדג פארם,,עוגיות מילאנו פפרידג 198 גרם,גרמים,198.00,100 גרם,false,1,24.90,0.1258,true,1,5308
14100078609,false,עוגיות דאבל שוקולד פ,פפרדג פארם,,עוגיות דאבל שוקולד פפרידג 220 גרם,גרמים,220.00,100 גרם,false,1,22.90,0.1041,true,1,5311
16000142220,false,נייטצר ואלי פרוטאין,ג'נרל מילס,US,נייטצר ואלי פרוטאין XL בוטנים קרמל מלוח,גרמים,60.00,100 גרם,false,1,12.90,0.2150,true,1,76195
16000185517,false,דגני פייבר 1 555גרם,בטר אנד דיפרנט,US,דגני פייבר 1 555גרם,גרמים,555.00,100 גרם,false,1,32.90,0.0593,true,1,75778
16000423534,false,חטיפי גרנולה קראנצי,ג'נרל מילס סאן אדריא,ES,חטיפי גרנולה קראנצי שיבולת שועל מריר 210,גרמים,210.00,100 גרם,false,1,14.90,0.0710,true,1,8729
16000548404,false,חטיפי גרנולה קראנצי,ג'נרל מילס סאן אדריא,ES,"נייטשר וואלי, קראנצ'י שיבולת שועל עם דבש",גרמים,210.00,100 גרם,false,1,14.90,0.0710,true,1,245
16000548503,false,חטיפי גרנולה קראנצי,ג'נרל מילס סאן אדריא,ES,חטיפי גרנולה קראנצי מייפל וסוכר חום 210,גרמים,210.00,100 גרם,false,1,14.90,0.0710,true,1,246
16000548909,false,חטיפי גרנולה קראנצי,ג'נרל מילס סאן אדריא,ES,חטיפי גרנולה קראנצי מגוון טעמים 210 גרם,גרמים,210.00,100 גרם,false,1,14.90,0.0710,true,1,248
18000701223,false,תערובת להכנת עוגת שו,הדקלאים אגודת שיתופי,IL,תערובת להכנת עוגת שוקולד פילסברי 500 גרם,גרמים,500.00,100 גרם,false,1,19.90,0.0398,true,1,295
18000766413,false,תערובת לעוגת בראוניס,הדקלאים אגודת שיתופי,IL,תערובת לעוגת בראוניס פלסברי 550 גרם,גרמים,550.00,100 גרם,false,1,19.90,0.0362,true,1,298
22224500715,false,סוויט כאוס פופקורן ע,קניז קודי קומפוני,US,סוויט כאוס פופקורן עם חמאת בוטנים ושוקלד 156 גרם,גרמים,156.00,100 גרם,false,1,24.90,0.1596,true,1,75112
22224500722,false,סוויט כאוס פופקורן ע,קניז קודי קומפוני,US,סוויט כאוס פופקורן עם בצק עוגה 156 גרם,גרמים,156.00,100 גרם,false,1,24.90,0.1596,true,1,75111
25675301108,false,מקלות חמוצים פשקס תו,פאסין,,מקלות חמוצים פשקס תות 50 גרם,גרמים,50.00,100 גרם,false,1,5.90,0.1180,true,1,4216
25675301153,false,מקלות חמוצים פטל,יושלם,,מקלות חמוצים פטל 50 גר .,גרמים,50.00,100 גרם,false,1,5.90,0.1180,true,1,4229
30000315989,false,קוואקר פרוטאין חמוצי,קוואקר אוטס קומפני,US,קוואקר פרוטאין חמוציות ושקדים 372 גרם,גרמים,372.00,100 גרם,false,1,28.90,0.0777,true,1,67949
30100487197,false,קיבלר קרקר גבינת צדר,"מאכלי עולם ר.ז. בע""מ",,קיבלר קרקר גבינת צדר לבן 39 גרם,גרמים,39.00,100 גרם,false,1,4.90,0.1256,true,1,12362
30100545101,false,קיבלר קרקר קלאב צדר,"מאכלי עולם ר.ז. בע""מ",,קיבלר קרקר קלאב צדר כתום 39 גרם,גרמים,39.00,100 גרם,false,1,4.90,0.1256,true,1,11816
31290140251,false,טבלת שוקולד גודייבה,פלאדיס,TR,טבלת שוקולד גודייבה סטיקס חלב בתוספת שקד,גרמים,90.00,100 גרם,false,1,15.90,0.1767,true,1,72806
34000470228,false,שוקולד חלב מיני ריזס,הרשי,,שוקולד חלב מיני ריזס 70 גרם,גרמים,70.00,100 גרם,false,1,7.60,0.1086,true,1,11321
34000544028,false,טוויזלרס ממתק בטעם,הרשי,,טוויזלרס ממתק בטעם תות 198 גרם,גרמים,198.00,100 גרם,false,1,9.90,0.0500,true,1,76202
36000183399,false,חיתולי האגיס שחיה מי,KC Czech,,חיתולי האגיס שחיה מידה S/M,לא מנהל יחידת מידה,0.00,לא מנהל יחידת מידה,false,1,45.90,0.0000,true,1,1115
36000516890,false,קלינקס לושן אלוורה 1,קימברלי,GB,קלינקס לושן אלוורה 120 - 3 שכבות,יחידה,24.00,יחידה,false,1,20.90,0.8708,true,1,71588
37600207188,false,חמאת בוטנים סקיפי קל,פלזנסקי,US,חמאת בוטנים סקיפי קלאסיק 462 גרם,גרמים,462.00,100 גרם,false,1,21.90,0.0474,true,1,12243
38000138607,false,פרינגלס חומץ מלח 158,מנופקצורי קטמפני,US,פרינגלס חומץ מלח 158 גרם,גרמים,158.00,100 גרם,false,1,10.90,0.0690,true,1,68128
38000183928,false,פרינגלס חרדל ודבש 15,פרינגלס מניופקצ'ורינ,US,פרינגלס חרדל ודבש 158 גרם,גרמים,158.00,100 גרם,false,1,10.90,0.0690,true,1,73305
38000202278,false,פרינגלס גלי אורגינל,פרינגלס מניופקצ'ורינ,US,פרינגלס גלי אורגינל 130 גרם,גרמים,130.00,100 גרם,false,1,10.90,0.0838,true,1,73303
38000232152,false,פרינגלס ברביקיו 158ג,פרינגלס מניופקצ'ורינ,US,פרינגלס ברביקיו 158גרם,גרמים,158.00,100 גרם,false,1,10.90,0.0690,true,1,71872
38000232176,false,פרינגלס שמנת בצל 158,פרינגלס מניופקצ'ורינ,US,פרינגלס שמנת בצל 158גרם,גרמים,158.00,100 גרם,false,1,10.90,0.0690,true,1,71871
38527591053,false,דגני קוואקר מרובעים,BEVERAGES FOODS & SE,,דגני קוואקר מרובעים קינמון 411 גרם,גרמים,411.00,100 גרם,false,1,22.70,0.0552,true,1,9365
38527591060,false,דגני קוואקר מרובעים,BEVERAGES FOODS & SE,,דגני קוואקר מרובעים סוכר חום 411 גרם,גרמים,411.00,100 גרם,false,1,22.70,0.0552,true,1,9366
39000008006,false,אורטגה טאקו מקסיקני,בי אנד גי,US,אורטגה טאקו מקסיקני 12 יחידות 164 גרם,גרמים,164.00,100 גרם,false,1,23.90,0.1457,true,1,7485
40000514480,false,סוכריות M&M בטעם שוק,מרס נדרלנד,,סוכריות M&M בטעם שוקולד 48 גרם,גרמים,48.00,100 גרם,false,1,5.80,0.1208,true,1,15911
40000514510,false,סוכריות שוקולד M&M,מרס נדרלנד,,סוכריות שוקולד M&M בוטנים 49 גרם,גרמים,49.00,100 גרם,false,1,5.80,0.1184,true,1,15723
41224468108,false,עגבניות מיובשות בשמן,סיגס גיטה,,עגבניות מיובשות בשמן זית 283 גרם,גרמים,283.00,100 גרם,false,1,24.90,0.0880,true,1,6720
46214731552,false,עוגיות שוקולד ציפס מ,קריניציה ויטמינה אס,NL,מרבה עוגיות 37% שוקולד ציפס,גרמים,225.00,100 גרם,false,1,10.90,0.0484,true,1,1512
50000015474,false,פריסקיז דגים 1.42 קג,פורינה,US,פריסקיז דגים 1.42 קג,קילוגרמים,1.42,"ק""ג",false,1,39.90,28.0986,true,1,75321
50000084500,false,פריסקיז מעדני השף 1.,פורינה,US,פריסקיז מעדני השף 1.42 קג,קילוגרמים,1.42,"ק""ג",false,1,39.90,28.0986,true,1,4354
50000100347,false,פריסקיז מעדני החתול,פורינה,US,פריסקיז מעדני החתול מועשר בחלב 1.4קג,קילוגרמים,1.40,"ק""ג",false,1,39.90,28.5000,true,1,4455
50000168583,false,פריסקיז אקסטרא קראנץ,פורינה,US,פריסקיז אקסטרא קראנץ 1.47 קג,קילוגרמים,1.47,"ק""ג",false,1,39.90,27.1429,true,1,75549
50000170180,false,פריסקיז פריים פילה ע,פורינה,US,פריסקיז פריים פילה עוף ברוטב 156 גר,גרמים,156.00,100 גרם,false,1,6.90,0.0442,true,1,53837
50000225224,false,פריסקיז פריים פילה ה,פורינה,US,פריסקיז פריים פילה הודו ברוטב 156 גר,גרמים,156.00,100 גרם,false,1,6.90,0.0442,true,1,53838
50000237951,false,פריסקיז פארטי מיקס מ,פורינה,US,פריסקיז פארטי מיקס מיקס גריל קראנץ 60ג,גרמים,60.00,100 גרם,false,1,11.90,0.1983,true,1,76982
50000238910,false,פריסקיז פארטי מיקס א,פורינה,US,פריסקיז פארטי מיקס אוריגינל קראנץ10 60ג,גרמים,60.00,100 גרם,false,1,11.90,0.1983,true,1,76981
50000292592,true,פנסי פיסט סלמון ברוט,פורינה,US,פנסי פיסט סלמון ברוטב עשיר,גרמים,85.00,100 גרם,false,1,5.90,0.0694,true,1,45544
50000292615,true,פנסי פיסט לבבות עוף,פורינה,US,פנסי פיסט לבבות עוף וכבד,גרמים,85.00,100 גרם,false,1,5.90,0.0694,true,1,53839
50000429042,false,מזון חתולים כבד מעוד,פורינה,US,מזון חתולים כבד מעודן ועוף פנסי פיסט 85,גרמים,85.00,100 גרם,false,1,5.90,0.0694,true,1,19567
50000429448,false,פנסי פיסט מוס סלמון,פורינה,US,פנסי פיסט מוס סלמון 85 גר,גרמים,85.00,100 גרם,false,1,5.90,0.0694,true,1,1591
50000429646,false,מזון חתולים לח דגים,פורינה,US,מזון חתולים לח דגים פנסי פיסט 85 גרם,גרמים,85.00,100 גרם,false,1,5.90,0.0694,true,1,1592
50000434640,false,מזון חתולים לח נתחי,פורינה,US,מזון חתולים לח נתחי עוף פנסי פיסט 85 גרם,גרמים,85.00,100 גרם,false,1,5.90,0.0694,true,1,1593
50000445691,false,פריסקיז חתולים נתחי,פורינה,US,פריסקיז חתולים נתחי עוף וסלמון ברוטב,גרמים,156.00,100 גרם,false,1,6.90,0.0442,true,1,30147
50000574414,false,פריסקיז פארטי מיקס פ,פורינה,US,פריסקיז פארטי מיקס פיקניק קרנץ 59.500ג,גרמים,60.00,100 גרם,false,1,11.90,0.1983,true,1,76984
50000574438,false,פריסקיז פארטי מיקס מ,פורינה,US,פריסקיז פארטי מיקס מעדני ים קראנץ 60ג,גרמים,60.00,100 גרם,false,1,11.90,0.1983,true,1,76983
50000578238,false,פריסקיז פארטי מיקס ק,פורינה,US,פריסקיז פארטי מיקס קרייזי ציז 59.500ג,גרמים,60.00,100 גרם,false,1,11.90,0.1983,true,1,76985
50000578450,true,פנסי פיסט עוף ברוטב,פורינה,US,פנסי פיסט עוף ברוטב עשיר,גרמים,85.00,100 גרם,false,1,5.90,0.0694,true,1,18890
52100070865,false,תמצית וניל טהור מקור,מקורמיק,US,תמצית וניל טהור מקורמיק 28 גרם,גרמים,28.00,100 גרם,false,1,29.90,1.0679,true,1,1702
55369901673,false,מחית אפרסק ללא סוכר,ליייהי אורצ'רדס,,מחית אפרסק ללא סוכר אפלסנקס רביעייה,גרמים,113.00,100 גרם,false,1,14.90,0.1319,true,1,5716
55369902557,false,מחית תפוחי עץ טבעי א,ליייהי אורצ'רדס,,מחית תפוחי עץ טבעי אפלסנקס רביעייה,גרמים,113.00,100 גרם,false,1,14.90,0.1319,true,1,7318
55369902564,false,מחית תפוחי עץ ללא סו,ליייהי אורצ'רדס,,מחית תפוחי עץ ללא סוכר אפלסנקס רביעייה,גרמים,113.00,100 גרם,false,1,14.90,0.1319,true,1,7319
64144090020,false,PAM תרסיס שמן זית 14,קונאגרה פודס,,"PAM תרסיס שמן זית 148 מ""ל",מיליליטרים,148.00,"100 מ""ל",false,1,19.90,0.1345,true,1,9654
64144090051,false,PAM תרסיס שמן קנולה,קונאגרה פודס,,"PAM תרסיס שמן קנולה 148 מ""ל",מיליליטרים,148.00,"100 מ""ל",false,1,19.90,0.1345,true,1,12954
70177077693,false,תה אינגליש טוונינג 5,אר. טווינינגס אנד קו,PL,1X12X50G אינגליש ברקפסט,גרמים,50.00,100 גרם,false,1,20.90,0.4180,true,1,19093
70970471254,false,מייק אנד אייק פירות,ג'אסט בורן,US,מייק אנד אייק פירות ירוק 141 גרם,גרמים,141.00,100 גרם,false,1,11.90,0.0844,true,1,43322
70970473562,false,מייק אנד אייק מגה מי,ג'אסט בורן,,מייק אנד אייק מגה מיקס 141 גרם,גרמים,141.00,100 גרם,false,1,11.90,0.0844,true,1,17510
71570001667,false,גלי בלי סוכריות גלי,ג'לי בלי קינדי,TH,גלי בלי סוכריות גלי 20טעמים 70 גרם,גרמים,70.00,100 גרם,false,1,12.90,0.1843,true,1,19759
71570001841,false,גלי בלי סוכריות גליב,ג'לי בלי קינדי,TH,גלי בלי סוכריות גליבטעם חמוצים 70 גרם,גרמים,70.00,100 גרם,false,1,12.90,0.1843,true,1,19761
71570010102,false,גלי בלי בטעם עוגת גב,ג'לי בלי קינדי,TH,גלי בלי בטעם עוגת גבינה עם תות 70 גרם,גרמים,70.00,100 גרם,false,1,12.90,0.1843,true,1,77144
72600001626,false,הר חטיף תפוח אדמה דב,הר פודס,US,הר חטיף תפוח אדמה דבש ברביקיו 99 גרם,גרמים,99.00,100 גרם,false,1,28.90,0.2919,true,1,75113
72600007123,false,הר חטיף תפוח אדמה קט,הר פודס,US,הר חטיף תפוח אדמה קטל טבעי 142 גרם,גרמים,170.00,100 גרם,false,1,27.90,0.1641,true,1,73667
72600062306,false,חטיף גבינה הר 198 גר,הר פודס,,חטיף גבינה הר 198 גרם,גרמים,198.00,100 גרם,false,1,27.90,0.1409,true,1,11844
72600062313,false,חטיף גבינה בטעם בופא,הר פודס,,חטיף גבינה בטעם בופאלו כחולה 198 גרם,גרמים,198.00,100 גרם,false,1,27.90,0.1409,true,1,40047
72600062320,false,חטיף גבינה בטעם פיצה,הר פודס,,חטיף גבינה בטעם פיצה הר 198 גרם,גרמים,198.00,100 גרם,false,1,27.90,0.1409,true,1,14349
72600062870,false,חטיף תפוח אדמה קטל ד,הר פודס,US,"חטיף תפוח אדמה קטל דבש סרירצה, 142 גרם",גרמים,142.00,100 גרם,false,1,27.90,0.1965,true,1,75114
74234922230,false,רוטב סלסה ורדה עגבני,Empacadora San Marco,,רוטב סלסה ורדה עגבניות ירוקות פ.חריף 230,גרמים,230.00,100 גרם,false,1,13.90,0.0604,true,1,17540
74234951179,false,פלפל ציפוטלה שלם ברו,Empacadora San Marco,,פלפל ציפוטלה שלם ברוטב עגבניות 230 גרם,גרמים,230.00,100 גרם,false,1,13.90,0.0604,true,1,17539
74570004003,false,גלידת שמנת משובחת ונ,האגן דאז,,"גלידת שמנת משובחת וניל 473 מ""ל",מיליליטרים,473.00,"100 מ""ל",false,1,24.90,0.0526,true,1,2339
74570024001,false,גלידת שמנת תות שדה 4,האגן דאז,,"גלידת שמנת תות שדה 473 מ""ל",מיליליטרים,473.00,"100 מ""ל",false,1,24.90,0.0526,true,1,2340
74570174003,false,גלידת שמנת אגוזי מקד,האגן דאז,,"גלידת שמנת אגוזי מקדמיה 473 מ""ל",מיליליטרים,473.00,"100 מ""ל",false,1,24.90,0.0526,true,1,2342
74570274000,false,גלידת שמנת עוגיות 47,האגן דאז,,"גלידת שמנת עוגיות 473 מ""ל",מיליליטרים,473.00,"100 מ""ל",false,1,24.90,0.0526,true,1,2343
74570610051,false,גלידת שמנת שוקלד בלג,האגן דאז,,"גלידת שמנת שוקלד בלגי 473 מ""ל",מיליליטרים,473.00,"100 מ""ל",false,1,24.90,0.0526,true,1,2344
74570703890,false,גלידת שמנת פרלינים 4,האגן דאז,,"גלידת שמנת פרלינים 473 מ""ל",מיליליטרים,473.00,"100 מ""ל",false,1,24.90,0.0526,true,1,2345
74570950010,false,גלידת שמנת עוגת גבינ,האגן דאז,,"גלידת שמנת עוגת גבינה ותות 473 מ""ל",מיליליטרים,473.00,"100 מ""ל",false,1,24.90,0.0526,true,1,2347
75810021255,false,רוטב תמרי ללא גלוטן,סאן גיי אינטרנשיונל,,"רוטב תמרי ללא גלוטן סאן גיי 296 מ""ל",מיליליטרים,296.00,"100 מ""ל",false,1,29.90,0.1010,true,1,18006
76840002566,false,גלידה בן&גרי נטפליקס,בן & ג'ריס,US,"גלידה בן&גרי נטפליקס ללא חלב 500 מ""ל",מיליליטרים,500.00,"100 מ""ל",false,1,27.90,0.0558,true,1,72617
76840100156,false,גלידה צרי גרסיה 500,מוצרי איכות אמריקאיי,,"גלידה צרי גרסיה 500 מ""ל",מיליליטרים,500.00,"100 מ""ל",false,1,23.90,0.0478,true,1,2361
76840400218,false,גלידה עוגת גבינה ותו,מוצרי איכות אמריקאיי,,"גלידה עוגת גבינה ותות שדה 473 מ""ל",מיליליטרים,473.00,"100 מ""ל",false,1,23.90,0.0505,true,1,11301
77245110610,false,סוכריות מאסט מנטה לל,MIESZKO S.A - MS. JO,,סוכריות מאסט מנטה ללא סוכר 80 גרם,גרמים,80.00,100 גרם,false,1,10.90,0.1363,true,1,3115
77343000233,false,נרות חימום אורה 50,מנורה,IL,נרות חימום אורה 50,יחידה,1.00,יחידה,false,1,11.90,11.9000,true,1,14275
77975036976,false,מטבל עגבניות בחריפות,סניידרס,,מטבל עגבניות בחריפות מעודנת 439 גרם,גרמים,439.00,100 גרם,false,1,17.90,0.0408,true,1,15492
77975094624,false,שברי בייגלה סניידרס,סניידרס,US,שברי בייגלה סניידרס חמאת בוטנים 283 גרם,גרמים,284.00,100 גרם,false,1,17.90,0.0630,true,1,73226
77975094631,false,בייגלה סניידרס סנדבי,סיינדרס,,"בייגלה סניידרס סנדביץ גבינה צ""דר 226 גרם",גרמים,226.00,100 גרם,false,1,17.90,0.0792,true,1,73225
77975094761,false,סניידרס בטעם צדר 340,סניידרס,US,סניידרס בטעם צדר 340 גרם,גרמים,340.00,100 גרם,false,1,17.90,0.0526,true,1,74292
77975094778,false,סניידרס דבש חרדל ובצ,סניידרס,US,סניידרס דבש חרדל ובצל 340 גרם,גרמים,340.00,100 גרם,false,1,17.90,0.0526,true,1,74410
77975095133,false,סניידרס שברי בייגלה,סניידרס,US,סניידרס שברי בייגלה בטעם פיקנטי 319 גרם,גרמים,319.00,100 גרם,false,1,17.90,0.0561,true,1,77489
77975095157,false,בייגלה סניידרס חלפינ,סניידרס,,בייגלה סניידרס חלפיניו 318גרם,גרמים,318.00,100 גרם,false,1,17.90,0.0563,true,1,76629
77975095164,false,סניידרס שברי בייגלה,סניידרס,US,סניידרס שברי בייגלה בטעם פרמזן שום 318,גרמים,318.00,100 גרם,false,1,17.90,0.0563,true,1,77488
79927102111,false,יוניק פרצל בייגלה של,יוניק פרצל בייקרי,US,יוניק פרצל בייגלה שלס אוריגינל 284 גרם,גרמים,284.00,100 גרם,false,1,22.90,0.0806,true,1,19808
79927110116,false,יוניק פרצל בייגלה ספ,יוניק פרצל בייקרי,US,יוניק פרצל בייגלה ספליטס אוריגינל 312גרם,גרמים,312.00,100 גרם,false,1,22.90,0.0734,true,1,19665
80432402931,false,וויסקי שיבאס ריגאל,"איי, בי, אינבוו",GB,"וויסקי סקוטי, שיבאס ריגאל 12 שנה, 700 מ''ל",מיליליטרים,700.00,"100 מ""ל",false,1,139.90,0.1999,true,1,35552
80518532743,false,שקית בלון 50 בלונים,NORTHERN,,שקית בלון 50 בלונים,מיליליטרים,0.00,"100 מ""ל",false,1,14.90,0.0000,true,1,2434
85696608044,false,טופו ללא גלוטן 349 ג,Morinaga NUTRITIONAL,US,טופו ללא גלוטן מרינו 340 גרם,גרמים,340.00,100 גרם,false,1,15.90,0.0468,true,1,12466
305210256712,false,וזלין מיני לשפתיים א,"יוניליוור ג'ונסבורו,",US,וזלין מיני לשפתיים אורגינל 7 גרם,יחידה,1.00,יחידה,false,1,14.90,14.9000,true,1,71287
611745285685,false,אבוקדו ארוז בשל 500,חקלאי,IL,אבוקדו ארוז בשל 570 גרם,גרמים,570.00,100 גרם,false,1,16.90,0.0296,true,1,19361
613008753290,false,אריזונה אפרסק 450 מל,לני אנד לארי,BG,אריזונה אפרסק 450 מל,מיליליטרים,450.00,"100 מ""ל",false,1,9.50,0.0211,true,1,67007
613008753320,false,אריזונה גינסנג ודבש,לני אנד לארי,BG,אריזונה גינסנג ודבש 450 מל,מיליליטרים,450.00,"100 מ""ל",false,1,9.50,0.0211,true,1,67008
613008753351,false,אריזונה רימונים 450,לני אנד לארי,BG,אריזונה רימונים 450 מל,מיליליטרים,450.00,"100 מ""ל",false,1,9.50,0.0211,true,1,67009
613008753382,false,אריזונה אוכמניות 450,לני אנד לארי,BG,אריזונה אוכמניות 450 מל,מיליליטרים,450.00,"100 מ""ל",false,1,9.50,0.0211,true,1,67006
613008755461,false,אריזונה אוכמניות בקב,"נטורלה גטרנק בע""מ",DE,אריזונה אוכמניות בקבוק 1 ליטר,ליטרים,1.00,ליטר,false,1,12.90,12.9000,true,1,72769
633824111838,false,וודקה ואן גוך אננס ב,מזקקת דירקזוואכר סכי,,"וודקה ואן גוך אננס בקבוק 750 מ""ל",מיליליטרים,750.00,"100 מ""ל",false,1,149.90,0.1999,true,1,10804
633824913432,false,וודקה ואן גוך אסאי ב,מזקקת דירקזוואכר סכי,,"וודקה ואן גוך אסאי בלוברי בקבוק 750 מ""ל",מיליליטרים,750.00,"100 מ""ל",false,1,149.90,0.1999,true,1,10789
638102201010,false,חטיף זון קלאסיק שוקו,"אבוט נוטרישן, מעבדות",US,חטיף זון קלאסיק שוקולד חמאת בוטנים,גרמים,50.00,100 גרם,false,1,13.90,0.2780,true,1,19206
638102203090,false,זון פאדג,"אבוט נוטרישן, מעבדות",US,זון פאדג,Unknown,0.00,Unknown,false,1,13.90,0.0000,true,1,19204
638102532817,false,חטיף זון דאבל שוקולד,"אבוט נוטרישן, מעבדות",US,חטיף זון דאבל שוקולד,גרמים,50.00,100 גרם,false,1,13.90,0.2780,true,1,19205
638102582737,false,חטיף זון קלאסיק רול,"אבוט נוטרישן, מעבדות",US,חטיף זון קלאסיק רול קינמון,גרמים,50.00,100 גרם,false,1,13.90,0.2780,true,1,19208
673879000602,false,קאברד ברידג תפוא מלח,קאבר ברידג',CA,קאברד ברידג תפוא מלח ים חומץ ללא גלוטן,גרמים,170.00,100 גרם,false,1,25.90,0.1524,true,1,75270
673879000633,false,קאברד ברידג תפוא BBQ,קאבר ברידג',CA,קאברד ברידג תפוא BBQ מתוק ללא גלוטן  170,גרמים,170.00,100 גרם,false,1,25.90,0.1524,true,1,75272
693493010788,false,נאצוס בטעם ברביקיו 2,או. קיי סניקס,DK,נאצוס בטעם ברביקיו 200 גרם,גרמים,200.00,100 גרם,false,1,14.90,0.0745,true,1,77155
693493010818,false,נאצוס בטעם טבעי 200,או. קיי סניקס,DK,נאצוס בטעם טבעי 200 גרם,גרמים,200.00,100 גרם,false,1,14.90,0.0745,true,1,77156
693493162111,false,סיגריה אלקטרונית חפ,קלאס ספא,CN,סיגריה אלקטרונית חפ אייס אבטיח 3000 שאי,יחידה,1.00,יחידה,false,1,99.90,99.9000,true,1,77197
721733000739,false,פטרון סילבר 700 מל,פטרון דיסטרליס,MX,טקילה פטרון סילבר 700 מל,מיליליטרים,700.00,"100 מ""ל",false,1,169.90,0.2427,true,1,20310
728229123590,false,טרה ירקות בטעם טבעי,הונדורס צ'יפס יצור א,HN,טרה חטיף על בסיס ירקות שורש בטעם טבעי 110 גרם,גרמים,110.00,100 גרם,false,1,16.90,0.1536,true,1,4907
728229123613,false,טרה תפוא כחול טבעי 1,היין סלסטיאל גרופ,US,טרה חטיף על בסיס תפוח אדמה כחול בטעם טבעי 110 גרם,גרמים,110.00,100 גרם,false,1,16.90,0.1536,true,1,4908
728229123811,false,טרה ירקות ים תיכוני,הונדורס צ'יפס יצור א,HN,טרה ירקות ים תיכוני 110 גרם,גרמים,110.00,100 גרם,false,1,16.90,0.1536,true,1,4909
728229130154,false,טרה בטטה וסלק טבעי 1,הונדורס צ'יפס יצור א,HN,טרה חטיף על בסיס בטטה וסלק בטעם טבעי 110 גרם,גרמים,110.00,100 גרם,false,1,16.90,0.1536,true,1,7493
728229130444,false,טרה ירק תפוא כחול סל,היין סלסטיאל גרופ,US,טרה ירק תפוא כחול סלק 110 גרם,גרמים,110.00,100 גרם,false,1,16.90,0.1536,true,1,8204
732494000524,false,פופקורן שיקגו קרמל ו,איגל פודס ווקיגאן מפ,US,פופקורן שיקגו קרמל וגבינה,גרמים,227.00,100 גרם,false,1,26.90,0.1185,true,1,11963
732494000609,false,קרטורס פופקורן רק הג,קורפפידלס אינק,US,קרטורס פופקורן רק הגבינה,יחידה,1.00,יחידה,false,1,26.90,26.9000,true,1,71441
753182231761,false,משקה אנרגיה BLU ללא,אקו - ביט,PL,בלו משקה אנרגיה מוגז 250 מל,מיליליטרים,250.00,"100 מ""ל",false,1,4.50,0.0180,true,1,8166
768404001640,false,"גלידה קפה 500 מ""ל",מוצרי איכות אמריקאיי,,"פיינט בטעם קפה בן אנד גרי 500 מ""ל",מיליליטרים,500.00,"100 מ""ל",false,1,23.90,0.0478,true,1,7198
769904000997,false,שקדי מרק ללא גלוטן 2,משובח תעשיות בעמ,IL,שקדי מרק,גרמים,200.00,100 גרם,false,1,15.90,0.0795,true,1,8590
782588945422,false,ערק קורדו לימונים 75,שי חזן 7 ח.ש,IL,"ערק קורדו לימונים 750 מ""ל",מיליליטרים,750.00,"100 מ""ל",false,1,74.90,0.0999,true,1,75045
782588945446,false,ערק קורדו אשכולית אד,שי חזן 7 ח.ש,IL,"ערק קורדו אשכולית אדומה 750 מ""ל",מיליליטרים,750.00,"100 מ""ל",false,1,74.90,0.0999,true,1,75046
782588945453,false,ערק קורדו פסיפלורה 7,שי חזן 7 ח.ש,IL,"ערק קורדו פסיפלורה 750 מ""ל",מיליליטרים,750.00,"100 מ""ל",false,1,74.90,0.0999,true,1,75044
819046000086,false,אינקה ציפס בטטה ללא,אינקה קורפ אס.אי.אל,PE,אינקה ציפס בטטה ללא גלוטן 142 גרם,גרמים,142.00,100 גרם,false,1,21.90,0.1542,true,1,19618
833949000264,false,סירופ מייפל אורגני 3,כפרי בריא,CA,סירופ מייפל אורגני 330 גרם,גרמים,330.00,100 גרם,false,1,33.90,0.1027,true,1,9607
835811000297,false,כוסות שתייה חמה קרטו,אכיף,IL,כוסות שתייה חמה קרטון הנמל 50 יח,יחידה,1.00,יחידה,false,1,11.90,11.9000,true,1,71950
835811005957,false,מגש הכסף תבנית אלומ`,כלורוקס אוקלנד,IL,"הנמל תבנית אלומניום מלבנית, 8 יחידות",לא מנהל יחידת מידה,0.00,לא מנהל יחידת מידה,false,1,14.50,0.0000,true,1,10185
835811007166,false,כוסות לקפה לדרך+מכסה,,,כוסות לקפה לדרך+מכסה 16 יחידות,Unknown,0.00,Unknown,false,1,17.90,0.0000,true,1,4595
835811007562,false,תבנית קרטון אינגליש,"תעשיות רישתון בע""מ",,תבנית קרטון אינגליש קייק 6 יחידות,לא מנהל יחידת מידה,0.00,לא מנהל יחידת מידה,false,1,12.90,0.0000,true,1,4016
835811009023,false,כוסות קרטון,אכיף,,כוסות קרטון,יחידה,0.50,יחידה,false,1,16.90,33.8000,true,1,7571
839762000641,false,נקטר איילנד מנגו 1 ל,פארייפאבה אגרואינדוס,EG,איילנד מנגו 1 ליטר,ליטרים,1.00,ליטר,false,1,14.50,14.5000,true,1,3773
839762000658,false,נקטר איילנד גויאבה 1,The Egyptian Co. for,EG,איילנד גויאבה המשקה של חופי סיני 1 ליטר,ליטרים,1.00,ליטר,false,1,14.50,14.5000,true,1,3713
839762002379,false,נקטר איילנד מנגו 350,פארייפאבה אגרואינדוס,EG,"איילנד מנגו 350 מ""ל",מיליליטרים,350.00,"100 מ""ל",false,1,6.90,0.0197,true,1,8090
840048206817,false,גול טבק 18 מג G2 שמי,,CN,גול טבק 18 מג G2 שמינייה,יחידה,1.00,יחידה,false,1,50.00,50.0000,true,1,71475
850668000825,false,חטיף ציפס DEEP ללא ג,דיפ,,חטיף ציפס DEEP ללא גלוטן 142 גרם,גרמים,142.00,100 גרם,false,1,24.90,0.1754,true,1,10660
851621000050,false,שישיית בירה 1664 Bla,קרלסברג ספליי קומפאנ,PL,"שישיית 1664 Blanc בק 330 מ""ל",ליטרים,1.98,ליטר,false,1,55.90,28.2323,true,1,68270
856591000062,false,עוגיות מזרחיות עבאדי,מאפיית יוסף ושמחה עב,IL,מזרח. מלח 400ג 856591000062,גרמים,400.00,100 גרם,false,1,21.90,0.0547,true,1,3918
856591000109,false,עוגיות מזרחיות עבאדי,מאפיית יוסף ושמחה עב,IL,עבאדי עוגיות מזרחיות פריך במיוחד 400 גרם,גרמים,400.00,100 גרם,false,1,21.90,0.0547,true,1,7864
884912126115,false,דגני פוסט גרייט גריי,הנסיך- מפעל לייצור ט,US,דגני פוסט גרייט גריינס צימוקים 453 גרם,גרמים,453.00,100 גרם,false,1,27.90,0.0616,true,1,8100
884912342737,false,וופל קריספ 325 גרם,הנסיך- מפעל לייצור ט,US,תערובת דגנים בטעם וואפל אמריקאי,גרמים,325.00,100 גרם,false,1,25.90,0.0797,true,1,71956
884912359155,false,האני באנצ רוסטד,post consumer brands,US,POST האני באנצ רוסטד 340 גרם,גרמים,411.00,100 גרם,false,1,24.90,0.0606,true,1,76737
884912359162,false,האני באנצ אלמונד,post consumer brands,US,POST האני באנצ אלמונד 340 גרם,גרמים,411.00,100 גרם,false,1,24.90,0.0606,true,1,76736
884912365217,false,דגני בוקר אוראו 311ג,פוסט,US,דגני בוקר אוראו 311גרם,גרמים,311.00,100 גרם,false,1,22.90,0.0736,true,1,74162
898193001252,false,בונומלי - חליטת קמומ,בונומלי,IT,"""בונומלי"" תה קמומיל (בבונג) 28 גרם",גרמים,28.00,100 גרם,false,1,18.90,0.6750,true,1,70806
1724826034511,false,יין סטון וואלי שרדונ,יקב,US,יין סטון וואלי שרדונה 750מל,מיליליטרים,750.00,"100 מ""ל",false,1,69.90,0.0932,true,1,74301
1724826154516,false,יין סטון וואלי קברנה,יקב,US,יין סטון וואלי קברנה סובניון 750מל,מיליליטרים,750.00,"100 מ""ל",false,1,69.90,0.0932,true,1,74302
3010470155299,false,מזון חתולים פריסקיז,ניו פטפוד איטליה,IT,פריסקיז פטה בקר וירקות 24*400גרם,גרמים,400.00,100 גרם,false,1,10.90,0.0273,true,1,17689
3010470158221,false,מזון חתולים פריסקיז,ניו פטפוד איטליה,IT,פריסקיז פטה עוף וירקות 24*400גרם,גרמים,400.00,100 גרם,false,1,10.90,0.0273,true,1,17688
3014260214692,false,גל גילוח גילט סירייס,ג'ילט,GB,גל גילוח גילט סירייס לעור רגיש ירוק 200,מיליליטרים,20000.00,"100 מ""ל",false,1,15.90,0.0008,true,1,5011
3014260262709,false,סכיני גילוח ונוס לאש,קדבורי,DE,סכיני גילוח ג'ילט ונוס לנשים 4 יחידות,יחידה,1.00,יחידה,false,1,49.90,49.9000,true,1,821
3014260287030,false,סכיני גילוח חד פעמי,פרוטקר אנד גמבל,MD,סכיני גילוח חד פעמי גילט 5 יחידות,לא מנהל יחידת מידה,0.00,לא מנהל יחידת מידה,false,1,8.90,0.0000,true,1,4966
3014260289287,false,סכיני גילוח בלו 2 לנ,קדבורי,RU,ג'ילט סכיני בלו 2 לנשים חמישייה,יחידה,1.00,יחידה,false,1,16.90,16.9000,true,1,8999
3046920016377,false,לינדט אקסלנס 100% מר,לינדט ושפרונגלי,DE,לינדט אקסלנס 100% מריר,גרמים,0.00,100 גרם,false,1,16.90,0.0000,true,1,74150
3046920028004,false,שוקולד לינדט אקסלנס,לינדט ושפרונגלי,FR,לינדט אקסלנס 70% שוקולד מריר 100 גר,גרמים,100.00,100 גרם,false,1,16.90,0.1690,true,1,894
3046920028363,false,שוקולד לינדט אקסלנס,לינדט ושפרונגלי,FR,שוקולד לינדט אקסלנס 85% 100 גרם,גרמים,100.00,100 גרם,false,1,16.90,0.1690,true,1,4189
3046920028752,false,שוקולד לינדט אקסלנס,לינדט ושפרונגלי,FR,לינדט אקסלנס שוקולד מריר שוויצרי עם מלח ים 100 גרם,גרמים,100.00,100 גרם,false,1,16.90,0.1690,true,1,5725
3046920029674,false,שוקולד לינדט אקסלנס,לינדט ושפרונגלי,DE,לינדט אקסלנס שוקולד מריר עם נגיעות מלח ים 100 גרם,גרמים,100.00,100 גרם,false,1,16.90,0.1690,true,1,7190
3046920029759,false,שוקולד לינדט אקסלנס,לינדט ושפרונגלי ג'י.,DE,שוקולד לינדט אקסלנס 90% 100 גרם,גרמים,100.00,100 גרם,false,1,16.90,0.1690,true,1,13782
3068320014067,false,מים מינרליים אוויאן,קריניציה ויטמינה אס,FR,"מים מינרליים אוויאן ספורט 750 מ""ל",מיליליטרים,750.00,"100 מ""ל",false,1,11.90,0.0159,true,1,7883
3068320017846,false,מים מינרלים אוויאן 1,קריניציה ויטמינה אס,FR,מים מינרלים אוויאן 1 ליטר,ליטרים,1.00,ליטר,false,1,12.90,12.9000,true,1,10013
3068320055008,false,מים מינרלים אוויאן,קריניציה ויטמינה אס,FR,"מים מינרלים אוויאן 500 מ""ל",מיליליטרים,500.00,"100 מ""ל",false,1,8.90,0.0178,true,1,9339
3073781161663,false,גבינת לבש קירי כשר12,בל,FR,גבינת לבש קירי כשר128 גר,גרמים,128.00,100 גרם,false,1,14.90,0.1164,true,1,75089
3073781161687,false,גבינת לבש קירי כשר 2,בל,FR,כשר גבינת לבש קירי כשר 256 גר,גרמים,256.00,100 גרם,false,1,26.90,0.1051,true,1,75090
3073781162790,false,גבינת בייבי בל אדום,מחלבות בל,FR,גבינת בייבי בל אדום 120 גרם,גרמים,120.00,100 גרם,false,1,22.90,0.1908,true,1,76505
3073781177220,false,בייבי בל ספיירול 85ג,בל,FR,בייבי בל ספיירול 85גרם,גרמים,85.00,100 גרם,false,1,22.90,0.2694,true,1,77215
3120581456267,false,יין שבלי מ.דה ליני ל,,FR,"יין שבלי מ.דה ליני לבן יבש 750 מ""ל",מיליליטרים,750.00,"100 מ""ל",false,1,99.90,0.1332,true,1,72470
3161911229199,false,חמאה רכה אלוויר 250,אלל אה וויר,FR,חמאה רכה אלוויר 250 גרם,גרמים,250.00,100 גרם,false,1,22.90,0.0916,true,1,950
3161911366429,false,חמאה רכה מלוחה אלווי,ארזינא,FR,חמאה רכה מלוחה אלוויר 250 גרם,גרמים,250.00,100 גרם,false,1,22.90,0.0916,true,1,952
3175460000017,false,גבינה בורסאן שום,השחר,FR,גבינה בורסאן שום 150 גרם,גרמים,150.00,100 גרם,false,1,22.90,0.1527,true,1,5804
3175460000062,false,גבינה בורסאן פלפל,השחר,FR,גבינה בורסאן פלפל 150 גרם,גרמים,150.00,100 גרם,false,1,22.90,0.1527,true,1,4612
3175460000864,false,גבינה בורסאן טבעי,"בל,",FR,גבינה בורסאן טבעי 150 גרם,גרמים,150.00,100 גרם,false,1,22.90,0.1527,true,1,21581
3175460030083,false,גבינה בורסאן בצל עיר,השחר,FR,גבינה בורסאן בצל עירית 150 גרם,גרמים,150.00,100 גרם,false,1,22.90,0.1527,true,1,3872
3178530402353,false,מיני מדלן 175גרם,סאן מישל,FR,מיני מדלן 175גרם,גרמים,175.00,100 גרם,false,1,12.90,0.0737,true,1,76758
3178530407938,false,מיני מדלן עם פצפוצי,סאן מישל,FR,מיני מדלן עם פצפוצי שוקולד 175גרם,גרמים,175.00,100 גרם,false,1,13.90,0.0794,true,1,76760
3179730011024,false,מים מינרלים פרייה,נסטלה ווטרס ספלאי,FR,פרייה מים מינרלים מבעבעים טבעיים 330 מל,מיליליטרים,330.00,"100 מ""ל",false,1,7.50,0.0227,true,1,8182
3179732348913,false,מים פריה ירוק 1 ליטר,"איי, בי, אינבוו",FR,פרייה מים מינרליים טבעיים מבעבעים 1 ליטר,ליטרים,100.00,ליטר,false,1,9.90,0.0990,true,1,7167
3228022910023,false,פרזידנט חמאה 200 גרם,גוד פוד פרודקטס S.p,FR,פרזידנט חמאה 200 גרם,גרמים,200.00,100 גרם,false,1,16.90,0.0845,true,1,992
3254550033217,false,ברי איסני 220 גרם,אף.סי תבליני בגליל ב,FR,ברי איסני 220 גרם,גרמים,220.00,100 גרם,false,1,35.90,0.1632,true,1,67201
3270623201017,false,קוניאק לואי רואיר 70,לואי רואיר,FR,קוניאק לואי רואיר 700מל,מיליליטרים,700.00,"100 מ""ל",false,1,189.90,0.2713,true,1,66970
3272770003148,false,שברו טבעי 150 גרם,מיוצר עי קונדיטוריית,FR,שברו טבעי 150 גרם,גרמים,150.00,100 גרם,false,1,27.90,0.1860,true,1,67200
3278480396310,false,"קוניאק GODET V.S מ""",קרלו,FR,גודט קוניאק גודה VS 700 מל,מיליליטרים,700.00,"100 מ""ל",false,1,104.90,0.1499,true,1,72273
3379810116483,false,"יין שאבלי 750 מ""ל",houshiclean,FR,"יין שאבלי 750 מ""ל",מיליליטרים,750.00,"100 מ""ל",false,1,119.90,0.1599,true,1,71262
3387390525960,false,דגני קראנץ נסטלה 500,הנסיך- מפעל לייצור ט,FR,דגני קראנץ נסטלה 500 גרם,גרמים,500.00,100 גרם,false,1,27.90,0.0558,true,1,6762
3415581114126,false,גלידת שמנת קרמל מתוק,השחר,FR,"גלידת שמנת קרמל מתוק מלוח 500 מ""ל",מיליליטרים,500.00,"100 מ""ל",false,1,24.90,0.0498,true,1,11416
3415581117110,false,גלידת שמנת קרמל עם ב,השחר,FR,"גלידת שמנת קרמל עם ביסקוויט 500 מ""ל",מיליליטרים,500.00,"100 מ""ל",false,1,24.90,0.0498,true,1,8458
3415581187113,false,גלידת שמנת קרמל בראו,האגן דאז,FR,"גלידת שמנת קרמל בראוניס 473 מ""ל",מיליליטרים,473.00,"100 מ""ל",false,1,24.90,0.0526,true,1,1039
3415587149924,false,האגן דאז בראוני מקיא,השחר,FR,האגן דאז בראוני מקיאטו 386 גרם,גרמים,386.00,100 גרם,false,1,24.90,0.0645,true,1,72468
3500610150517,false,שאטו טימברליי בורדו,שאטו בלוו,FR,"שאטו טימברליי בורדו 750 מ""ל",מיליליטרים,750.00,"100 מ""ל",false,1,89.90,0.1199,true,1,77232
3523230025638,false,גבינת עיזים בושה,השחר,FR,גבינת בושה עיזים טבעית 125 גרם,גרמים,125.00,100 גרם,false,1,25.90,0.2072,true,1,29995
3523230025652,true,בושה עיזים שום 125 ג,השחר,FR,בושה עיזים שום 125 גרם נני,גרמים,125.00,100 גרם,false,1,25.90,0.2072,true,1,44268
3523230026826,false,גבינת עיזים פרימדה ס,השחר,FR,גבינת עיזים פרימדה סואניון 140 גרם,גרמים,140.00,100 גרם,false,1,27.90,0.1993,true,1,56899
3523230026888,false,פירמידה עיזים שום14,אוריאל,FR,גבינת עיזים שום פרימדה סואניון 140 גרם,גרמים,140.00,100 גרם,false,1,27.90,0.1993,true,1,42491
3523230032278,false,גבינת עזים אוריאל 1,השחר,FR,גבינת עיזים למריחה 150 גרם,גרמים,150.00,100 גרם,false,1,26.90,0.1793,true,1,72850
3523230038959,false,בושה מפוחם של נני 12,השחר,FR,בושה מפוחם של נני 125 גרם,גרמים,125.00,100 גרם,false,1,27.90,0.2232,true,1,75716
3523230045827,false,סנט מור 160 גרם,השחר,FR,סנט מור 160 גרם,גרמים,160.00,100 גרם,false,1,28.90,0.1806,true,1,67202
3525490011116,false,יין לה זאמל קברנה סו,דולפין ספא,FR,לה ג'אמל קברנה סוביניון יבש,מיליליטרים,750.00,"100 מ""ל",false,1,64.90,0.0865,true,1,71265
3574660026788,true,גונסונס בייבי טלק 20,גונסון,IT,גונסונס בייבי טלק 200 גרם חדש,Unknown,0.00,Unknown,false,1,21.90,0.0000,true,1,67459
3574660057706,false,גונסון שמן תינוקות 3,גונסון,IT,גונסון שמן תינוקות 300 מל,ליטרים,300.00,ליטר,false,1,14.90,0.0497,true,1,76840
3574660089547,false,טמפוני O.B קלאסי נור,ג'ונסון אנד ג'ונסון,GR,טמפוני O.B קלאסי נורמל 32 יח,יחידה,1.00,יחידה,false,1,25.90,25.9000,true,1,5588
3574660115154,false,טמפוני O.B סופר 32 י,CILAG GMBH INTERNATI,,טמפוני O.B סופר 32 יח,יחידה,1.00,יחידה,false,1,25.90,25.9000,true,1,5591
3574660333466,false,טמפוני O.B קומפורט מ,הנסיך- מפעל לייצור ט,DE,אובה מיני טמפונים ללא מוליך 32 יחידות,ליטרים,0.00,ליטר,false,1,25.90,0.0000,true,1,9726
3574661487328,false,קרפרי מגן תחתון רגיל,ג'ויה מעבדות לקוסמטי,IT,קרפרי מגן תחתון רגיל 56 יח,יחידה,1.00,יחידה,false,1,19.90,19.9000,true,1,70865
3574661487625,false,קרפרי מגן תחתון מקסי,ג'ויה מעבדות לקוסמטי,IT,קרפרי מגן תחתון מקסי לארג 48 יח,יחידה,1.00,יחידה,false,1,19.90,19.9000,true,1,70866
3574661552811,false,קרפרי כותון אוורירי,הדקלאים אגודת שיתופי,GR,קארפריי מגן תחתון כותנה 58 יח',יחידה,1.00,יחידה,false,1,19.90,19.9000,true,1,72550
3574661554877,false,קרפרי כותון מבושם 56,הנסיך- מפעל לייצור ט,GR,קרפרי מגן תחתון אוורירי מבושם 58 יח,יחידה,1.00,יחידה,false,1,19.90,19.9000,true,1,72278
3574661554884,false,קרפרי רגיל טנגה ריחנ,הדקלאים אגודת שיתופי,GR,מגן תחתון אוורירי מבושם טנגה 58 יחידות,לא מנהל יחידת מידה,7.50,לא מנהל יחידת מידה,false,1,19.90,2.6533,true,1,72793
3800103422207,false,משקה עם ויטמנים תפוז,nova trade ltd,BG,"משקה עם ויטמנים תפוז 330 מ""ל",מיליליטרים,330.00,"100 מ""ל",false,1,8.90,0.0270,true,1,75501
4000417019004,false,שוקולד ריטר ספורט חל,מולינו ניקולי s.p.a,DE,ריטר ספורט שוקולד חלב עם אגוזי לוז שלמים,גרמים,100.00,100 גרם,false,1,11.90,0.1190,true,1,8683
4000417023001,false,שוקולד ריטר ספורט חל,מולינו ניקולי s.p.a,DE,ריטר ספורט שוקולד חלב מעולה עם שקדים שלמים,גרמים,100.00,100 גרם,false,1,11.90,0.1190,true,1,8685
4000417025005,false,שוקולד ריטר ספורט מר,מולינו ניקולי s.p.a,DE,ריטר ספורט שוקולד מריר ממולא מרציפן,גרמים,100.00,100 גרם,false,1,9.90,0.0990,true,1,8686
4000417026002,false,שוקולד ריטר ספורט נו,מולינו ניקולי s.p.a,DE,שוקולד ריטר ספורט נוגט פרלין 100 גרם,גרמים,100.00,100 גרם,false,1,9.90,0.0990,true,1,8687
4000417101211,false,אמיצלי גלילי וופל 15,קימס,AT,אמיצלי גלילי וופל 150 גרם,גרמים,150.00,100 גרם,false,1,17.90,0.1193,true,1,76203
4000417224002,false,שוקולד ריטר ספורט מר,מולינו ניקולי s.p.a,DE,שוקולד ריטר ספורט מריר אגוזים 100 גרם,גרמים,100.00,100 גרם,false,1,11.90,0.1190,true,1,13547
4000539280726,false,שוקולד לינדט אקסלנס,לינדט ושפרונגלי,DE,שוקולד לינדט אקסלנס 70% מילד 100 גרם,גרמים,100.00,100 גרם,false,1,16.90,0.1690,true,1,77034
4000539280740,true,לינדט אקסלנס 78% 100,לינדט ושפרונגלי אס.א,DE,לינדט אקסלנס 78% 100 גרם,גרמים,100.00,100 גרם,false,1,16.90,0.1690,true,1,77128
4001518003800,false,טורינוס מקלות פריכים,,DE,טורינוס מקלות פריכים עם פלפל ומלח 125 גר,גרמים,125.00,100 גרם,false,1,16.90,0.1352,true,1,74287
4001518106112,false,טורינוס מקלות פריכים,,DE,טורינוס מקלות פריכים עם רוזמרין 125 גרם,גרמים,125.00,100 גרם,false,1,16.90,0.1352,true,1,74288
4002448017684,false,סיליט באנג ספריי,רקיט בנקיזר,PL,"ספריי לניקוי כללי והסרת אבנית סיליט באנג 750 מ""ל",מיליליטרים,750.00,"100 מ""ל",false,1,16.90,0.0225,true,1,3718
4002448019480,false,מסיר שומנים סיליט,רקיט בנקיזר,PL,"ספריי מסיר שומנים סיליט באנג 750 מ""ל",מיליליטרים,750.00,"100 מ""ל",false,1,16.90,0.0225,true,1,4501
4004666042004,false,משמיד עובש מרסס מלרו,פרח,DE,יעקבי מלרוד ספריי משמיד עובש 500 מל,מיליליטרים,500.00,"100 מ""ל",false,1,32.90,0.0658,true,1,3974
4005808670314,false,ניוואה קרם לחות לעור,ביירסדורף,,ניוואה קרם לחות לעור רגיל/מעורב 50 מל,מיליליטרים,50.00,"100 מ""ל",false,1,49.90,0.9980,true,1,33425
4005808813063,false,תחליב לחות לגבר,בטר אנד דיפרנט,DE,תחליב לחות לעור רגיש ניוואה,גרמים,260.00,100 גרם,false,1,33.90,0.1304,true,1,1244
4005808847020,false,ניוואה קרם לחות אקוו,Beiersdorf AG,DE,ניוואה קרם לחות אקווה סנסיישן 50מל,מיליליטרים,50.00,"100 מ""ל",false,1,69.90,1.3980,true,1,72947
4005808890507,false,קרם ניוואה סופט 200,ביירסדורף,IT,קרם ניוואה סופט 200 מל,מיליליטרים,200.00,"100 מ""ל",false,1,16.90,0.0845,true,1,1247
4007745058804,false,מיונז אמיתי אורגני נ,הורלין,DE,נטורפוד מיונז אורגני 350 גרם,גרמים,340.00,100 גרם,false,1,25.90,0.0762,true,1,11772
4007745058811,false,חרדל אמיתי אורגני 20,הורלין,DE,נטורפוד חרדל אמיתי אורגני 200 גרם,גרמים,200.00,100 גרם,false,1,16.90,0.0845,true,1,18654
4007745058828,true,חרדל גרגירים אמיתי א,הורלין,DE,נטורפוד חרדל גרגרים אמיתי אורגני 200 גרם,גרמים,200.00,100 גרם,false,1,16.90,0.0845,true,1,18554
4008287051032,false,בירה קרומבכר פילס פח,מנדלז סי.אר. פרודקשן,DE,בירת קרומבכר פילס בפחית 500 מל,מיליליטרים,500.00,"100 מ""ל",false,1,11.90,0.0238,true,1,74339
4008400290126,false,קנדר עוגת ספוג במילו,פררו טורקיה צ'יקולטה,TR,קנדר עוגת ספוג במילוי חלבי מצופה ש מריר,גרמים,30.00,100 גרם,false,1,4.90,0.1633,true,1,74581
4009309022399,true,כרוב כבוש אורגני 670,נטורפוד,DE,כרוב כבוש אורגני 670 גרם,גרמים,670.00,100 גרם,false,1,17.90,0.0267,true,1,18555
4009309114346,true,מלפפונים אורגנים בחו,סטאר סנקס,DE,מלפפונים אורגנים בחומץ ללא סוכר 670 גרם,גרמים,670.00,100 גרם,false,1,25.90,0.0387,true,1,18556
4009309740422,true,רסק תפוחים אורגני,אלפרד פאולסן,DE,נטור פוד רסק תפוחים אורגני 700 גרם,גרמים,700.00,100 גרם,false,1,19.90,0.0284,true,1,18559
4009900402965,false,מסטיק אורביט וויט פי,ריגלי,,מסטיק אורביט וויט פירות בקבוקון,Unknown,0.00,Unknown,false,1,11.90,0.0000,true,1,10190
4009900403023,false,מסטיק אורביט וויט מנ,ריגלי,,מסטיק אורביט וויט מנטה בקבוקון,גרמים,64.00,100 גרם,false,1,11.90,0.1859,true,1,10191
4009900420129,false,אורביט פרופשיונל פפר,מרס נדרלנד,PL,אורביט פרופשיונל פפרמינט בקבוקון,לא מנהל יחידת מידה,0.00,לא מנהל יחידת מידה,false,1,11.90,0.0000,true,1,20166
4009900426039,false,מסטיק איירווייבס מנט,ריגלי,,מסטיק איירווייבס מנטה אקליפטוס בקבוקון,גרמים,64.00,100 גרם,false,1,11.90,0.1859,true,1,16254
4009900426121,false,מסטיק איירווייבס אוכ,ריגלי פולין,PL,מסטיק איירווייבס אוכמניות בקבוקון,גרמים,64.00,100 גרם,false,1,11.90,0.1859,true,1,16255
4009900455299,false,סקיטלס פירות 174 גרם,ריגלי,CZ,סקיטלס פירות 174 גרם,גרמים,174.00,100 גרם,false,1,10.90,0.0626,true,1,12445
4009900465304,false,סקיטלס חמוץ 174 גרם,ריגלי,CZ,סקיטלס חמוץ 174 גרם,גרמים,174.00,100 גרם,false,1,10.90,0.0626,true,1,12446
4009900479998,false,מסטיק אורביט אוכמניו,ריגלי,,מסטיק אורביט אוכמניות בקבוקון,Unknown,0.00,Unknown,false,1,11.90,0.0000,true,1,12447
4009900482417,false,מסטיק אורביט בבאבל מ,ריגלי,,מסטיק אורביט בבאבל מינט בקבוקון,Unknown,0.00,Unknown,false,1,11.90,0.0000,true,1,10881
4009900531122,false,אורביט פרופשיונל ספי,מרס נדרלנד,PL,אורביט פרופשיונל ספירמינט בקבוקון,לא מנהל יחידת מידה,0.00,לא מנהל יחידת מידה,false,1,11.90,0.0000,true,1,20167
4009900536257,false,מסטיק אורביט רפרשרס,מרס ריגלי קונפקשונרי,PL,מסטיק אורביט רפרשרס ספירמנט 67 ג,גרמים,67.00,100 גרם,false,1,12.90,0.1925,true,1,74318
4009900536288,false,מסטיק אורביט רפרשרס,מרס ריגלי קונפקשונרי,PL,מסטיק אורביט רפרשרס פפרמ 67 ג,גרמים,67.00,100 גרם,false,1,12.90,0.1925,true,1,74319
4009900539685,false,מסטיק פייב מנטה בקבו,מרס נדרלנד,PL,מסטיק פייב מנטה בקבוקון 61.8גרם,גרמים,62.00,100 גרם,false,1,12.90,0.2081,true,1,76405
4009900539746,false,מסטיק פייב אבטיח בקב,מרס נדרלנד,PL,מסטיק פייב אבטיח בקבוקון 61.8גרם,גרמים,62.00,100 גרם,false,1,12.90,0.2081,true,1,76406
4011800567613,false,חטיף קורני סנדוויץ ש,שוורטאוור וורקה,DE,חטיף קורני סנדוויץ שחור לבן מארז 4 יח,גרמים,120.00,100 גרם,false,1,14.90,0.1242,true,1,12109
4011800588311,false,מאגדת קורני אנרגי אל,שוורטאוור וורקה,DE,מאגדת קורני אנרגי אלמונד רביעייה 100גרם,גרמים,100.00,100 גרם,false,4,17.90,0.1790,true,1,73735
4011800617615,false,קורני ביג שוקו 50 גר,שוורטאוור וורקה,DE,קורני ביג חטיף דגנים עם שוקולד חלב 50 גרם,גרמים,50.00,100 גרם,false,1,4.90,0.0980,true,1,71541
4011800628512,false,חטיף קורני שוקולד חל,שוורטאוור וורקה,DE,קורני חטיף דגנים עם שוקולד חלב 6 יחידות 150 גרם,גרמים,150.00,100 גרם,false,1,14.90,0.0993,true,1,11587
4011800630515,false,קורני בייס שוק בננה,שוורטאוור וורקה,DE,קורני חטיף דגנים עם שוקולד חלב ובננה 175 גרם,גרמים,150.00,100 גרם,false,1,14.90,0.0993,true,1,11597
4011800632519,false,חטיף קורני שוקולד חל,שוורטאוור וורקה,DE,חטיף קורני שוקולד חלב וקוקוס מארז 6 יח,גרמים,150.00,100 גרם,false,1,14.90,0.0993,true,1,11681
4011800636517,false,חטיף קורני FREE שוקו,שוורטאוור וורקה,DE,חטיף קורני FREE שוקולד חלב מארז 6 יח,גרמים,120.00,100 גרם,false,1,14.90,0.1242,true,1,11518
4014388000213,false,בירה פחית רדברגר 500,"איי, בי, אינבוו",DE,"בירה פחית רדברגר 500 מ""ל 4.8%",מיליליטרים,500.00,"100 מ""ל",false,1,9.90,0.0198,true,1,66787
4014400901191,false,בונבוניירה מרסי 250,אוגוסט שטורק,DE,בונבוניירה מרסי 250 גרם,גרמים,250.00,100 גרם,false,1,33.00,0.1320,true,1,1281
4014400904376,false,סוכריות שוקולדן,קריניציה ויטמינה אס,DE,סוכ.שטורק שוקולדן 325 גר,גרמים,326.00,100 גרם,false,1,19.90,0.0610,true,1,20876
4014400904390,false,סוכריות שטורק וולמיל,קריניציה ויטמינה אס,DE,וולמילש 325 גר',גרמים,325.00,100 גרם,false,1,19.90,0.0612,true,1,1282
4014400914696,false,סוכריות חמאה וורטר ל,אוגוסט שטורק,DE,סוכריות חמאה וורטר ללא סוכר 80 גרם,גרמים,80.00,100 גרם,false,1,11.50,0.1438,true,1,8497
4014400923711,false,בונבוניירה טופיפי שו,אוגוסט שטורק,DE,בונבוניירה טופיפי שוקולד 125 גרם,גרמים,125.00,100 גרם,false,1,13.90,0.1112,true,1,16401
4015400363033,false,טמפקס רגולר 20 יח,פרוקטר & גמבל,DE,טמפקס רגולר 20 יח,יחידה,20.00,יחידה,false,1,25.90,1.2950,true,1,77054
4015400564324,false,אולדייז מגן תחתון לא,פרוקטר אנד גמבל,DE,אולדייז מגן תחתון לארג 60 יחידות,יחידה,1.00,יחידה,false,1,21.90,21.9000,true,1,13574
4015400755456,false,תחבושות אולוויז סינג,P&G,DE,אולוויז תחבושות סינגל לוג פלוס 12 יח',לא מנהל יחידת מידה,0.00,לא מנהל יחידת מידה,false,1,14.90,0.0000,true,1,16191
4015400759171,false,תחבושות אולווייז אול,פרוקטר & גמבל,DE,תחבושות אולווייז אולטרה נורמל 20 יחידות,יחידה,20.00,יחידה,false,1,19.90,0.9950,true,1,77120
4015600762742,false,שמפו הד אנד שולדרס ק,קדבורי,RO,"הד אנד שולדרס שמפו קלאסי 500 מ""ל",מיליליטרים,500.00,"100 מ""ל",false,1,25.90,0.0518,true,1,13837
4015600762780,false,שמפו הד אנד שולדרס 2,קדבורי,RO,"הד אנד שולדרס 2 ב 1 קלאסי 500 מ""ל",מיליליטרים,500.00,"100 מ""ל",false,1,25.90,0.0518,true,1,13740
4015600762902,false,שמפו הד אנד שולדרס מ,קדבורי,RO,"הד אנד שולדרס שמפו מנטול 500 מ""ל",מיליליטרים,500.00,"100 מ""ל",false,1,25.90,0.0518,true,1,13838
4015600762940,false,שמפו הד אנד שולדרס ת,קדבורי,RO,"הד אנד שולדרס שמפו תפוח 500 מ""ל",מיליליטרים,500.00,"100 מ""ל",false,1,25.90,0.0518,true,1,16835
4015600763022,false,שמפו הד אנד שולדרס ל,קדבורי,RO,"שמפו הד אנד שולדרס למניעת קשקשים 500 מ""ל",מיליליטרים,500.00,"100 מ""ל",false,1,25.90,0.0518,true,1,13859
4015600766900,false,שמפו הד אנד שולדרס 2,קדבורי,RO,"הד אנד שולדרס שמפו 2 ב1 מנטול 500 מ""ל",מיליליטרים,500.00,"100 מ""ל",false,1,25.90,0.0518,true,1,13652
4017100198151,false,בלזן היט וניל 220גרם,בלזן,PL,בלזן היט וניל 220גרם,גרמים,220.00,100 גרם,false,1,10.90,0.0495,true,1,14144
4017100219900,false,ופל ופלטן מגולגל מצו,חברת באלסן,DE,ופל ופלטן מגולגל מצופה שוקולד 100 גרם,גרמים,100.00,100 גרם,false,1,12.90,0.1290,true,1,1294
4017100290008,false,ביסקוויט בלזן מצופה,הדקלאים אגודת שיתופי,DE,ביסקוויט בלזן מצופה שוקולד חלב 125 גרם,גרמים,125.00,100 גרם,false,1,12.90,0.1032,true,1,1295
4017100364112,false,עוגיות היט קקאו 220,הדקלאים אגודת שיתופי,PL,עוגיות היט קקאו 220 גרם,גרמים,220.00,100 גרם,false,1,10.90,0.0495,true,1,13245
4018722100133,false,אטריות כוסמין וביצים,אלב גולד,DE,אטריות כוסמין וביצים אורגניות,גרמים,250.00,100 גרם,false,1,17.90,0.0716,true,1,18655
4018722100157,false,פסטה פוזילי כוסמין מ,האחים פלם הגפן,DE,פסטה פוזילי כוסמין מלא 250 גרם,גרמים,250.00,100 גרם,false,1,13.90,0.0556,true,1,18656
4018722102632,true,ספגטי כוסמין מלא אור,אלב גולד,DE,כוסמין פסטה אורגנית,גרמים,500.00,100 גרם,false,1,18.90,0.0378,true,1,18657
4018722102656,true,ספגטי כוסמין אורגני,אלב גולד,DE,אלב גולד - ספגטי כוסמין אורגני 500 גרם,גרמים,500.00,100 גרם,false,1,18.90,0.0378,true,1,18658
4018722303459,true,מקרוני כוסמין אורגני,אלב גולד,DE,אלב גולד - מקרוני כוסמין אורגני,גרמים,250.00,100 גרם,false,1,13.90,0.0556,true,1,18659
4022025001752,true,יין בלו נאן מבעבע כש,,,"יין בלו נאן מבעבע כשר 750 מ""ל",מיליליטרים,750.00,"100 מ""ל",false,1,64.90,0.0865,true,1,76076
4022025001790,false,יין בלו נאן 24K גולד,היי סישל סוהן טראבן,DE,"יין בלו נאן 24K גולד מבעבע כשר 750 מ""ל",מיליליטרים,750.00,"100 מ""ל",false,1,64.90,0.0865,true,1,76080
4022025002025,false,24K יין בלו נאן גולד,בלו נאן,DE,"24K יין בלו נאן גולד כשר 200 מ""ל",מיליליטרים,200.00,"100 מ""ל",false,1,27.90,0.1395,true,1,76083
4022025002254,false,24K יין בלו נאן רוזה,בלו נאן,DE,"24K יין בלו נאן רוזה כשר 200 מ""ל",מיליליטרים,200.00,"100 מ""ל",false,1,27.90,0.1395,true,1,76084
4022025262009,false,יין בלו נאן גוורצטרמ,לנגוט טראבן,,"יין בלו נאן גוורצטרמינר כשר 750 מ""ל",מיליליטרים,750.00,"100 מ""ל",false,1,49.90,0.0665,true,1,76079
4022025262436,false,יין בלו נאן גוורצטרמ,בלו נאן,DE,"יין בלו נאן גוורצטרמינר כשר 250מ""ל",מיליליטרים,250.00,"100 מ""ל",false,1,27.90,0.1116,true,1,76085
4022025290309,false,יין בלו נאן פינק רוז,בלו נאן,DE,"יין בלו נאן פינק רוזה כשר 750 מ""ל",מיליליטרים,750.00,"100 מ""ל",false,1,49.90,0.0665,true,1,76082
4032900104508,false,סיגריות אל די סופרסל,,,סיגריות אל די סופרסל,לא מנהל יחידת מידה,0.00,לא מנהל יחידת מידה,false,1,28.50,0.0000,false,1,66592
4032900111292,false,סיגריות ווינסטון קומ,JTI,UA,סיגריות ווינסטון קומפקט כחול בודד,לא מנהל יחידת מידה,0.00,לא מנהל יחידת מידה,false,1,29.20,0.0000,false,1,67105
4032900111308,false,סיגריות ווינסטון קומ,JTI,UA,סיגריות ווינסטון קומפקט סילבר בודד,לא מנהל יחידת מידה,0.00,לא מנהל יחידת מידה,false,1,29.20,0.0000,false,1,67107
4032900112824,false,סיגריות כאמל קומפקט,,,סיגריות כאמל קומפקט,יחידה,1.00,יחידה,false,1,27.20,27.2000,false,1,67363
4032900112879,false,סיגריות כאמל קומפקט,,,סיגריות כאמל קומפקט כחול בודד,יחידה,1.00,יחידה,false,1,27.20,27.2000,false,1,67362
4032900124193,false,סיגריות כאמל צהוב אר,,,סיגריות כאמל צהוב ארוך בודד PP,לא מנהל יחידת מידה,0.00,לא מנהל יחידת מידה,false,1,31.60,0.0000,false,1,71963
4032900124254,false,וינסטון קומפקט ברי,,,וינסטון קומפקט ברי PP בודד,יחידה,1.00,יחידה,false,1,29.20,29.2000,false,1,72773
4033100013348,false,סיגריות אל די כחול א,JTI,,סיגריות אל די כחול ארוך חפיסה בודד,לא מנהל יחידת מידה,0.00,לא מנהל יחידת מידה,false,1,28.50,0.0000,false,1,8040
4033100014468,false,סיגריות אל די אדום ח,JTI,,סיגריות אל די אדום חפיסה בודד,לא מנהל יחידת מידה,0.00,לא מנהל יחידת מידה,false,1,28.50,0.0000,false,1,8039
4033100014499,false,סיגריות אל די כחול ח,JTI,,סיגריות אל די כחול חפיסה בודד,Unknown,0.00,Unknown,false,1,28.50,0.0000,false,1,8038
4033100014529,false,סיגריות אל די סלים ח,JTI,,סיגריות אל די סלים חפיסה בודד,יחידה,1.00,יחידה,false,1,28.50,28.5000,false,1,8041
4033100024146,false,סיגריות וינסטון קוד,JTI,,סיגריות וינסטון קוד חפיסה בודד,לא מנהל יחידת מידה,0.00,לא מנהל יחידת מידה,false,1,31.20,0.0000,false,1,10087
4033100024252,false,סיגריות וינסטון אקוו,JTI,,סיגריות וינסטון אקווה חפיסה בודד,יחידה,0.00,יחידה,false,1,31.20,0.0000,false,1,10089
4033100038914,false,טבק לגלגול קאמל צהוב,JTI,,טבק לגלגול קאמל צהוב חפיסה30 גרם,גרמים,30.00,100 גרם,false,1,81.20,2.7067,false,1,11377
4033100046490,false,סיגריות וינסטון קוד,יושלם,,סיגריות וינסטון קוד אקווה 100 חפיסה בודד,לא מנהל יחידת מידה,0.00,לא מנהל יחידת מידה,false,1,31.20,0.0000,false,1,11069
4033100064036,false,טבק לגלגול וינסטון כ,JTI,,טבק לגלגול וינסטון כחול חפיסה30 גרם,גרמים,30.00,100 גרם,false,1,81.20,2.7067,false,1,13775
4037719657290,false,קוונדיש סוכריות פירו,קוונדיש,DE,קוונדיש סוכריות פירות בצנצנת 300 גרם,גרמים,300.00,100 גרם,false,1,24.90,0.0830,true,1,67405
4052197000925,false,בירה בנדיקטינר כהה ד,בנדיקטינר וויצבראו,DE,בנדיקטינר בירה כהה דונקל 500 מל,מיליליטרים,500.00,"100 מ""ל",false,1,12.90,0.0258,true,1,11885
4052197001281,false,בירה בנדיקטינר פחית,בנדקטינר,,"בירה בנדיקטינר פחית 500 מ""ל",מיליליטרים,500.00,"100 מ""ל",false,1,11.90,0.0238,true,1,13060
4066600999614,false,בירה פאולנר בקבוק 50,"איי, בי, אינבוו",DE,"בירה פאולנר, בירת חיטה מעוננת, בקבוק 500 מ""ל",מיליליטרים,500.00,"100 מ""ל",false,1,13.50,0.0270,true,1,16710
4067700014849,false,"ייגרמייסטר 700 מ""ל",פארייפאבה אגרואינדוס,DE,"ייגרמייסטר 700 מ""ל",מיליליטרים,700.00,"100 מ""ל",false,1,99.90,0.1427,true,1,15849
4084500875982,false,נוזל כלים פיירי ירוק,פרוקטר אנד גמבל,GB,נוזל כלים פיירי ירוק 500 מל,מיליליטרים,500.00,"100 מ""ל",false,1,9.90,0.0198,true,1,76841
4100130937163,false,בירה בקס 6 יחידות 1.,"איי, בי, אינבוו",DE,בירה בקס 6 יחידות 1.65 ליטר,מיליליטרים,275.00,"100 מ""ל",false,1,34.90,0.1269,true,1,14047
4100470106700,true,חומץ תפוחים טבעי ואו,ברוקהרט,DE,נטורפוד חומץ תפוחים טבעי ואורגני,מיליליטרים,750.00,"100 מ""ל",false,1,26.90,0.0359,true,1,18562
4210201360742,false,אורל בי ראש חשמלי לנ,בראון,IE,אורל בי ראש חשמלי לניקוי יסודי 4 יח',לא מנהל יחידת מידה,0.00,לא מנהל יחידת מידה,false,1,99.90,0.0000,true,1,76440
4600659010854,false,וודקה סטולי בקבוק 70,פארייפאבה אגרואינדוס,LV,"וודקה סטולי בקבוק 700 מ""ל",מיליליטרים,700.00,"100 מ""ל",false,1,69.90,0.0999,true,1,3469
4600680010793,false,קיט קט גולד 4 אצבעות,נסטלה,RU,קיט קט גולד 4 אצבעות 41.5 גרם,גרמים,42.00,100 גרם,false,1,4.50,0.1071,true,1,74142
4602486002071,false,וודקה בלנקאיה גולד 7,מזקקת גאורגייבסקי קר,RU,וודקה בלנקאיה גולד 700 מל,מיליליטרים,770.00,"100 מ""ל",false,1,69.90,0.0908,true,1,71370
4603400000043,false,וודקה רוסקי סטנדרט ב,האי נאם סי או אל.טי.,RU,"וודקה רוסקי סטנדרט בקבוק 700 מ""ל",מיליליטרים,700.00,"100 מ""ל",false,1,64.90,0.0927,true,1,10794
4603400000197,false,וודקה רוסקי סטנדרט ב,יושלם,,"וודקה רוסקי סטנדרט בקבוק 500 מ""ל",מיליליטרים,500.00,"100 מ""ל",false,1,59.90,0.1198,true,1,8452
4603928000976,false,"וודקה בלוגה 700 מ""ל",מרינסקי ליקרו-וודאצ',RU,"וודקה בלוגה 700 מ""ל",מיליליטרים,700.00,"100 מ""ל",false,1,139.90,0.1999,true,1,20150
4607012351005,false,מרטין גרעיני חמניות,"נארז ע""י : א.ג. גילר",RU,גרעיני חמניה קלויים מרטין 200 גרם,גרמים,200.00,100 גרם,false,1,13.90,0.0695,true,1,45205
4607109409619,false,פיניש טבליות 25 יח A,רקיט בנקיזר,PL,טבליות למדיח כלים פיניש אול אין וואן 25 טבליות,גרמים,530.00,100 גרם,false,1,29.90,0.0564,true,1,16372
4640018993343,false,פיניש קוואנטום 30 יח,רקיט בנקיזר,PL,פיניש קוואנטום קפסולות למדיח 30 טבליות,גרמים,375.00,100 גרם,false,1,44.90,0.1197,true,1,73692
4640018993350,false,פיניש קוואנטום 30 יח,רקיט בנקיזר,PL,פיניש קוואנטום 30 יח קפסולות גיל לימון,גרמים,375.00,100 גרם,false,1,44.90,0.1197,true,1,73693
4710068001692,false,מאסטר קפה לאטה 240 מ,תאיט מרקטינג אנד דיס,,מאסטר קפה לאטה פחית,מיליליטרים,240.00,"100 מ""ל",false,1,8.50,0.0354,true,1,11982
4710068001715,false,מאסטר קפה טירמיסו 24,"איי, בי, אינבוו",,מאסטר קפה טרמיסו פחית 240 מל,מיליליטרים,240.00,"100 מ""ל",false,1,8.50,0.0354,true,1,11984
4710068001739,false,מאסטר קפה קולומביאני,"איי, בי, אינבוו",,מאסטר קפה משקה קפה קר קלאסיקו 240 מל,מיליליטרים,240.00,"100 מ""ל",false,1,8.50,0.0354,true,1,11983
4710068002798,false,מאסטר קפה וונילה פחי,מאיטה פוד אינדוסטריא,,מאסטר קפה לאטה פחית,מיליליטרים,240.00,"100 מ""ל",false,1,8.50,0.0354,true,1,68182
4710964170799,false,שומשום שחור קלוי 91,Yan Wal Yun Corpora,TH,שומשום שחור קלוי 91 גרם,גרמים,91.00,100 גרם,false,1,17.90,0.1967,true,1,76291
4740098098355,false,קוקטייל מוחיטו 330 מ,אה לי קוק,EE,"קוקטייל מוחיטו 330 מ""ל",מיליליטרים,330.00,"100 מ""ל",false,1,12.20,0.0370,true,1,76867
4750021000904,false,וודקה סטולי פרימיום,איי.אס לטבייאס בלזם,LV,"וודקה סטולי פרימיום 200מ""ל",מיליליטרים,200.00,"100 מ""ל",false,1,29.90,0.1495,true,1,77031
4750021005725,false,"וודקה סטולי כשל""פ לל",פארייפאבה אגרואינדוס,LV,"וודקה סטולי כשל""פ לל""ג 40% בקבוק 700 מ""ל",מיליליטרים,700.00,"100 מ""ל",false,1,89.90,0.1284,true,1,18046
4779039730276,false,מרק עגבניות מוקרם או,גרביאי,LT,מרק עגבניות מוקרם אורגני אאוגה 400 גרם,גרמים,400.00,100 גרם,false,1,17.90,0.0447,true,1,75584
4779039731167,false,מרק אאוגה דלורית ובט,גרביאי,LT,מרק אאוגה דלורית ובטטה אורגני 400 גרם,גרמים,400.00,100 גרם,false,1,17.90,0.0447,true,1,75592
4792032060454,true,מי קוקוס אורגני גרין,בן טרה ג'וינט סטוק,DE,GREEN COCO מי קוקוס אורגני 330 מל,מיליליטרים,330.00,"100 מ""ל",false,1,9.90,0.0300,true,1,15794
4796019790013,false,שמן קוקוס אורגני גרי,גרין קוקו,,שמן קוקוס אורגני,מיליליטרים,300.00,"100 מ""ל",false,1,23.90,0.0797,true,1,15605
4860019001346,false,"מים מינרלים בורג""ומי",אי די אס בורגומי,,"מים מינרלים בורג""ומי 500 מ""ל",מיליליטרים,500.00,"100 מ""ל",false,1,8.90,0.0178,true,1,8727
4891228430085,false,סכיני גילוח שייק אקס,השחר,CN,סכיני גילוח שייק אקסטרים 3 כחול רביעייה,לא מנהל יחידת מידה,0.00,לא מנהל יחידת מידה,false,1,21.90,0.0000,true,1,4557
4891228430092,false,סכיני גילוח שייק אקס,השחר,CN,שיק אקסטרים 3 סכיני גילוח לאישה לעור רגיש,לא מנהל יחידת מידה,0.00,לא מנהל יחידת מידה,false,1,21.90,0.0000,true,1,5369
5000111047364,true,HP ברביקיו דבש,יוניליוור גרמניה Gm,NL,HP ברביקיו דבש 465 גרם,גרמים,465.00,100 גרם,false,1,20.90,0.0449,true,1,45552
5000111047371,true,HP ברביקיו קלאסי,כלורוקס אוקלנד,NL,465 גרםHP ברביקיו קלאסי,גרמים,465.00,100 גרם,false,1,20.90,0.0449,true,1,45553
5000157143365,true,מתבל בטעם מיונז וקטש,תאי פרזידנט פוד פאבל,PL,מתבל בטעם מיונז וקטשופ היינץ 425 מל,מיליליטרים,425.00,"100 מ""ל",false,1,15.90,0.0374,true,1,72044
5000159376655,false,סוכריות סקיטלס פירות,ריגלי ממתקים,,סוכריות סקיטלס פירות 38 גרם,גרמים,38.00,100 גרם,false,1,4.50,0.1184,true,1,10380
5000159376792,false,סוכריות סקיטלס חמוץ,ריגלי ממתקים,,סוכריות סקיטלס חמוץ 38 גרם,גרמים,38.00,100 גרם,false,1,4.50,0.1184,true,1,10381
5000159414197,false,מלטיזרס 135גרם,מרס שוקולד צ.אמריקה,NL,מלטיזרס 135גרם,גרמים,135.00,100 גרם,false,1,16.90,0.1252,true,1,76965
5000159459228,false,חטיף טויקס שוקולד,"נארז ע""י : א.ג. גילר",NL,חטיף טויקס 50 גרם,גרמים,50.00,100 גרם,false,1,4.90,0.0980,true,1,10670
5000159461122,false,חטיף סניקרס שוקולד,"נארז ע""י : א.ג. גילר",NL,חטיף סניקרס שוקולד 50 גרם,גרמים,50.00,100 גרם,false,1,4.90,0.0980,true,1,10671
5000159500845,true,סלבריישן מארז מתנה 1,מארס,NL,סלבריישן מארז מתנה 196 גרם,גרמים,196.00,100 גרם,false,1,23.90,0.1219,true,1,77292
5000159508230,false,מילקי וואי 43 גרם,שטראוס,IL,מילקי וואי 43 גרם,גרמים,43.00,100 גרם,false,1,4.90,0.1140,true,1,73307
5000168199245,false,שוקולד גודייבה פיור,"אולקר מקבוצת פלאדיס,",TR,שוקולד חלב מעולה בתוספת חתיכות קרם קרמל מלוח,גרמים,90.00,100 גרם,false,1,15.90,0.1767,true,1,75348
5000267014234,false,ויסקי גוני ווקר אדום,ג'ון ווקר ובניו,,"גוני ווקר אדום 700 מ""ל",מיליליטרים,700.00,"100 מ""ל",false,1,99.90,0.1427,true,1,4231
5000267015200,false,ויסקי גוני ווקר אדום,DIAGEO,,"ויסקי גוני ווקר אדום בקבוק 200 מ""ל",מיליליטרים,200.00,"100 מ""ל",false,1,39.90,0.1995,true,1,4392
5000267171654,false,גוני ווקר שחור 200 מ,ג'ון ווקר ובניו,GB,"ג'וני שחור 200 מ""ל פוקט 40% כהל",מיליליטרים,200.00,"100 מ""ל",false,1,49.90,0.2495,true,1,72750
5000299223031,false,רום קפטן מורגן ספייס,יבואן ומשווק: ש. שסט,,קפטן מורגן ספייסד גולד 750 מל,מיליליטרים,700.00,"100 מ""ל",false,1,124.90,0.1784,true,1,17256
5000329002193,false,גין,"איי, בי, אינבוו",,"ג'ין ביפאיטר, 700 מ''ל",מיליליטרים,1.00,"100 מ""ל",false,1,109.90,109.9000,true,1,38749
5000396037944,true,מקוויטיס ביסקויט קלא,קריניציה ויטמינה אס,,"מקויטיס, ביסקוויט מקמח חיטה קלאסי 250 גרם",Unknown,0.00,Unknown,false,1,11.90,0.0000,true,1,45569
5010038454831,false,בירה בלו מון בקבוק 3,"איי, בי, אינבוו",,"בירה בלו מון 5.4% כוהל 330 מ""ל",מיליליטרים,330.00,"100 מ""ל",false,1,14.90,0.0452,true,1,70920
5010103800259,false,ויסקי J&B בקבוק 700,גסטוריני אנד ברוקס,,"ויסקי J&B בקבוק 700 מ""ל",מיליליטרים,700.00,"100 מ""ל",false,1,99.90,0.1427,true,1,5383
5010123703585,false,ליסטרין מי פה קול מי,גונסון אנד גונסון,,"ליסטרין מי פה קול מינט 500 מ""ל",מיליליטרים,500.00,"100 מ""ל",false,1,17.90,0.0358,true,1,75782
5010182997253,false,תרסיס רייד מקס קוטל,אס.סי.ג'ונסון מידרכט,NL,"תרסיס רייד מקס קוטל חרקים 300 מ""ל",מיליליטרים,300.00,"100 מ""ל",false,1,25.90,0.0863,true,1,1619
5010182997680,false,תרסיס רייד קוטל נמלי,אס.סי.ג'ונסון מידרכט,NL,"תרסיס רייד קוטל נמלים אדום 300 מ""ל",מיליליטרים,300.00,"100 מ""ל",false,1,25.90,0.0863,true,1,1621
5010182997918,false,טואלט דאק בניחוח ים,"איטיליאן פוד, אס.פי.",IT,דאק ג'ל לאסלה בניחוח ים 55 מל,מיליליטרים,55.00,"100 מ""ל",false,1,12.90,0.2345,true,1,1622
5010182998847,false,נוזל לאסלה כחול ים,מיוצר עי קונדיטוריית,NL,ניקוי נוזל לאסלה,מיליליטרים,750.00,"100 מ""ל",false,1,13.90,0.0185,true,1,27472
5010232964228,false,קונדומים דקים דורקס,תאילנד,TH,"קונדמים קצר ולעניין, דק 12 יחידות",לא מנהל יחידת מידה,0.00,לא מנהל יחידת מידה,false,1,39.90,0.0000,true,1,3666
5010296169249,false,בלום לונדון דריי גין,קווניט אסנשל,GB,בלום לונדון דריי גין 700 מל,מיליליטרים,700.00,"100 מ""ל",false,1,169.90,0.2427,true,1,72275
5010327000046,false,"ויסקי גרנטס 700 מ""ל","איי, בי, אינבוו",,"ויסקי גרנטס 700 מ""ל",מיליליטרים,700.00,"100 מ""ל",false,1,89.90,0.1284,true,1,1623
5010327105215,false,ויסקי מנקי שולדר 700,וויליאם גרנט,GB,"ויסקי מנקי שולדר 700 מ""ל",מיליליטרים,700.00,"100 מ""ל",false,1,154.90,0.2213,true,1,75359
5010327208107,false,"גרנטס וויסקי 200מ""ל",וויליאם גרנט,GB,"גרנטס וויסקי 200מ""ל",מיליליטרים,200.00,"100 מ""ל",false,1,29.90,0.1495,true,1,66540
5010327258003,false,"גרנטס וויסקי 200מ""ל",וויליאם גרנט,GB,"גרנטס וויסקי 200מ""ל",מיליליטרים,200.00,"100 מ""ל",false,1,29.90,0.1495,true,1,76050
5010327399614,false,גלנפידיך 12 שנה 700,,GB,גלנפידיך 12 שנה 700 מל,מיליליטרים,700.00,"100 מ""ל",false,1,219.90,0.3141,true,1,77236
5010327755014,false,"גין הנדריקס 700 מ""ל",וויליאם גרנט,GB,"גין הנדריקס 700 מ""ל",מיליליטרים,700.00,"100 מ""ל",false,1,154.90,0.2213,true,1,75361
5010677551281,false,בקרדי בריזר לימון בק,"בקרדי בע""מ",BE,"בריזר - משקה כוהלי מוגז בטעם לימון 275 מ""ל",מיליליטרים,275.00,"100 מ""ל",false,1,16.90,0.0615,true,1,1626
5010677551397,false,בקרדי בריזר ליים בקב,"ברקדי בע""מ",BE,"בקרדי בריזר ליים בקבוק 275 מ""ל",מיליליטרים,275.00,"100 מ""ל",false,1,16.90,0.0615,true,1,13165
5010677552387,false,בקרדי בריזר אננס בקב,בקרדי בעמ,BE,"בריזר - משקה כוהלי מוגז בטעם אננס 275 מ""ל",מיליליטרים,275.00,"100 מ""ל",false,1,16.90,0.0615,true,1,1627
5010677554398,false,בקרדי בריזר אבטיח בק,בקרדי בעמ,BE,"בריזר - משקה כוהלי מוגז בטעם אבטיח 275 מ""ל",מיליליטרים,275.00,"100 מ""ל",false,1,16.90,0.0615,true,1,1628
5010677714006,false,גין בומביי ספייר 700,בומביי ספיריטס,ES,ג'ין בומביי ספייר,מיליליטרים,700.00,"100 מ""ל",false,1,129.90,0.1856,true,1,66968
5010677850100,false,וודקה גריי גוס בקבוק,גריי גוס,FR,"וודקה גריי גוס 750 מ""ל",מיליליטרים,700.00,"100 מ""ל",false,1,139.90,0.1999,true,1,66786
5011007003005,false,ויסקי גיימסון בקבוק,"איי, בי, אינבוו",IE,"וויסקי אירי, ג'יימסון, 700 מ''ל",מיליליטרים,700.00,"100 מ""ל",false,1,109.90,0.1570,true,1,3765
5011026108033,false,טולמור דיו וויסקי 70,פארייפאבה אגרואינדוס,IE,טולמור דיו וויסקי אירי 700 מל,מיליליטרים,700.00,"100 מ""ל",false,1,99.90,0.1427,true,1,73756
5011417576885,false,דורקס גל יכוך בטעם ת,רקיט בנקיזר,TH,דורקס גל יכוך בטעם תות 100מל,מיליליטרים,100.00,"100 מ""ל",false,1,59.90,0.5990,true,1,74352
5011417576922,false,דורקס גל סיכוך מתחמם,מיוצר עבור רקיט בנקי,TH,"דורקס ג'ל סיכוך מחמם 100 מ""ל",מיליליטרים,100.00,"100 מ""ל",false,1,59.90,0.5990,true,1,74353
5014271300429,false,מעדן משמש,פלזנסקי,FR,"מעדן משמש 284 גר """,גרמים,284.00,100 גרם,false,1,22.90,0.0806,true,1,21006
5014271310428,false,מעדן דובדבנים שחורים,המאפיה של הרמן,FR,מעדן דובדבנים שחורים סן דלפור 284 גרם,גרמים,284.00,100 גרם,false,1,22.90,0.0806,true,1,1632
5014271330426,false,מעדן אוכמניות כחולות,פלזנסקי,FR,מעדן אוכמניות כחולות סן דלפור 284 גרם,גרמים,284.00,100 גרם,false,1,22.90,0.0806,true,1,1633
5014271350424,false,מעדן ארבע פירות סן ד,המאפיה של הרמן,FR,מעדן ארבע פירות סן דלפור 284 גרם,גרמים,284.00,100 גרם,false,1,22.90,0.0806,true,1,3108
5014271370422,false,מעדן אפרסק סן דלפור,סנט דלפור,FR,מעדן אפרסק סן דלפור 284 גרם,גרמים,284.00,100 גרם,false,1,22.90,0.0806,true,1,1635
5014271400426,false,מעדן תות שדה סן דלפו,המאפיה של הרמן,FR,מעדן תות שדה סן דלפור 284 גרם,גרמים,284.00,100 גרם,false,1,22.90,0.0806,true,1,1637
5014271795980,false,מעדן חמוציות אוכמניו,סנדלפור,FR,סנדלפור מעדן חמוציות ואוכמניות 284 גרם,גרמים,284.00,100 גרם,false,1,22.90,0.0806,true,1,23073
5014379009972,false,בירה באדוויזר פחית,"איי, בי, אינבוו",,בירה באדוויזר,מיליליטרים,500.00,"100 מ""ל",false,1,11.90,0.0238,true,1,70185
5016840033219,false,ויסקי לוך לומונד סינ,לוך לומונוד דיסטלרי,GB,ויסקי לוך לומונד סינגל מאלט 700,מיליליטרים,700.00,"100 מ""ל",false,1,119.90,0.1713,true,1,72274
5017818800116,false,"משקה ד""ר פפר פחית 33","איי, בי, אינבוו",FR,"ד""ר פפר פחית 330 מ""ל 24 יח",מיליליטרים,330.00,"100 מ""ל",false,1,6.50,0.0197,true,1,12902
5018357006731,false,תערובת דגנים 40% פיר,דורסט סיריאלס,,תערובת דגנים 40% פירות ואגוזים 560 גרם,גרמים,560.00,100 גרם,false,1,30.90,0.0552,true,1,5460
5029053002408,false,נייר טואלט קלינקס לב,קימברלי קלארק ישראל,IL,"קלינקס נייר טואלט דו שכבתי לבן, 9 גלילים",מטרים,27500.00,מטר,false,1,36.90,0.0013,true,1,1642
5029053523446,false,קוטקס תחבושות נייט 2,קימברלי קלארק,,קוטקס תחבושות עם כנפיים נייט 20 יחידות,לא מנהל יחידת מידה,0.00,לא מנהל יחידת מידה,false,1,19.90,0.0000,true,1,1648
5035766044673,false,סיידר תפוחים 5% אלכו,האי נאם סי או אל.טי.,BE,סיידר תפוחים 5% אלכוהול סטרונגבאו 330 מל,מיליליטרים,330.00,"100 מ""ל",false,1,8.90,0.0270,true,1,12118
5056357900925,false,סניקרס חמאת בוטנים 5,מרס נדרלנד,US,סניקרס חמאת בוטנים 57 גרם,גרמים,59.00,100 גרם,false,1,17.90,0.3034,true,1,73894
5056357901427,false,חטיף חלבון m&m בטעם,מארס,GB,חטיף חלבון m&m בטעם שוקולד,גרמים,51.00,100 גרם,false,1,17.90,0.3510,true,1,75691
5056357901441,false,חטיף חלבון בוטנים 15,מארס,GB,חטיף חלבון בוטנים 15 חלבון 51 גרם m&m,גרמים,51.00,100 גרם,false,1,17.90,0.3510,true,1,75692
5056357903834,false,חטיף באונטי 18גרם ח,מארס יורק אנגליה,GB,חטיף באונטי 18גרם חלבון 52גרם,גרמים,52.00,100 גרם,false,1,17.90,0.3442,true,1,76086
5060045588128,false,"גים בים לבן 700 מ""ל","איי, בי, אינבוו",US,ג'ים בים וויסקי קנטאקי ברבן ג'ים בים 700 מל,מיליליטרים,700.00,"100 מ""ל",false,1,69.90,0.0999,true,1,18637
5060221201391,false,chaosגרנייד בטעם קרמ,גרנייה,NL,chaosגרנייד בטעם קרמל60 גרם,גרמים,60.00,100 גרם,false,1,17.90,0.2983,true,1,76441
5060221201575,false,חטיף חלבון גרנייד קר,,GB,חטיף חלבון גרנייד קרם עוגיות 23 חלבון 60,גרמים,60.00,100 גרם,false,1,17.90,0.2983,true,1,75766
5060221201810,false,גרנייד שוקולד לבן ע,גרנייה,NL,גרנייד שוקולד לבן עוגיות 60גרם,גרמים,60.00,100 גרם,false,1,17.90,0.2983,true,1,76443
5060221203753,false,חטיף חלבון גרנייד ח,,GB,חטיף חלבון גרנייד חמאת בוטנים 21 חלבון,גרמים,60.00,100 גרם,false,1,17.90,0.2983,true,1,75764
5060221203937,false,גרנייד שוקוציפס בצק,גרנייה,NL,גרנייד שוקוציפס בצק עוגיות 60גרם,גרמים,60.00,100 גרם,false,1,17.90,0.2983,true,1,76442
5060221206860,false,חטיף חלבון גרנייד ק,,GB,חטיף חלבון גרנייד קרמל מלוח 20 חלבון 60,גרמים,60.00,100 גרם,false,1,17.90,0.2983,true,1,75767
5060317321781,false,UFIT משקה חלבון בט,לאקסה אס.אי,GB,"UFIT משקה חלבון בטעם אייס קפה 330מ""ל",מיליליטרים,330.00,"100 מ""ל",false,1,14.90,0.0452,true,1,76950
5060317322122,false,UFIT משקה חלבון ב,לאקסה אס.אי,GB,UFIT משקה חלבון בטעם קרמל מלוח 330 מ,מיליליטרים,330.00,"100 מ""ל",false,1,14.90,0.0452,true,1,76947
5060317322146,false,UFIT משקה חלבון ב,לאקסה אס.אי,GB,UFIT משקה חלבון בטעם שוקולד לבן 330מ,מיליליטרים,330.00,"100 מ""ל",false,1,14.90,0.0452,true,1,76948
5060317322368,false,UFIT 330 משקה חלבו,לאקסה אס.אי,GB,UFIT משקה חלבון בטעם פאדג בראוניז 33,מיליליטרים,330.00,"100 מ""ל",false,1,14.90,0.0452,true,1,76949
5060319120023,true,תה קנמון - הייר ליבי,הייר ליבינג,GB,תה קינמון אורגני 40 גרם,גרמים,40.00,100 גרם,false,1,19.90,0.4975,true,1,18565
5060319120047,true,תה וורי ברי - הייר ל,אונלי נטורל פרודקטס,GB,תה וורי ברי - הייר ליבינג,גרמים,40.00,100 גרם,false,1,19.90,0.4975,true,1,18566
5060319120078,true,תה הייר ליבינג סוויט,אף.סי תבליני בגליל ב,GB,תה הייר ליבינג סוויט דרימס 15 שקיקים,גרמים,40.00,100 גרם,false,1,19.90,0.4975,true,1,18567
5060319120108,true,תה ארל גריי הייר ליב,אונלי נטורל פרודקטס,GB,הייר ליווינג תה ארל גריי אורגני 45 גרם,גרמים,45.00,100 גרם,false,1,19.90,0.4422,true,1,18568
5060319120115,true,תה ירוק אורגני-הייר,אונלי נטורל פרודקטס,GB,הייר ליווינג תה ירוק אורגני 40 גרם,גרמים,50.00,100 גרם,false,1,19.90,0.3980,true,1,18569
5060319120122,true,תה הייר ליבינג צאי י,אונלי נטורל פרודקטס,GB,הייר ליווינג צ'אי תה ירוק אורגני 40 גרם,גרמים,40.00,100 גרם,false,1,19.90,0.4975,true,1,18570
5060319129286,true,תה לבן אורגני-הייר ל,אונלי נטורל פרודקטס,GB,הייר ליווינג תה לבן אורגני 35 גרם,גרמים,35.00,100 גרם,false,1,19.90,0.5686,true,1,18572
5060319129293,false,תה הייר ליבינג תה יר,,GB,תה ירוק קוקוס אורגני,גרמים,40.00,100 גרם,false,1,19.90,0.4975,true,1,18662
5060319129422,false,תה הייר ליבינג חליטת,אונלי נטורל פרודקטס,PT,חליטת צמחים אורגנית דיטוקס,גרמים,30.00,100 גרם,false,1,19.90,0.6633,true,1,72580
5060402908248,false,סניקרס פרוטאין 55 גר,מרס נדרלנד,US,סניקרס פרוטאין 55 גרם,גרמים,59.00,100 גרם,false,1,17.90,0.3034,true,1,73895
5060402908286,false,מארס פרוטאין 59 גרם,מרס נדרלנד,US,מארס פרוטאין 59 גרם,גרמים,59.00,100 גרם,false,1,17.90,0.3034,true,1,73892
5060402909542,false,מארס קרמל מלוח 59 גר,מרס נדרלנד,US,מארס קרמל מלוח 59 גרם,גרמים,59.00,100 גרם,false,1,17.90,0.3034,true,1,75012
5060424705368,false,WARRIOR חטיף קראנץ ב,וורקווין,GB,WARRIOR חטיף קראנץ בטעם קרמל מלוח 64 גר,גרמים,64.00,100 גרם,false,1,14.90,0.2328,true,1,76725
5060424705535,false,WARRIORשוקולד מריר ו,,GB,WARRIORשוקולד מריר ובוטנים 20גר חלבון,גרמים,64.00,100 גרם,false,1,14.90,0.2328,true,1,76111
5060517886486,false,משקה אנרגיה מונסטר פ,Monster energy סרביה,RU,"מונסטר אנרג'י פח 500 מ""ל",מיליליטרים,500.00,"100 מ""ל",false,1,7.90,0.0158,true,1,71582
5060517886516,false,משקה אנרגיה מונסטר ז,Monster energy סרביה,RU,"מונסטר אנרג'י זירו פח 500 מ""ל",מיליליטרים,500.00,"100 מ""ל",false,1,7.90,0.0158,true,1,71583
5060639129102,false,משקה אנרגיה מונסטר M,Monster energy סרביה,RS,"מונסטר Mango Loco פח 500 מ""ל",מיליליטרים,500.00,"100 מ""ל",false,1,7.90,0.0158,true,1,73757
5060751218173,false,משקה אנרגיה מונסטר פ,Monster energy סרביה,IE,"מונסטר פייפליין פאנץ' פח 500 מ""ל",מיליליטרים,500.00,"100 מ""ל",false,1,7.90,0.0158,true,1,76654
5060751219033,false,משקה אנרגיה מונסטר א,Monster energy סרביה,IE,"מונסטר ULTRA PARADISE פח 500 מ""ל",מיליליטרים,500.00,"100 מ""ל",false,1,7.90,0.0158,true,1,76655
5060756342781,false,WARRIOR קרם עוגיות 2,,GB,WARRIOR קרם עוגיות 20גר חלבון 64גרם,גרמים,64.00,100 גרם,false,1,14.90,0.2328,true,1,76112
5060756343702,false,WARRIORחטיף חלבון קר,תעשיות מזון בלאבאן,US,WARRIORחטיף חלבון קראנץ פטל שוקולד מריר,גרמים,64.00,100 גרם,false,1,14.90,0.2328,true,1,77538
5099873017623,false,גק דניאלס תפוח 700 מ,מזקקת ג'ק דניאלס,BE,ליקר טנסי קינמון על בסיס ג'ק דניאל'ס,מיליליטרים,700.00,"100 מ""ל",false,1,129.90,0.1856,true,1,73758
5200133120476,false,גליליות וופלים 400 ג,יוניליוור גרמניה Gm,GR,גליליות וופלים 400 גרם אגוזים וקקאו,גרמים,400.00,100 גרם,false,1,19.90,0.0497,true,1,18981
5201360521241,false,קוראסון 7DAYS במילוי,ציפיטה,,קוראסון 7DAYS במילוי אישי 65 גרם,גרמים,65.00,100 גרם,false,1,4.50,0.0692,true,1,14808
5201484021009,false,אוזו סאן ריבל,san rival,GR,"אוזו סאן ריבל 700 מ""ל",מיליליטרים,700.00,"100 מ""ל",false,1,89.90,0.1284,true,1,33888
5202390014192,false,צהובה טבעונית עם זית,פרוטרופיק סיה.,GR,צהובה טבעונית עם זיתים200 גרם ויולייף,גרמים,200.00,100 גרם,false,1,24.90,0.1245,true,1,18296
5202390014222,false,צהובה עגבניות בזיל ט,פרוטרופיק סיה.,GR,צהובה עגבניות בזיל טבעוני 200 גרם ויוליף,גרמים,200.00,100 גרם,false,1,24.90,0.1245,true,1,18290
5202390014239,false,צהובה עשבי תיבול טבע,פרוטרופיק סיה.,GR,צהובה עשבי תיבול טבעוני 200 גרם ויולייף,גרמים,200.00,100 גרם,false,1,24.90,0.1245,true,1,18291
5202390015618,false,צהובה אורגינל טבעוני,פרוטרופיק סיה.,GR,צהובה אורגינל טבעוני 200 גרם ויולייף,גרמים,200.00,100 גרם,false,1,24.90,0.1245,true,1,11927
5202390016325,false,צהובה מעושנת טבעוני,"אריביה אס.אי., יוון",GR,צהובה מעושנת טבעוני 200 גרם ויולייף,גרמים,200.00,100 גרם,false,1,24.90,0.1245,true,1,15080
5202390021121,false,קרמי אורגינל טבעוני,וויטרוס אס.אי.,GR,ויולייף קרמית טבעונית בסגנון אורגינלי 150 גרם,גרמים,150.00,100 גרם,false,1,21.90,0.1460,true,1,20004
5202795080709,false,"אוזו מטקסה 700 מ""ל",פארייפאבה אגרואינדוס,GR,"הכרם אוזו מטקסה, 700 מל",מיליליטרים,700.00,"100 מ""ל",false,1,89.90,0.1284,true,1,66539
5208049001452,false,גולדן ירוק 30 ג+ ניי,BAT,,גולדן ירוק 30 ג+ נייר PP פקט חפיסה,יחידה,1.00,יחידה,false,1,69.90,69.9000,false,1,70961
5208049001513,false,גולדן וירגיניה צהוב,,,גולדן וירגיניה צהוב 30 גר+ נייר גלגול P,גרמים,30.00,100 גרם,false,1,69.90,2.3300,true,1,70792
5208049001841,false,פאל מאל דמי קפסולה ב,גלוברנס,,פאל מאל דמי קפסולה בודד,יחידה,1.00,יחידה,false,1,26.40,26.4000,false,1,70458
5208049002473,false,סיגריות קנט ארוך חפי,BAT,,סיגריות קנט ארוך חפיסה בודד PP,יחידה,1.00,יחידה,false,1,37.80,37.8000,false,1,70803
5208049004781,false,סיגריות פאל מאל ברי,,,סיגריות,יחידה,1.00,יחידה,false,1,26.40,26.4000,false,1,73455
5208049005719,false,סיגריות פאל מאל אננס,,,סיגריות פאל מאל אננס דמ י סלימס בודד,לא מנהל יחידת מידה,0.00,לא מנהל יחידת מידה,false,1,26.40,0.0000,false,1,75775
5208049006594,false,פאל מאל אקסטרה כחול,BAT,DE,פאל מאל אקסטרה כחול חפיסה,יחידה,1.00,יחידה,false,1,29.40,29.4000,true,1,77194
5208049006624,false,פאל מאל אקסטרה סילבר,BAT,DE,פאל מאל אקסטרה סילבר חפיסה,יחידה,1.00,יחידה,false,1,29.40,29.4000,true,1,77196
5410103161518,false,פלניטוד פ.משולשת,יושלם,,קרם לחות פ.משולשת רגיל,מיליליטרים,50.00,"100 מ""ל",false,1,52.90,1.0580,true,1,1756
5410126006360,false,לוטוס עוגיות סנדוויץ,מונדלייז,BE,לוטוס עוגיות סנדוויץ במילוי לוטוס 150 גר,גרמים,150.00,100 גרם,false,1,10.90,0.0727,true,1,75695
5410126006377,false,לוטוס עוגיות סנדוויץ,מונדלייז,BE,לוטוס עוגיות סנדוויץ במילוי וניל 150 גרם,גרמים,150.00,100 גרם,false,1,10.90,0.0727,true,1,75696
5410126106183,false,ביסקוויט קרמל לוטוס,כלורוקס אוקלנד,BE,"ביסקויט קרמל 312 גרם בד""צ 50 יח ארוז בנפ",גרמים,312.00,100 גרם,false,1,22.90,0.0734,true,1,3137
5410126116953,false,ממרח לוטוס עוגיות קר,כלורוקס אוקלנד,BE,לוטוס ממרח עוגיות קרמל 400 גרם,גרמים,400.00,100 גרם,false,1,24.50,0.0613,true,1,10267
5410126126020,false,מארז שבועות עוגיות ל,,,מארז שבועות עוגיות לוטוס250גרם,גרמים,250.00,100 גרם,false,1,23.90,0.0956,true,1,74342
5410126716016,false,ביסקוויט לוטוס טעם ק,לוטוס ביקרי בלגיה,BE,"ביסקויט בטעם קרמל לוטוס 250 גרם בד""צ",גרמים,250.00,100 גרם,false,1,12.90,0.0516,true,1,1758
5410126726947,false,ממרח לוטוס עוגיות קר,כלורוקס אוקלנד,BE,ממרח עוגיות לוטוס קראנץ',גרמים,380.00,100 גרם,false,1,24.50,0.0645,true,1,11989
5410228142089,false,בירה לף בלונד בקבוק,אינבב,,"בירה לף בלונד בקבוק 330 מ""ל",מיליליטרים,330.00,"100 מ""ל",false,1,11.90,0.0361,true,1,76932
5410228146162,false,בירה לף ברון בקבוק 3,אינבב,BE,"בירה לף ברון בקבוק 330 מ""ל",מיליליטרים,330.00,"100 מ""ל",false,1,11.90,0.0361,true,1,6847
5410228217732,false,סטלה ארטואה - פחית 4,מנדלז סי.אר. פרודקשן,BE,בירה סטלה ארטואה בפחית 440 מל,מיליליטרים,440.00,"100 מ""ל",false,1,14.90,0.0339,true,1,73759
5410228267508,false,בירה באדוויזר בקבוק,"איי, בי, אינבוו",,בירה באדוויזר,מיליליטרים,330.00,"100 מ""ל",false,1,9.50,0.0288,true,1,70184
5410228267515,false,בירה באדוויזר שישייה,"איי, בי, אינבוו",,בירה באדוויזר,ליטרים,1.98,ליטר,false,1,37.90,19.1414,true,1,70183
5410316983693,false,סמירנוף אייס בקבוק .,דיאג'ו אופריישנס,IT,סמירנוף אייס בודד,מיליליטרים,275.00,"100 מ""ל",false,1,13.90,0.0505,true,1,3008
5410769100081,false,בירה לה שוף בקבוק 33,"איי, בי, אינבוו",BE,לה שוף בירה חזקה ומעוננת 330 מל,מיליליטרים,330.00,"100 מ""ל",false,1,17.90,0.0542,true,1,8261
5410769200088,false,בירה מק שוף בקבוק 33,פארייפאבה אגרואינדוס,BE,"בירה מק שוף בקבוק 330 מ""ל",מיליליטרים,330.00,"100 מ""ל",false,1,17.90,0.0542,true,1,8263
5410769800097,false,בירה צרי שוף 8% בקבו,פארייפאבה אגרואינדוס,BE,"בירה צרי שוף 8% בקבוק 330 מ""ל",מיליליטרים,330.00,"100 מ""ל",false,1,17.90,0.0542,true,1,17908
5411081003654,false,בירה קסטל רוזי 330,יושלם,,בירה קסטל רוזי 330,מיליליטרים,330.00,"100 מ""ל",false,1,12.90,0.0391,true,1,11007
5411188081852,false,משקה סויה אלפרו וניל,הנסיך- מפעל לייצור ט,BE,משקה סויה אלפרו וניל 1 ליטר,ליטרים,1.00,ליטר,false,1,15.90,15.9000,true,1,11992
5411188094159,false,מעדן סויה שוקולד בלג,אלפרו C.V.A,BE,אלפרו מעדן סויה שוקולד מריר 4*125מל,גרמים,500.00,100 גרם,false,1,19.80,0.0396,true,1,5552
5411188096108,false,שמנת לבישול אלפרו 25,אלפרו C.V.A,BE,"שמנת לבישול אלפרו 250 מ""ל",מיליליטרים,250.00,"100 מ""ל",false,1,10.90,0.0436,true,1,7715
5411188110835,false,משקה אלפרו חלב שקדים,הנסיך- מפעל לייצור ט,BE,אלפרו משקה שקדים 1ל,ליטרים,1.00,ליטר,false,1,15.90,15.9000,true,1,10654
5411188112549,false,משקה אלפרו אורז 1 לי,הנסיך- מפעל לייצור ט,BE,אלפרו משקה אורז 1ל,ליטרים,1.00,ליטר,false,1,15.90,15.9000,true,1,11822
5411188112709,false,אלפרו משקה שקדים ללא,הנסיך- מפעל לייצור ט,BE,אלפרו משקה שקדים ללס 1ל,ליטרים,1.00,ליטר,false,1,15.90,15.9000,true,1,35747
5411188115366,false,אלפרו.משקה שיבולת שו,הנסיך- מפעל לייצור ט,BE,אלפרו משקה שיבולת שועל 1 ליטר,ליטרים,1.00,ליטר,false,1,15.90,15.9000,true,1,11823
5411188115472,false,משקה סויה אלפרו 1ל,אלפרו C.V.A,BE,אלפרו משקה סויה 1ל,ליטרים,1.00,ליטר,false,1,15.90,15.9000,true,1,72958
5411188118732,false,משקה אלפרו קוקוס שקד,אלפרו C.V.A,BE,אלפרו משקה שקדים קוקוס 1ל,ליטרים,1.00,ליטר,false,1,15.90,15.9000,true,1,14816
5411188120742,false,משקה אלפרו שקדים בטע,הנסיך- מפעל לייצור ט,BE,אלפרו משקה שקדים וניל 1ל,ליטרים,1.00,ליטר,false,1,15.90,15.9000,true,1,14815
5411188121923,false,משקה סויה אלפרו סידן,הנסיך- מפעל לייצור ט,BE,אלפרו משקה סויה 3*250מל,מיליליטרים,750.00,"100 מ""ל",false,1,15.90,0.0212,true,1,17991
5411188124726,false,משקה אלפרו שיבולת שו,הדקלאים אגודת שיתופי,BE,אלפרו משקה ש.שועל שקדים1ל,ליטרים,1.00,ליטר,false,1,15.90,15.9000,true,1,17871
5411188127697,false,משקה בריסטה שיבולת ש,הנסיך- מפעל לייצור ט,BE,אלפרו בריסטה שיבולת שועל 1ל,ליטרים,1.00,ליטר,false,1,15.90,15.9000,true,1,72960
5411188134985,false,3.5%שומן NOT MILK א,הנסיך- מפעל לייצור ט,BE,3.5%שומן NOT MILK אלפרו שבולת שועל 1 לי,ליטרים,1.00,ליטר,false,1,14.90,14.9000,true,1,75320
5411188135005,false,1.8%שומן NOT MILK א,הנסיך- מפעל לייצור ט,BE,1.8%שומן NOT MILK אלפרו שבולת שועל 1 לי,ליטרים,1.00,ליטר,false,1,14.90,14.9000,true,1,75365
5411188300328,false,משקה סויה שוקו,הנסיך- מפעל לייצור ט,BE,אלפרו משקה סויה שוקו 1ל,ליטרים,1.00,ליטר,false,1,15.90,15.9000,true,1,11995
5411188513483,false,אלפרו סויה לבישול 14,אלפרו,BE,אלפרו סויה לבישול 14% שומן 250מל,מיליליטרים,250.00,"100 מ""ל",false,1,10.90,0.0436,true,1,76145
5411188543398,false,משקה סויה אלפרו ללא,הנסיך- מפעל לייצור ט,BE,אלפרו משקה סויה ללא סוכר 1 ליטר,ליטרים,1.00,ליטר,false,1,15.90,15.9000,true,1,72961
5411616002190,false,בירה מרטנס סטרונג 8.,שוורצקוף& הנקל דיסלד,BE,"בירה Strong מרטנס 500 מ""ל 8.5%",מיליליטרים,500.00,"100 מ""ל",false,1,7.90,0.0158,true,1,17430
5411616133245,false,בירה מרטנס לאגר פחית,שוורצקוף& הנקל דיסלד,BE,"בירה מרטנס ירוק פרימיום 500 מ""ל 5%",מיליליטרים,500.00,"100 מ""ל",false,1,7.90,0.0158,true,1,3058
5411616148546,false,בירה מרטנס גולד פחית,מיוצר בסין.יבוא ושיו,BE,בירה מרטנס גולד 500מל 6.5%,מיליליטרים,500.00,"100 מ""ל",false,1,7.90,0.0158,true,1,2819
5411681014005,false,בירה דובל בקבוק 330,פארייפאבה אגרואינדוס,IL,"בירה דובל בקבוק 330 מ""ל",מיליליטרים,330.00,"100 מ""ל",false,1,17.90,0.0542,true,1,1763
5411681038001,false,בירה מרדסו בקבוק 330,"איי, בי, אינבוו",BE,בירה מרדסו 10% כוהל 330 מל,מיליליטרים,330.00,"100 מ""ל",false,1,17.90,0.0542,true,1,14861
5411718911154,false,סיידר תפוחים 4.5%סטר,"איי, בי, אינבוו",BE,"סיידר תפוחים 4.5%סטרונגבאו פירות 330 מ""ל",מיליליטרים,330.00,"100 מ""ל",false,1,8.90,0.0270,true,1,16563
5413149655522,false,אבקת כביסה אריאל שוש,פרוקטר אנד גמבל,,איראל אבקת כביסה שושן צחור 1.25 קג,קילוגרמים,1.25,"ק""ג",false,1,19.90,15.9200,true,1,6786
5600286004072,false,תפוחונים אורגניים מת,נטורפוד,PT,תפוחונים אורגניים מתקתק 40 גרם נטורפוד,גרמים,40.00,100 גרם,false,1,9.90,0.2475,true,1,72578
5600286004089,false,תפוחונים אורגניים חמ,נטורפוד,PT,תפוחונים אורגניים חמצמץ 40 גרם נטורפוד,גרמים,40.00,100 גרם,false,1,9.90,0.2475,true,1,72579
5601010111035,false,סרדינים בשמן זית 125,רמירז קונסרב,PT,שימורי סרדינים בשמן זית,גרמים,125.00,100 גרם,false,1,12.90,0.1032,true,1,8925
5601010211070,false,סרדינים במים 125 גרם,רמירז קונסרב,PT,שימורי סרדינים במי מלח 100 גרם,גרמים,125.00,100 גרם,false,1,11.50,0.0920,true,1,8437
5601010211087,false,סרדינים פילה בשמן זי,רמירז קונסרב,PT,שימורי סרדינים(פילה)בשמן זית,גרמים,100.00,100 גרם,false,1,13.50,0.1350,true,1,8490
5601045300022,false,משקה גוארנה אנטרטיקה,"איי, בי, אינבוו",PT,"גוארנה אנטרטיקה פחית צרה 330 מ""ל",מיליליטרים,330.00,"100 מ""ל",false,1,6.50,0.0197,true,1,6278
5701397337803,false,בוטנים מלוח מתוק 130,snack foods,DK,בוטנים מלוח מתוק 130 גרם,גרמים,130.00,100 גרם,false,1,12.90,0.0992,true,1,18783
5701397337810,false,בוטני חריף מלוח 130,snack foods,DK,בוטני חריף מלוח 130 גר,גרמים,130.00,100 גרם,false,1,12.90,0.0992,true,1,18785
5701397337841,false,קופסאות בוטנים ווסאב,snack foods,DK,קופסאות בוטנים ווסאבי,גרמים,100.00,100 גרם,false,1,12.90,0.1290,true,1,18781
5701932026964,false,פופקורן עם מלח הוטפו,פופז בעמ,US,פופקורן עם מלח הוטפופ 600 גרם,גרמים,600.00,100 גרם,false,1,16.90,0.0282,true,1,1864
5701932026995,false,פופקורן לייט טבעי הו,פופז בעמ,US,פופקורן לייט טבעי הוטפופ 510 גרם,גרמים,510.00,100 גרם,false,1,16.90,0.0331,true,1,1866
5710840126130,false,טבק לעישון באלי תכלת,S.T.G,,טבק לעישון באלי תכלת חזק 40 גרם,גרמים,40.00,100 גרם,false,1,100.00,2.5000,true,1,13501
5710840186615,false,באלי סילבר אמריקן בל,,,באלי סילבר אמריקן בל,גרמים,40.00,100 גרם,false,1,100.00,2.5000,true,1,19956
5710840210013,false,באלי לבן 40 גר,,,באלי לבן 40 גר,גרמים,40.00,100 גרם,false,1,100.00,2.5000,true,1,71281
5710840210167,false,באלי צהוב 40 גר,S.T.G,,באלי צהוב 40 גר,גרמים,40.00,100 גרם,false,1,100.00,2.5000,true,1,71542
5711953106583,false,ארלה גבינת שמנת טבעי,ארזינא,DK,ארלה גבינת שמנת טבעי,גרמים,200.00,100 גרם,false,1,17.90,0.0895,true,1,70616
5711953106590,false,ארלה גבינת שמנת שום,ארזינא,DK,ארלה גבינת שמנת שום,גרמים,200.00,100 גרם,false,1,17.90,0.0895,true,1,70617
5711953106606,false,ארלה גבינת שמנת עשבי,ארזינא,DK,ארלה גבינת שמנת עשבי תיבול,גרמים,200.00,100 גרם,false,1,17.90,0.0895,true,1,70618
5740900403215,true,ממרח לורפק עם מלח 25,ארזינא,DK,ממרח לורפק עם מלח 250,גרמים,250.00,100 גרם,false,1,18.90,0.0756,true,1,19626
5740900403222,true,ממרח לורפק עם מלח מו,ארזינא,DK,ממרח לורפק עם מלח מופחת שומן,גרמים,250.00,100 גרם,false,1,20.90,0.0836,true,1,19627
5740900403239,true,ממרח לורפק ללא מלח 2,ארזינא,DK,ממרח לורפק בלי מלח 250,גרמים,250.00,100 גרם,false,1,20.90,0.0836,true,1,19628
5740900403284,false,ממרח לורפק 200 גר לל,ארלה דודס,DK,ממרח לורפק 200 גר ללא מלח,גרמים,200.00,100 גרם,false,1,12.50,0.0625,true,1,72836
5740900403864,false,לורפק חמאה עם מלח 20,ארזינא,DK,לורפק חמאה עם מלח 200 גרם,גרמים,200.00,100 גרם,false,1,12.90,0.0645,true,1,75215
5900020012814,false,דגני בוקר נסקוויק 50,מיוצר עי קונדיטוריית,PL,דגני בוקר נסקוויק 500 גרם,גרמים,500.00,100 גרם,false,1,27.90,0.0558,true,1,7591
5900020026552,false,דגני האני נאט ציריוס,סי. פי. צרפת,FR,דגני האני נאט ציריוס 625 גרם,גרמים,625.00,100 גרם,false,1,27.90,0.0446,true,1,15396
5900617035882,false,חטיף חלבון נוטרישיין,גרנייה,NL,חטיף חלבון נוטרישיין שוקולד50גרם,גרמים,50.00,100 גרם,false,1,12.90,0.2580,true,1,76445
5900617035905,false,חטיף חלבון נוטרישיין,גרנייה,NL,חטיף חלבון נוטרישיין קרמל מלוח 50גרם,גרמים,50.00,100 גרם,false,1,12.90,0.2580,true,1,76444
5900617035929,false,חטיף חלבון נוטרישיין,גרנייה,NL,חטיף חלבון נוטרישיין וניל תות יער 50גרם,גרמים,50.00,100 גרם,false,1,12.90,0.2580,true,1,76446
5900951283963,false,dro סניקרס קרימי ח.ב,סנו מפעלי ברונוס.,PL,dro סניקרס קרימי ח.בוטנים 36.5,גרמים,37.00,100 גרם,false,1,4.90,0.1324,true,1,76193
5902047174209,false,פילטר סילבר סטאר 5.3,,,"פילטר סילבר סטאר 5.3מ""מ קצר",יחידה,1.00,יחידה,false,1,5.00,5.0000,true,1,76507
5902198160403,false,משקה אנרגיה XL TEN,"טמפו משקאות בע""מ",IL,"משקה אנרגיה XL TEN פחית 250 מ""ל",מיליליטרים,250.00,"100 מ""ל",false,1,5.50,0.0220,true,1,16932
5904941750312,false,משקה אנרגיה BLU דיי,אקו - ביט,PL,בלו משקה אנרגיה מוגז 250 מל,מיליליטרים,250.00,"100 מ""ל",false,1,4.50,0.0180,true,1,10597
5904941751302,false,משקה אנרגיה BLU פחי,אקו - ביט,PL,בלו משקה אנרגיה מוגז 250 מל,מיליליטרים,250.00,"100 מ""ל",false,1,4.50,0.0180,true,1,6629
5904941751524,false,משקה אנרגיה BLU דיי,אקו - ביט,PL,בלו משקה אנרגיה מוגז 250 מל,מיליליטרים,250.00,"100 מ""ל",false,1,4.50,0.0180,true,1,10598
5904941751715,false,משקה אנרגיה BLU חמוצ,אקו - ביט,PL,בלו משקה אנרגיה מוגז 250 מל,מיליליטרים,250.00,"100 מ""ל",false,1,4.50,0.0180,true,1,8157
5904941751920,false,משקה אנרגיה BLU דיי,אקו - ביט,PL,בלו משקה אנרגיה מוגז 250 מל,מיליליטרים,250.00,"100 מ""ל",false,1,4.50,0.0180,true,1,9832
5906485301012,false,משקה אנרגיה XL פחית,"טמפו משקאות בע""מ",IL,אקס אל אנרג'י דרינק משקה אנרגיה מוגז,מיליליטרים,250.00,"100 מ""ל",false,1,5.50,0.0220,true,1,4280
5998623526739,false,יין גוורצטרמינר סי ג,דנוביאנה,HU,"יין גוורצטרמינר סי גראס 750 מ""ל",מיליליטרים,750.00,"100 מ""ל",false,1,49.90,0.0665,true,1,67197
6001067001485,false,מברשת שיניים קולגייט,קולגייט פלמוליב,CN,מברשת שיניים קולגייט 360,יחידה,1.00,יחידה,false,1,9.90,9.9000,true,1,76847
6008165003984,false,סיגריות פאל מל כחול,אמריקן גרדן,,סיגריות פאל מל כחול סטרים חפיסה בודד,לא מנהל יחידת מידה,0.00,לא מנהל יחידת מידה,false,1,30.50,0.0000,false,1,11147
6008165271192,false,סיגריות פאל מל ארוך,אמריקן גרדן,,סיגריות פאל מל ארוך אדום חפיסה בודד,לא מנהל יחידת מידה,0.00,לא מנהל יחידת מידה,false,1,30.50,0.0000,false,1,10806
6008165274629,false,סיגריות פאל מאל כחול,יושלם,,סיגריות פאל מאל כחול ארוך סטרים חפיסה בו,לא מנהל יחידת מידה,0.00,לא מנהל יחידת מידה,false,1,30.50,0.0000,false,1,14204
6008165276098,false,סיגריות רוטמנס כחול,BAT,,סיגריות רוטמנס כחול חפיסה בודד,Unknown,0.00,Unknown,false,1,28.20,0.0000,false,1,17707
6253017300012,false,טחינה קראוון המקורית,אחדות ביחר לטחינה ח,IL,טחינה קראוון המקורית 500 גרם,גרמים,500.00,100 גרם,false,1,16.90,0.0338,true,1,9707
6253341100029,false,טחינה עאייש 100% שומ,עומר עאייש שכם,PS,טחינה עאייש 100% שומשום 450 גרם,גרמים,450.00,100 גרם,false,1,17.90,0.0398,true,1,69696
6910191800287,false,אצות נורי בלו 10 דף,ננטונג היידה אקווטוק,CN,אצות נורי בלו 10 דף,יחידה,60.00,יחידה,false,1,13.90,0.2317,true,1,76269
6912977000140,false,איטריות שעועית 250 ג,Yantai Yinsida Longk,CN,אטריות שעועית ללא גלוטן 250 גרם,גרמים,250.00,100 גרם,false,1,9.90,0.0396,true,1,76276
6921052701001,false,אצות וואקמה 40 גרם ר,Yan Wal Yun Corpora,TH,אצות וואקמה 40 גרם רונגצאנג,גרמים,40.00,100 גרם,false,1,10.90,0.2725,true,1,76285
6922276100083,false,מחית וואסבי,Qingdao Sun-growing,CN,מזרח ומערב מחית וואסבי-חזרת 43 גרם,גרמים,43.00,100 גרם,false,1,10.90,0.2535,true,1,76268
6928542902795,false,פרש דפי ריענון כחול,שאטו בלוו,CN,פרש דפי ריענון כחול,לא מנהל יחידת מידה,0.00,לא מנהל יחידת מידה,false,1,7.90,0.0000,true,1,4586
6928542902801,false,פרש דפי ריענון מנטה,שאטו בלוו,CN,פרש דפי ריענון מנטה ירוק,לא מנהל יחידת מידה,0.00,לא מנהל יחידת מידה,false,1,7.90,0.0000,true,1,4587
6928542902818,false,סטריפס בטעם תות 12 י,שאטו בלוו,CN,פרש דפי ריענון תות אדום,לא מנהל יחידת מידה,0.00,לא מנהל יחידת מידה,false,1,7.90,0.0000,true,1,4588
6936745600462,false,מירין,Qingdao Sun-growing,CN,מזרח ומערב רוטב מירין לתיבול 500 מל,מיליליטרים,500.00,"100 מ""ל",false,1,21.90,0.0438,true,1,76273
6936745600783,false,חומץ אורז 500 מל,Qingdao Sun-growing,CN,"חומץ אורז 500 מ""ל (דאניינג)",מיליליטרים,500.00,"100 מ""ל",false,1,17.90,0.0358,true,1,76286
6973826700871,false,HQD ס.אלקטרונית אוכמ,shenzhen hot technol,CN,HQD ס.אלקטרונית אוכמניות 2000 שאיפות 1/12,יחידה,1.00,יחידה,false,1,109.90,109.9000,false,1,75727
6973826700895,false,HQD ס.אלקטרונית ענבי,shenzhen hot technol,CN,HQD ס.אלקטרונית ענבים 2000 שאיפות 1/12,יחידה,1.00,יחידה,false,1,109.90,109.9000,false,1,75730
6973826700918,false,HQD ס.אלקטרונית מנטה,shenzhen hot technol,CN,HQD ס.אלקטרונית מנטה אייס 2000 שאיפות 1/,יחידה,1.00,יחידה,false,1,109.90,109.9000,false,1,75728
6973826700994,false,HQD ס.אלקטרונית תות,shenzhen hot technol,CN,HQD ס.אלקטרונית תות אייס 2000 שאיפות 1/1,יחידה,1.00,יחידה,false,1,109.90,109.9000,false,1,75732
6973826701014,false,HQD ס.אלקטרונית אבטי,shenzhen hot technol,CN,HQD ס.אלקטרונית אבטיח אייס 2000 שאיפות 1,לא מנהל יחידת מידה,0.00,לא מנהל יחידת מידה,false,1,109.90,0.0000,false,1,75729
6973826701076,false,HQD סיגריה אלקטרונית,shenzhen hot technol,CN,HQD סיגריה אלקטרונית פירות 2000 שאיפות,יחידה,1.00,יחידה,false,1,109.90,109.9000,false,1,76580
6974706640027,false,סיגריה אלקטרונית סמא,shenzhen hot technol,CN,סיגריה אלקטרונית סמארט אבטיח אייס 3000 שאיפות,יחידה,1.00,יחידה,false,1,99.90,99.9000,true,1,77379
7038516140357,false,מברשת שיניים גורדן ט,פרוטרופיק סיה.,NO,ג'ורדן מברשת שיניים רביעייה סופט,Unknown,0.00,Unknown,false,1,19.90,0.0000,true,1,11233
7271730901261,false,פסטה עם גבינה 156 גר,נטו מלינדה-בשר,US,ארוחת אטריות עם רוטב גבינה,גרמים,156.00,100 גרם,false,1,12.90,0.0827,true,1,10481
7290000003337,true,רולר דביק לניקוי פרו,,,רולר דביק לניקוי פרווה,יחידה,1.00,יחידה,false,1,3.00,3.0000,true,1,19967
7290000008384,false,דונאטס במגוון טעמים,פילסברי,IL,דונאטס במגוון טעמים,יחידה,1.00,יחידה,false,1,8.50,8.5000,true,1,74987
7290000023083,false,ערק אשקלון 40% בקבוק,"יקבי ברקן בע""מ",IL,"ערק אשקלון 40% בקבוק 700 מ""ל",מיליליטרים,700.00,"100 מ""ל",false,1,64.90,0.0927,true,1,11734
7290000023809,false,יין ברקן קלאסיק קברנ,"איי, בי, אינבוו",IL,ברקן קלאסיק קברנה סוביניון יין אדום יבש 2015,מיליליטרים,750.00,"100 מ""ל",false,1,34.90,0.0465,true,1,531
7290000023816,false,יין ברקן קלאסיק אמרל,"איי, בי, אינבוו",IL,ברקן קלאסיק אמרלד ריזלינג יין לבן חצי יבש 2016,מיליליטרים,750.00,"100 מ""ל",false,1,34.90,0.0465,true,1,532
7290000023847,false,יין ברקן קלאסיק שרדו,יקבי ברקן שיווק והפצ,IL,"יין ברקן קלאסיק שרדונה 750 מ""ל",מיליליטרים,750.00,"100 מ""ל",false,1,34.90,0.0465,true,1,535
7290000023977,false,יין ברקן קלאסיק מרלו,"איי, בי, אינבוו",IL,ברקן קלאסיק מרלו יין אדום יבש 2015 750 מל,מיליליטרים,750.00,"100 מ""ל",false,1,34.90,0.0465,true,1,537
7290000024523,false,מיץ ענבים תירוש סגל,כרמי צבי - האחים סגל,IL,מיץ ענבים תירוש סגל 1 ליטר,ליטרים,1.00,ליטר,false,1,15.90,15.9000,true,1,12750
7290000040042,false,יוגורט יופלה תות 3%,תנובה בעמ,IL,יופלה יוגורט תות %3 גביע 150 גרם,גרמים,150.00,100 גרם,false,1,5.50,0.0367,true,1,1241
7290000040066,false,יוגורט יופלה דובדבן,תנובה בעמ,IL,יופלה יוגורט דובדבן %3 גביע 150 גרם,גרמים,150.00,100 גרם,false,1,5.50,0.0367,true,1,1260
7290000040080,false,יוגורט יופלה אפרסק 3,תנובה בעמ,IL,יופלה יוגורט אפרסק %3 גביע 150 גרם,גרמים,150.00,100 גרם,false,1,5.50,0.0367,true,1,1261
7290000040301,false,גבינה קולאז קממבר 12,תנובה,IL,קממבר 24%,גרמים,125.00,100 גרם,false,1,22.90,0.1832,true,1,74810
7290000040318,false,גבינת ברי קולאז 125,תנובה,IL,גבינת ברי קולאז 125 גרם קולקשיין,גרמים,125.00,100 גרם,false,1,21.60,0.1728,true,1,1299
7290000040974,false,חלב דל לקטוז 2% בקרט,"תנובה, מחלבת רחובות",IL,חלב תנובה דל לקטוז 2% שומן 1 ליטר,ליטרים,1.00,ליטר,false,1,7.50,7.5000,true,1,8650
7290000041445,false,קוטג 5% תנובה 250 גר,מחלבת אלון תבור,IL,קוטג תנובה גביע 250 גרם 5% בדצ,גרמים,250.00,100 גרם,false,1,5.70,0.0228,true,1,1370
7290000041858,false,שמנת יטבתה מעושרת 20,,IL,שמנת חמוצה 15% מועשרת מהדרין,מיליליטרים,200.00,"100 מ""ל",false,1,2.40,0.0120,true,1,1377
7290000042022,false,חלב 1% על הבוקר קרטו,תנובה,IL,תנובה משקה חלב בטעם וניל 1% 1 ליטר,ליטרים,1.00,ליטר,false,1,8.50,8.5000,true,1,1390
7290000042404,false,חלב 3% שקית מועשר יט,מחלבת יטבתה,IL,חלב שקית מהדרין 3% מועשר,ליטרים,1.00,ליטר,false,1,6.70,6.7000,true,1,1405
7290000042435,false,חלב 1% קרטון פיקוח 1,תנובה,IL,תנובה חלב טרי 1% שומן,ליטרים,1.00,ליטר,false,1,5.86,5.8600,true,1,1407
7290000042640,false,"חלב עמיד 250 מ""ל",תנובה,IL,תנובה חלב עמיד 3% שומן 250 מל,מיליליטרים,250.00,"100 מ""ל",false,1,2.90,0.0116,true,1,2808
7290000042855,false,שוקו יטבתה בשקית 225,שטראוס גרופ,,"שוקו יטבתה בשקית 225 מ""ל",מיליליטרים,225.00,"100 מ""ל",false,1,2.60,0.0116,true,1,1416
7290000043111,false,חמאה תנובה 200 גרם,"תנובה, מחלבת תל יוסף",IL,חמאה תנובה 200 גרם,גרמים,200.00,100 גרם,false,1,7.90,0.0395,true,1,1418
7290000043814,false,שמנת מתוקה עמידה 38%,תנובה,IL,השף הלבן שמנת להקצפה 38% שומן 250 מל,מיליליטרים,250.00,"100 מ""ל",false,1,6.47,0.0259,true,1,1452
7290000043890,false,רויון בקרטון 1 ליטר,תנובה,IL,תנובה רויון לבן מחלב מפסוטר 1.5% 1 ליטר,ליטרים,1.00,ליטר,false,1,12.00,12.0000,true,1,1454
7290000043944,false,יוגורט 4.5% בכד תנוב,מחלבת אלון תבור,IL,יוגורט 4.5% בכד תנובה 1.5 ליטר,ליטרים,1.50,ליטר,false,1,16.90,11.2667,true,1,1455
7290000044248,false,"רויון בקרטון 500 מ""ל",תנובה,IL,תנובה רויון לבן מחלב מפוסטר 1.5% 500 מל,מיליליטרים,500.00,"100 מ""ל",false,1,6.60,0.0132,true,1,1458
7290000044712,false,"פרילי תות 500 מ""ל",מיוצר עי קונדיטוריית,IL,"פרילי תות 500 מ""ל",מיליליטרים,500.00,"100 מ""ל",false,1,12.30,0.0246,true,1,1460
7290000044880,false,"באדי תות 3% 500 מ""ל",מחלבת אלון תבור,IL,"באדי תות 3% 500 מ""ל",מיליליטרים,500.00,"100 מ""ל",false,1,10.90,0.0218,true,1,1462
7290000045580,false,גבינה מותכת חורש 240,תנובה,IL,נעמה גבינה מותכת משולשים 25% שומן,גרמים,240.00,100 גרם,false,1,20.50,0.0854,true,1,1492
7290000045917,false,גבינה צאן פרומעז גלי,תנובה,IL,תנובה פרומעז גבינה מותכת מחלב עיזים 23% שומן,גרמים,200.00,100 גרם,false,1,27.90,0.1395,true,1,1498
7290000046327,false,גבינה צהובה גלבוע פר,"תנובה, מחלבת תל יוסף",IL,גלבוע גבינה צהובה חצי קשה פרוס 22% שומן,גרמים,200.00,100 גרם,false,1,13.90,0.0695,true,1,1518
7290000047621,false,גבינה למריחה 5% תנוב,מחלבת אלון תבור,IL,גבינה לבנה 5% 250 גרם בדצ,גרמים,250.00,100 גרם,false,1,4.98,0.0199,true,1,3153
7290000048185,false,גבינה למריחה 5% תנוב,מחלבת אלון תבור,IL,גבינה למריחה 5% תנובה פיקוח 250 גרם,גרמים,250.00,100 גרם,false,1,4.98,0.0199,true,1,1562
7290000048192,false,גבינה למריחה 9% תנוב,מחלבת אלון תבור,IL,גבינה למריחה 9% תנובה 250 גרם,גרמים,250.00,100 גרם,false,1,4.80,0.0192,true,1,1563
7290000048307,false,קוטג 5% זיתים 250 גר,מחלבת אלון תבור,IL,קוטג 5% זיתים 250 גרם,גרמים,250.00,100 גרם,false,1,6.10,0.0244,true,1,1568
7290000048437,false,גבינה צפתית 5% פיראו,פארייפאבה אגרואינדוס,IL,גבינה צפתית 5% שומן,גרמים,200.00,100 גרם,false,1,15.90,0.0795,true,1,1573
7290000049458,false,גבינת פטה עזים 16% פ,תנובה,IL,פיראוס פטה עיזים 16% שומן,גרמים,250.00,100 גרם,false,1,29.90,0.1196,true,1,1586
7290000050447,false,יופלה תות 500 גרם,מיוצר עי קונדיטוריית,IL,יופלה תות 3% גביע 500 גרם,גרמים,500.00,100 גרם,false,1,13.90,0.0278,true,1,6943
7290000051352,false,חלב של פעם 3.5% /3.8,הרדוף תוצרת מזון אור,IL,חלב מלא בטעם של פעם 3.8% שומן 1 ליטר,ליטרים,1.00,ליטר,false,1,7.80,7.8000,true,1,7291
7290000051376,false,יוגורט יופלה דיאט אנ,תנובה בעמ,IL,יופלה דיאט אננס גביע 150 גרם,גרמים,150.00,100 גרם,false,1,5.50,0.0367,true,1,7472
7290000051710,false,גבינת לאבנה שמן זית,"תנובה, מחלבת אלון תב",IL,פיראוס לאבנה אסלית עם שמן זית וזעתר על בסיס יוגורט,גרמים,263.00,100 גרם,false,1,14.90,0.0567,true,1,7473
7290000052311,false,גבינה עמק 15% פרוס 2,תנובה,IL,עמק פרוסות גבינה צהובה חצי קשה 15% מופחתת שומן,גרמים,200.00,100 גרם,false,1,16.90,0.0845,true,1,8169
7290000052717,false,קוטג 5% עם שום שמיר,מחלבת אלון תבור,IL,קוטג 5% עם שום שמיר 250 גרם,גרמים,250.00,100 גרם,false,1,6.10,0.0244,true,1,10166
7290000055015,false,גבינה פטה כבשים 5% פ,תנובה מחלבת טנא נוגה,IL,פיראוס פטה כבשים גבינה מלוחה 5% שומן,גרמים,250.00,100 גרם,false,1,29.90,0.1196,true,1,8689
7290000055206,false,גבינה לבנה 5% בצל מט,מחלבת אלון תבור,IL,גבינה לבנה 5% בצל מטוגן 250 גרם,גרמים,250.00,100 גרם,false,1,5.90,0.0236,true,1,9307
7290000055329,false,משקה יוגורט יופלה תו,תנובה בעמ,IL,"משקה יוגורט יופלה תות מלון 250 מ""ל",מיליליטרים,250.00,"100 מ""ל",false,1,5.90,0.0236,true,1,8893
7290000055336,false,משקה יוגורט יופלה בנ,תנובה בעמ,IL,"משקה יוגורט יופלה בננה אפרסק 250 מ""ל",מיליליטרים,250.00,"100 מ""ל",false,1,5.90,0.0236,true,1,8894
7290000055343,false,משקה יוגורט יופלה טר,תנובה בעמ,IL,"משקה יוגורט יופלה טרופי 250 מ""ל",מיליליטרים,250.00,"100 מ""ל",false,1,5.90,0.0236,true,1,8895
7290000055893,false,חמאה תנובה 200 גרם,תנובה,IL,חמאה תנובה 200 גרם,גרמים,200.00,100 גרם,false,1,7.90,0.0395,true,1,10812
7290000056272,false,גבינה לבנה 5% זיתים,מחלבת אלון תבור,IL,גבינה לבנה 5% זיתים 250 גרם,גרמים,250.00,100 גרם,false,1,5.90,0.0236,true,1,9320
7290000056845,false,חלב 3% קרטון פיקוח 1,"תנובה, מחלבת רחובות",IL,תנובה חלב טרי 3% שומן אריזת נוחות,ליטרים,1.50,ליטר,false,1,9.34,6.2267,true,1,9417
7290000057088,false,גבינה עמק 28% דק 200,פ.פ.ח. שאביט,IL,גבינה עמק 28% דק 200 גרם,גרמים,200.00,100 גרם,false,1,16.90,0.0845,true,1,9423
7290000057118,false,גבינה צהובה עמק קלאס,פ.פ.ח. שאביט,IL,גבינת עמק קלאסית חצי קשה פרוסות 28% שומן,גרמים,400.00,100 גרם,false,1,23.10,0.0578,true,1,9440
7290000057132,false,יוגורט ביו 1.5% תנוב,מחלבת אלון תבור,IL,יוגורט ביו 1.5% תנובה 200 גרם,גרמים,200.00,100 גרם,false,1,3.50,0.0175,true,1,9424
7290000057149,false,יוגורט ביו 3% תנובה,מחלבת אלון תבור,IL,יוגורט ביו 3% תנובה 200 גרם,גרמים,200.00,100 גרם,false,1,3.20,0.0160,true,1,9425
7290000057552,false,יוגורט יופלה דיאט ע.,תנובה בעמ,IL,יוגורט יופלה דיאט ע.גבינה ותות 150 גרם,גרמים,150.00,100 גרם,false,1,5.50,0.0367,true,1,10081
7290000058047,false,שמנת מתוקה,תנובה,IL,שמנת מתוקה להקצפה 500 38% גרם,מיליליטרים,500.00,"100 מ""ל",false,1,12.94,0.0259,true,1,77228
7290000058580,false,קוקילידה 80 גרם,תות תעשיות מזון (201,IL,נסטלה קוקילידה 28*80גרם,גרמים,80.00,100 גרם,false,1,9.90,0.1238,true,1,3020
7290000060071,false,חטיפי פריכונים טבעי,"מיוצר ע""י PT, משווק",IL,אסם חטיפי פריכונים טבעי 12*80גרם,גרמים,80.00,100 גרם,false,1,8.50,0.1063,true,1,1963
7290000060088,false,בייגלה מקלות מלוחים,מיוצר עי קונדיטוריית,IL,אסם בייגלה מקלות מלוחים 12*400גרם,גרמים,400.00,100 גרם,false,1,14.50,0.0363,true,1,3492
7290000060163,false,אטריות דקות 400 גרם,"אסם השקעות בע""מ",IL,אסם אטריות דקות 12*400גרם,גרמים,400.00,100 גרם,false,1,8.90,0.0223,true,1,1969
7290000060200,false,פתיתים אפויים קוסקוס,"אסם השקעות בע""מ",IL,פתיתים אפויים קוסקוס 500 גרם,גרמים,500.00,100 גרם,false,1,7.90,0.0158,true,1,1970
7290000060576,false,פתיתים אפויים כוכבים,"אסם השקעות בע""מ",IL,אסם פתיתים אפויים כוכבים 12*500גרם,גרמים,500.00,100 גרם,false,1,7.90,0.0158,true,1,1983
7290000060781,false,פסטה מסולסלים אסם 50,פסטה זארה,IT,אסם פסטה מסולסלים לאחר הפסח 12*500גרם,גרמים,500.00,100 גרם,false,1,6.90,0.0138,true,1,1986
7290000060811,false,טילון אקסטרים ענק מט,תות תעשיות מזון (201,IL,אקסטרים ענק מטבע שוקולד 18*120גרם,גרמים,141.00,100 גרם,false,1,9.90,0.0702,true,1,1987
7290000060828,false,פסטה קרניים בינוניות,פסטה זארה,IT,אסם פסטה קרניים בינוניות 12*500גרם,גרמים,500.00,100 גרם,false,1,6.90,0.0138,true,1,74813
7290000060880,false,ספגטי אסם 500 גרם,פסטה זארה,IT,ספגטי אסם 500 גרם,גרמים,500.00,100 גרם,false,1,6.90,0.0138,true,1,74814
7290000060903,false,פתיתים אפויים אורז 5,"אסם השקעות בע""מ",IL,אסם פתיתים אפויים אורז 12*500גרם,גרמים,500.00,100 גרם,false,1,7.90,0.0158,true,1,1990
7290000060958,false,אטריות בינוניות 400,"אסם השקעות בע""מ",IL,אסם אטריות בינוניות 12*400גרם,גרמים,400.00,100 גרם,false,1,8.90,0.0223,true,1,1991
7290000060965,false,אטריות רחבות 400 גרם,"אסם השקעות בע""מ",IL,אסם אטריות רחבות 12*400גרם,גרמים,400.00,100 גרם,false,1,8.90,0.0223,true,1,1992
7290000061061,false,קרקר בצל 250 גרם,"אסם השקעות בע""מ",IL,אסם קרקר בצל 12*250גרם,גרמים,250.00,100 גרם,false,1,11.90,0.0476,true,1,1994
7290000061764,false,קפה נמס רד מאג 200 ג,נסטלה ספרד,ES,נסקפה רד מאג טעם חדש 6*200גרם2017,גרמים,200.00,100 גרם,false,1,27.90,0.1395,true,1,2006
7290000062952,false,קרוטונים מיני למרק ו,עינת תעשיות,IL,אסם מיני קרוטונים למרק וסלט 12*250גרם,גרמים,250.00,100 גרם,false,1,18.90,0.0756,true,1,6558
7290000063102,false,קמח תופח אסם 350 גרם,"אסם השקעות בע""מ",IL,קמח תופח אסם 350 גרם,גרמים,350.00,100 גרם,false,1,5.80,0.0166,true,1,2073
7290000063140,false,שקדי מרק אסם בשקית 4,"אסם השקעות בע""מ",IL,אסם שקדי מרק רכיבים טבעיים 12*400גרם,גרמים,400.00,100 גרם,false,1,14.90,0.0373,true,1,2078
7290000063157,false,"קמח תופח מאליו 1 ק""ג","אסם השקעות בע""מ",IL,"קמח תופח מאליו 1 ק""ג אסם",קילוגרמים,1.00,"ק""ג",false,1,10.30,10.3000,true,1,2080
7290000064758,false,קוסקוס אמיתי אסם 350,"מיוצר ע""י קוד יצרן K",IL,אסם קוסקוס אמיתי 12*350גרם,גרמים,350.00,100 גרם,false,1,9.90,0.0283,true,1,3222
7290000064871,false,מנה חמה פירה עם בצל,"אסם השקעות בע""מ",IL,מנה חמה פירה תפוא.ובצל 12*56גרם,גרמים,56.00,100 גרם,false,1,7.90,0.1411,true,1,2104
7290000065540,false,מנה חמה פסטה מוקרמת,"אסם השקעות בע""מ",IL,מנה חמה פסטה מוקרמת בדץ 12*55גרם,גרמים,55.00,100 גרם,false,1,7.90,0.1436,true,1,2116
7290000065557,false,מנה חמה קוסקוס עם יר,"אסם תעשיות מזון בע""מ",IL,מנה חמה קוסקוס וירקות בדצ 12*84גרם,גרמים,84.00,100 גרם,false,1,7.90,0.0940,true,1,2117
7290000065977,false,אסם חטיפי פריכונים ת,"מיוצר ע""י פרח, משווק",IL,אסם חטיפי פריכונים תירס 12*80גרם,גרמים,80.00,100 גרם,false,1,8.50,0.1063,true,1,8019
7290000066196,false,ביסלי גריל 200 גרם,מיוצר עי קונדיטוריית,IL,ביסלי גריל 25*200גרם,גרמים,200.00,100 גרם,false,1,10.90,0.0545,true,1,2133
7290000066226,false,ביסלי פיצה 200 גרם,מיוצר עי קונדיטוריית,IL,ביסלי פיצה 25*200גרם,גרמים,200.00,100 גרם,false,1,10.90,0.0545,true,1,2136
7290000066264,false,חטיף דובונים 40 גרם,"אסם השקעות בע""מ",IL,חטיף דובונים 40 גרם,גרמים,40.00,100 גרם,false,1,4.90,0.1225,true,1,2137
7290000066295,false,במבה תות 30 גרם,מיוצר עי קונדיטוריית,IL,במבה מתוקה מחומרים טבעיים 40*30גרם,גרמים,30.00,100 גרם,false,1,3.50,0.1167,true,1,2138
7290000066332,false,אפרופו 50 גרם,"אסם השקעות בע""מ",IL,אפרופו 36*50גרם,גרמים,50.00,100 גרם,false,1,5.90,0.1180,true,1,2141
7290000066431,false,חטיף פופקו תירס חמאה,מיוצר עי קונדיטוריית,IL,פופקו חמאה ודבש 40*80גרם,גרמים,80.00,100 גרם,false,1,5.90,0.0738,true,1,2143
7290000067544,false,פירורית זהב 200 גרם,לחמנו,IL,אסם פירורית פירורי לחם זהב 12*200גרם,גרמים,200.00,100 גרם,false,1,7.50,0.0375,true,1,2165
7290000067599,false,מנה חמה ספגטי בולונז,"אסם השקעות בע""מ",IL,מנה חמה ספגטי בולונז 12*65גרם,גרמים,65.00,100 גרם,false,1,7.90,0.1215,true,1,2167
7290000067735,false,ניוקי בצקיות מתפוח א,גרנדי פסטי,IT,ניוקי בצקיות מתפוח אדמה בואקום 500 גרם,גרמים,500.00,100 גרם,false,1,15.90,0.0318,true,1,74818
7290000067742,false,פודינג אינסטנט בטעם,מיוצר עי קונדיטוריית,IL,אסם אינסטנט פודינג וניל כלפ. 12*80גרם,גרמים,80.00,100 גרם,false,1,6.90,0.0863,true,1,6885
7290000068138,false,פודינג אינסטנט וניל,מיוצר עי קונדיטוריית,IL,אסם פודינג אינסטנט וניל 12*80גרם,גרמים,80.00,100 גרם,false,1,6.50,0.0813,true,1,2201
7290000068237,false,"ג""לי בזק טעם פטל 85",מיוצר עי קונדיטוריית,IL,אסם ג'לי פטל צבעים טבעיים 12*85גרם,גרמים,85.00,100 גרם,false,1,7.50,0.0882,true,1,2205
7290000068701,false,שקדי מרק אסם במיכל 4,"אסם השקעות בע""מ",IL,אסם שקדי מרק רכיבים טבע.מיכל 10*400גרם,גרמים,400.00,100 גרם,false,1,17.90,0.0447,true,1,2214
7290000068787,false,במבה יום הולדת 25 גר,מיוצר עי קונדיטוריית,IL,במבה יום הולדת כלפ.108*25גרם,גרמים,25.00,100 גרם,false,1,2.90,0.1160,true,1,2219
7290000070308,false,מרק עוף אמיתי 400 גר,"אסם השקעות בע""מ",IL,אסם מרק עוף אמיתי חתם סופר כלפ.6*400גרם,גרמים,400.00,100 גרם,false,1,25.90,0.0647,true,1,2246
7290000072067,false,במבה במילוי קרם חלבה,מיוצר עי קונדיטוריית,IL,במבה במילוי קרם חלבה כשלפ 60 גרם,גרמים,60.00,100 גרם,false,1,4.90,0.0817,true,1,7625
7290000072623,false,קטשופ לחיץ רגיל,"אסם השקעות בע""מ",IL,אסם קטשופ בקבוק לחיץ 9*750גרם-חדש,גרמים,750.00,100 גרם,false,1,11.90,0.0159,true,1,74821
7290000072630,false,קטשופ לחיץ חריף,"אסם השקעות בע""מ",IL,אסם קטשופ חריף כלפ.9*750גרם 2015,גרמים,750.00,100 גרם,false,1,15.90,0.0212,true,1,74822
7290000072753,false,קפה טסטרצויס 200 גרם,לוטה נסטלה קוריאה,,טייסטרס צ'וייס 12*200גרם,גרמים,200.00,100 גרם,false,1,34.90,0.1745,true,1,74824
7290000072777,false,קפה טסטרצויס נטול קפ,לוטה נסטלה קוריאה,,טייסטרס צוייס נטול קופאין 12*200גרם,גרמים,200.00,100 גרם,false,1,49.50,0.2475,true,1,74826
7290000072968,false,דגני סיני מיניס קינמ,סי. פי. פולין,PL,דגני סיני מיניס קינמון 500 גרם,גרמים,500.00,100 גרם,false,1,27.90,0.0558,true,1,74827
7290000073125,false,מנה חמה פסטה ברוטב ע,"אסם השקעות בע""מ",IL,מנה חמה פסטה עם עגבניות ר.טבע. בדץ12*62ג,גרמים,62.00,100 גרם,false,1,7.90,0.1274,true,1,2324
7290000073699,false,סלט חומוס צבר 150 גר,לחמנו,IL,סלטי צבר חומוס חלק 6*150גרם,גרמים,150.00,100 גרם,false,1,5.90,0.0393,true,1,10229
7290000074184,false,ביסקוויט פתיבר 500 ג,"אסם השקעות בע""מ",IL,ביסקוויט פתיבר 500 גרם,גרמים,500.00,100 גרם,false,1,11.90,0.0238,true,1,2332
7290000074245,false,קרם קרקר 250 גרם,"אסם השקעות בע""מ",IL,אסם קרם קרקר 12*250גרם,גרמים,250.00,100 גרם,false,1,11.90,0.0476,true,1,2333
7290000074252,false,קרקר שומשום 250 גרם,"אסם השקעות בע""מ",IL,אסם קרקר שומשום 12*250גרם,גרמים,250.00,100 גרם,false,1,11.90,0.0476,true,1,2334
7290000074276,false,קרקר פיקנטי 250 גרם,"אסם השקעות בע""מ",IL,אסם קרקר פיקנטי 12*250גרם,גרמים,250.00,100 גרם,false,1,11.90,0.0476,true,1,2335
7290000074375,false,קרקר זהב,"אסם השקעות בע""מ",IL,אסם קרקר זהב 12*150גרם,גרמים,150.00,100 גרם,false,1,7.90,0.0527,true,1,2338
7290000075204,false,לחמית קרקר חיטה מלאה,"אסם השקעות בע""מ",IL,לחמית חיטה מלאה 10*250גרם חדש,גרמים,250.00,100 גרם,false,1,10.90,0.0436,true,1,2351
7290000075693,false,עוגת הבית שמרים בריו,מיוצר עי קונדיטוריית,IL,הבית עוגת שמרים בריוש שוקולד 8*360גרם,גרמים,360.00,100 גרם,false,1,21.90,0.0608,true,1,7515
7290000076133,false,בייגלה שמיניות קטנות,"אסם השקעות בע""מ",IL,אסם בייגלה שמיניות קטנות 12*400גרם,גרמים,400.00,100 גרם,false,1,13.90,0.0348,true,1,2357
7290000077017,false,עוגיות משהו קרמוגית,מיוצר עי קונדיטוריית,IL,אסם קרמוגית במילוי שוקולד 12*200גרם,גרמים,200.00,100 גרם,false,1,14.50,0.0725,true,1,2364
7290000077253,false,לחמית כפרית,"אסם השקעות בע""מ",IL,לחמית כפרית 12*190גרם,גרמים,190.00,100 גרם,false,1,11.90,0.0626,true,1,7990
7290000077925,false,טוסטעים צנימים עגולי,ון דר מולן האלום,NL,אסם טוסטעים צנימים עגולים חטה.מלא12*125ג,גרמים,125.00,100 גרם,false,1,12.90,0.1032,true,1,7863
7290000078212,false,קרוטונים מתובלים 250,עינת תעשיות,IL,אסם קרוטונים מתובלים 12*250גרם,גרמים,250.00,100 גרם,false,1,17.90,0.0716,true,1,2371
7290000078762,false,אסם חטיפי פריכונים א,סנורייס בלגיום אן. ו,,אסם חטיפי פריכונים אורז ודבש 14*80גרם,גרמים,80.00,100 גרם,false,1,8.50,0.1063,true,1,2372
7290000081663,false,בייגלה טבעות שומשום,מיוצר עי קונדיטוריית,IL,אסם בייגלה טבעות שומשום 12*300גרם,גרמים,300.00,100 גרם,false,1,14.50,0.0483,true,1,2480
7290000085180,false,ביסקוויט פתיבר וניל,"אחים גטניו בע""מ",,ביסקוויט פתיבר וניל גטניו 470 גרם,גרמים,470.00,100 גרם,false,1,10.90,0.0232,true,1,4775
7290000100128,false,פירות קפואים תות,סנפרוסט בעמ,IL,פירות קפואים תות,גרמים,300.00,100 גרם,false,1,19.90,0.0663,true,1,19054
7290000100135,false,פירות קפואים דובדבן,סנפרוסט בעמ,IL,פירות קפואים דובדבן,גרמים,300.00,100 גרם,false,1,19.90,0.0663,true,1,19055
7290000100296,false,סמוטיז תות בננה 300,"סנפרוסט בע""מ",IL,סמוטיז תות בננה 300 גרם,גרמים,300.00,100 גרם,false,1,19.90,0.0663,true,1,67942
7290000101927,false,אוכמניות כחולות מוקפ,"סנפרוסט בע""מ",IL,אוכמניות כחולות מוקפאות 300 גרם,גרמים,300.00,100 גרם,false,1,19.90,0.0663,true,1,17250
7290000101934,false,תערובת פירות יער 30,"סנפרוסט בע""מ",IL,תערובת פירות יער 300 גרם,גרמים,300.00,100 גרם,false,1,19.90,0.0663,true,1,17251
7290000101941,false,אננס מוקפא 300 גרם,"סנפרוסט בע""מ",IL,אננס מוקפא 300 גרם,גרמים,300.00,100 גרם,false,1,19.90,0.0663,true,1,10516
7290000103365,false,מרק ירקות קפוא 560 ג,"סנפרוסט בע""מ",IL,מרק ירקות סנפרוסט 550 גרם,גרמים,550.00,100 גרם,false,1,20.90,0.0380,true,1,10025
7290000103433,false,לקט ירקות לתנור 800,"איי, בי, אינבוו",IL,פסטיבל ירקות לתנור 800 גרם סנפרוסט,גרמים,800.00,100 גרם,false,1,26.90,0.0336,true,1,15739
7290000104201,false,אפונה עדינה סנפרוסט,"סנפרוסט בע""מ",IL,אפונה עדינה סנפרוסט 600 גרם,גרמים,600.00,100 גרם,false,1,20.90,0.0348,true,1,4
7290000104218,false,במיה 600 גרם,"איי, בי, אינבוו",IL,במיה 600 גרם,גרמים,600.00,100 גרם,false,1,21.00,0.0350,true,1,5
7290000104676,false,אפונת גינה 800 גרם ס,"איי, בי, אינבוו",IL,אפונת גינה 800 גרם סנפרוסט,גרמים,800.00,100 גרם,false,1,20.90,0.0261,true,1,11
7290000104683,false,שעועית ירוקה שלמה סנ,"סנפרוסט בע""מ",IL,שעועית ירוקה שלמה סנפרוסט 800גרם,גרמים,800.00,100 גרם,false,1,23.90,0.0299,true,1,12
7290000104690,false,תירס גרעינים סנפרוסט,"סנפרוסט בע""מ",IL,תירס גרעינים סנפרוסט 800גרם,גרמים,800.00,100 גרם,false,1,21.50,0.0269,true,1,13
7290000104720,false,שעועית ירוקה חתוכה ס,"סנפרוסט בע""מ",IL,שעועית ירוקה חתוכה סנפרוסט 800גרם,גרמים,800.00,100 גרם,false,1,23.90,0.0299,true,1,16
7290000104775,false,מדליוני תרד 800 גרם,"סנפרוסט בע""מ",IL,מדליוני תרד 800 גרם,גרמים,800.00,100 גרם,false,1,29.90,0.0374,true,1,20
7290000104799,false,שעועית לבנה מבושלת ק,"סנפרוסט בע""מ",IL,שעועית לבנה מבושלת קפואה 800 גרם,גרמים,800.00,100 גרם,false,1,22.90,0.0286,true,1,21
7290000104836,false,שעועית עדינה שלמה,"סנפרוסט בע""מ",IL,שעועית עדינה שלמה 600 גרם סנפרוסט,גרמים,600.00,100 גרם,false,1,27.90,0.0465,true,1,3743
7290000104874,false,לקט לקוסקוס 800 גרם,"סנפרוסט בע""מ",IL,ירקות לקוסקוס של אמא 800 גרם סנפרוסט,גרמים,800.00,100 גרם,false,1,24.90,0.0311,true,1,24
7290000104911,false,לקט נורמנדי 800 גרם,"איי, בי, אינבוו",IL,לקט נורמנדי 800 גרם סנפרוסט,גרמים,800.00,100 גרם,false,1,26.90,0.0336,true,1,28
7290000107165,false,חטיף פולי סויה אדממה,"סנפרוסט בע""מ",IL,חטיף פולי סויה אדממה 400 גרם סנפרוסט,גרמים,400.00,100 גרם,false,1,14.90,0.0373,true,1,4644
7290000107189,false,תחתיות ארטישוק 400 ג,"איי, בי, אינבוו",IL,תחתיות ארטישוק 400 גרם סנפרוסט,גרמים,400.00,100 גרם,false,1,26.00,0.0650,true,1,30
7290000107295,false,ברוקולי מוקפא 800 גר,"איי, בי, אינבוו",IL,ברוקולי מוקפא 800 גרם סנפרוסט,גרמים,800.00,100 גרם,false,1,28.90,0.0361,true,1,31
7290000111063,false,מיונז אמיתי תלמה 250,יוניליוור ישראל מזון,IL,תלמה מיונז אמיתי 250 גרם,גרמים,250.00,100 גרם,false,1,7.90,0.0316,true,1,37
7290000111186,false,מיונז אמיתי תלמה 500,יוניליוור ישראל מזון,IL,תלמה מיונז אמיתי 500 גרם,גרמים,500.00,100 גרם,false,1,11.90,0.0238,true,1,39
7290000111360,false,חרדל אמיתי תלמה 250,יוניליוור ישראל מזו,IL,חרדל אמיתי תלמה,גרמים,250.00,100 גרם,false,1,8.90,0.0356,true,1,41
7290000112220,false,טחינה קלאסית בארכה 5,רושדי תעשיות מזון בע,IL,בארכה טחינה 100% שומשום 12*500גרם,גרמים,500.00,100 גרם,false,1,16.90,0.0338,true,1,46
7290000112619,false,מרק עוף אמיתי לתיבול,יוניליוור ישראל מזון,IL,קנור מרק עוף אמיתי 400 גרם,גרמים,400.00,100 גרם,false,1,22.90,0.0572,true,1,61
7290000116921,false,רוטב צילי מתוק קנור,יוניליוור ישראל מזון,IL,רוטב צ'ילי מתוק קנור,מיליליטרים,300.00,"100 מ""ל",false,1,14.50,0.0483,true,1,3085
7290000116945,false,רוטב סויה קנור,יוניליוור ישראל מזון,IL,רוטב סויה קלאסי קנור,מיליליטרים,300.00,"100 מ""ל",false,1,16.50,0.0550,true,1,3086
7290000117720,false,מרק נמס בכוס פטריות,יוניליוור ישראל מזון,IL,קנור נמס בכוס פטריות 43 גרם,גרמים,43.00,100 גרם,false,1,8.50,0.1977,true,1,88
7290000118277,false,קניידלך קנור 130 גרם,יוניליוור ישראל מזון,IL,קנור קניידל 130 גרם,גרמים,130.00,100 גרם,false,1,13.90,0.1069,true,1,91
7290000120836,false,מיונז הלמנס 394 גרם,קונפקו אינק' די.בי.א,CA,hellmanns real מיונז אמיתי הלמנס,גרמים,394.00,100 גרם,false,1,12.90,0.0327,true,1,95
7290000120874,false,מיונז הלמנס לייט 424,"שד' קילבורן 2816, שי",US,hellmanns light ממרח מופחת קלוריות,גרמים,424.00,100 גרם,false,1,12.90,0.0304,true,1,96
7290000121093,false,גבינה מותכת מון בלאן,האי נאם סי או אל.טי.,IL,גבינה מותכת מון בלאן 7% לייט 120 גרם,גרמים,120.00,100 גרם,false,1,12.90,0.1075,true,1,98
7290000121109,false,גבינה מותכת 7% מון ב,האי נאם סי או אל.טי.,IL,גבינה מותכת 7% מון בלאן זיתים לייט 120 ג,גרמים,120.00,100 גרם,false,1,12.90,0.1075,true,1,99
7290000121239,false,מיוקל 5% מופחת שומן,יוניליוור ישראל מזון,IL,מיוקל ממרח 5% שומן תלמה,גרמים,500.00,100 גרם,false,1,15.90,0.0318,true,1,3694
7290000122687,false,סירופ שוקולד 600 גרם,יוניליוור ישראל מזון,IL,אפיכל סירופ בטעם שוקולד,גרמים,600.00,100 גרם,false,1,18.90,0.0315,true,1,105
7290000123363,false,צימקאו שוקולד אפיכל,"דרך השוקולד 1, צפת 1",IL,אפיכל צמקאו לציפוי ולאפייה 500 גרם,גרמים,500.00,100 גרם,false,1,16.90,0.0338,true,1,107
7290000129457,false,רוטב פטריות,יוניליוור ישראל מזון,IL,קנור רוטב פטריות 28 גרם,גרמים,28.00,100 גרם,false,1,5.90,0.2107,true,1,4510
7290000134109,false,כמון מזרחי 40 גרם,תות ממתקי איכות,IL,תבליני טעם וריח מיכל קטן כמון מזרחי 40 גרם,גרמים,40.00,100 גרם,false,1,6.90,0.1725,true,1,3348
7290000134116,false,פפריקה מתוקה 40 גרם,תות ממתקי איכות,IL,תבליני טעם וריח פפריקה מתוקה 40 גרם,גרמים,40.00,100 גרם,false,1,6.90,0.1725,true,1,3411
7290000134123,false,פלפל שחור טחון 40 גר,תות ממתקי איכות,IL,תבלין טעם וריח מיכל פלפל שחור טחון 40 גרם,גרמים,40.00,100 גרם,false,1,9.90,0.2475,true,1,3716
7290000134147,false,מוסקט טחון 40 גרם,תות ממתקי איכות,IL,"תבליני טעם וריח, מוסקט טחון 100%, 40 גרם",גרמים,40.00,100 גרם,false,1,16.90,0.4225,true,1,3558
7290000134307,false,קינמון טחון שקית 50,תות ממתקי איכות,IL,"תבליני טעם וריח, 100% קינמון טחון, 50 גרם",גרמים,50.00,100 גרם,false,1,5.90,0.1180,true,1,3847
7290000134338,false,תב.אבקת שום 90 גר מי,תבליני טעם וריח,IL,תבליני טעם וריח אבקת שום 90 גרם,גרמים,90.00,100 גרם,false,1,10.90,0.1211,true,1,22497
7290000134376,false,תב.פפריקה מתוקה בשמן,תות ממתקי איכות,IL,תבלין פפריקה מתוקה בשמן 90 מיכ,גרמים,90.00,100 גרם,false,1,10.90,0.1211,true,1,22703
7290000134550,false,עלי דפנה בשקית 20 גר,תות ממתקי איכות,IL,"תבליני טעם וריח, 100% עלי דפנה, 20 גרם",גרמים,20.00,100 גרם,false,1,5.90,0.2950,true,1,3309
7290000134666,false,רוזמרין 15 גרם,תות ממתקי איכות,IL,"תבליני טעם וריח, 100% רוזמרין, 15 גרם",גרמים,15.00,100 גרם,false,1,6.90,0.4600,true,1,5473
7290000134673,false,זנגביל 30 גרם,תות ממתקי איכות,IL,"תבליני טעם וריח, 100% זנגביל טחון, 30 גרם",גרמים,30.00,100 גרם,false,1,6.90,0.2300,true,1,5474
7290000134826,false,תבלין זעתר 100 גרם,תות ממתקי איכות,IL,"תבליני טעם וריח, תערובת תיבול זעתר , 100 גרם",גרמים,100.00,100 גרם,false,1,10.90,0.1090,true,1,3370
7290000134833,false,תבלין כמון 100 גר,תות ממתקי איכות,IL,"תבליני טעם וריח, 100% כמון מזרחי",גרמים,100.00,100 גרם,false,1,10.90,0.1090,true,1,22479
7290000134840,false,תבלין כורכום מיכל,תות ממתקי איכות,IL,"תבליני טעם וריח, 100% כורכום, 100 גרם",גרמים,100.00,100 גרם,false,1,10.90,0.1090,true,1,3432
7290000134857,false,תבלין פפריקה מתוקה 1,תות ממתקי איכות,IL,"תבליני טעם וריח, פפריקה מתוקה 100%, 100 גרם",גרמים,100.00,100 גרם,false,1,10.90,0.1090,true,1,3433
7290000134871,false,פלפל שחור טחון 100 ג,תות ממתקי איכות,IL,"תבליני טעם וריח, 100% פלפל שחור טחון, 100 גרם",גרמים,100.00,100 גרם,false,1,14.90,0.1490,true,1,3449
7290000134987,false,פלפל שחור גרוס מיכל,תבליני טעם וריח,,"פלפל שחור גרוס 90 גר ""מכיל",גרמים,90.00,100 גרם,false,1,14.90,0.1656,true,1,20380
7290000134994,false,טימין 20 גרם,תות ממתקי איכות,IL,"תבליני טעם וריח, 100% טימין, 20 גרם",גרמים,20.00,100 גרם,false,1,6.90,0.3450,true,1,5475
7290000135045,false,XL TEN משקה אנרגיה ב,"טמפו משקאות בע""מ",IL,XL TEN משקה אנרגיה בטעם תפוח250מל,מיליליטרים,250.00,"100 מ""ל",false,1,5.50,0.0220,true,1,33622
7290000135052,false,משקה אנרגיה XL TEN מ,"טמפו משקאות בע""מ",IL,משקה אנרגיה XL TEN מנגו פחית 250 מל,מיליליטרים,250.00,"100 מ""ל",false,1,5.50,0.0220,true,1,66973
7290000136165,false,מירינדה בקבוק 1.5 לי,טמפו,IL,מירינדה בקבוק 1.5 ליטר,ליטרים,1.50,ליטר,false,1,8.90,5.9333,true,1,75799
7290000136677,false,פפסי קולה בקבוק 1.5,טמפו,IL,פפסי קולה בקבוק 1.5 ליטר,ליטרים,1.50,ליטר,false,1,8.90,5.9333,true,1,76005
7290000136684,false,פפסי קולה מקס ללא סו,טמפו,IL,פפסי קולה מקס ללא סוכר בקבוק 1.5 ליטר,ליטרים,1.50,ליטר,false,1,8.90,5.9333,true,1,76006
7290000136707,false,מירינדה בקבוק 1.5 לי,טמפו,IL,מירינדה בקבוק 1.5 ליטר,ליטרים,1.50,ליטר,false,1,8.90,5.9333,true,1,76003
7290000136844,false,מים אקווה נובה שישיי,טמפו,IL,מים אקווה נובה שישייה בקבוק 2 ליטר,ליטרים,12.00,ליטר,false,6,15.50,1.2917,true,1,75811
7290000136851,false,סבן אפ בקבוק 1.5 ליט,טמפו,IL,סבן אפ בקבוק 1.5 ליטר,ליטרים,1.50,ליטר,false,1,8.90,5.9333,true,1,76004
7290000136868,false,מים סן בנדטו שישייה,טמפו,IL,מים סן בנדטו שישייה בקבוק 1.5 ליטר,ליטרים,9.00,ליטר,false,6,19.90,2.2111,true,1,75812
7290000136875,false,שישיית סןבנדטו מוגז,טמפו,IL,שישיית סןבנדטו מוגז בקבוק 1.5 ליטר,ליטרים,9.00,ליטר,false,6,19.90,2.2111,true,1,76048
7290000136936,false,סבן אפ דיאט בקבוק 1.,טמפו,IL,סבן אפ דיאט בקבוק 1.5 ליטר,ליטרים,1.50,ליטר,false,1,8.90,5.9333,true,1,76002
7290000137513,false,גלידונית קרמיסימו 1,"גלידת שטראוס בע""מ, ר",IL,גלידונית קרמיסימו 1/60 630 גרם,גרמים,630.00,100 גרם,false,1,52.90,0.0840,true,1,162
7290000137643,false,גלידה טעמקור משפחתי,,IL,"שטראוס טעמקור 880 מ""ל",גרמים,500.00,100 גרם,false,1,47.90,0.0958,true,1,74798
7290000139227,false,דגן תפוח ממותק 150 ג,"אשב""ל בע""מ",,דגן תפוח ממותק 150 גרם,גרמים,150.00,100 גרם,false,1,9.90,0.0660,true,1,76045
7290000144160,false,שמן זית כתית מעולה ב,"מרקאולאו, ספרד.אבסה,",IT,שמן זית ארומתי,מיליליטרים,750.00,"100 מ""ל",false,1,36.90,0.0492,true,1,8052
7290000144467,false,עץ הזית שמן חמניות ב,הלינק פיין,GR,שמן חמניות מועשר בנוגדי חמצון 1 ליטר,ליטרים,1.00,ליטר,false,1,17.90,17.9000,true,1,184
7290000144474,false,שמן קנולה מועשר בנוג,סקנולה,EE,שמן קנולה מועשר בנוגדי חמצון 1 ליטר,ליטרים,1.00,ליטר,false,1,16.90,16.9000,true,1,185
7290000148380,false,פיסטוקים קלויים קליי,קרלו,IL,קליית גת פיסטוק קלויים 200 גרם,גרמים,200.00,100 גרם,false,1,21.90,0.1095,true,1,2827
7290000148489,false,גרעיני דלעת קליית גת,קרלו,IL,"קליית גת גרעיני דלעת קלויים,200 גרם",גרמים,200.00,100 גרם,false,1,11.50,0.0575,true,1,3169
7290000148618,false,אגוזי קשיו מטוגנים ק,קרלו,IL,קליית גת קשיו מטוגן 200 גרם,גרמים,200.00,100 גרם,false,1,21.90,0.1095,true,1,2828
7290000148939,false,שקדים קלויים קליית ג,קרלו,IL,שקד קלוי 200 גר' שקית,גרמים,200.00,100 גרם,false,1,24.90,0.1245,true,1,2829
7290000161631,false,חטיף קליק IN במילוי,יוניליוור ישראל מזון,IL,קליק קליק אין חטיף נוגט 38 גרם,גרמים,38.00,100 גרם,false,1,5.90,0.1553,true,1,4430
7290000168173,false,ברנפלקס קרנצים 375 ג,יוניליור ישראל מזון,IL,ברנפלקס קרנצים 375 גרם,גרמים,375.00,100 גרם,false,1,26.90,0.0717,true,1,12130
7290000169798,false,דגני עוגי מופחת 20%,יוניליוור שפע ישראל,IL,תלמה דגני בוקר עוגי 500 גרם,גרמים,500.00,100 גרם,false,1,24.90,0.0498,true,1,11140
7290000174723,false,שוקולית עלית 500 גרם,הנסיך- מפעל לייצור ט,IL,שוקולית קופסא 500 / 12 קופ'/ 500ג',גרמים,500.00,100 גרם,false,1,15.90,0.0318,true,1,265
7290000176062,false,קפה טורקי בצלופן 100,שטראוס קפה בי.וי.,IL,עלית טורקי שקית 100ג/1שק'/100גר',גרמים,100.00,100 גרם,false,1,9.90,0.0990,true,1,270
7290000176079,false,קפה עם הל 100 גרם,שטראוס קפה בי.וי.,IL,עלית טורקי עם הל 00/1שק'/100גר',גרמים,100.00,100 גרם,false,1,10.90,0.1090,true,1,271
7290000176413,false,קפה נמס עלית 50 גרם,הנסיך- מפעל לייצור ט,IL,קפה נמס עלית 50 גרם,גרמים,50.00,100 גרם,false,1,11.90,0.2380,true,1,275
7290000176420,false,קפה נמס עלית פחית 20,שטראוס קפה בי.וי,IL,קפה נמס עלית פחית 200 גרם,גרמים,200.00,100 גרם,false,1,23.90,0.1195,true,1,276
7290000176468,false,קפה נמס האג עלית 50,"איי, בי, אינבוו",,האג נמס אבקתי פחית 50 גר חדש,גרמים,50.00,100 גרם,false,1,13.90,0.2780,true,1,277
7290000178707,false,תפוציפס מלוח 50 גרם,"שטראוס פריטו ליי בע""",IL,תפו טבעי 50 גר 48 יח - שמיטה,גרמים,50.00,100 גרם,false,1,5.50,0.1100,true,1,290
7290000178721,false,תפוציפס מלוח 200 גרם,"שטראוס פריטו ליי בע""",IL,תפו טבעי 200 גר 12 יח,גרמים,200.00,100 גרם,false,1,11.90,0.0595,true,1,292
7290000185460,false,חרוסת כנרת 250 גרם,חצר כנרת,,חרוסת כנרת 250 גרם,גרמים,250.00,100 גרם,false,1,10.90,0.0436,true,1,310
7290000187860,false,מגבוני טואלט לח לילי,עלבד משואות יצחק בעמ,IL,מגבוני טואלט לח לילי,לא מנהל יחידת מידה,0.00,לא מנהל יחידת מידה,false,1,8.90,0.0000,true,1,314
7290000187921,false,נייר טואלט לילי לבן,קימברלי קלארק ישראל,IL,לילי פיור נייר טואלט דו שכבתי לבן 32 גלילים,מטרים,58880.00,מטר,false,1,41.90,0.0007,true,1,6394
7290000187938,false,נייר טואלט לילי פסטל,חוגלה קימברלי,,נייר טואלט לילי פסטל 32 גלילים,מטרים,58880.00,מטר,false,1,39.90,0.0007,true,1,6395
7290000189550,false,שקיות אשפה זוג 20 יח,אשפלסט,IL,שקיות אשפה זוג 20 יחידות,לא מנהל יחידת מידה,0.00,לא מנהל יחידת מידה,false,1,28.90,0.0000,true,1,4434
7290000189598,false,מטליות לחות לניקוי כ,עלבד משואות יצחק בעמ,IL,מטליות לחות לניקוי כללי 50 יח ניקול,Unknown,0.00,Unknown,false,1,13.90,0.0000,true,1,6935
7290000189659,false,מטליות לחות לרצפה,עלבד משואות יצחק בעמ,IL,ניקול מטליות לחות לניקוי הרצפה 10 יחידות,Unknown,0.00,Unknown,false,1,13.90,0.0000,true,1,7544
7290000190068,false,מפיות נייר ניקול 100,חוגלה קימברלי,IL,"מפיות ניקול חלקות לאירוח חד שכבתי, 100 יחידות",Unknown,0.00,Unknown,false,1,7.90,0.0000,true,1,5489
7290000190198,false,מטליות לניקוי וחיטוי,עלבד משואות יצחק בעמ,IL,מטליות לחות לניקוי חיטוי ניקול,יחידה,1.00,יחידה,false,1,13.90,13.9000,true,1,33422
7290000191546,false,ממחטות טישיו לילי צב,חוגלה קימברלי,,ממחטות טישיו לילי צבעוני בניילון שלישייה,Unknown,0.00,Unknown,false,1,12.90,0.0000,true,1,321
7290000191966,false,מגבוני טואלט לח ללא,עלבד משואות יצחק בעמ,IL,מגבוני טואלט לח ללא בישום לילי,יחידה,1.00,יחידה,false,1,8.90,8.9000,true,1,9072
7290000195216,false,נייר אפיה 50 יח,אופל,,נייר אפיה ניקול 50 יח,לא מנהל יחידת מידה,0.00,לא מנהל יחידת מידה,false,1,11.90,0.0000,true,1,20416
7290000195537,false,מגבונים לחים האגיס ל,ווטנפס בעמ,IL,האגיס מגבונים לחים לתינוק ללא בישום מארז רביעייה,יחידה,1.00,יחידה,false,1,22.90,22.9000,true,1,3224
7290000196039,false,מפות שולחן ניקול זוג,דיספובד,,"מפות שולחן ניקול זוג 180*110 ס""מ",לא מנהל יחידת מידה,0.00,לא מנהל יחידת מידה,false,1,12.90,0.0000,true,1,339
7290000196763,false,שקיות אשפה השקית החז,אשפלסט,IL,שקיות אשפה השקית החזקה ניקול 40 יח,Unknown,0.00,Unknown,false,1,28.90,0.0000,true,1,9165
7290000197012,false,שקיות ריצרץ 19*18 ני,סין,CN,שקיות ריצרץ 19*18 ניקול בקופסא 15 שקיות,לא מנהל יחידת מידה,0.00,לא מנהל יחידת מידה,false,1,17.00,0.0000,true,1,4825
7290000197326,false,רדיד אלומיניום זוג ק,אופל,IL,זוג רדיד אלומיניום קצר עובי משופר 15 מיקרון,מטרים,1500.00,מטר,false,1,13.90,0.0093,true,1,340
7290000197432,false,שקיות סנדוויצון 19*2,אשלפסט תעשיות בעמ,IL,סנדוויצון זוגות,לא מנהל יחידת מידה,0.00,לא מנהל יחידת מידה,false,1,15.90,0.0000,true,1,343
7290000197456,false,חיתולים פרידום דריי,קימברלי קלארק ישראל,IL,חיתולים פרידום דריי שלב 4,יחידה,1.00,יחידה,false,1,45.90,45.9000,true,1,12699
7290000197463,false,חיתולי פרידום דריי ש,קימברלי קלארק ישראל,IL,חיתולי פרידום דריי שלב +4,יחידה,1.00,יחידה,false,1,45.90,45.9000,true,1,12769
7290000197548,false,חיתולי האגיס פרידום,קימברלי קלארק ישראל,IL,חיתולי האגיס פרידום דריי שלב 5,לא מנהל יחידת מידה,0.00,לא מנהל יחידת מידה,false,1,45.90,0.0000,true,1,12700
7290000197753,false,ניילון נצמד זוג ניקו,GTC,,ניילון נצמד זוג ניקול,מטרים,3000.00,מטר,false,1,14.90,0.0050,true,1,346
7290000197883,false,תבנית אלומיניום גדול,ארץ ייצור: סין,CN,תבנית אלומיניום גדול 4 יחידות,לא מנהל יחידת מידה,0.00,לא מנהל יחידת מידה,false,1,10.90,0.0000,true,1,3414
7290000197951,false,תבנית אלומיניום ענק,פאלאס,,תבנית אלומיניום ענק 2 יחידות,לא מנהל יחידת מידה,0.00,לא מנהל יחידת מידה,false,1,10.90,0.0000,true,1,3372
7290000199313,false,קוטקס תחבושות לנערות,KC Turkey,,קוטקס תחבושות לנערות 28 יח,Unknown,0.00,Unknown,false,1,19.90,0.0000,true,1,5329
7290000204215,false,כרית יפנית שישייה,פלסטופוליש,IL,"ניקול,כריות יפניות ,6 יחידות",גרמים,0.00,100 גרם,false,1,13.90,0.0000,true,1,401
7290000204239,false,מטליות רצפה ניקול 4,עופרטקס,,מטליות רצפה ניקול 4 יח,לא מנהל יחידת מידה,0.00,לא מנהל יחידת מידה,false,1,13.90,0.0000,true,1,4116
7290000204253,false,מטליות ניקוי רב שימו,נועם אורים-קיבוץ אור,IL,"ניקול, מטליות ניקוי רב שימושיות, 9 יחידות",לא מנהל יחידת מידה,0.00,לא מנהל יחידת מידה,false,1,13.90,0.0000,true,1,402
7290000204611,false,ספוגית הקסם ניקול 6,UFO INC,US,ספוגית הקסם ניקול 6 יחידות,לא מנהל יחידת מידה,0.00,לא מנהל יחידת מידה,false,1,13.90,0.0000,true,1,3239
7290000207063,false,רסק עגבניות פריכוז 2,היינץ צפון אמריקה מק,IL,רסק עגבניות פריכוז 260 גרם יכין,גרמים,260.00,100 גרם,false,1,5.50,0.0212,true,1,4366
7290000207162,false,רסק עגבניות 22% 100,"זנלכל בע""מ",IL,יכין רוטב עגבניות מרוכז 100 גרם,גרמים,100.00,100 גרם,false,1,2.50,0.0250,true,1,427
7290000208077,false,אפונה גדולה 550 גר .,"זנלכל בע""מ",IL,אפונה גדולה 550 גר .יכין,גרמים,550.00,100 גרם,false,1,8.90,0.0162,true,1,3314
7290000208091,false,אפונה קטנה,"זנלכל בע""מ",IL,אפונה קטנה 560 גרם יכין,גרמים,560.00,100 גרם,false,1,9.90,0.0177,true,1,4213
7290000208114,false,אפונה וגזר,"זנלכל בע""מ",IL,יכין אפונת גינה וגזר 550 גרם,גרמים,550.00,100 גרם,false,1,8.90,0.0162,true,1,429
7290000208145,false,תירס לייט גרעינים יכ,"זנלכל בע""מ",IL,תירס לייט גרעינים יכין 550 גרם,גרמים,550.00,100 גרם,false,1,9.90,0.0180,true,1,3315
7290000208176,false,תפוח אדמה קלוף,"זנלכל בע""מ",IL,תפוחי אדמה קלופים 550 גרם יכין,גרמים,500.00,100 גרם,false,1,7.90,0.0158,true,1,27249
7290000208213,false,שעועית לבנה ברוטב עג,היינץ צפון אמריקה מק,IL,יכין שעועית לבנה ברוטב עגבניות 580 גרם,גרמים,580.00,100 גרם,false,1,8.50,0.0147,true,1,3316
7290000208220,false,צילי שעועית יכין,היינץ צפון אמריקה מק,IL,יכין שעועית צ'ילי בנוסח מקסיקני חריף 580 גרם,גרמים,0.00,100 גרם,false,1,8.90,0.0000,true,1,37968
7290000208251,false,שעועית ירוקה חתוכה י,"זנלכל בע""מ",IL,יכין שעועית ירוקה חתוכה שימורים 550 גרם,גרמים,550.00,100 גרם,false,1,7.90,0.0144,true,1,37972
7290000208312,false,תירס גרעינים יכין 3,"זנלכל בע""מ",IL,תירס גרעינים יכין 340 גרם,גרמים,340.00,100 גרם,false,1,6.90,0.0203,true,1,2833
7290000208329,false,תירס גרעינים מתוק יכ,"זנלכל בע""מ",IL,תירס גרעינים מתוק יכין 560 גרם,גרמים,560.00,100 גרם,false,1,8.90,0.0159,true,1,2798
7290000208336,false,רסק עגבניות 240 גרם,"זנלכל בע""מ",IL,יכין רוטב עגבניות מרוכז 240 גרם,גרמים,240.00,100 גרם,false,1,4.50,0.0188,true,1,4939
7290000208404,false,פול מצרי 560 גרם A2,"זנלכל בע""מ",IL,פול מצרי 560 גרם A2 יכין,גרמים,560.00,100 גרם,false,1,8.50,0.0152,true,1,3269
7290000208428,false,חומוס שלם יכין 560 ג,היינץ צפון אמריקה מק,IL,יכין חומוס שלם 550 גרם,גרמים,560.00,100 גרם,false,1,8.90,0.0159,true,1,3317
7290000208459,false,לקט ירקות A2,"זנלכל בע""מ",IL,"יכין ירקות מעורבים,אפונת גינה,תפוחי אדמה וגזר",גרמים,550.00,100 גרם,false,1,7.90,0.0144,true,1,71446
7290000208534,false,תירס קיד עם ויטמינים,"זנלכל בע""מ",IL,יכין תירס קיד גרעיני תירס מתוק 550 גרם משקל נקי,גרמים,550.00,100 גרם,false,1,9.90,0.0180,true,1,3436
7290000208855,false,רוטב פסטה,"זנלכל בע""מ",IL,רוטב פסטה 240גר,גרמים,240.00,100 גרם,false,1,5.90,0.0246,true,1,4947
7290000208947,false,עגבניות מרוסקות יכין,היינץ צפון אמריקה מק,IL,יכין עגבניות מרוסקות 260 גרם,גרמים,240.00,100 גרם,false,1,5.90,0.0246,true,1,4941
7290000209012,false,חומץ 1 ליטר יכין,"זנלכל בע""מ",IL,חומץ 1 ליטר יכין,ליטרים,1.00,ליטר,false,1,5.90,5.9000,true,1,3488
7290000209371,false,שלישיית תירס קטן יכי,היינץ צפון אמריקה מק,IL,יכין גרעיני תירס מתוק שלישייה 3*165,גרמים,165.00,100 גרם,false,1,14.90,0.0903,true,1,37098
7290000209579,false,סירופ דיאט אננס יכין,"זנלכל בע""מ",IL,יכין סירופ בטעם אננס דיאט 1 ליטר,ליטרים,1.00,ליטר,false,1,17.90,17.9000,true,1,22456
7290000209722,false,תרכיז עגבניות פריכוז,"זנלכל בע""מ",IL,רסק עגבניות פריכוז 580 יכין,גרמים,580.00,100 גרם,false,1,10.90,0.0188,true,1,2799
7290000209913,false,קוביות עגבניות,"זנלכל בע""מ",IL,קוביות עגבניות 240גרם,גרמים,240.00,100 גרם,false,1,5.90,0.0246,true,1,24685
7290000209944,false,רוטב עגבניות לשקשוקה,"זנלכל בע""מ",IL,רוטב עגבניות לשקשוקה יכין 240גרם,גרמים,240.00,100 גרם,false,1,5.90,0.0246,true,1,6173
7290000209951,false,רוטב פיצה,"זנלכל בע""מ",IL,רוטב פיצה 240גרם יכין,גרמים,240.00,100 גרם,false,1,5.90,0.0246,true,1,6174
7290000209968,false,רוטב לזניה,"זנלכל בע""מ",IL,רוטב לזניה 240גרם,גרמים,240.00,100 גרם,false,1,5.90,0.0246,true,1,24686
7290000210896,false,רוטב בולנז 260 גרם י,"זנלכל בע""מ",IL,רוטב בולנז 240גרם יכין,גרמים,240.00,100 גרם,false,1,5.90,0.0246,true,1,38124
7290000211169,false,"אורז תאילנדי 1 ק""ג","סוגת תעשיות בע""מ",IL,"אורז תאילנדי 1 ק""ג",קילוגרמים,1.00,"ק""ג",false,1,8.90,8.9000,true,1,3354
7290000211312,false,אורז מלא אחד אחד סוג,"סוגת תעשיות בע""מ",IL,"אורז מלא ארוך 1 ק""ג",קילוגרמים,1.00,"ק""ג",false,1,11.90,11.9000,true,1,443
7290000211442,false,אורז פרסי אחד אחד סו,האי נאם סי או אל.טי.,IL,"אורז פרסי 1 ק""ג",קילוגרמים,1.00,"ק""ג",false,1,13.90,13.9000,true,1,447
7290000211503,false,סוכר לבן ארוז בשקית,"סוגת תעשיות בע""מ",IL,"סוכר לבן ארוז בשקית סוגת 1 ק""ג",קילוגרמים,1.00,"ק""ג",false,1,5.50,5.5000,true,1,448
7290000211985,false,אורז ריזוטו עגול סוג,"סוגת תעשיות בע""מ",IL,"אורז עגול 1 ק""ג",קילוגרמים,1.00,"ק""ג",false,1,13.90,13.9000,true,1,451
7290000238029,false,"בצק עלים 1 ק""ג","מעדנות בע""מ",IL,"בצק עלים 1 ק""ג",קילוגרמים,1.00,"ק""ג",false,1,25.90,25.9000,true,1,529
7290000238036,false,מלווח 700 גרם,מיוצר עי קונדיטוריית,IL,מלווח 700 גרם מעדנות,גרמים,700.00,100 גרם,false,1,19.90,0.0284,true,1,530
7290000238173,false,בורקס גבינה מעדנות 8,"מעדנות בע""מ",IL,בורקס גבינה מעדנות 800 גרם,גרמים,800.00,100 גרם,false,1,26.90,0.0336,true,1,533
7290000238180,false,"בורקס תפו""א מעדנות 8","מעדנות בע""מ",IL,"בורקס תפו""א מעדנות 800 גרם",גרמים,800.00,100 גרם,false,1,25.90,0.0324,true,1,534
7290000253220,false,שוקולד ציפס חום אופנ,אופנהיימר,IL,שוקולד ציפס חום אופנהיימר 260גרם,גרמים,260.00,100 גרם,false,1,13.90,0.0535,true,1,579
7290000262031,false,נייר טואלט מולט לב 3,חוגלה קימברלי,,נייר טואלט מולט לבבות 32 גלילים,מטרים,58880.00,מטר,false,1,32.90,0.0006,true,1,6832
7290000267012,false,שקד טבעי מולבן שלם 1,,IL,שקד טבעי מולבן שלם 100 גרם שקדיה,גרמים,100.00,100 גרם,false,1,10.90,0.1090,false,1,75337
7290000267029,false,שקד טבעי מולבן חצוי,,IL,שקד טבעי מולבן חצוי 100 גרם שקדיה,גרמים,100.00,100 גרם,false,1,10.90,0.1090,true,1,75338
7290000267036,false,שקד טבעי מולבן משובב,,IL,שקד טבעי מולבן משובב 100 גרם שקדיה,גרמים,100.00,100 גרם,false,1,10.90,0.1090,true,1,75339
7290000267043,false,שקד טבעי מולבן פרוס,,IL,שקד טבעי מולבן פרוס 100 גרם שקדיה,גרמים,100.00,100 גרם,false,1,10.90,0.1090,false,1,75340
7290000267050,false,שקדים טחונים 100 גרם,,IL,שקדים טחונים 100 גרם שקדיה,גרמים,100.00,100 גרם,false,1,10.90,0.1090,false,1,75341
7290000267104,false,שקד מולבן מרוסק 100,,IL,שקד מולבן מרוסק 100 גרם שקדיה,גרמים,100.00,100 גרם,false,1,10.90,0.1090,true,1,75342
7290000267548,false,אגוז גרוס 100 גרם,,IL,אגוז גרוס 100 גרם שקדיה,גרמים,100.00,100 גרם,false,1,12.90,0.1290,true,1,75343
7290000267586,false,גרעין חמנייה קלוף טב,"דין שיווק וקליה בע""מ",,גרעין חמנייה קלוף טבעי 150 גרם שקדיה,גרמים,150.00,100 גרם,false,1,6.90,0.0460,false,1,4759
7290000267678,false,גרעיני דלעת קלופים ט,"דין שיווק וקליה בע""מ",,גרעיני דלעת קלופים טבעי 150 גרם שקדיה,גרמים,150.00,100 גרם,false,1,13.90,0.0927,false,1,4760
7290000272696,false,מיץ לימון משומר 1 לי,בית-השיטה עסיס תעשיו,IL,עסיס מיץ לימון משומר 12*1ליטר,ליטרים,1.00,ליטר,false,1,12.90,12.9000,true,1,648
7290000284743,false,קוקה קולה דיאט נטול,החברה המרכזית למשקאו,,קוקה קולה דיאט נטול קפאין בקבוק 1.5 ליטר,ליטרים,1.50,ליטר,false,1,9.60,6.4000,true,1,712
7290000286297,false,מסיר אבן מקומקום/פרק,סנו מפעלי ברונוס בעמ,IL,אנטי קלאק מסיר אבנית מקומקום 700 מל,מיליליטרים,700.00,"100 מ""ל",false,1,14.90,0.0213,true,1,715
7290000286549,false,מטליות לניקוי כללי ס,סנו מפעלי ברונו בעמ,IL,"סנו סושי מטליות לניקוי כללי, 9 יחידות",לא מנהל יחידת מידה,0.00,לא מנהל יחידת מידה,false,1,14.90,0.0000,true,1,716
7290000286761,false,ניילון נצמד סנו זוג,"מיוצר בהונג קונג, סי",CN,סנו סושי - צמד ניילון נצמד+,מטרים,3000.00,מטר,false,1,11.90,0.0040,true,1,718
7290000286945,false,סנו רהיט מרסס,"סנו מפעלי ברונוס בע""",IL,סנו רהיט נוזל מנקה ומבריק רהיטים 500 מל,מיליליטרים,500.00,"100 מ""ל",false,1,29.90,0.0598,true,1,75099
7290000287102,false,סנו ספריי לשטיחים 60,סנו מפעלי ברונוס בעמ,IL,"סנו ספריי לשטיחים 600 מ""ל",מיליליטרים,600.00,"100 מ""ל",false,1,28.90,0.0482,true,1,722
7290000287195,false,סנורהיט ספריי לרהיט,סנו מפעלי ברונוס בעמ,IL,"סנו רהיט אירוסול מנקה, מבריק, מגן ודוחה אבק 300 מל",מיליליטרים,305.00,"100 מ""ל",false,1,17.90,0.0587,true,1,732
7290000287621,false,מנקה אסלות אנטי קאלק,מיוצר עי קונדיטוריית,IL,"מנקה אסלות אנטי קאלק 750 מ""ל",מיליליטרים,750.00,"100 מ""ל",false,1,13.90,0.0185,true,1,3579
7290000288017,false,אקונומיקה סנו JAVEL,"סנו מפעלי ברונוס בע""",IL,אקונומיקה סנו JAVEL לימון 1 ליטר,ליטרים,1.00,ליטר,false,1,9.90,9.9000,true,1,739
7290000288024,false,אקונומיקה סנו JAVEL,"סנו מפעלי ברונוס בע""",IL,אקונומיקה סנו JAVEL לימון 4 ליטר,ליטרים,4.00,ליטר,false,1,17.90,4.4750,true,1,740
7290000288109,false,אבקת כביסה קומפקט מק,סנו,,"אבקת כביסה קומפקט מקסימה 1.25 ק""ג",קילוגרמים,1.25,"ק""ג",false,1,16.90,13.5200,true,1,741
7290000288307,false,סנומט דוחה יתושים חש,ZOBELE,IT,סנומט דוחה יתושים חשמל+ טבליות,Unknown,0.00,Unknown,false,1,32.90,0.0000,true,1,743
7290000288352,false,משמיד חרקים K300 סנו,"סנו מפעלי ברונוס בע""",IL,K-300,מיליליטרים,630.00,"100 מ""ל",false,1,25.90,0.0411,true,1,745
7290000288383,false,משמיד זוחלים K500 ס,סנו מפעלי ברונוס בעמ,IL,"משמיד זוחלים K500 סנו 400 מ""ל",מיליליטרים,400.00,"100 מ""ל",false,1,25.90,0.0647,true,1,746
7290000288390,false,משמיד זבובים יתושים,"איי, בי, אינבוו",IL,"משמיד זבובים יתושים K600 יבש 500 מ""ל",מיליליטרים,500.00,"100 מ""ל",false,1,25.90,0.0518,true,1,747
7290000288413,false,סנו די דוחה יתושים כ,קוסמופארם בעמ,IL,"סנו די דוחה יתושים כדורי 50 מ""ל",מיליליטרים,50.00,"100 מ""ל",false,1,21.90,0.4380,true,1,748
7290000289069,false,קצף ניקוי JAVEL מרסס,"סנו מפעלי ברונוס בע""",IL,קצף ניקוי JAVEL מרסס בריח לימון סנו 1 ל,ליטרים,1.00,ליטר,false,1,18.90,18.9000,true,1,754
7290000289472,false,שקיות אשפה 76*90 סנו,סנו מפעלי ברונוס בעמ,IL,סושי 50 ש.אשפה גדולות במיוחד,לא מנהל יחידת מידה,0.00,לא מנהל יחידת מידה,false,1,23.90,0.0000,true,1,2983
7290000289748,false,מסיר שומנים פורטה פל,"סנו מפעלי ברונוס בע""",IL,סנו פורטה פלוס 750 מ''ל,מיליליטרים,750.00,"100 מ""ל",false,1,16.90,0.0225,true,1,755
7290000292557,false,סנומט נוזל מילוי,trento,IT,"סנומט מילוי נוזלי למכשיר חשמלי, דוחה יתושים",Unknown,0.00,Unknown,false,1,21.90,0.0000,true,1,774
7290000292564,false,משמיד חרקים K2000 לל,סנו מפעלי ברונוס בעמ,IL,תכשיר מיקרוקפסורי,מיליליטרים,750.00,"100 מ""ל",false,1,39.50,0.0527,true,1,775
7290000292687,false,סנובון לאסלה כחול של,סנו מפעלי ברונו בעמ,IL,"סנובון סבון אסלה כחול קלאסיק, 3 יחידות",גרמים,165.00,100 גרם,false,1,17.90,0.1085,true,1,776
7290000293073,false,מרכך כביסה מקסימה בי,סאנו,IL,מרכך 4 ליטר,ליטרים,4.00,ליטר,false,1,24.90,6.2250,true,1,778
7290000293820,false,קרמה מן - CARBON POW,גוד פוד פרודקטס S.p,IL,קרמה מן שמפו וג'ל רחצה 2in1 קרבון פאוור,לא מנהל יחידת מידה,0.00,לא מנהל יחידת מידה,false,1,17.90,0.0000,true,1,58250
7290000293943,false,מסיר אבנית אנטיקאלק,סנו מפעלי ברונוס בעמ,IL,אנטי קאלק מסיר אבנית וחלודה לשימוש כללי 1 ליטר,ליטרים,1.00,ליטר,false,1,18.90,18.9000,true,1,779
7290000294780,false,אקונומיקה סנו JAVEL,"סנו מפעלי ברונוס בע""",IL,אקונומיקה סנו JAVEL סמיכה 4 ליטר,ליטרים,4.00,ליטר,false,1,17.90,4.4750,true,1,783
7290000295121,false,מטליות זיג זג לניקוי,עופרטקס,,מטליות זיג זג לניקוי רצפות 3 יחידות,לא מנהל יחידת מידה,0.00,לא מנהל יחידת מידה,false,1,18.50,0.0000,true,1,784
7290000295367,false,אבקת כביסה מקסימה זא,סנו,IL,"אבקת כביסה, אפקט JAVEL",קילוגרמים,2.50,"ק""ג",false,1,28.90,11.5600,true,1,788
7290000295404,false,שקיות אשפה 54*65 סנו,סנו מפעלי ברונוס בעמ,IL,שקיות אשפה 54*65 סנו סושי 60 שקיות,לא מנהל יחידת מידה,0.00,לא מנהל יחידת מידה,false,1,23.90,0.0000,true,1,789
7290000295503,false,שקיות אוכל 19*25 סנו,הורביץ סחר,CN,שקיות אוכל 19*25 סנו סושי 150 שקיות,לא מנהל יחידת מידה,0.00,לא מנהל יחידת מידה,false,1,14.90,0.0000,true,1,791
7290000295558,false,רדיד אלומיניום זוג 1,סנו סושי,CN,"רדיד אלומיניום זוג 15 מ רוחב 30 ס""מ",מטרים,1500.00,מטר,false,1,10.90,0.0073,true,1,3356
7290000300900,false,שניצל תירס טבעול 750,כצט,IL,שניצל תירס טבעול 750 גרם,גרמים,750.00,100 גרם,false,1,27.90,0.0372,true,1,809
7290000311203,false,ופלים מן בטעם שוקולד,תות ממתקי איכות,IL,ופלים מן בטעם שוקולד 200 גרם,גרמים,200.00,100 גרם,false,1,5.50,0.0275,true,1,925
7290000311869,false,ופל מן ללא סוכר 180,תות ממתקי איכות,IL,ופל מן ללא סוכר 180 גרם,גרמים,180.00,100 גרם,false,1,11.90,0.0661,true,1,10484
7290000313160,false,עוגיות ביסקוויט זהבה,היינץ צפון אמריקה מק,IL,עוגיות ביסקוויט זהבה ו 3 הדובים 250 גרם,גרמים,250.00,100 גרם,false,1,8.90,0.0356,true,1,3357
7290000315362,false,"קורנפלקס כשל""פ 500 ג",יוניליוור,,"קורנפלקס כשל""פ 500 גרם",גרמים,500.00,100 גרם,false,1,24.90,0.0498,true,1,4540
7290000318127,false,נקניקיות ביס 380 גרם,יחיעם,IL,יחיעם נקניקיות ביס 380 גרם,גרמים,380.00,100 גרם,false,1,11.90,0.0313,true,1,954
7290000318479,false,פרושוטו עגל 100 גר,מעדני יחיעם (1993) ב,IL,"יחיעם, פרושוטו , 100 גרם",גרמים,100.00,100 גרם,false,1,34.00,0.3400,true,1,4134
7290000318677,false,סלמי סרוולט 150 גרם,יחיעם,IL,סלמי סרוולט,גרמים,150.00,100 גרם,false,1,29.90,0.1993,true,1,5599
7290000318943,false,פסטרמה של פעם,מעדני יחיעם (1993) ב,IL,"יחיעם, פסטרמה של פעם, 200 גרם",גרמים,200.00,100 גרם,false,1,27.90,0.1395,true,1,5600
7290000319063,false,כתף בקר מעושן בציפוי,יחיעם,IL,כתף בקר מפולפל 150 גרם,גרמים,150.00,100 גרם,false,1,26.90,0.1793,true,1,18687
7290000319131,false,נקניקיות עוף,פ.פ.ח. שאביט,IL,נקניקיות עוף 400 גר יחיעם,גרמים,400.00,100 גרם,false,1,12.90,0.0323,true,1,973
7290000319520,false,סלמי צרפתי,פ.פ.ח. שאביט,IL,סלמי צרפתי 100 גרם יחיעם,גרמים,100.00,100 גרם,false,1,25.90,0.2590,true,1,4135
7290000319803,false,קבנוס קלאסי 125 גרם,מעדני יחיעם (1993) ב,IL,"יחיעם, קבנוס קלאסי 125 גרם",גרמים,125.00,100 גרם,false,1,14.90,0.1192,true,1,13673
7290000319834,false,קבנוס פפרוני קלאסי 1,מעדני יחיעם (1993) ב,IL,"יחיעם, קבנוס פפרוני , 125 גרם",גרמים,125.00,100 גרם,false,1,14.90,0.1192,true,1,13644
7290000334325,false,מארז ציפס למיקרו שלי,,IL,תפוגן צ'יפס מיקרוגל 8*375גרם מח.מיוחד,גרמים,375.00,100 גרם,false,1,16.90,0.0451,true,1,3738
7290000334684,false,טבעות בצל תפוגן 700,"תעשיות תפוגן בע""מ",IL,תפוגן טבעות בצל 10*700גרם,גרמים,700.00,100 גרם,false,1,19.90,0.0284,true,1,74805
7290000336282,false,סיידר הגליל תפוח צלו,טמפו משקאות בעמ,IL,סיידר תפוח צלול 330 בקבוק,מיליליטרים,330.00,"100 מ""ל",false,1,8.90,0.0270,true,1,3051
7290000339566,false,מרכך כביסה בדין ורוד,יוניליור ישראל טיפוח,IL,מרכך כביסה בדין ורוד,ליטרים,4.00,ליטר,false,1,25.90,6.4750,true,1,1034
7290000341071,false,מרכך כביסה בייבי בדי,יוניליוור ישראל טיפו,IL,בדין מרכך כביסה בייבי 2 ליטר,ליטרים,2.00,ליטר,false,1,20.90,10.4500,true,1,1035
7290000342856,false,מרכך כביסה בדין כחול,יוניליור ישראל טיפוח,IL,מרכך כביסה בדין כחול,ליטרים,4.00,ליטר,false,1,25.90,6.4750,true,1,1042
7290000345208,false,תה קלאסיק 1 גרם 25 ש,ויסוצקי,IL,-25/1תה מעודן,גרמים,25.00,100 גרם,false,1,8.20,0.3280,true,1,1060
7290000345215,false,תה קלאסיק כחול 1 גרם,תה ויסוצקי,IL,תה קלאסיק כחול 1 גרם 100 שקיקים,גרמים,100.00,100 גרם,false,1,19.50,0.1950,true,1,1061
7290000345284,false,תה קלאסיק 100שקיקים,מולינו ניקולי s.p.a,IL,100/1.5במעטפה,יחידה,1.00,יחידה,false,1,18.90,18.9000,true,1,1063
7290000345307,false,תה ארל גריי 1.5 גרם,תה ויסוצקי,IL,50/1.5א.ג - TEAR TAPE,גרמים,75.00,100 גרם,false,1,32.00,0.4267,true,1,1065
7290000346021,false,הגן הקסום חליטת קמומ,בית ויסוצקי,IL,הגן הקסום חליטת קמומיל בבונג 50 75 גר,גרמים,75.00,100 גרם,false,1,39.90,0.5320,true,1,76882
7290000346120,false,חליטת תה צמחים קינמו,HIQ FOOD PRODUCTS,IL,קסם הקינמון-הגן הקסום,גרמים,62.00,100 גרם,false,1,19.90,0.3210,true,1,1074
7290000346137,false,חליטת תה צמחים הילול,HIQ FOOD PRODUCTS,IL,"הילולי פירות-""הגן הקסום """,גרמים,62.00,100 גרם,false,1,19.90,0.3210,true,1,1075
7290000346199,false,חליטת תה צמחים פירות,HIQ FOOD PRODUCTS,IL,"פירות היער-""הגן הקסום """,גרמים,67.00,100 גרם,false,1,19.90,0.2970,true,1,1078
7290000346205,false,חליטת תה צמחים קמומי,HIQ FOOD PRODUCTS,IL,"קמומיל-""הגן הקסוםC24 ?",גרמים,37.00,100 גרם,false,1,19.90,0.5378,true,1,1079
7290000347738,false,תה ירוק נענע 25 שקיק,HIQ FOOD PRODUCTS,IL,תה ירוק עם נענע T.T,גרמים,37.00,100 גרם,false,1,26.90,0.7270,true,1,1082
7290000347752,false,תה ירוק לימונית ולוא,ויסוצקי,IL,תה ירוק עם לימונית/לואיזה T.T,גרמים,37.00,100 גרם,false,1,26.90,0.7270,true,1,1083
7290000363363,false,קבנוס מיוחד 160 גרם,הנסיך- מפעל לייצור ט,IL,טירת צבי קבנוס נקניק מעושן יבש 160 גרם,גרמים,160.00,100 גרם,false,1,18.90,0.1181,true,1,1127
7290000364261,false,דקניקים סלסולי כתף ב,הנסיך- מפעל לייצור ט,IL,דקניקים סלסולי כתף בקר 120 גרם,גרמים,120.00,100 גרם,false,1,16.90,0.1408,true,1,8026
7290000364278,false,דקניקים סלסולי סלמי,הנסיך- מפעל לייצור ט,IL,דקניקים סלסולי סלמי איטלקי משובח 120 גרם,גרמים,120.00,100 גרם,false,1,16.90,0.1408,true,1,8027
7290000364285,false,דקניקים סלסולי פסטרמ,הנסיך- מפעל לייצור ט,IL,דקניקים סלסולי פסטרמה הודו 120 גרם,גרמים,120.00,100 גרם,false,1,16.90,0.1408,true,1,8028
7290000364292,false,דקניקים סלסולי פסטרמ,הנסיך- מפעל לייצור ט,IL,דקניקים סלסולי פסטרמה גחלים 120 גרם,גרמים,120.00,100 גרם,false,1,16.90,0.1408,true,1,8480
7290000364858,false,נקניקיות עוף .,הנסיך- מפעל לייצור ט,IL,"טירת צבי - נקניקיות עוף 1 ק""ג",קילוגרמים,1.00,"ק""ג",false,1,29.90,29.9000,true,1,1142
7290000364872,false,נקניקיות עוף 400 גרם,טיב טירת צבי 2000,IL,נקניקיות עוף 400 גרם,גרמים,400.00,100 גרם,false,1,14.90,0.0373,true,1,1143
7290000367590,false,צמד כפרי פסטרמה סלמי,טיב טירת צבי 2000,IL,צמד כפרי פסטרמה סלמי טירת צבי 800 גרם,גרמים,800.00,100 גרם,false,1,32.90,0.0411,true,1,1149
7290000377209,false,בוטנים מטוגנים קליית,"ג'י אנד ג'י בע""מ",IL,בוטנים מטוגנים קליית גת 200 גרם,גרמים,200.00,100 גרם,false,1,8.30,0.0415,true,1,3204
7290000377445,false,"חטיפי נשצ""אנס קליית",קרלו,IL,נש צ'אנס 200 גר' ב 12,גרמים,200.00,100 גרם,false,1,9.90,0.0495,true,1,3205
7290000377452,false,גרעיני אבטיח קליית ג,הדקלאים אגודת שיתופי,IL,גרעיני אבטיח שק'200 גר',גרמים,200.00,100 גרם,false,1,14.90,0.0745,true,1,2840
7290000377612,false,מיץ תפוזים סחוט פריג,מיוצר עי קונדיטוריית,IL,פריגת סחוט תפוזים קלאסי,מיליליטרים,400.00,"100 מ""ל",false,1,11.90,0.0298,true,1,1157
7290000379258,false,חלה קונדיטוריה ארוזה,מאפיית שלמה א. אנג'ל,IL,אנג'ל חלת קונדיטוריה 500 גרם,גרמים,500.00,100 גרם,false,1,16.90,0.0338,true,1,1170
7290000379432,false,לחמניה 75 גרם,מאפיית אנג'ל,IL,לחמניה 75 גרם,גרמים,75.00,100 גרם,false,1,2.90,0.0387,true,1,1172
7290000408316,false,יוגורט דנונה 3% 200,מיוצר עי קונדיטוריית,IL,דנונה ביו 3% 200 גרם,גרמים,200.00,100 גרם,false,1,3.70,0.0185,true,1,1310
7290000408354,false,דנונה בר דגנים שוקול,"שטראוס בריאות בע""מ",IL,בר דנונה פצפוצים,גרמים,175.00,100 גרם,false,1,4.90,0.0280,true,1,1311
7290000412481,false,מנקה אסלות 00 סנו 1,סנו מפעלי ברונוס בעמ,IL,מנקה אסלות 00 סנו 1 ליטר,ליטרים,1.00,ליטר,false,1,9.90,9.9000,true,1,1334
7290000416021,false,ממרח שוקולד השחר 500,השחר העולה,IL,ממרח השחר העולה חלבי 500 גרם,גרמים,500.00,100 גרם,false,1,14.90,0.0298,true,1,1374
7290000419893,false,קפה לנדוור טחון לבוק,מולינו ניקולי s.p.a,IL,לנדוור לבוקר טחון טורקי 100גרם,גרמים,100.00,100 גרם,false,1,9.90,0.0990,true,1,6444
7290000419909,false,קפה לנדוור בטעם אספר,מולינו ניקולי s.p.a,IL,לנדוור חזק קפה טחון טורקי 100גרם,גרמים,100.00,100 גרם,false,1,9.90,0.0990,true,1,6445
7290000420325,false,פופקורן פופ סטאר טעם,TLV צ'יף,US,"פופסטאר פופקורן למקירוגל בטעם טבעי 5 שקיות,500 גרם",גרמים,500.00,100 גרם,false,1,16.90,0.0338,true,1,1391
7290000420332,false,פופקורן פופ סטאר חמא,TLV צ'יף,US,פופקורן פופ סטאר חמאה 500 גרם,גרמים,500.00,100 גרם,false,1,16.90,0.0338,true,1,1392
7290000430102,false,קוביות קרח בשקית,אייס קיוב,,קוביות קרח בשקית,יחידה,1.00,יחידה,false,1,12.90,12.9000,true,1,3208
7290000450209,false,טונה בשמן פוסידון 10,"מיוצר עי וליגר בעמ,",IL,פוסידון נתחי טונה בהירה בשמן 108 גרם,גרמים,108.00,100 גרם,false,1,6.90,0.0639,true,1,1477
7290000450308,false,טונה במים פוסידון 10,ויליגר בעמ עבור נטו,IL,טונה במים פוסידון 108 גרם,גרמים,108.00,100 גרם,false,1,6.70,0.0620,true,1,1482
7290000461625,false,בייגלה שמיניות 400 ג,בייגל את בייגל מזון,IL,כעכים עם מלח בייגל בייגל,גרמים,400.00,100 גרם,false,1,13.90,0.0348,true,1,1501
7290000461793,false,בייגלה ארוך ארוך דל,בייגל את בייגל מזון,IL,כעכים בצורת מקלות עם מלח בייגל בייגל,גרמים,150.00,100 גרם,false,1,7.40,0.0493,true,1,1507
7290000462141,false,סחוג אדום חריף,אף.סי תבליני בגליל ב,IL,"זהבי הכרם זחוק תמני חריף, 150 גרם",גרמים,150.00,100 גרם,false,1,10.90,0.0727,true,1,25483
7290000462172,false,סחוג ירוק בצנצנת 150,אף.סי תבליני בגליל ב,IL,זחוק זהבי ירוק חריף 150 גרם,גרמים,150.00,100 גרם,false,1,9.90,0.0660,true,1,1513
7290000467153,false,חומוס סמיר הגדול מלך,לחמנו,IL,צבר חומוס סמיר הגדול 6*400גרם,גרמים,400.00,100 גרם,false,1,14.90,0.0373,true,1,11624
7290000467320,false,חומוס אבו מרוואן מלך,לחמנו,IL,צבר חומוס אבו מרוואן 6*400גרם,גרמים,400.00,100 גרם,false,1,14.90,0.0373,true,1,11625
7290000467511,false,ביסלי ברביקיו,אסם,,ביסלי ברביקיו 55 גרם,גרמים,55.00,100 גרם,false,1,4.90,0.0891,true,1,12080
7290000467887,false,ביסלי פיצה,אסם,,ביסלי פיצה 55 גרם,גרמים,55.00,100 גרם,false,1,4.90,0.0891,true,1,12081
7290000468747,false,ביסלי גריל,אסם,,ביסלי גריל 55 גרם,גרמים,55.00,100 גרם,false,1,4.90,0.0891,true,1,12082
7290000468877,false,ביסלי בצל,אסם,,ביסלי בצל 55 גרם,גרמים,55.00,100 גרם,false,1,4.90,0.0891,true,1,12083
7290000474090,false,חלב 1% קרטון פיקוח 1,מילקו תעשיות בעמ,IL,"חלב בקרטון 1%- 1 ליטר בד""צ",ליטרים,1.00,ליטר,false,1,5.86,5.8600,true,1,1549
7290000474373,false,שמנת חמוצה 200,טרה,IL,"שמנת חמוצה 200 מ""ל בד""צ",גרמים,200.00,100 גרם,false,1,2.40,0.0120,true,1,75392
7290000474540,false,גבינה טוב טעם 3% 250,טרה,IL,"טרה, טוב טעם, גבינה לבנה 3% , 250 גרם",גרמים,250.00,100 גרם,false,1,12.90,0.0516,true,1,1553
7290000480107,false,שיבולת שועל קוואקר פ,וולקרס סנקס לימיטד,,שיבולת שועל קוואקר פחית 500 גרם,גרמים,500.00,100 גרם,false,1,15.90,0.0318,true,1,1558
7290000480442,false,שיבולת שועל קוואקר ש,שטראוס גרופ,IL,שיבולת שועל קוואקר שקית 500 גרם,גרמים,500.00,100 גרם,false,1,14.80,0.0296,true,1,1560
7290000481531,false,לחמניות אצבע חיטה מל,יוניליוור גרמניה Gm,IL,לחמניות אצבע חיטה מלאה 10 יח,גרמים,750.00,100 גרם,false,1,13.00,0.0173,true,1,12389
7290000481883,false,לחמניות אצבע בשקית 1,יוניליוור גרמניה Gm,IL,לחמניות אצבע בשקית 10 יח,גרמים,750.00,100 גרם,false,1,13.90,0.0185,true,1,12390
7290000482019,false,שקיות קוקי לצליה,"ש. שסטוביץ בע""מ",IL,שקיות לצליה קוקי 10 יחידות,לא מנהל יחידת מידה,0.00,לא מנהל יחידת מידה,false,1,15.50,0.0000,true,1,1566
7290000483641,false,חטיף מרציפן חלה 75 ג,"המרשלג פרלינס בע""מ",IL,המרשלג חלת מרציפן אפוי 75 גרם,גרמים,75.00,100 גרם,false,1,10.90,0.1453,true,1,1570
7290000484747,false,עלית הארק 40% בקבוק,יקבי הגליל יוסף,,"עלית הארק 40% בקבוק 700 מ""ל",מיליליטרים,700.00,"100 מ""ל",false,1,59.90,0.0856,true,1,15486
7290000493183,false,רוטב פטריות לבשר 30,"אסם השקעות בע""מ",IL,אסם אבקת רוטב פטריות 3 12*30גרם,גרמים,30.00,100 גרם,false,1,5.50,0.1833,true,1,1584
7290000504049,false,סוכרזית קנקן1200טבל.,אף.סי תבליני בגליל ב,IL,ממתיק סוכרזית קנקן 1200 טבליות,גרמים,98.00,100 גרם,false,1,23.90,0.2439,true,1,1651
7290000504209,false,נוזל ממתיק דיאט סוכר,אף.סי תבליני בגליל ב,IL,"סוכרזית קלאסי, ממתיק נוזלי בטעם הקלאסי 220 מל",מיליליטרים,220.00,"100 מ""ל",false,1,22.90,0.1041,true,1,1652
7290000504278,false,ממתיק סוכרזית פטנט 7,אף.סי תבליני בגליל ב,IL,ממתיק סוכרזית פטנט 700 טבליות,גרמים,57.00,100 גרם,false,1,18.90,0.3316,true,1,1653
7290000518121,false,מתוק וקל 50 שקיות,פתח תקווה,IL,ממתיק אבקה דקסטרוזה וסכרין 50 גר,יחידה,1.00,יחידה,false,1,6.90,6.9000,true,1,1671
7290000518190,false,ממתיק סטיביה מתוק וק,מתוק וקל,,מתוק וקל סטיביה 100 שקיות,יחידה,1.00,יחידה,false,1,26.90,26.9000,true,1,16906
7290000518220,false,סוכרה דיאט 100 שקיות,פתח תקווה,IL,סוכרה להמתקה לבישול ואפייה 100 יח,גרמים,100.00,100 גרם,false,1,28.90,0.2890,true,1,16907
7290000518336,false,מוש צמר גפן מתוק מס,מתוק וקל בעמ,IL,מוש צמר גפן מתוק מסיבים תזונתיים 10 גרם,גרמים,10.00,100 גרם,false,1,5.90,0.5900,true,1,77295
7290000521008,false,יין של סגל אדום יבש,פארייפאבה אגרואינדוס,IL,יין אדום יבש של סגל 750 מל,מיליליטרים,750.00,"100 מ""ל",false,1,22.90,0.0305,true,1,1704
7290000521015,false,יין של סגל לבן יבש 7,פארייפאבה אגרואינדוס,IL,סגל יין לבן יבש 2016 750 מל,מיליליטרים,750.00,"100 מ""ל",false,1,22.90,0.0305,true,1,1705
7290000521022,false,יין של סגל לבן חצי י,פארייפאבה אגרואינדוס,IL,סגל לבן חצי יבש 2015 750 מל,מיליליטרים,750.00,"100 מ""ל",false,1,22.90,0.0305,true,1,1706
7290000523125,false,מלח ים יבש 250 גרם,מולינו ניקולי s.p.a,IL,מלח הארץ מהים האדום מלח ים דק 250 גרם,גרמים,250.00,100 גרם,false,1,6.50,0.0260,true,1,1713
7290000523224,false,מלח ים יבש 500 גרם,מולינו ניקולי s.p.a,IL,מלח הארץ מהים האדום מלח ים דק,גרמים,500.00,100 גרם,false,1,8.30,0.0166,true,1,1714
7290000525969,false,מיץ תפוזים סחוט פרימ,השחר,IL,פרימור מיץ תפוזים 1 ליטר,ליטרים,1.00,ליטר,false,1,17.90,17.9000,true,1,1719
7290000530413,false,המבורגר זהב זוגלובק,זוגלובק,IL,זוגלובק המבורגר זהב 400 גרם,גרמים,400.00,100 גרם,false,1,21.90,0.0547,true,1,1727
7290000530598,false,נקניקיות וינר זוגלוב,כצט,IL,נקניקיות וינר 500 גרם זוגלובק,גרמים,500.00,100 גרם,false,1,18.30,0.0366,true,1,1728
7290000530703,false,נקניק תה מעושן +פסטר,כצט,IL,זוגלובק זוג חרמון הודו ועוף 400+סלמי תה 400 גרם,גרמים,800.00,100 גרם,false,1,34.90,0.0436,true,1,1729
7290000537566,false,נקניקיות עוף זגלובק,זוגלובק,IL,נקניקיות עוף זגלובק 400 גרם,גרמים,400.00,100 גרם,false,1,14.90,0.0373,true,1,1748
7290000538709,false,תה מעושן,זוגלובק,IL,זוגלובק סלמי תה מעושן 200 גרם,Unknown,0.00,Unknown,false,1,11.90,0.0000,true,1,19743
7290000542041,false,לחמנייה כפרי ארוך 12,מאפית אורנים,,לחמנייה כפרי ארוך 125 גרם,גרמים,125.00,100 גרם,false,1,4.10,0.0328,true,1,39174
7290000542072,false,לחמנייה בונצס 125 גר,מאפיית אנג'ל,IL,לחמנייה בונצס 125 גרם,גרמים,125.00,100 גרם,false,1,4.10,0.0328,true,1,68515
7290000552927,false,טחון עוף,קרלו,IL,טיבון ויל בשר עוף טחון 500 גרם,גרמים,500.00,100 גרם,false,1,14.50,0.0290,true,1,1812
7290000552989,false,טחון בקר מובחר 500 ג,קרלו,IL,טיבון וויל בשר עגל טחון קפוא 500 גרם,גרמים,500.00,100 גרם,false,1,30.90,0.0618,true,1,1814
7290000554006,false,גבינה קשקבלו משולשים,מחלבות גד,,גבינה קשקבלו משולשים 26% במשקל גד,קילוגרמים,1.00,"ק""ג",true,,122.90,122.9000,true,1,1815
7290000554402,false,מלבי מעדן חלב גד 170,"מיוצר ע""י קוד יצרן E",IL,מלבי מעדן חלב גד 170 גרם,גרמים,170.00,100 גרם,false,1,6.90,0.0406,true,1,1824
7290000554471,false,גבינת מוצרלה 22% צמה,"מחלבות גד בע""מ",IL,גבינת מוצרלה 22% צמה 180 גרם,גרמים,180.00,100 גרם,false,1,19.90,0.1106,true,1,1826
7290000554532,false,גבינה צפתית 5% מעודנ,הנסיך- מפעל לייצור ט,IL,גד צפתית מעודנת 5% שומן,גרמים,200.00,100 גרם,false,1,16.90,0.0845,true,1,6894
7290000554600,false,גבינת מוצרלה מגורדת,מחלבות גד בעמ,IL,גד מוצרלה מגורדת מחלב בקר 22% 300 גרם,גרמים,300.00,100 גרם,false,1,27.90,0.0930,true,1,1827
7290000554624,false,מעדן חלב 3% עם אורז,"מיוצר ע""י קוד יצרן E",IL,"ירח מתוק ,מעדן חלב עם אורז 3% , 150 גרם",גרמים,150.00,100 גרם,false,1,6.90,0.0460,true,1,1828
7290000554686,false,גבינת לאבנה 5% בשמן,מחלבות גד בעמ,IL,גד לאבנה בתוספת שמן זית וזעתר 5%,גרמים,250.00,100 גרם,false,1,14.90,0.0596,true,1,1830
7290000554822,false,גבינה ריקוטה גד 250,מחלבות גד בעמ,IL,גבינה ריקוטה גד 250 גרם,גרמים,250.00,100 גרם,false,1,16.90,0.0676,true,1,1832
7290000554839,false,גבינה מוקצפת מסקרפונ,מחלבות גד בעמ,IL,גבינה מוקצפת מסקרפונה 250 גרם גד,גרמים,250.00,100 גרם,false,1,23.90,0.0956,true,1,1833
7290000560533,false,"ג""ל גילוח אדג רגיל 2",המאפיה של הרמן,US,200 מל גל גילוח אדג בתוספת אלוורה,מיליליטרים,200.00,"100 מ""ל",false,1,18.90,0.0945,true,1,1851
7290000560540,false,"ג""ל גילוח אדג לעור ר",המאפיה של הרמן,US,אדג ג'ל גילוח לעור רגיש עם אלוורה 200 מל,מיליליטרים,200.00,"100 מ""ל",false,1,18.90,0.0945,true,1,1852
7290000571232,false,גבינה גאודה פרוס 150,גבינות משק אחים מאיר,IL,גבינה גאודה פרוס המחלבה 150 גרם,גרמים,150.00,100 גרם,false,1,25.90,0.1727,true,1,3277
7290000571386,false,יוגורט יוגורמה מחלב,קריניציה ויטמינה אס,IL,יוגורט יוגורמה מחלב כבשים 850גרם המחלבה,גרמים,850.00,100 גרם,false,1,29.90,0.0352,true,1,1870
7290000571393,false,יוגורט יוגורמה מחלב,גבינות משק אחים מאיר,IL,המחלבה יוגורמה יוגורט מחלב כבשים 5% 140 גרם,גרמים,140.00,100 גרם,false,1,7.50,0.0536,true,1,1871
7290000571478,false,גבינה עיזים תום פרוס,גבינות משק אחים מאיר,IL,גאודה-תום פרוסה 200 גרם,גרמים,150.00,100 גרם,false,1,40.90,0.2727,true,1,8073
7290000572208,false,חלבה אחוה 100 גרם,שוורצקוף& הנקל דיסלד,IL,אחוה חלוה בטעם וניל 100 גרם,גרמים,100.00,100 גרם,false,1,3.90,0.0390,true,1,1873
7290000574141,false,לחם חיטה מלא,דגנית עין בר תעשיות,IL,לחם חיטה מלא 750 גרם,גרמים,750.00,100 גרם,false,1,15.90,0.0212,true,1,5370
7290000574172,false,לחם קל מחיטה מלאה 75,יוניליוור גרמניה Gm,IL,לחם קל מחיטה מלאה 750 גרם,גרמים,750.00,100 גרם,false,1,15.90,0.0212,true,1,7127
7290000574509,false,6 לחמניות חצויות,דגנית עין בר,,6 לחמניות חצויות,גרמים,450.00,100 גרם,false,1,13.50,0.0300,true,1,1913
7290000591742,false,קמח מצה לבן כשר לפסח,אם החיטה,,קמח מצה לבן כשר לפסח 500 גרם,גרמים,500.00,100 גרם,false,1,8.50,0.0170,true,1,1933
7290000644783,false,נתחי פילה סלמון בואק,X MAK,,"נתחי פילה סלמון בואקום לק""ג",קילוגרמים,1.00,"ק""ג",true,,105.00,105.0000,true,1,8288
7290000652542,false,פילה אמנון קפוא 5-7,,CN,פילה אמנון קפוא 5-7 100% דג לקג,קילוגרמים,1.00,"ק""ג",true,,39.00,39.0000,true,1,73079
7290000663036,false,פילה אמנון ללא עור 1,תנובה,IL,"פילה אמנון ללא עור 100% דג לק""ג",קילוגרמים,1.00,"ק""ג",true,,39.00,39.0000,true,1,74327
7290000688077,false,מים מי עדן פקק רגיל,מופק ממקור בזלתי עדן,IL,מים מינרליים מי עדן פקק רגיל 0.5 ל',מיליליטרים,500.00,"100 מ""ל",false,1,3.90,0.0078,true,1,5500
7290000688084,false,מי עדן בקבוק ספורט 5,מופק ממקור בזלתי עדן,IL,"מי עדן בקבוק ספורט 500 מ""ל",מיליליטרים,500.00,"100 מ""ל",false,1,3.90,0.0078,true,1,2220
7290000688466,false,מי עדן GYM בקבוק ספו,מופק ממקור בזלתי עדן,IL,"מי עדן GYM בקבוק ספורט 750 מ""ל",מיליליטרים,750.00,"100 מ""ל",false,1,5.50,0.0073,true,1,2225
7290000692210,false,נוזל לניקוי כללי ורצ,הנסיך- מפעל לייצור ט,GR,אג'קס נוזל לניקוי כללי ורצפות בניחוח לבנדר 2 ליטר,ליטרים,2.00,ליטר,false,1,22.90,11.4500,true,1,2228
7290000692227,false,סבון כלים פלמוליב 1,יבואן ומשווק: ש. שסט,GR,פלמוליב נוזל לניקוי כלים קלאסי 1 ליטר,ליטרים,1.00,ליטר,false,1,14.90,14.9000,true,1,2229
7290001009017,false,לחם כוסמין בהיר,לחמנו,IL,לחם כוסמין בהיר,גרמים,650.00,100 גרם,false,1,16.90,0.0260,true,1,68283
7290001045169,false,מיץ תפוחים צלול פרימ,השחר,IL,פרימור מיץ תפוחים 100% 1 ליטר,ליטרים,1.00,ליטר,false,1,17.90,17.9000,true,1,3056
7290001045657,false,מיץ תפוחים צלול פרימ,השחר,IL,פרימור מיץ תפוחים 100% מיץ צלול מיוצר מרכז 400 מל,מיליליטרים,400.00,"100 מ""ל",false,1,10.90,0.0273,true,1,2794
7290001045688,false,מיץ תפוזים סחוט פרימ,השחר,IL,פרימור מיץ תפוזים סחוט 400 מל,מיליליטרים,400.00,"100 מ""ל",false,1,10.90,0.0273,true,1,3054
7290001121238,false,קורנדביף,יחיעם,IL,יחיעם קורנד ביף 180 גרם,גרמים,180.00,100 גרם,false,1,29.90,0.1661,true,1,7650
7290001123775,false,שווארמה פרגיות,גוד פוד פרודקטס S.p,IL,טיבון ויל שווארמה פרגיות מוכן 500 גרם,גרמים,500.00,100 גרם,false,1,34.50,0.0690,true,1,47
7290001216040,false,טחינת אל ארז 500 גרם,דולפין ספא,IL,טחינת אל ארז 500 גרם,גרמים,500.00,100 גרם,false,1,17.90,0.0358,true,1,3631
7290001216231,false,טחינה מלאה אל ארז 50,דולפין ספא,IL,טחינה מלאה אל ארז 500 גרם,גרמים,500.00,100 גרם,false,1,18.90,0.0378,true,1,7608
7290001230234,false,סיגריות כאמל סופט חפ,גיי טי אינטרנשיונל,,סיגריות כאמל סופט חפיסה בודד,יחידה,0.00,יחידה,false,1,31.60,0.0000,false,1,3167
7290001230331,false,סיגריות כאמל בוקס חפ,JTI,,סיגריות כאמל בוקס חפיסה בודד,יחידה,0.00,יחידה,false,1,31.60,0.0000,false,1,3168
7290001230739,false,סיגריות קאמל כחול,JTI,,סיגריות כאמל כחול חפיסה בודד,יחידה,0.00,יחידה,false,1,31.60,0.0000,false,1,3688
7290001231233,false,סיגריות וינסטון בוקס,JTI,,סיגריות וינסטון בוקס חפיסה בודד,Unknown,0.00,Unknown,false,1,33.70,0.0000,false,1,3160
7290001231932,false,סיגריות וינסטון כחול,JTI,,סיגריות וינסטון כחול בוקס חפיסה בודד,לא מנהל יחידת מידה,0.00,לא מנהל יחידת מידה,false,1,33.70,0.0000,false,1,3161
7290001235938,false,סיגריות וינסטון כחול,JTI,,סיגריות וינסטון כחול 100 חפיסה בודד,לא מנהל יחידת מידה,0.00,לא מנהל יחידת מידה,false,1,33.70,0.0000,false,1,6251
7290001247082,false,נקטר ספרינג עגבניות,"כד בני דרום בע""מ",IL,ספרינג קרטוניות עגבניות 1 ל',ליטרים,1.00,ליטר,false,1,7.60,7.6000,true,1,110
7290001247112,false,נקטר ספרינג לימונענע,"כד בני דרום בע""מ",IL,ספרינג קרטוניות לימונענע 1 ל',ליטרים,1.00,ליטר,false,1,7.60,7.6000,true,1,113
7290001247723,false,נקטר ספרינג תות פחית,יפאורה תבורי בעמ,IL,"ספרינג נקטר תות בננה פחית 330 מ""ל",מיליליטרים,330.00,"100 מ""ל",false,1,7.00,0.0212,true,1,4005
7290001247730,false,נקטר ספרינג מנגו פחי,יפאורה תבורי בעמ,IL,"ספרינג נקטר מנגו פחית 330 מ""ל",מיליליטרים,330.00,"100 מ""ל",false,1,7.00,0.0212,true,1,4006
7290001302194,false,ביסלי פלאפל 55 גרם,אסם,,ביסלי פלאפל 55 גרם,גרמים,55.00,100 גרם,false,1,4.90,0.0891,true,1,12073
7290001302279,false,במבה קלאסי,מיוצר עי קונדיטוריית,IL,במבה קלאסי כלפ.48*60גרם,גרמים,60.00,100 גרם,false,1,4.90,0.0817,true,1,12078
7290001305058,false,סבון נוזלי פלמוליב ח,קולגייט פלמוליב,TR,פלמוליב סבון נוזלי חלב ודבש 750 מל,מיליליטרים,500.00,"100 מ""ל",false,1,17.90,0.0358,true,1,125
7290001305188,false,סבון כלים פלמוליב לי,יבואן ומשווק: ש. שסט,GR,פלמוליב נוזל לניקוי כלים בריח לימון (כתום) 750 מל,מיליליטרים,750.00,"100 מ""ל",false,1,12.90,0.0172,true,1,126
7290001407547,false,טחינה משומשום מלא פי,רושדי תעשיות מזון בע,IL,בארכה טחינה שומשום מלא פי 6 סידן 12*500ג,גרמים,500.00,100 גרם,false,1,18.50,0.0370,true,1,5088
7290001407769,false,טחינה משומשום מלא בא,רושדי תעשיות מזון בע,IL,בארכה טחינה עם שומשום מלא 12*500גרם,גרמים,500.00,100 גרם,false,1,18.50,0.0370,true,1,4978
7290001407813,false,בארכה חלבה שאמית פיס,HIQ FOOD PRODUCTS,IL,בארכה חלבה שאמית וניל עם פסטק.כלפ8*350ג,גרמים,350.00,100 גרם,false,1,16.90,0.0483,true,1,4999
7290001415863,false,חלה מתוקה כדורים מאפ,פילסברי,,חלה מתוקה כדורים מאפה פלסברי,לא מנהל יחידת מידה,0.00,לא מנהל יחידת מידה,false,1,15.90,0.0000,true,1,171
7290001419779,false,ופלים שוקולד עלמה 20,"גילרו בע""מ",,ופלים שוקולד עלמה 200 גרם,גרמים,200.00,100 גרם,false,1,5.50,0.0275,true,1,4911
7290001419793,false,גביעי גלידה מגולגלים,"גילרו בע""מ",,גביעי גלידה מגולגלים 12 יח,גרמים,132.00,100 גרם,false,1,12.90,0.0977,true,1,6206
7290001461365,false,לחמניית רוסטיק פילסב,פילסברי,,לחמניית רוסטיק פילסברי,לא מנהל יחידת מידה,0.00,לא מנהל יחידת מידה,false,1,5.50,0.0000,true,1,8852
7290001461457,false,באגט רוסטיק קמח מלא,פילסברי,,באגט רוסטיק קמח מלא דגנים פילסברי,יחידה,1.00,יחידה,false,1,8.90,8.9000,true,1,8828
7290001461525,false,חצי בגט צרפתי ח.א פי,פילסברי,,חצי בגט צרפתי ח.א פילסברי,לא מנהל יחידת מידה,0.00,לא מנהל יחידת מידה,false,1,5.50,0.0000,true,1,17727
7290001461532,false,כריך רוסטיק קמח מלא,פילסברי,,כריך רוסטיק קמח מלא ודגנים פילסברי,לא מנהל יחידת מידה,0.00,לא מנהל יחידת מידה,false,1,5.50,0.0000,true,1,9073
7290001482094,false,גבינת פרמזן משולשים,זנטי אס. אי לאלין,IT,גבינת פרמזן משולשים 200 גרם,גרמים,200.00,100 גרם,false,1,29.90,0.1495,true,1,8237
7290001482186,false,אננס חתוך567 גר .,הנסיך- מפעל לייצור ט,TH,ויליפוד חתיכות אננס בסירופ קל 565 גרם,גרמים,567.00,100 גרם,false,1,6.90,0.0122,true,1,22764
7290001485019,false,גבינת קרם שמנת 5% טב,טרה,IL,גבינת קרם שמנת טבעי 200 גרם 5%,גרמים,200.00,100 גרם,false,1,13.90,0.0695,true,1,4648
7290001491010,false,תה ירוק יסמין 25 שקי,HIQ FOOD PRODUCTS,IL,תה ירוק עם יסמין T.T,גרמים,37.00,100 גרם,false,1,26.90,0.7270,true,1,209
7290001491096,false,תה ירוק לימונית ולוא,ויסוצקי,IL,תה ירוק לימונית ולואיזה ויסוצקי 50 יחידו,גרמים,75.00,100 גרם,false,1,44.90,0.5987,true,1,76881
7290001509272,false,שוקיים פטם פרימיום ק,מילועוף,,"שוקיים פטם פרימיום קפוא ארוז לק""ג",קילוגרמים,1.00,"ק""ג",true,,37.00,37.0000,true,1,17468
7290001509296,false,שניצל פרוס פרימיום ק,מילועוף,,"שניצל פרוס פרימיום קפוא ארוז לק""ג",קילוגרמים,1.00,"ק""ג",true,,46.50,46.5000,true,1,17469
7290001509319,false,כנפיים פטם פרימיום ק,מילועוף,,"כנפיים פטם פרימיום קפוא ארוז לק""ג",קילוגרמים,1.00,"ק""ג",true,,21.90,21.9000,true,1,17470
7290001509340,false,כרעיים מקוצב פרימיום,מילועוף,,"כרעיים מקוצב פרימיום קפוא ארוז לק""ג",קילוגרמים,1.00,"ק""ג",true,,36.00,36.0000,true,1,17471
7290001548011,false,טחינה ירוקה,מונטה קרלו,IL,טחינה ירוקה מונטה קרלו 250 גרם,גרמים,250.00,100 גרם,false,1,14.90,0.0596,true,1,74889
7290001548035,false,סלט טורקי מונטה קרל,מונטה קרלו,IL,סלט טורקי מונטה קרלו 250גרם,גרמים,250.00,100 גרם,false,1,14.90,0.0596,true,1,75005
7290001548042,false,סלט ביצים,יושלם,,סלט ביצים מונטה קרלו 250 גרם,גרמים,250.00,100 גרם,false,,21.90,0.0876,true,1,28559
7290001548097,false,הרינג במיונז מונטה ק,מונטה קרלו,IL,הרינג במיונז מונטה קרלו 250גרם,גרמים,250.00,100 גרם,false,1,24.90,0.0996,true,1,75030
7290001548103,false,עלי גפן ממולאים 25,מונטה קרלו,IL,עלי גפן ממולאים 250 גרם,גרמים,250.00,100 גרם,false,1,19.90,0.0796,true,1,77392
7290001548110,false,חציל סלוניקי 250גרם,יושלם,,חציל סלוניקי 250גרם,גרמים,250.00,100 גרם,false,1,16.90,0.0676,true,1,74878
7290001548134,false,כרוב לבן שום שמיר מו,מונטה קרלו,IL,כרוב לבן שום שמיר מונטה קרלו 250גרם,גרמים,250.00,100 גרם,false,1,14.90,0.0596,true,1,74996
7290001548202,false,סלק רצועות מונטה קר,מונטה קרלו,IL,סלק רצועות מונטה קרלו 250גרם,גרמים,250.00,100 גרם,false,1,14.90,0.0596,true,1,74977
7290001548226,false,סלט פטריות מקסיקני,מונטה קרלו,IL,פטריות ספרדי מונטה קרלו 250 גרם,גרמים,250.00,100 גרם,false,1,20.90,0.0836,true,1,74894
7290001548233,false,חציל מחנה יהודה פיק,מונטה קרלו,IL,חציל מחנה יהודה פיקנטי 250גרם,גרמים,250.00,100 גרם,false,1,16.90,0.0676,true,1,75142
7290001548271,false,כרוב לבן עם גזר 250,מונטה קרלו,IL,כרוב לבן עם גזר 250 גרם,גרמים,250.00,100 גרם,false,1,14.90,0.0596,true,1,75144
7290001548288,false,מסבחה פיקנטי מונטה ק,מונטה קרלו,IL,מסבחה פיקנטי מונטה קרלו 250גרם,גרמים,250.00,100 גרם,false,1,14.90,0.0596,true,1,74992
7290001548295,false,מטבוחה מונטה קרלו 25,מונטה קרלו,IL,מטבוחה מונטה קרלו 250גרם,גרמים,250.00,100 גרם,false,1,14.90,0.0596,true,1,75004
7290001548325,false,טונה ירקות מונטה קרל,מונטה קרלו,IL,טונה ירקות מונטה קרלו 250גרם,גרמים,250.00,100 גרם,false,1,23.90,0.0956,true,1,75008
7290001548349,false,סלט תפוא במיונז,מונטה קרלו,IL,"תפו""א במיונז בייתי מונטה קרלו 250 גרם",גרמים,250.00,100 גרם,false,1,14.90,0.0596,true,1,74881
7290001548370,false,טבולה,מונטה קרלו,IL,טבולה מונטה קרלו 250 גרם,גרמים,250.00,100 גרם,false,1,16.90,0.0676,true,1,74879
7290001548387,false,כרוב סיני מונטה קרל,מונטה קרלו,IL,כרוב סיני מונטה קרלו 250גרם,גרמים,250.00,100 גרם,false,1,14.90,0.0596,true,1,74998
7290001548400,false,חומוס זהב מונטה קרלו,מונטה קרלו,IL,חומוס זהב מונטה קרלו 250גרם,גרמים,250.00,100 גרם,false,1,14.90,0.0596,true,1,74993
7290001548424,false,כרוב קולסלאו מונטה,מונטה קרלו,IL,כרוב קולסלאו מונטה קרלו 250 גרם,גרמים,250.00,100 גרם,false,1,14.90,0.0596,true,1,77391
7290001548462,false,פלפל רצועות חריף 25,מונטה קרלו,,פלפל רצועות חריף 250גרם,גרמים,250.00,100 גרם,false,1,20.90,0.0836,true,1,74880
7290001548523,false,חציל בתחמיץ מונטה ק,,,חציל בתחמיץ מונטה קרלו 250 גרם,גרמים,250.00,100 גרם,false,1,16.90,0.0676,true,1,75011
7290001548530,false,מסבחה פטרוזיליה מונט,מונטה קרלו,IL,מסבחה פטרוזיליה מונטה קרלו 250גרם,גרמים,250.00,100 גרם,false,1,14.90,0.0596,true,1,74994
7290001548561,false,גזר חריף בלימון מונט,מונטה קרלו,IL,גזר חריף בלימון מונטה קרלו 250 גרם,גרמים,250.00,100 גרם,false,1,14.90,0.0596,true,1,75003
7290001548592,false,טחינה עמבה 250 גרם,מונטה קרלו,IL,טחינה עמבה 250 גרם,גרמים,250.00,100 גרם,false,1,14.90,0.0596,true,1,75150
7290001548622,false,חציל טבעי פקנטי מונט,מונטה קרלו,IL,חציל טבעי פקנטי מונטה קרלו 250גרם,גרמים,250.00,100 גרם,false,1,16.90,0.0676,true,1,74989
7290001548639,false,חציל מונטה קרלו מונ,מונטה קרלו,IL,חציל מונטה קרלו מונטה קרלו 250גרם,גרמים,250.00,100 גרם,false,1,16.90,0.0676,true,1,74990
7290001548691,false,כרוב אדום במיונז מונ,מונטה קרלו,IL,כרוב אדום במיונז מונטה קרלו 250גרם,גרמים,250.00,100 גרם,false,1,14.90,0.0596,true,1,74997
7290001548714,false,איקרה ורודה מונטה קר,מונטה קרלו,IL,איקרה ורודה מונטה קרלו 250גרם,גרמים,250.00,100 גרם,false,1,21.90,0.0876,true,1,75032
7290001548738,false,חציל מרוקאי מונטה קר,מונטה קרלו,,חציל מרוקאי מונטה קרלו 250 גרם,גרמים,250.00,100 גרם,false,1,16.90,0.0676,true,1,74882
7290001548745,false,איקרה לבנה מונטה קרל,מונטה קרלו,IL,איקרה לבנה מונטה קרלו 250גרם,גרמים,250.00,100 גרם,false,1,21.90,0.0876,true,1,75031
7290001548752,false,טחינה לבנה מונטה קרל,מונטה קרלו,IL,טחינה לבנה מונטה קרלו 250גרם,גרמים,250.00,100 גרם,false,1,14.90,0.0596,true,1,74995
7290001548783,false,פלפל אש טוניסאי מונט,מונטה קרלו,IL,פלפל אש טוניסאי מונטה קרלו 250גרם,גרמים,250.00,100 גרם,false,1,20.90,0.0836,true,1,75006
7290001548875,false,חמוצים יפניים דלי מו,מונטה קרלו,IL,חמוצים יפניים דלי מונטה קרלו 450גרם,גרמים,450.00,100 גרם,false,1,23.90,0.0531,true,1,75000
7290001548967,false,חציל תאילנדי צילי 25,קלאס פוד,IL,חציל תאילנדי צילי 250גרם,גרמים,250.00,100 גרם,false,1,16.90,0.0676,true,1,74897
7290001588604,false,לימון אורגני ארוז במ,שדות בר,IL,לימון אורגני ארוז במשקל,קילוגרמים,1.00,"ק""ג",true,,13.90,13.9000,true,1,17917
7290001594025,false,קוקה קולה קלאסי,החברה המרכזית לייצור,IL,"קוקה קולה קלאסי בקבוק 330 מ""ל",מיליליטרים,330.00,"100 מ""ל",false,1,7.50,0.0227,true,1,3710
7290001594155,false,קוקה קולה בקבוק 500,"אינסטנטה בע""מ",IL,"קוקה קולה 500 מ""ל",מיליליטרים,500.00,"100 מ""ל",false,1,7.90,0.0158,true,1,225
7290001594179,false,פאנטה אורנג בקבוק 50,"אינסטנטה בע""מ",IL,"פאנטה אורנג' 500 מ""ל",מיליליטרים,500.00,"100 מ""ל",false,1,7.90,0.0158,true,1,227
7290001594186,false,קוקה קולה דיאט בקבוק,תות תעשיות מזון (201,IL,"דיאט קוקה קולה 500 מ""ל",מיליליטרים,500.00,"100 מ""ל",false,1,7.90,0.0158,true,1,228
7290001594230,false,"סודה קינלי 250 מ""ל",החברה המרכזית לייצור,IL,"קינלי סודה 250 מ""ל",מיליליטרים,250.00,"100 מ""ל",false,1,4.00,0.0160,true,1,230
7290001594377,false,משקל פריגת תפוזים 50,מולינו ניקולי s.p.a,IL,פריגת משקה קל תפוזים 500 מל,מיליליטרים,500.00,"100 מ""ל",false,1,7.50,0.0150,true,1,231
7290001594384,false,משקל פריגת אשכוליות,מולינו ניקולי s.p.a,IL,"פריגת משק""ל אשכוליות 0.5 ליטר",מיליליטרים,500.00,"100 מ""ל",false,1,7.50,0.0150,true,1,232
7290001594391,false,משקל פריגת ענבים 500,מבשלות בירה בינלאומי,IL,"משקל פריגת ענבים 500 מ""ל",מיליליטרים,500.00,"100 מ""ל",false,1,7.50,0.0150,true,1,233
7290001594520,false,בירה טובורג 330 מל,מולינו ניקולי s.p.a,IL,"טובורג בק 330 מ""ל פקדון",מיליליטרים,330.00,"100 מ""ל",false,1,10.50,0.0318,true,1,242
7290001594568,false,בירה קרלסברג פחית 50,מולינו ניקולי s.p.a,IL,קלסברג בירה 500 מל,מיליליטרים,500.00,"100 מ""ל",false,1,9.90,0.0198,true,1,234
7290001594575,false,בירה טובורג פחית 500,מולינו ניקולי s.p.a,IL,"טובורג רד פחית 500 מ""ל",מיליליטרים,500.00,"100 מ""ל",false,1,9.90,0.0198,true,1,235
7290001594858,false,בירה טובורג רד שישיי,קרלסברג ישראל,,"בירה טובורג רד שישייה בקבוק 330 מ""ל",ליטרים,1.98,ליטר,false,1,46.90,23.6869,true,1,241
7290001594865,false,בירה קרלסברג מארז שי,קרלסברג ישראל,,"בירה קרלסברג מארז שישייה בקבוק 330 מ""ל",ליטרים,1.98,ליטר,false,1,46.90,23.6869,true,1,243
7290001598580,false,פיתות כוסמין 99 קלור,מאפיית יוסף ברון בעמ,,פיתות כוסמין 99 קלוריות 375 גרם,גרמים,375.00,100 גרם,false,1,17.90,0.0477,true,1,17207
7290001641736,false,פילה אמנון 5-7 עם פס,נטו,,פילה אמנון 5-7 עם פס עור עור,קילוגרמים,1.00,"ק""ג",true,,29.90,29.9000,true,1,75579
7290001670057,false,כפיות חד פעמי 100 יח,"איטיליאן פוד, אס.פי.",IL,הנמל כפיות לבן 100 יחידות,Unknown,0.00,Unknown,false,1,13.90,0.0000,true,1,3587
7290001670873,false,צלחות עבות במיוחד 66,"איטיליאן פוד, אס.פי.",IL,צלחות עבות במיוחד 66 יחידות,קילוגרמים,1.00,"ק""ג",false,1,54.90,54.9000,true,1,2973
7290001780428,false,גלידיאט שוקו עם סירו,המאפיה של הרמן,IL,נסטלה שלגון לייט שוקולד מאח בדצ.6 6*52ג,גרמים,312.00,100 גרם,false,1,32.90,0.1054,true,1,3532
7290001780800,false,שלגון קראנץ ליבת נוג,נגה גלידות,,שלגון קראנץ ליבת נוגט,Unknown,0.00,Unknown,false,1,10.50,0.0000,true,1,3942
7290001865453,false,פמילי אלסבון נוזלי ל,מיוצר עי קונדיטוריית,TR,פמילי אל סבון נוזלי לבנדר ארומטי 1 ליטר,ליטרים,1.00,ליטר,false,1,15.90,15.9000,true,1,313
7290001873489,false,קרפציו BLACK ANGOS 3,מולינו ניקולי s.p.a,IL,קרפציו BLACK ANGOS 320 גרם,גרמים,320.00,100 גרם,false,1,26.90,0.0841,true,1,72270
7290001896556,false,כבד פרימיום קפוא ארו,,,כבד פרימיום קפוא ארוז לקג,קילוגרמים,1.00,"ק""ג",true,,24.90,24.9000,true,1,72142
7290001975992,false,בירה ויינשטפן בקבוק,יושלם,,"בירה ויינשטפן בקבוק 330 מ""ל",מיליליטרים,330.00,"100 מ""ל",false,1,16.00,0.0485,true,1,345
7290001990117,false,שומשום סוגת 100 גרם,"סוגת תעשיות בע""מ",IL,שומשום 100 גר',גרמים,100.00,100 גרם,false,1,4.50,0.0450,true,1,5395
7290001990148,false,סוכר גולדן קלאסי סוג,האי נאם סי או אל.טי.,IL,סוכר גולדן קלאסי צנצנת 1 קג,קילוגרמים,1.00,"ק""ג",false,1,13.50,13.5000,true,1,3484
7290002007234,false,אבקת סוכר הנמל 100 ג,"מיוצר וארוז ע""י: ר.ס",IL,הנמל אבקת סוכר 100 גרם,גרמים,100.00,100 גרם,false,1,2.30,0.0230,true,1,364
7290002007821,false,"צבע מאכל אדום 55 מ""ל",ממתקי עלה ייצור שיוו,IL,"צבע מאכל אדום 55 מ""ל",מיליליטרים,55.00,"100 מ""ל",false,1,3.90,0.0709,true,1,3397
7290002007852,false,תמצית אפיה וניל 55 מ,ממתקי עלה יצור ושיוו,IL,הנמל תמצית בטעם וניל 55 מל,מיליליטרים,55.00,"100 מ""ל",false,1,4.40,0.0800,true,1,370
7290002007890,false,כוסות חד פעמי 100 יח,,IL,כוס שתיה קרה 100 יח,יחידה,100.00,יחידה,false,1,12.90,0.1290,true,1,371
7290002007982,false,מזלגות חד פעמי 100 י,"איטיליאן פוד, אס.פי.",IL,"הנמל מזלגות, 100 יחידות",Unknown,0.00,Unknown,false,1,16.90,0.0000,true,1,2980
7290002008019,false,סוכריות לעוגה גמבו ש,ממתקי עלה יצור ושיוו,IL,הנמל סוכריות לקישוט שוקולד 200 גרם,גרמים,200.00,100 גרם,false,1,9.80,0.0490,true,1,4335
7290002008040,false,"שיפודי עץ 30 ס""מ",הנמל אריזות ושיווק ב,IL,הנמל שיפודי במבוק 100 יחידות,Unknown,0.00,Unknown,false,1,4.90,0.0000,true,1,372
7290002008057,false,"תמצית אפיה רום 55 מ""",ממתקי עלה יצור שיווק,IL,הנמל תמצית אפייה בטעם רום 55 מל,מיליליטרים,55.00,"100 מ""ל",false,1,4.40,0.0800,true,1,373
7290002008071,false,גביעי נייר מס 1.5 הנ,הנמל אריזות ושיווק ב,IL,הנמל עטרות נייר אפייה מספר 2 130 יחידות,לא מנהל יחידת מידה,0.00,לא מנהל יחידת מידה,false,1,5.60,0.0000,true,1,375
7290002008224,false,סוכריות לקישוט צבעונ,ממתקי עלה בעמ,IL,סוכריות לקישוט צבעוני 100 גרם,גרמים,100.00,100 גרם,false,1,6.80,0.0680,true,1,380
7290002008309,false,גביעי נייר מס 4 הנמל,"איטיליאן פוד, אס.פי.",IL,"הנמל עטרות נייר אפייה מספר 4 , 130 יח'",לא מנהל יחידת מידה,0.00,לא מנהל יחידת מידה,false,1,5.80,0.0000,true,1,381
7290002008750,false,אבקת אפיה הנמל 1/10,"מיוצר ע""י:ר.ס. חברה",IL,הנמל אבקת אפיה 10 יחידות,גרמים,100.00,100 גרם,false,1,3.50,0.0350,true,1,387
7290002008774,false,שומשום הנמל 200 גרם,הנמל אריזות ושיווק ב,IL,הנמל שומשום 200 גרם,גרמים,200.00,100 גרם,false,1,8.90,0.0445,true,1,3726
7290002022152,false,מרשמלו כרמית 100 גרם,"כרמית מזון בע""מ",IL,מרשמלו ורוד לבן וסטהיים 100ג36X שקיות בקרטון,גרמים,100.00,100 גרם,false,1,4.90,0.0490,true,1,66866
7290002040019,false,קוסקוס רגיל 350 גרם,"קוסקוס מזון בע""מ",IL,קוסקוס רגיל 350 גרם,גרמים,350.00,100 גרם,false,1,7.20,0.0206,true,1,398
7290002043065,false,פריכוני אורז חום מלא,נוהלס,BG,פריכוני אורז חום מלא בציפוי שוקו מריר70ג,גרמים,70.00,100 גרם,false,1,9.50,0.1357,true,1,73708
7290002043072,false,פריכוני אורז חום מלא,נוהלס,BG,פריכוני אורז חום מלא בציפוי שוקו חלב70ג,גרמים,70.00,100 גרם,false,1,9.50,0.1357,true,1,73709
7290002043096,false,פריכוני אורז חום מלא,נוהלס,BG,פריכוני אורז חום מלא בציפוי שוקו לבן70ג,גרמים,70.00,100 גרם,false,1,9.50,0.1357,true,1,73928
7290002043188,false,ציפס אורז חום מלא צי,נוהלס,BG,ציפס אורז חום מלא צילי חריף60גרם,גרמים,60.00,100 גרם,false,1,6.90,0.1150,true,1,73707
7290002043218,false,ציפס אורז חום מלא מל,נוהלס,BG,ציפס אורז חום מלא מלח 60גרם,גרמים,60.00,100 גרם,false,1,6.90,0.1150,true,1,74404
7290002043782,false,ציפס אורז חום מלא טק,נוהלס,BG,ציפס אורז חום מלא טקסס ברביקיו 60גרם,גרמים,60.00,100 גרם,false,1,6.90,0.1150,true,1,73706
7290002043812,false,פריכוני אורז חום מלא,נוהלס,BG,פריכוני אורז חום מלא ציה וקינואה 24גרם,גרמים,24.00,100 גרם,false,1,4.90,0.2042,true,1,73710
7290002057123,false,זיתים ירוקים מנזנילו,קדבורי,IL,זיתים ירוקים מנזנילו ללא גלעין 540 יבנה,גרמים,540.00,100 גרם,false,1,9.90,0.0183,true,1,410
7290002057185,false,טבעות זיתים ירוקים 5,קדבורי,IL,טבעות זיתים ירוקים 540 גרם יבנה,גרמים,540.00,100 גרם,false,1,10.90,0.0202,true,1,412
7290002057376,false,מלפפונים במלח קטן 13,קדבורי,IL,13-17 מלפפונים במלח קטן,גרמים,540.00,100 גרם,false,1,10.90,0.0202,true,1,417
7290002065555,false,לחמניות ארוכות 6 יח,"איטיליאן פוד, אס.פי.",IL,אנג'ל הלחמניה -450 גרם,גרמים,450.00,100 גרם,false,1,11.90,0.0264,true,1,426
7290002075028,false,אובלטים אישי 150 גרם,שוקו טרייד,,אובלטים אישי 150 גרם,גרמים,150.00,100 גרם,false,1,7.90,0.0527,true,1,3871
7290002128083,false,נרות חנוכה בקופסא 44,,,נרות חנוכה בקופסא 44 יחידות,יחידה,1.00,יחידה,false,1,6.90,6.9000,true,1,3776
7290002128205,false,נרות חנוכה לוקס,,,נרות חנוכה לוקס,יחידה,1.00,יחידה,false,1,12.90,12.9000,true,1,3764
7290002128335,false,כוסות שתייה חמה50 יח,טיי פרידה,CN,כוסות שתייה חמה50 יח OZ8,יחידה,1.00,יחידה,false,1,14.90,14.9000,true,1,72666
7290002128434,false,נרות שבת אורה מספר 1,מנורה,IL,נרות שבת אורה מספר 10,יחידה,1.00,יחידה,false,1,4.90,4.9000,true,1,7640
7290002129370,false,פילה אמנון בלי עור ד,,,פילה אמנון בלי עור דלי דג,קילוגרמים,1.00,"ק""ג",true,,29.90,29.9000,true,1,59426
7290002129486,false,פיצה איטלקית דקה זית,האי נאם סי או אל.טי.,IT,פיצה איטלקית דקה זיתים שלושת האופים 340ג,גרמים,340.00,100 גרם,false,1,17.90,0.0526,true,1,75469
7290002130567,false,דבש דבורים טהור יד מ,תות תעשיות מזון (201,IL,דבש דבורים טהור יד מרדכי 350 גרם,גרמים,350.00,100 גרם,false,1,22.90,0.0654,true,1,456
7290002132011,false,עוגיות מזרחיות עבאדי,קריניציה ויטמינה אס,IL,"עבאדי עוגיות מזרחיות שומשום, 400 גרם",גרמים,400.00,100 גרם,false,1,21.90,0.0547,true,1,458
7290002157953,false,נתחי טונה בהירה בשמן,דיאמנט פוד פרודקט,TH,ויליגר נתחי טונה בהירה בשמן קנולה 560 גרם,לא מנהל יחידת מידה,0.00,לא מנהל יחידת מידה,false,1,23.90,0.0000,true,1,40266
7290002232995,false,ציפוי פז דגש 500 גרם,תירפז בעמ,IL,בריאות וטבע ציפוי פז מתובל 500 גרם,גרמים,500.00,100 גרם,false,1,31.90,0.0638,true,1,8694
7290002253105,false,שום כתוש מגשית 80 גר,דורות,IL,שום כתוש מגשית 80 גרם,גרמים,80.00,100 גרם,false,1,17.50,0.2188,true,1,74801
7290002253150,false,בזיליקום קצוץ במגשית,,IL,בזיליקום קצוץ במגשית דורות 70 גרם,גרמים,70.00,100 גרם,false,1,12.90,0.1843,true,1,75103
7290002259640,false,"דיימונד 084- 7.50 מ""",ריינולדס מוצרי צריכה,CN,"רדיד אלומיניום עבה במיוחד לבישול,אפייה והקפאה.",מטרים,760.00,מטר,false,1,10.90,0.0143,true,1,77273
7290002260059,false,במבה יום הולדת,"אסם השקעות בע""מ",IL,במבה יום הולדת 48*60גרם,גרמים,60.00,100 גרם,false,1,4.90,0.0817,true,1,12079
7290002281382,false,נתח פילה סלמון קפוא,דלידג,,נתח פילה סלמון קפוא 100% דג,קילוגרמים,1.00,"ק""ג",true,,89.90,89.9000,true,1,19818
7290002281498,false,ריץ מגורדת 500 ג בסי,האי נאם סי או אל.טי.,PL,"ריץ', צהובה מגורדת, לפיצה, אפייה ובישול ועוד",גרמים,500.00,100 גרם,false,1,25.90,0.0518,true,1,66389
7290002331018,false,מים נביעות פקק רגיל,תות תעשיות מזון (201,IL,נביעות 500 פ.שטוח פיקדון,מיליליטרים,500.00,"100 מ""ל",false,1,3.90,0.0078,true,1,3136
7290002331025,false,מים נביעות ספורט בקב,נביעות טבע הגליל בעמ,IL,נביעות 500 TO GO פקדון,מיליליטרים,500.00,"100 מ""ל",false,1,5.00,0.0100,true,1,507
7290002331094,false,מים נביעות TO-GO בקב,נביעות טבע הגליל בעמ,IL,"מים נביעות TO-GO בקבוק 755 מ""ל",מיליליטרים,755.00,"100 מ""ל",false,1,6.10,0.0081,true,1,508
7290002331124,false,מי נביעות +בטעם תפוח,תות תעשיות מזון (201,IL,נביעות+ בטעם תפוח 500 מל,מיליליטרים,500.00,"100 מ""ל",false,1,8.50,0.0170,true,1,4705
7290002331155,false,מי נביעות + בטעם אפר,תות תעשיות מזון (201,IL,"נביעות + בטעם אפרסק 500 מ""ל",מיליליטרים,500.00,"100 מ""ל",false,1,8.50,0.0170,true,1,4706
7290002331476,false,מים נביעות בייבי בקב,נביעות,,"מים נביעות בייבי בקבוק 320 מ""ל",מיליליטרים,320.00,"100 מ""ל",false,1,2.90,0.0091,true,1,11548
7290002331483,false,מים נביעות בייבי שיש,נביעות טבע הגליל בעמ,IL,נביעות בייבי מים מינרליים טבעיים 1.92 ליטר,ליטרים,1.92,ליטר,false,1,15.90,8.2813,true,1,11263
7290002331490,false,מים נביעות בקבוק 1 ל,תות תעשיות מזון (201,IL,נביעות 1 ליטר,ליטרים,1.00,ליטר,false,1,5.00,5.0000,true,1,11673
7290002331711,false,מי נביעות +בטעם ענבי,תות תעשיות מזון (201,IL,"נביעות + בטעם ענבים 500 מ""ל",מיליליטרים,500.00,"100 מ""ל",false,1,8.50,0.0170,true,1,5584
7290002345015,false,סינטה דק דק,קרלו,IL,סינטה דק דק אלגאוצו,גרמים,250.00,100 גרם,false,1,29.90,0.1196,true,1,17876
7290002345022,false,אנטריקוט דקדק,קרלו,IL,אל גאוצ'ו מינוט סטייק אנטריקוטדקדק 250 גרם,גרמים,250.00,100 גרם,false,1,29.90,0.1196,true,1,17877
7290002345121,false,אסאדו דקדק אל גאוצו,טיבון ויל - נטו,IL,אסאדו דקדק אל גאוצו 250גרם,גרמים,250.00,100 גרם,false,1,28.90,0.1156,true,1,73963
7290002348245,false,לבבות דקל שלמים 400,האי נאם סי או אל.טי.,PE,ויליגר לבבות דקל שלמים 400 גרם,גרמים,400.00,100 גרם,false,1,11.90,0.0298,true,1,3647
7290002353836,false,סרדין רוברט בשמן זית,כצט,PT,סרדינים בשמן זית רוברט 115 גרם,גרמים,115.00,100 גרם,false,1,10.90,0.0948,true,1,520
7290002371533,false,סלסולי פסטרמה דבש 12,הנסיך- מפעל לייצור ט,IL,סלסולי פסטרמה דבש 120 גרם,גרמים,120.00,100 גרם,false,1,16.90,0.1408,true,1,11229
7290002371540,false,קורנדביף 120 גרם,הנסיך- מפעל לייצור ט,IL,טירת צבי דקניקים קורנדביף 120 גרם,גרמים,120.00,100 גרם,false,1,16.90,0.1408,true,1,11230
7290002371939,false,סרוולד צרפתי 120 גרם,הנסיך- מפעל לייצור ט,IL,סרוולד צרפתי 120 גרם,גרמים,120.00,100 גרם,false,1,28.90,0.2408,true,1,6225
7290002385738,false,משולשי מנצגו,יושלם,,"גבינה משולשי מנצגו לק""ג גד",קילוגרמים,1.00,"ק""ג",true,,155.90,155.9000,true,1,9574
7290002385745,false,משולשי פיקורינו,יושלם,,"גבינה משולשי פיקורינו לק""ג גד",קילוגרמים,1.00,"ק""ג",true,,155.90,155.9000,true,1,9575
7290002409014,false,גחנון אפוי ציפור השר,ציפור השרון,,גחנון אפוי ציפור השרון 600 גרם,גרמים,600.00,100 גרם,false,1,18.90,0.0315,true,1,3417
7290002507604,false,פיצת השף שגב 320גרם,האי נאם סי או אל.טי.,IT,פיצת השף שגב 320גרם,יחידה,1.00,יחידה,false,1,17.90,17.9000,true,1,43470
7290002517108,false,אורגנו 10 גרם,תות ממתקי איכות,IL,תבליני טעם וריח מיכל קטן אורגנו 10 גרם,גרמים,10.00,100 גרם,false,1,6.90,0.6900,true,1,5385
7290002517269,false,פלפל שחור שלם 35 גרם,תות ממתקי איכות,IL,תבליני טעם וריח פלפל שחור שלם 35 גרם,גרמים,35.00,100 גרם,false,1,9.90,0.2829,true,1,5478
7290002517276,false,פלפל אנגלי שלם 25 גר,תות ממתקי איכות,IL,תבליני טעם וריח מיכל קטן פלפל אנגלי שלם 25 גרם,גרמים,25.00,100 גרם,false,1,8.90,0.3560,true,1,5347
7290002517283,false,פלפל שחור גרוס 40 גר,תות ממתקי איכות,IL,תבליני טעם וריח מיכל פלפל שחור גרוס 40 גרם,גרמים,40.00,100 גרם,false,1,9.90,0.2475,true,1,5386
7290002517290,false,קינמון טחון 40 גרם,תות ממתקי איכות,IL,"תבליני טעם וריח, 100% קינמון טחון, 40 גרם",גרמים,40.00,100 גרם,false,1,6.90,0.1725,true,1,5348
7290002517337,false,תבלין אורגנו בשקית 2,תות ממתקי איכות,IL,תבליני טעם וריח 100% אורגנו 20 גרם,גרמים,20.00,100 גרם,false,1,5.90,0.2950,true,1,5126
7290002517603,false,בזיליקום ריחן 10 גרם,תות ממתקי איכות,IL,"תבליני טעם וריח בזיליקום (ריחן), 10 גרם",גרמים,10.00,100 גרם,false,1,6.90,0.6900,true,1,5196
7290002517634,false,כוסברה 30 גר,תות ממתקי איכות,IL,תבליני טעם וריח כוסברה 30 גרם,גרמים,30.00,100 גרם,false,1,6.90,0.2300,true,1,24133
7290002517658,false,כורכום 40 גרם,יוליניבר,IL,תבליני טעם וריח כורכום 100% 40 גרם,גרמים,40.00,100 גרם,false,1,6.90,0.1725,true,1,5199
7290002517689,false,אבקת קרי 40 גרם,תות ממתקי איכות,IL,תבליני טעם וריח אבקת קרי 40 גרם,גרמים,40.00,100 גרם,false,1,6.90,0.1725,true,1,5200
7290002517726,false,מקלות קינמון 15 גרם,תות ממתקי איכות,IL,תבליני טעם וריח מקלות קינמון 100%,גרמים,15.00,100 גרם,false,1,6.90,0.4600,true,1,5202
7290002517733,false,קצח,תות ממתקי איכות,IL,"תבליני טעם וריח, 100% קצח, 40 גרם",גרמים,40.00,100 גרם,false,1,6.90,0.1725,true,1,24135
7290002517801,false,"צ""ילי כתוש חריף 30 ג",תות ממתקי איכות,IL,"תבליני טעם וריח, 100% צ'ילי כתוש חריף, 30 גרם",גרמים,30.00,100 גרם,false,1,6.90,0.2300,true,1,5205
7290002517825,false,פלפל לבן טחון 40 גרם,תות ממתקי איכות,IL,"תבליני טעם וריח, 100% פלפל לבן טחון, 40 גרם",גרמים,40.00,100 גרם,false,1,9.90,0.2475,true,1,5206
7290002517849,false,שום גבישי 50 גרם,תות ממתקי איכות,IL,תבליני טעם וריח מיכל קטן שום גבישי 50 גרם,גרמים,50.00,100 גרם,false,1,6.90,0.1380,true,1,5207
7290002517863,false,ציפורן טחון 40 גרם,תות ממתקי איכות,IL,"תבליני טעם וריח, ציפורן טחון 100%, 40 גרם",גרמים,40.00,100 גרם,false,1,9.90,0.2475,true,1,5208
7290002542506,false,בירה קורונה בקבוק 35,קריניציה ויטמינה אס,MX,בירה קורונה אקסטרה 355 מל,מיליליטרים,355.00,"100 מ""ל",false,1,12.90,0.0363,true,1,8154
7290002542773,false,סטלה ארטואה - בק 330,סטלה,BE,סטלה ארטואה בק 330 מל,מיליליטרים,330.00,"100 מ""ל",false,1,11.90,0.0361,true,1,73760
7290002542780,false,סטלה ארטואה - שישיה,סטלה,BE,סטלה ארטואה שישיה 6 בק*330 מל,ליטרים,1.32,ליטר,false,1,39.90,30.2273,true,1,73761
7290002542810,false,בירה הוגרדן בקבוק 33,הוגרדן,BE,בירה הוגרדן בקבוק 330 מל,מיליליטרים,330.00,"100 מ""ל",false,1,11.90,0.0361,true,1,73751
7290002543046,false,דגני קלוגס פרוסטיס 7,כלורוקס אוקלנד,ES,דגני קלוגס פרוסטיס 750 גרם,גרמים,750.00,100 גרם,false,1,24.90,0.0332,true,1,585
7290002543237,false,קורנפלקס קלוגס 750 ג,כלורוקס אוקלנד,,קלוגס קורנפלקס 750 גרם,גרמים,750.00,100 גרם,false,1,18.90,0.0252,true,1,591
7290002551003,false,טונה בשמן סטארקיסט,סטארקיסט,,טונה בשמן סטארקיסט 160 גרם,גרמים,160.00,100 גרם,false,1,8.90,0.0556,true,1,596
7290002551010,false,טונה במים סטארקיסט 1,"איטיליאן פוד, אס.פי.",TR,ס.ק טונה במים 160גרם-בי,גרמים,160.00,100 גרם,false,1,8.90,0.0556,true,1,597
7290002577492,false,פילה דג הרינג מלוח ב,דולפין ספא,IL,פילה דג הרינג מלוח בשמן דלידג 240 גרם,גרמים,240.00,100 גרם,false,1,27.90,0.1162,true,1,16295
7290002577508,false,פילה דג הרינג מלוח ב,דולפין ספא,IL,פילה דג הרינג מלוח בשמן ובצל דלידג 240גר,גרמים,240.00,100 גרם,false,1,27.90,0.1162,true,1,16294
7290002603016,false,טונה ויליגר מי מלח 1,ויליגר,,טונה ויליגר מי מלח 140ג*4,גרמים,560.00,100 גרם,false,1,23.90,0.0427,true,1,76141
7290002608011,false,פרצל סנדוויץ פילסברי,פילסברי,,פרצל סנדוויץ פילסברי,לא מנהל יחידת מידה,0.00,לא מנהל יחידת מידה,false,1,5.90,0.0000,true,1,17396
7290002608028,false,פרצל באן פילסברי,פילסברי,,פרצל באן פילסברי,Unknown,0.00,Unknown,false,1,4.90,0.0000,true,1,17397
7290002608035,false,פרצל עם שומשום פילסב,פילסברי,,פרצל עם שומשום פילסברי,יחידה,0.00,יחידה,false,1,6.90,0.0000,true,1,17398
7290002608080,false,סנדוויץ רוסטיק לבן פ,פילסברי,,סנדוויץ רוסטיק לבן פילסברי,יחידה,1.00,יחידה,false,1,4.90,4.9000,true,1,15575
7290002608097,false,סנדוויץ רוסטיק קמח מ,פילסברי,,סנדוויץ רוסטיק קמח מלא וג.פשתן פילסברי,יחידה,1.00,יחידה,false,1,4.90,4.9000,true,1,15576
7290002608127,false,בייגל רומני פילסברי,פילסברי,,בייגל רומני פילסברי,יחידה,1.00,יחידה,false,1,6.90,6.9000,true,1,15425
7290002657866,false,פילה אמנון דלידג,גואנדונג יוג'יה סיפו,,פילה אמנון דלידג,קילוגרמים,1.00,"ק""ג",true,,36.90,36.9000,true,1,11091
7290002692478,false,שמן זית כתית מעולה מ,"מרקאולאו, ספרד.אבסה,",IT,"שמן זית כתית מעולה מעודן עץ הזית 750 מ""ל",מיליליטרים,750.00,"100 מ""ל",false,1,36.90,0.0492,true,1,4616
7290002692768,false,תרסיס שמן קנולה 200,קומפניה,IT,"תרסיס שמן קנולה 200 מ""ל עץ הזית",מיליליטרים,200.00,"100 מ""ל",false,1,19.90,0.0995,true,1,76876
7290002730262,false,סבון כלים פלמוליב קל,יבואן ומשווק: ש. שסט,GR,פלמוליב נוזל לניקוי כלים קלאסי 750 מל,מיליליטרים,750.00,"100 מ""ל",false,1,12.90,0.0172,true,1,650
7290002730521,false,צמרוני אוזניים200 יח,ספטונה,GR,צמרוני אוזניים בלונס,גרמים,66.00,100 גרם,false,1,8.10,0.1227,true,1,652
7290002730675,false,משחת שיניים קולגייט,קולגייט פלמוליב,PL,"משחת שיניים קולגייט אדומה 100 מ""ל",מיליליטרים,100.00,"100 מ""ל",false,1,9.90,0.0990,true,1,654
7290002750406,false,סופגנייה מטוגנת קפוא,פילסברי,,סופגנייה מטוגנת קפואה עם ריבה,גרמים,95.00,100 גרם,false,1,3.90,0.0411,false,1,6632
7290002750444,false,סופגנייה מטוגנת קפוא,פילסברי,,סופגנייה מטוגנת קפואה ריקה,גרמים,95.00,100 גרם,false,1,4.50,0.0474,false,1,7480
7290002750710,false,מיני סופגנייה מטוגנת,פילסברי,,מיני סופגנייה מטוגנת קפואה עם ריבה,גרמים,40.00,100 גרם,false,1,2.90,0.0725,false,1,7422
7290002750819,false,אצבע פילו תרד ובולגר,פילסברי,,אצבע פילו תרד ובולגרית פילסברי,קילוגרמים,1.00,"ק""ג",true,,54.50,54.5000,true,1,6868
7290002750963,false,באגט רוסטיק פילסברי,פילסברי,,באגט רוסטיק פילסברי,לא מנהל יחידת מידה,0.00,לא מנהל יחידת מידה,false,1,8.90,0.0000,true,1,8431
7290002752332,false,סוכריות מנטוס פירות,הדקלאים אגודת שיתופי,NL,מנטוס סוכריות לעיסה בטעם פירות 37.5 גרם,גרמים,38.00,100 גרם,false,1,3.90,0.1026,true,1,660
7290002752349,false,סוכריות מנטוס מנטה ג,קדבורי,NL,גליל מנטוס סוכריות לעיסה בטעם מנטה,גרמים,38.00,100 גרם,false,1,3.90,0.1026,true,1,2800
7290002771111,false,קפה נחלה הל 250 גרם,מולינו ניקולי s.p.a,IL,אל נחל'ה קפה קלוי וטחון עם הל 250 גרם,גרמים,250.00,100 גרם,false,1,21.50,0.0860,true,1,665
7290002771128,false,קפה תורכי נחלה 250 ג,מולינו ניקולי s.p.a,IL,קפה תורכי נחלה 250 גרם,גרמים,250.00,100 גרם,false,1,21.50,0.0860,true,1,3228
7290002775898,false,עוגת מוס בלגי ריץ 85,בטר אנד דיפרנט,IL,ריץ' עוגת מוס עם שוקולד בסגנון בלגי 850 גרם,גרמים,850.00,100 גרם,false,1,69.90,0.0822,true,1,8139
7290002824183,false,גבינה סקי 5% פיקוח,מיוצר עי קונדיטוריית,IL,סקי משפחתי 5%,גרמים,500.00,100 גרם,false,1,9.96,0.0199,true,1,696
7290002824466,false,יוגורט דנונה 0% טבעי,"שטראוס בריאות בע""מ",IL,דנונה ביו 0% 200 גרם,גרמים,200.00,100 גרם,false,1,3.90,0.0195,true,1,697
7290002824640,false,גבינה סקי 5% פיקוח 2,מיוצר עי קונדיטוריית,IL,סקי 5% 250 גרם,גרמים,250.00,100 גרם,false,1,4.98,0.0199,true,1,699
7290002830948,false,גבינה מון בלאן עיזים,האי נאם סי או אל.טי.,IL,מון בלאן גבינת עיזים מותכת 120 גרם,גרמים,120.00,100 גרם,false,1,14.50,0.1208,true,1,8320
7290002868996,false,קוטג מועשר 5% טרה 25,טרה,,קוטג מועשר 5% טרה 250 גרם,גרמים,250.00,100 גרם,false,1,6.50,0.0260,true,1,4521
7290002871248,false,בירה טובורג בקבוק חו,מולינו ניקולי s.p.a,IL,"טובורג מלא חוזר חדש 500 מ""ל",מיליליטרים,500.00,"100 מ""ל",false,1,9.50,0.0190,true,1,723
7290002871361,false,בירה קרלסברג בקבוק ח,מבשלות בירה בינלאומי,IL,קלסברג בירה 500 מל,מיליליטרים,500.00,"100 מ""ל",false,1,9.50,0.0190,true,1,725
7290002879299,false,מלפפונים גדולים בחומ,דדוש דניאל,,מלפפונים גדולים בחומץ 860 גרם,גרמים,860.00,100 גרם,false,1,23.90,0.0278,true,1,3429
7290002879305,false,מלפפונים קטנים בחומץ,דדוש דניאל,,מלפפונים קטנים בחומץ 860 גרם,גרמים,860.00,100 גרם,false,1,23.90,0.0278,true,1,3577
7290002879411,false,מלפפונים חמוץ מתוק 6,פולן,,מלפפונים חמוץ מתוק 680 גרם,גרמים,680.00,100 גרם,false,1,17.90,0.0263,true,1,4654
7290002879435,false,כרוב כבוש 900 גרם,פולן,,כרוב כבוש 900 גרם,גרמים,900.00,100 גרם,false,1,18.90,0.0210,true,1,6780
7290002879633,false,וופל בלגי 1/10 550 ג,הרטו בלגיה,BE,וופל בלגי 1/10 550 גרם,גרמים,550.00,100 גרם,false,1,27.90,0.0507,true,1,75162
7290002921165,false,ספריי הזלין למוצרי ע,יוליניבר,,יעקבי הזלין קונדישינר חלב שקוף לרהיטי עור 400 מל,מיליליטרים,400.00,"100 מ""ל",false,1,43.90,0.1097,true,1,766
7290002921349,false,דבק סופר גלו לוקטיט,הנקל,,דבק סופר גלו לוקטיט,גרמים,100.00,100 גרם,false,1,16.90,0.1690,true,1,769
7290002922117,false,עוגיות פרימיום 200-3,אקלר,,עוגיות פרימיום 200-300 גרם,גרמים,300.00,100 גרם,false,1,24.90,0.0830,true,1,3319
7290002929635,false,טונה וילגר בשמן 140,"ויליגר תעשיות בע""מ",IL,ויליגר נתחי טונה בהירה בשמן 140 גרם,גרמים,140.00,100 גרם,false,1,5.90,0.0421,true,1,37709
7290002929642,false,טונה ויליגר בשמן140,יבואן ומשווק: ש. שסט,TH,טונה ויליגר בשמן 140 גרם 1\4,גרמים,560.00,100 גרם,false,1,23.90,0.0427,true,1,34540
7290002986539,false,עוגיות גטניו לפסח,"אחים גטניו בע""מ",,עוגיות גטניו יין לפסח 250 גר,גרמים,250.00,100 גרם,false,1,11.90,0.0476,true,1,76337
7290003009312,false,בוטנים קלויים קליית,הדקלאים אגודת שיתופי,IL,בוטן קלוי 200 גר' שק',גרמים,200.00,100 גרם,false,1,7.90,0.0395,true,1,2837
7290003009329,false,בוטנים אמריקאיים קלי,ששון ושות' (ש.ת. תעש,IL,בוטן אמריק'200 גר'שק (ב(24,גרמים,200.00,100 גרם,false,1,7.90,0.0395,true,1,2802
7290003009336,false,קבוקים מצופים קליית,קוד יצרן JG,IL,קבוקים 200 גר'שק'ב24,גרמים,200.00,100 גרם,false,1,7.90,0.0395,true,1,3080
7290003009640,false,מיץ תפוזים סחוט פריג,גת,IL,סחוט תפוזים קלאסי 1 ליטר,ליטרים,1.00,ליטר,false,1,19.90,19.9000,true,1,812
7290003029181,false,שוקו יטבתה בקבוק 1 ל,מחלבת יטבתה,IL,שוקו 1 ליטר,ליטרים,1.00,ליטר,false,1,12.90,12.9000,true,1,877
7290003029372,false,משקה חלב בננה יטבתה,מחלבת יטבתה,IL,בננה 1 ליטר,ליטרים,1.00,ליטר,false,1,12.90,12.9000,true,1,880
7290003029389,false,משקה חלב בננה פקק ספ,,IL,"בננה פקק 250 מ""ל",מיליליטרים,250.00,"100 מ""ל",false,1,5.90,0.0236,true,1,881
7290003029433,false,שוקו יטבתה פקק ספורט,,IL,"שוקו יטבתה פקק ספורטאים 250 מ""ל",מיליליטרים,250.00,"100 מ""ל",false,1,5.90,0.0236,true,1,74803
7290003029532,false,מוקה יטבתה בקבוק 1 ל,מחלבת יטבתה,IL,מוקה 1 ליטר,ליטרים,1.00,ליטר,false,1,12.90,12.9000,true,1,885
7290003029815,false,חלב מועשר 3% בכד יטב,מחלבת יטבתה,IL,חלב מועשר 3% בכד יטבתה 2 ליטר,ליטרים,2.00,ליטר,false,1,15.60,7.8000,true,1,4563
7290003029907,false,קפה יטבתה בקבוק 1 לי,מחלבת יטבתה,IL,אייס קפה 1 ליטר,ליטרים,1.00,ליטר,false,1,12.90,12.9000,true,1,4723
7290003054183,false,לחם שיפון מסטמכר 500,מסטמכר,DE,לחם שיפון מסטמכר 500 גרם,גרמים,500.00,100 גרם,false,1,14.50,0.0290,true,1,901
7290003054206,false,לחם שיפון+חמניות מסט,מסטמכר,DE,לחם שיפון+חמניות מסטמכר 500 גרם,גרמים,500.00,100 גרם,false,1,14.50,0.0290,true,1,903
7290003054213,false,לחם שיפון כפרי מסטמכ,מסטמכר,DE,לחם שיפון כפרי מסטמכר 500 גרם,גרמים,500.00,100 גרם,false,1,14.50,0.0290,true,1,904
7290003060009,false,"קמח חיטה לבן 1 ק""ג ס",טחנות ישראל,,"קמח חיטה לבן 1 ק""ג סוגת",קילוגרמים,1.00,"ק""ג",false,1,6.90,6.9000,true,1,911
7290003060023,false,"סולת חיטה 1 ק""ג טחנו",טחנות ישראל,,"סולת חיטה 1 ק""ג טחנות ישראליות",קילוגרמים,1.00,"ק""ג",false,1,5.90,5.9000,true,1,912
7290003072859,false,רוסטביף 120 גרם,הנסיך- מפעל לייצור ט,IL,טירת צבי דלקטיב רוסטביף 120 גרם,מיליליטרים,120.00,"100 מ""ל",false,1,28.90,0.2408,true,1,71426
7290003102136,false,צמר גפן COTTON SOFT,הדקלאים אגודת שיתופי,TR,צמר גפן מכותנה טבעית 100 גרם,גרמים,100.00,100 גרם,false,1,5.90,0.0590,true,1,9229
7290003143146,false,ממרח תמרים 450 קלית,הדקלאים אגודת שיתופי,IL,ממרח תמרים 450 קלית גת,גרמים,450.00,100 גרם,false,1,6.90,0.0153,true,1,53973
7290003144310,false,תערובת אגוזים וחמוצי,J&G PECANS,IL,תע'אגוזים וחמוציות 150 גר,גרמים,150.00,100 גרם,false,1,22.90,0.1527,true,1,15213
7290003145751,false,אגוזי קשיו קלויים קל,הדקלאים אגודת שיתופי,IL,"קליית גת אגוזי קלויים, 200 גרם",גרמים,200.00,100 גרם,false,1,21.90,0.1095,true,1,6740
7290003145782,false,צנוברים קלופים 100 ג,הדקלאים אגודת שיתופי,IL,צנוברים קלופים 100 גרם קליית גת,גרמים,100.00,100 גרם,false,1,26.90,0.2690,true,1,75448
7290003145959,false,פקאן,קוד יצרן JG,IL,פקאן טבעי 150 גרם,יחידה,150.00,יחידה,false,1,24.90,0.1660,true,1,77373
7290003208586,false,מרטיני לבן בקבוק 750,מרטיני ורוסי,IT,"מרטיני ביאנקו וורמוט לבן מתוק 750 מ""ל",מיליליטרים,750.00,"100 מ""ל",false,1,54.90,0.0732,true,1,8115
7290003208609,false,מרטיני אדום 750 מל,מרטיני ורוסי,IT,"מרטיני רוסו וורמוט אדום מתוק 750 מ""ל",מיליליטרים,750.00,"100 מ""ל",false,1,54.90,0.0732,true,1,74871
7290003208890,false,וודקה פינלנדיה,יושלם,,"וודקה פינלנדיה 200 מ""ל",מיליליטרים,200.00,"100 מ""ל",false,1,29.90,0.1495,true,1,9641
7290003210114,false,טרופית בוסתן 200 מל,בוסתן,IL,טרופית בוסתן 200 מל,מיליליטרים,200.00,"100 מ""ל",false,1,2.90,0.0145,true,1,68452
7290003217014,false,פיתה תנעמי 5 יח בשקי,יוניליוור גרמניה Gm,IL,פיתה תנעמי 5 יח בשקית 500 גרם,גרמים,500.00,100 גרם,false,1,7.90,0.0158,true,1,980
7290003217052,false,פיתה כפרית קלה 5 יח,יוניליוור גרמניה Gm,IL,פיתה כפרית קלה 5 יח בשקית 500 גרם,גרמים,500.00,100 גרם,false,1,10.90,0.0218,true,1,982
7290003220380,false,מעדני מלך סנדוויץ שו,אחים פפושדו,IL,מעדני מלך סנדוויץ שוקו 150ג,גרמים,150.00,100 גרם,false,1,5.50,0.0367,true,1,75346
7290003220977,false,עוגיות מצופות מעדני,אפיפית,,עוגיות מצופות מעדני המלך 175 גר,גרמים,175.00,100 גרם,false,1,10.90,0.0623,true,1,74333
7290003229109,false,פסטרמה בפפריקה,הנסיך- מפעל לייצור ט,IL,פסטרמה בפפריקה טירת צבי 400 גרם,גרמים,400.00,100 גרם,false,1,32.90,0.0822,true,1,994
7290003229116,false,פסטרמה בדבש 400 גרם,הנסיך- מפעל לייצור ט,IL,פסטרמה בדבש טירת צבי 400 גרם,גרמים,400.00,100 גרם,false,1,32.90,0.0822,true,1,995
7290003229123,false,פסטרמה על גחלים 400,הנסיך- מפעל לייצור ט,IL,פסטרמה על גחלים טירת צבי 400 גרם,גרמים,400.00,100 גרם,false,1,32.90,0.0822,true,1,996
7290003229192,false,כתף בקר מעושן טירת צ,טיב טירת צבי 2000,IL,"טירת צבי, פסטרמה כתף בקר מעושנת 400 גרם",גרמים,400.00,100 גרם,false,1,34.90,0.0872,true,1,999
7290003268252,false,לחם חיטה מלאה לילדים,יוניליוור גרמניה Gm,IL,לחם ילדים,גרמים,750.00,100 גרם,false,1,16.90,0.0225,true,1,13854
7290003268641,false,חלה מתוקה 500 גרם,מולינו ניקולי s.p.a,IL,חלה מתוקה 500 גרם,גרמים,500.00,100 גרם,false,1,13.90,0.0278,true,1,17514
7290003268764,false,חלה רגילה 500 גרם,מולינו ניקולי s.p.a,IL,חלה רגילה 500 גרם,גרמים,500.00,100 גרם,false,1,5.17,0.0103,true,1,4169
7290003321155,false,דנונה בר דגנים פקאן,"שטראוס בריאות בע""מ",IL,דנונה בר פקאן,גרמים,175.00,100 גרם,false,1,4.90,0.0280,true,1,1011
7290003321292,false,גבינה סקי 9% 250 גר,מיוצר עי קונדיטוריית,IL,סקי 9% 250 גרם,גרמים,250.00,100 גרם,false,1,4.80,0.0192,true,1,1012
7290003387205,false,דאודורנט ספיד סטיק י,קולגייט פלמוליב,US,דאודורנט ספיד סטיק רגולר 56.6 גרם,גרמים,70.00,100 גרם,false,1,21.90,0.3129,true,1,1032
7290003400500,false,שוקולד ריזס קרמל עם,הרשי,,שוקולד ריזס קרמל עם בוטנים 47 גרם,גרמים,47.00,100 גרם,false,1,6.10,0.1298,true,1,11322
7290003411726,false,קסמים מלחיה 300 יחיד,"איטיליאן פוד, אס.פי.",IL,קסמים מלחיה 300 יחידות,לא מנהל יחידת מידה,0.00,לא מנהל יחידת מידה,false,1,5.90,0.0000,true,1,3516
7290003423909,false,שוקולד הרשיז קוקיז א,הרשי,,שוקולד הרשיז קוקיז אנד קרים 43 גרם,גרמים,43.00,100 גרם,false,1,5.90,0.1372,true,1,11389
7290003427154,false,שמן זית זיתא כתית מע,זיתא,IL,"זיתא שמן זית כתית מעולה, טעם מעודן 750 מל",מיליליטרים,750.00,"100 מ""ל",false,1,36.90,0.0492,true,1,3390
7290003438006,false,ממרח פסטו וצנובר אול,אוליביה גורמה (1996),IL,ממרח פסטו וצנובר אוליביה 180 גרם,גרמים,180.00,100 גרם,false,1,14.90,0.0828,true,1,1044
7290003438020,false,ממרח עגבניות מיובשות,מיוצר עי קונדיטוריית,IL,ממרח עגבניות מיובשות אוליביה 190 גרם,גרמים,190.00,100 גרם,false,1,14.90,0.0784,true,1,1046
7290003438075,false,חרוסת אוליביה מצונן,מיוצר עי קונדיטוריית,IL,אוליביה חרוסת 210 גרם,גרמים,210.00,100 גרם,false,1,11.90,0.0567,true,1,14865
7290003438709,false,ממרח זיתים שחורים או,גוד פוד פרודקטס S.p,IL,ממרח זיתים שחורים אוליביה190 גרם,גרמים,190.00,100 גרם,false,1,14.90,0.0784,true,1,1047
7290003444009,false,שוקולד ריזס חלב 42 ג,הרשי,,שוקולד ריזס חלב 42 גרם,גרמים,42.00,100 גרם,false,1,4.90,0.1167,true,1,11391
7290003450602,false,חרדל היינץ לחיץ 255,כלורוקס אוקלנד,US,היינץ חרדל לחיץ 255 גרם,גרמים,255.00,100 גרם,false,1,12.90,0.0506,true,1,1056
7290003457861,false,שלגון סולרו טרופי,שטראוס גלידות,,שלגון סולרו פירות טרופיים,גרמים,85.00,100 גרם,false,1,11.90,0.1400,true,1,1070
7290003457953,false,שלגון מגנום שוק.לבן,שטראוס גלידות,,שלגון מגנום שוקולד לבן,גרמים,95.00,100 גרם,false,1,11.90,0.1253,true,1,1072
7290003457991,false,טילון קורנטו קלאסיקו,,IL,טילון קורנטו קלאסיקו משפחתי 6 יחידות,גרמים,418.00,100 גרם,false,1,37.90,0.0907,true,1,74806
7290003514571,false,פריכיות אורז עם מלח,,IL,פריכיות אורז עם מלח 100 גרם,גרמים,100.00,100 גרם,false,1,6.20,0.0620,true,1,7617
7290003520572,false,6 מטריות חרוב,תופינית,,מטריות חרובים 54גרם,גרמים,54.00,100 גרם,false,1,15.90,0.2944,true,1,23982
7290003578078,false,לפתן קוקטייל טרופי,יוליניבר,CN,לפתן קוקטייל טרופי 820 גר,גרמים,820.00,100 גרם,false,1,10.90,0.0133,true,1,76598
7290003578177,false,תירס גמדי שלם,מגסטיק פוד אידסטרי ק,TH,תירס גמדי 410 גרם,גרמים,410.00,100 גרם,false,1,7.90,0.0193,true,1,1105
7290003643004,false,אורז בסמטי קלאסי סוג,"סוגת תעשיות בע""מ",IL,"אורז בסמטי קלאסי 1 ק""ג",קילוגרמים,1.00,"ק""ג",false,1,15.90,15.9000,true,1,1129
7290003643127,false,אבקת אפיה סוגת 1/10,גוד פוד פרודקטס S.p,IL,אבקת אפיה סוגת 10 גרם,Unknown,0.00,Unknown,false,1,2.50,0.0000,true,1,5376
7290003643134,false,סוכר וניל סוגת 10*10,גוד פוד פרודקטס S.p,IL,סוכר וניל סוגת 10 גרם,גרמים,100.00,100 גרם,false,1,2.80,0.0280,true,1,5375
7290003643158,false,קורנפלור סוגת,המאפיה של הרמן,IL,סוגת קורנפלור 200 גרם,גרמים,200.00,100 גרם,false,1,4.90,0.0245,true,1,1130
7290003643387,false,סוכר לבן בצנצנת פלסט,"סוגת תעשיות בע""מ",IL,"סוכר 1 ק""ג בצנצנת",קילוגרמים,1.00,"ק""ג",false,1,10.90,10.9000,true,1,1132
7290003643646,false,סוכר דמררה צנצנת סוג,האי נאם סי או אל.טי.,IL,"סוכר דמררה צנצנת סוגת 1 ק""ג",קילוגרמים,1.00,"ק""ג",false,1,13.90,13.9000,true,1,1133
7290003643684,false,אפונה סוגת 500 גרם,"סוגת תעשיות בע""מ",IL,אפונה 500 גרם,גרמים,500.00,100 גרם,false,1,7.90,0.0158,true,1,4869
7290003643714,false,חומוס סוגת 500 גרם,"סוגת תעשיות בע""מ",IL,חומוס 500 גרם,גרמים,500.00,100 גרם,false,1,9.90,0.0198,true,1,5391
7290003643738,false,חיטה סוגת 500 גרם,"סוגת תעשיות בע""מ",IL,חיטה 500 גרם,גרמים,500.00,100 גרם,false,1,6.50,0.0130,true,1,5393
7290003643745,false,כוסמת סוגת 500 גרם,"סוגת תעשיות בע""מ",IL,כוסמת 500 גרם,גרמים,500.00,100 גרם,false,1,8.90,0.0178,true,1,5392
7290003643752,false,עדשים ירוקות סוגת 50,"סוגת תעשיות בע""מ",IL,עדשים ירוקות 500 גר',גרמים,500.00,100 גרם,false,1,8.90,0.0178,true,1,5468
7290003643769,false,עדשים אדומות סוגת 50,"סוגת תעשיות בע""מ",IL,עדשים אדומות סוגת 500 גרם,גרמים,500.00,100 גרם,false,1,8.90,0.0178,true,1,3771
7290003643776,false,פופקורן סוגת 500 גרם,"סוגת תעשיות בע""מ",IL,פופקורן 500 גרם,גרמים,500.00,100 גרם,false,1,6.80,0.0136,true,1,5389
7290003643783,false,קוקוס סוגת 100 גרם,"סוגת תעשיות בע""מ",IL,קוקוס 100 גרם,גרמים,100.00,100 גרם,false,1,4.50,0.0450,true,1,4420
7290003643806,false,שעועית לבנה סוגת 500,"סוגת תעשיות בע""מ",IL,שעועית לבנה 500 גרם,גרמים,500.00,100 גרם,false,1,13.90,0.0278,true,1,5055
7290003643813,false,שעועית אדומה סוגת 50,"סוגת תעשיות בע""מ",IL,שעועית אדומה סוגת 500 גרם,גרמים,500.00,100 גרם,false,1,12.90,0.0258,true,1,5394
7290003726141,false,טופו משק גאיה 300גרם,כפרי בריא משק ויילר,IL,טופו הבית בשיטת הייצור המסורתית,גרמים,300.00,100 גרם,false,1,15.90,0.0530,true,1,1154
7290003726615,false,טופו ויילר 300 גרם,הדקלאים אגודת שיתופי,IL,טופו ויילר 300 גרם,גרמים,300.00,100 גרם,false,1,13.90,0.0463,true,1,68102
7290003726684,false,טופו חומוס בטעם טבעי,הנסיך- מפעל לייצור ט,IL,טופו חומוס בטעם טבעי ויילר 300 גרם,גרמים,300.00,100 גרם,false,1,15.90,0.0530,true,1,72131
7290003779499,false,גינגר טרי יח,מרינה,IL,גינגר טרי יח,גרמים,200.00,100 גרם,false,1,12.90,0.0645,true,1,8232
7290003781652,false,צלפים במי מלח 350 גר,סוסיטס,TR,צלפים במי מלח 350 גרם,גרמים,350.00,100 גרם,false,1,10.90,0.0311,true,1,1161
7290003804320,false,תיבולית קנור שום ופט,יוניליוור ישראל מזון,IL,קנור תיבוליות שום ופטרוזיליה 72 גרם,גרמים,72.00,100 גרם,false,1,11.90,0.1653,true,1,1182
7290003804368,false,תיבולית קנור בזיליקו,יוניליוור ישראל מזון,IL,קנור תיבוליות בזיליקום 72 גרם,גרמים,72.00,100 גרם,false,1,11.90,0.1653,true,1,1185
7290003805501,false,פתית שוודי 300 גרם,יוניליוור ישראל מזון,IL,פתית שוודי קרקר דגנים פריך בסגנון שוודי,גרמים,300.00,100 גרם,false,1,20.90,0.0697,true,1,3377
7290003805587,false,פתית חיטה מלאה 250 ג,יוניליוור ישראל מזון,IL,פתיתי חיטה מלאה קרקר פריך עם חיטה מלאה,גרמים,250.00,100 גרם,false,1,20.90,0.0836,true,1,7805
7290003805716,false,מרק נמס בכוס ועוד זך,יוניליוור ישראל מזון,IL,קנור נמס בכוס מרק בטעם עוף עם ירקות וקרוטונים,גרמים,48.00,100 גרם,false,1,8.50,0.1771,true,1,1198
7290003807482,false,רוטב טריאקי,יוניליוור ישראל מזון,IL,קנור רוטב טריאקי 370 גרם,מיליליטרים,300.00,"100 מ""ל",false,1,14.50,0.0483,true,1,5421
7290003864478,false,סרדינים בשמן צמחי 11,גולדן פרייז קאנינג א,TH,סרדין בשמן צמחי 110גרם פתח-קל,גרמים,110.00,100 גרם,false,1,6.90,0.0627,true,1,1205
7290003864492,false,סרדין בשמן צמחי חריף,גולדן פרייז קאנינג א,TH,סרדין בשמן צמחי חריף 110גרם,גרמים,110.00,100 גרם,false,1,6.90,0.0627,true,1,1207
7290003882502,false,שמן תירס 1 ליטר וילי,יונקרו,TR,שמן תירס 1 ליטר ויליפוד,ליטרים,1.00,ליטר,false,1,13.90,13.9000,true,1,1208
7290003882922,false,עלי גפן ממולאים באור,הזה פלאקספו פוד קו ב,CN,ויליפוד עלי גפן ממולאים באורז 400 גרם,גרמים,400.00,100 גרם,false,1,9.90,0.0248,true,1,1209
7290003896141,false,אלמנדוס ספרדי קליית,קוד יצרן JG,IL,אלמנדוס 200 גרם (ב(12,גרמים,200.00,100 גרם,false,1,9.90,0.0495,true,1,6892
7290003989539,false,רביולי גבינה 400 EAT,מיוצר עי קונדיטוריית,IL,רביולי גבינה 400 EAT GOOD,גרמים,400.00,100 גרם,false,1,21.90,0.0547,true,1,1232
7290003990580,false,לבבות חסה,חקלאי,IL,לבבות חסה,גרמים,700.00,100 גרם,false,1,11.90,0.0170,true,1,14408
7290004011338,false,קצפת ריץ חלבי במיכל,האי נאם סי או אל.טי.,IT,קצפת ריץ חלבי במיכל 250 גרם,גרמים,250.00,100 גרם,false,1,16.90,0.0676,true,1,7854
7290004011345,false,קצפת ריץ פרווה במיכל,האי נאם סי או אל.טי.,IT,קצפת ריץ פרווה במיכל 250 גרם,גרמים,250.00,100 גרם,false,1,16.90,0.0676,true,1,9192
7290004011796,false,"קבבונים אל גאוצ""ו",קרלו,IL,אל גאוצו קבבונים 400 גרם,גרמים,400.00,100 גרם,false,1,27.90,0.0697,true,1,8199
7290004011802,false,"צ""וריסוס אל גאוצ""ו",מולינו ניקולי s.p.a,IL,אל גאוצ'ו נקניות צ'וריסוס 400 גרם,גרמים,400.00,100 גרם,false,1,27.90,0.0697,true,1,8200
7290004011819,false,המבורגר ריב אנטריקוט,האי נאם סי או אל.טי.,IL,אל גאוצו המבורגר ריב אנטריקוט 360 גרם,גרמים,360.00,100 גרם,false,1,27.90,0.0775,true,1,9475
7290004011826,false,מיני המבורגר ריב אנט,מולינו ניקולי s.p.a,IL,אל גאוצ'ו מיני המבורגר ריב אנטריקוט 320 גרם,גרמים,320.00,100 גרם,false,1,27.90,0.0872,true,1,9421
7290004014407,false,סוכריות שוקולדM&M חמ,מרס נדרלנד,,סוכריות שוקולדM&M חמאת בוטנים 46 גרם,גרמים,46.00,100 גרם,false,1,5.80,0.1261,true,1,14690
7290004026934,false,חלת מסעדות פילסברי,פילסברי,,חלת מסעדות פילסברי,גרמים,0.00,100 גרם,false,1,4.90,0.0000,true,1,15600
7290004030445,false,מיץ תפוזים פריניב 1,הנסיך- מפעל לייצור ט,IL,מיץ תפוזים פריניב 1 ליטר,ליטרים,1.00,ליטר,false,1,16.90,16.9000,true,1,7835
7290004030612,false,מיץ קיווי אגס ללא סו,הנסיך- מפעל לייצור ט,IL,"פריניב, מיץ קיווי אגס תפוח ללא תוספת סוכר 1 ליטר",ליטרים,1.00,ליטר,false,1,24.00,24.0000,true,1,14287
7290004030834,false,מיץ רימונים 100% פרי,הנסיך- מפעל לייצור ט,IL,"פריניב, מיץ רימון סחוט 1 ליטר",ליטרים,1.00,ליטר,false,1,32.90,32.9000,true,1,8033
7290004063016,false,מלח שולחן מעולה דק 1,האי נאם סי או אל.טי.,IL,מלח שולחן,קילוגרמים,1.00,"ק""ג",false,1,2.07,2.0700,true,1,1303
7290004063115,false,"מלח בישול 1 ק""ג פיקו",האי נאם סי או אל.טי.,IL,מלח מטבח,קילוגרמים,1.00,"ק""ג",false,1,2.07,2.0700,true,1,1304
7290004064099,false,מטחנה מלח מהרי ההימל,מולינו ניקולי s.p.a,IL,מטחנה מלח מהרי ההימלאי 300 גרם,גרמים,250.00,100 גרם,false,1,16.90,0.0676,true,1,15262
7290004068011,false,יוגורט כבשים 5% בדלי,"מיוצר ע""י קוד יצרן M",IL,גד יוגורט מחלב כבשים מעודן בסגנון בלקני 5% שומן,גרמים,600.00,100 גרם,false,1,19.90,0.0332,true,1,10097
7290004068028,false,"משקה צזיקי 500 מ""ל",מיוצר על ידי קוד יצר,IL,"משקה צזיקי 500 מ""ל גד",מיליליטרים,500.00,"100 מ""ל",false,1,10.90,0.0218,true,1,10436
7290004068035,false,משקה יוגורט איירן בל,"מיוצר ע""י קוד יצרן M",IL,"משקה יוגורט איירן בלקני 500 מ""ל גד",מיליליטרים,500.00,"100 מ""ל",false,1,9.90,0.0198,true,1,10437
7290004068172,false,יוגורט עיזים 5% 600,קוד יצרן MKN,IL,גד יוגורט חלב עיזים 2.8% 600 גרם,גרמים,600.00,100 גרם,false,1,19.90,0.0332,true,1,10447
7290004078690,false,"ג""ל לניקוי אסלה אג""ק",הנסיך- מפעל לייצור ט,FR,אג'קס נוזל לניקוי אסלות ג'ל עם אקונומיקה 750 מל,מיליליטרים,750.00,"100 מ""ל",false,1,16.90,0.0225,true,1,1308
7290004119225,false,יוגורט יופלה אננס 3%,תנובה בעמ,IL,יופלה יוגורט אננס 3% גביע 150 גרם,גרמים,150.00,100 גרם,false,1,5.50,0.0367,true,1,1316
7290004120061,false,מעדן קרלו שוניל 1.5%,מחלבת אלון תבור,IL,קרלו שוניל 1.5% שומן 125 גרם,גרמים,125.00,100 גרם,false,1,3.10,0.0248,true,1,1320
7290004120108,false,יוגורט יופלה דיאט דו,תנובה בעמ,IL,יופלה דיאט יוגורט דובדבן %0 גביע 150גרם,גרמים,150.00,100 גרם,false,1,5.50,0.0367,true,1,1321
7290004120566,false,גבינה בולגרית פיראוס,תנובה,IL,פיראוס בולגרית 24% שומן 250 גרם,גרמים,250.00,100 גרם,false,1,23.90,0.0956,true,1,1323
7290004120573,false,גבינה בולגרית פיראוס,תנובה,IL,גבינה בולגרית מלוחה 16% שומן,גרמים,250.00,100 גרם,false,1,23.90,0.0956,true,1,1324
7290004120634,false,גבינה בולגרית פיראוס,פ.פ.ח. שאביט,IL,פיראוס גבינה בולגרית 5% שומן,גרמים,250.00,100 גרם,false,1,23.90,0.0956,true,1,1325
7290004121488,false,יוגורט יופלה דיאט אפ,תנובה בעמ,IL,יופלה יוגורט עם אפרסק 0% שומן 150 גרם,גרמים,150.00,100 גרם,false,1,5.50,0.0367,true,1,1327
7290004121754,false,יוגורט יופלה 3% עוגת,תנובה בעמ,IL,יופלה יוגורט עוגת גבינה ותות %3 150 גרם,גרמים,150.00,100 גרם,false,1,5.50,0.0367,true,1,1328
7290004121853,false,גבינה בולגרית קוביות,תנובה,IL,פירוס בולגרית קוביות 5% 200 גרם,גרמים,200.00,100 גרם,false,1,24.90,0.1245,true,1,1330
7290004122119,false,השף הלבן פתיתי גבע פ,תנובה,IL,תנובה השף הלבן פתיתי גבע פרמזן 23% שומן,גרמים,100.00,100 גרם,false,1,13.90,0.1390,true,1,3324
7290004122195,false,גבינה קשה גוש חלב פר,תנובה,IL,גוש חלב פרוסות גבינה צהובה חצי קשה 28% שומן מהדרין,גרמים,200.00,100 גרם,false,1,14.90,0.0745,true,1,3278
7290004122270,false,גבינה עמק פרוס פתיחה,תנובה,IL,עמק קלאסית פרוסות גבינה חצי קשה 28% 200 גרם,גרמים,200.00,100 גרם,false,1,16.90,0.0845,true,1,1331
7290004122348,false,גבינה קשה עמק לייט 9,תנובה,IL,עמק גבינה צהובה חצי קשה 9% מופחתת שומן,גרמים,200.00,100 גרם,false,1,16.90,0.0845,true,1,1332
7290004122676,false,גבינה חמד לייט 5%,גוד פוד פרודקטס S.p,IL,פיראוס לייט חמד גבינה כפרית מלוחה 5% שומן,גרמים,250.00,100 גרם,false,1,20.90,0.0836,true,1,5003
7290004124205,false,יוגורט יופלה דיאט תו,תנובה בעמ,IL,יופלה דיאט יוגורט תות %0 גביע 150 גרם,גרמים,150.00,100 גרם,false,1,5.50,0.0367,true,1,1333
7290004125370,false,שמנת 9% תנובה 200 מ,פ.פ.ח. שאביט,IL,תנובה שמנת חמוצה מופחתת שומן,מיליליטרים,200.00,"100 מ""ל",false,1,3.70,0.0185,true,1,1336
7290004125400,false,"שלי אשל פיקוח 200 מ""",פארייפאבה אגרואינדוס,IL,תנובה אשל לבן 4.5% שומן,מיליליטרים,200.00,"100 מ""ל",false,1,1.69,0.0084,true,1,1337
7290004125417,false,"שלי גיל פיקוח 200 מ""",פ.פ.ח. שאביט,IL,תנובה גיל לבן 3% 206 גרם,מיליליטרים,200.00,"100 מ""ל",false,1,1.51,0.0076,true,1,1338
7290004125455,false,שמנת 15% תנובה פיקוח,תנובה,IL,שמנת אורגינל 15% שומן 200 מל,מיליליטרים,200.00,"100 מ""ל",false,1,2.40,0.0120,true,1,1339
7290004125509,false,שמנת תנובה 15% חצי מ,תנובה,IL,תנובה שמנת 15% חצי מנה 100 מל,מיליליטרים,100.00,"100 מ""ל",false,1,1.90,0.0190,true,1,1340
7290004125578,false,משקה סויה מועשר בסיד,סוי מג'יק,IL,משקה סויה מועשר בסידן 1 ליטר,ליטרים,1.00,ליטר,false,1,12.90,12.9000,true,1,1341
7290004125585,false,משקה סויה על הבוקר ו,סוי מג'יק,IL,משקה סויה על הבוקר וניל 1 ליטר,ליטרים,1.00,ליטר,false,1,12.50,12.5000,true,1,1342
7290004125721,false,שמנת לבישול 15% 250,תנובה,IL,"השף הלבן שמנת לבישול ,שמנת עמידה לבישול 15% 250 מל",מיליליטרים,250.00,"100 מ""ל",false,1,8.30,0.0332,true,1,1343
7290004125738,false,שמנת להקצפה 32% 250,תנובה,IL,"שמנת להקצפה 32% 250 מ""ל",מיליליטרים,250.00,"100 מ""ל",false,1,6.90,0.0276,true,1,1344
7290004125776,false,גבינה קשה עמק 28% פר,כצט,IL,עמק פרוס 28% 400 גרם בקופסא,גרמים,400.00,100 גרם,false,1,30.90,0.0772,true,1,4638
7290004126759,false,יוגורט יופלה דיאט פי,תנובה בעמ,IL,יופלה דיאט פירות יער %0 גביע 150 גרם,גרמים,150.00,100 גרם,false,1,5.50,0.0367,true,1,1346
7290004126872,false,שוקו תנובה בקבוק 250,תנובה,IL,"שוקו תנובה בקבוק 250 מ""ל",מיליליטרים,250.00,"100 מ""ל",false,1,5.90,0.0236,true,1,4795
7290004127077,false,קוטג 3% תנובה 250 גר,מחלבת אלון תבור,IL,קוטג 3% תנובה 250 גרם,גרמים,250.00,100 גרם,false,1,5.70,0.0228,true,1,1347
7290004127329,false,קוטג 5% תנובה 250 גר,מחלבת אלון תבור,IL,קוטג 5% תנובה 250 גרם,גרמים,250.00,100 גרם,false,1,5.70,0.0228,true,1,1349
7290004127336,false,קוטג 9% תנובה 250 גר,מחלבת אלון תבור,IL,קוטג 9% תנובה 250 גרם,גרמים,250.00,100 גרם,false,1,5.70,0.0228,true,1,1350
7290004127800,false,גבינה למריחה 5% פיקו,מחלבת אלון תבור,IL,גבינה למריחה 5% פיקוח 500 גרם,גרמים,500.00,100 גרם,false,1,9.96,0.0199,true,1,1352
7290004127817,false,גבינה למריחה 9%,מחלבת אלון תבור,IL,גבינה למריחה 500 9% גרם,גרמים,500.00,100 גרם,false,1,9.50,0.0190,true,1,1353
7290004128340,false,גבינת קרם שמנת 5% טב,תנובה,IL,קרם גבינת שמנת 5% בטעם טבעי 200 גרם,גרמים,200.00,100 גרם,false,1,13.50,0.0675,true,1,1357
7290004129101,false,גבינת שמנת נפוליאון,מחלבת אלון תבור,IL,גבינת שמנת נפוליאון טבעי 225 גרם,גרמים,225.00,100 גרם,false,1,14.90,0.0662,true,1,1359
7290004129118,false,גבינת שמנת נפוליאון,מחלבת אלון תבור,IL,גבינת שמנת נפוליאון זיתים 225 גרם,גרמים,225.00,100 גרם,false,1,14.90,0.0662,true,1,1360
7290004129156,false,גבינת שמנת נפוליאון,מחלבת אלון תבור,IL,גבינת שמנת נפוליאון שום שמיר 225 גרם,גרמים,225.00,100 גרם,false,1,14.90,0.0662,true,1,1361
7290004129736,false,יוגורט יופלה לבן 1.5,תנובה,IL,יוגורט,גרמים,200.00,100 גרם,false,1,4.50,0.0225,true,1,3744
7290004130794,false,משקה סויה מועשר מופח,סוי מג'יק,IL,משקה סויה מועשר מופחת מתיקות 1 ליטר,ליטרים,1.00,ליטר,false,1,12.90,12.9000,true,1,3096
7290004130916,false,יוגורט יופלה פירות י,תנובה בעמ,IL,יוגורט יופלה פירות יער שמנת 150 גרם,גרמים,150.00,100 גרם,false,1,5.50,0.0367,true,1,4620
7290004131074,false,חלב 3% קרטון מהדרין,תנובה,IL,חלב 3% קרטון מהדרין פיקוח 1 ליטר,ליטרים,1.00,ליטר,false,1,6.23,6.2300,true,1,1364
7290004131227,false,גבינה למריחה,מחלבת אלון תבור,IL,גבינה למריחה 500 3% גרם,גרמים,500.00,100 גרם,false,1,9.50,0.0190,true,1,4002
7290004131432,false,יוגורט יופלה 3% לבן,מחלבת אלון תבור,IL,יופלה לבן 3% גביע 200 גרם,גרמים,200.00,100 גרם,false,1,4.50,0.0225,true,1,3746
7290004131456,false,יוגורט יופלה 1.5% לב,מחלבת אלון תבור,IL,יופלה לבן 1.5% גביע 200 גרם,גרמים,200.00,100 גרם,false,1,4.50,0.0225,true,1,3747
7290004131814,false,גבינה צפתית מעודנת 5,תנובה מחלבת טנא נוגה,IL,פיראוס צפתית 5% מעודנת 200 גרם,גרמים,200.00,100 גרם,false,1,16.90,0.0845,true,1,4044
7290004132231,false,חלב פלוס לקפה 3.5% ב,"תנובה, מחלבת רחובות",IL,"תנובה, משקה חלב, מיוחד לקפה. להקצפה בשקשוק.",מיליליטרים,800.00,"100 מ""ל",false,1,7.00,0.0088,true,1,3995
7290004132552,false,משקה סויה דיאט 1 ליט,סוי מג'יק,IL,משקה סויה דיאט 1 ליטר,ליטרים,1.00,ליטר,false,1,12.50,12.5000,true,1,4224
7290004133627,false,חלב 3% על הבוקר קרטו,תנובה,IL,חלב 3% על הבוקר קרטון +פקק 1 ליטר,ליטרים,1.00,ליטר,false,1,8.50,8.5000,true,1,4038
7290004134198,false,משקה חלב בטעם בננה 2,תנובה,IL,משקה חלב בטעם בננה 1.9% 250 מל,מיליליטרים,250.00,"100 מ""ל",false,1,5.90,0.0236,true,1,75678
7290004135614,false,גבינה בולגרית מעודנת,תנובה,IL,פיראוס גבינה בולגרית מעודנת 5% שומן,גרמים,250.00,100 גרם,false,1,22.90,0.0916,true,1,5961
7290004136154,false,משקה אייס קפה תנובה,מחלבת רחובות,IL,"משקה אייס קפה תנובה בקבוק 340 מ""ל",מיליליטרים,340.00,"100 מ""ל",false,1,8.50,0.0250,true,1,6069
7290004136598,false,מארז הפסקת אוכל חלב,"תנובה, מחלבת טנא נוג",IL,מארז הפסקת אוכל חלב+דגנים,לא מנהל יחידת מידה,0.00,לא מנהל יחידת מידה,false,1,9.90,0.0000,true,1,5647
7290004136857,false,גלי בטעם פטל 125 גרם,סוי מג'יק,IL,גלי בטעם פטל 125 גרם,גרמים,125.00,100 גרם,false,1,2.70,0.0216,true,1,5627
7290004137021,false,שמנת לבישול 10% מופח,תנובה,IL,תנובה השף הלבן שמנת לבישול עם סיבים 10% שומן,מיליליטרים,250.00,"100 מ""ל",false,1,8.30,0.0332,true,1,6277
7290004137311,false,גבינה עמק 9% לייט 40,תנובה,IL,עמק גבינה צהובה חצי קשה 9% שומן,גרמים,400.00,100 גרם,false,1,31.90,0.0797,true,1,6136
7290004137809,false,גבינת לאבנה פיראוס 5,"תנובה, מחלבת אלון תב",IL,פיראוס לאבנה אסלית 5% שומן 250 גרם,גרמים,250.00,100 גרם,false,1,14.90,0.0596,true,1,6258
7290004161019,false,סלמון מונטה קרלו 10,מונטה קרלו,IL,סלמון מונטה קרלו 100 גרם,גרמים,100.00,100 גרם,false,1,26.90,0.2690,true,1,75033
7290004199166,false,כפפות לטקס 100 יח מי,הדקלאים אגודת שיתופי,TH,EASY TOUCH כפפות לטקס גודל: Small,יחידה,1.00,יחידה,false,1,34.90,34.9000,true,1,6839
7290004199180,false,כפפות לטקס איזי טאצ,הדקלאים אגודת שיתופי,TH,EASY TOUCH כפפות לטקס גודל: Large,יחידה,1.00,יחידה,false,1,34.90,34.9000,true,1,6841
7290004199579,false,פלסטר SUNNY מעורב 10,הדקלאים אגודת שיתופי,CN,סאני פלסטר 100 פלסטרים בגדלים שונים סטריליים,גרמים,0.00,100 גרם,false,1,10.90,0.0000,true,1,10777
7290004200930,false,"זיקוק זוג 15 ס""מ בשק",F.T.I,,זיקוק זוג 15 סמ בשקית,יחידה,1.00,יחידה,false,1,7.80,7.8000,true,1,10759
7290004200961,false,נר זיקוק 3 בשקית,F.T.I,,נר זיקוק 3 בשקית,לא מנהל יחידת מידה,0.00,לא מנהל יחידת מידה,false,1,5.80,0.0000,true,1,3799
7290004219819,false,מלבין קפה קומפלטה 20,פריזלנד פודס קיוויט,NL,קומפלטה מלבין קפה הולנדי 200 גרם,גרמים,200.00,100 גרם,false,1,12.90,0.0645,true,1,1401
7290004225285,false,דאנאבול דנית 100 ג,האי נאם סי או אל.טי.,DK,רכיבי חלב ושומן צמחי בסגנון דנאבלו 100 גרם,גרמים,100.00,100 גרם,false,1,12.50,0.1250,true,1,10161
7290004255428,false,נר נשמה מנורה בפחית,מנורה,IL,נר נשמה מנורה בפחית 24 שעות,יחידה,1.00,יחידה,false,1,2.50,2.5000,true,1,72241
7290004256371,false,גבינת ריץ פרוסה 400,כלורוקס אוקלנד,PL,גבינה צהובה פרוסה על בסיס חלב,גרמים,400.00,100 גרם,false,1,19.90,0.0497,true,1,67940
7290004339401,false,המבורגר אורז עדשים ט,טבע דלי,IL,"בורגר אורז, עדשים ושקדים 400 גרם טבע דלי",גרמים,400.00,100 גרם,false,1,26.90,0.0672,true,1,6471
7290004339425,false,שווארמה מהצומח סייטן,טבע דלי בעמ,IL,טבע דלי סייטן שווארמה 350 גרם,גרמים,350.00,100 גרם,false,1,24.90,0.0711,true,1,1437
7290004339777,false,סייטן טחון בולונז,טבע דלי,IL,סייטן בולונז 350גרם טבע דלי,גרמים,350.00,100 גרם,false,1,26.90,0.0769,true,1,75451
7290004339784,false,בורגר על האש טבע דלי,טבע דלי,IL,בורגר על האש טבע דלי 400 גרם,גרמים,400.00,100 גרם,false,1,26.90,0.0672,true,1,11550
7290004480332,false,גאודה בקר משולש גד ל,מחלבת גד,IL,"גאודה בקר משולש גד לק""ג",קילוגרמים,1.00,"ק""ג",true,,113.90,113.9000,true,1,76251
7290004480349,false,גאודה עיזים משולש גד,מחלבת גד,IL,"גאודה עיזים משולש גד לק""ג",קילוגרמים,1.00,"ק""ג",true,,134.90,134.9000,true,1,76252
7290004494049,false,יין דלתון פומה סובני,"איי, בי, אינבוו",IL,דלתון סוביניון בלאן יין לבן יבש גליל 2020 750 מל,מיליליטרים,750.00,"100 מ""ל",false,1,74.90,0.0999,true,1,3378
7290004494131,false,יין דלתון קברנה סובנ,"איי, בי, אינבוו",IL,דלתון קברנה סוביניון 2019 יין אדום יבש,מיליליטרים,750.00,"100 מ""ל",false,1,74.90,0.0999,true,1,3613
7290004494148,false,יין דלתון מרלו 750 מ,"איי, בי, אינבוו",IL,דלתון יין 15% אדום יבש מרלו 2014,מיליליטרים,750.00,"100 מ""ל",false,1,74.90,0.0999,true,1,3491
7290004494179,false,יין דלתון שרדונה 750,"איי, בי, אינבוו",IL,יין דלתון שרדונה 750 מל,מיליליטרים,750.00,"100 מ""ל",false,1,74.90,0.0999,true,1,75556
7290004494377,false,יין דלתון שיראז 750,"איי, בי, אינבוו",IL,יין דלתון אדום יבש שיראז 2020 13.5% 750 מל,מיליליטרים,750.00,"100 מ""ל",false,1,74.90,0.0999,true,1,4332
7290004494919,false,כנען אדום קברנה שירא,כצט,IL,כנען אדום קברנה שיראז דלתון 750מל,מיליליטרים,750.00,"100 מ""ל",false,1,52.90,0.0705,true,1,42219
7290004554330,false,שלגון אסקימו דובדבן,שטראוס גלידות,,שלגון אסקימו דובדבן,גרמים,84.00,100 גרם,false,1,3.90,0.0464,true,1,3018
7290004554781,false,שלגון אסקימו לימון,שטראוס גלידות,,שלגון אסקימו לימון,גרמים,84.00,100 גרם,false,1,3.90,0.0464,true,1,1489
7290004554798,false,שלגון מטרה,"מיוצר ע"" גלידת שטראו",IL,שטראוס מטרה שלגון בטעמי פטל ולימון 80 גרם,גרמים,90.00,100 גרם,false,1,7.90,0.0878,true,1,3019
7290004584351,false,גבינה במרקם שמנת סימ,"שטראוס בריאות בע""מ",IL,סימפוניה החמישית,גרמים,200.00,100 גרם,false,1,12.90,0.0645,true,1,1495
7290004584528,false,יוגורט דנונה ביו 1.7,מיוצר עי קונדיטוריית,IL,דנונה ביו 1.7% 200 גרם,גרמים,200.00,100 גרם,false,1,3.70,0.0185,true,1,1496
7290004585907,false,מעדן דני וניל 125 גר,"שטראוס בריאות בע""מ",IL,דני וניל,גרמים,125.00,100 גרם,false,1,2.70,0.0216,true,1,1497
7290004731410,false,כרית קרצוף סנו סושי,סנו,,כרית קרצוף סנו סושי ירוק שלישייה,יחידה,0.00,יחידה,false,1,11.90,0.0000,true,1,4118
7290004731472,false,מארז אלסבון כיף צבעו,קוסמופארם בע''מ,IL,כיף שלישיה צבעוני,ליטרים,1.50,ליטר,false,1,19.90,13.2667,true,1,4101
7290004731670,false,מטהר אוויר דואופרש פ,"סנו מפעלי ברונוס בע""",IL,מבשם אוויר דואופרש לבנדר ופצ'ולי 300 מל,מיליליטרים,300.00,"100 מ""ל",false,1,14.90,0.0497,true,1,4782
7290004737719,false,אספרגוס שלם בצנצנת 3,יוליניבר,CN,אספרגוס שלם בצנצנת 330 גרם,גרמים,330.00,100 גרם,false,1,12.50,0.0379,true,1,1543
7290004737900,false,חלב מרוכז הולנדי ויל,יו.איי.בי מאריג'אמפו,LT,חלב מרוכז הולנדי ויליפוד 397 גרם,גרמים,397.00,100 גרם,false,1,10.90,0.0275,true,1,1545
7290004872021,false,קרחון רמזור,המאפיה של הרמן,IL,נסטלה קרחון רמזור בדצ 48*80גרם,Unknown,0.00,Unknown,false,1,3.00,0.0000,true,1,3021
7290004872229,false,שלגון שוקו מצופה,תות תעשיות מזון (201,IL,שלגון שוקו מצופה,Unknown,0.00,Unknown,false,1,5.90,0.0000,true,1,3023
7290004872243,false,שלגון בננה מצופה,תות תעשיות מזון (201,IL,שלגון בננה מצופה,Unknown,0.00,Unknown,false,1,5.90,0.0000,true,1,2816
7290004872250,false,שלגון אבטיח קיץ,תות תעשיות מזון (201,IL,שלגון אבטיח קיץ,Unknown,0.00,Unknown,false,1,5.90,0.0000,true,1,2817
7290004872359,false,קרחון דובדבן,המאפיה של הרמן,IL,שלגון קרח דובדבן,Unknown,0.00,Unknown,false,1,3.00,0.0000,true,1,2818
7290004872731,false,טילון אקסטרים וניל,נגה גלידות,,טילון אקסטרים וניל,Unknown,0.00,Unknown,false,1,7.90,0.0000,true,1,3024
7290004872786,false,טילון אקסטרים ענק פק,נגה גלידות,,טילון אקסטרים ענק פקאן 139 גרם,גרמים,139.00,100 גרם,false,1,9.90,0.0712,true,1,3026
7290004943301,false,ברוקולי מילוטל 800,משק ויילר,IL,ברוקולי מילוטל 800גרם,גרמים,800.00,100 גרם,false,1,13.90,0.0174,true,1,13566
7290005008184,false,סבון פלמוליב נוזלי ש,הנסיך- מפעל לייצור ט,TR,"סבון פלמוליב נוזלי שקדים 500 מ""ל",מיליליטרים,500.00,"100 מ""ל",false,1,17.90,0.0358,true,1,1612
7290005008191,false,סבון נוזלי פלמוליב א,קולגייט פלמוליב,TR,500 מל סבון נוזלי פלמוליב so relaxed,מיליליטרים,500.00,"100 מ""ל",false,1,17.90,0.0358,true,1,1613
7290005020162,false,ויסקי בלנטיין בקבוק,פרנו,,וויסקי סקוטי בלנטייס פיינסט,מיליליטרים,700.00,"100 מ""ל",false,1,99.90,0.1427,true,1,5240
7290005020346,false,בקרדי לבן 750,ג'נרל מילס סאן אדריא,US,"בקרדי לבן 750 מ""ל",מיליליטרים,750.00,"100 מ""ל",false,1,109.90,0.1465,true,1,3986
7290005084355,false,סנסודין דואלקר משחה,DE MICLEN,,סנסודיין משחת שיניים הגנה כפולה 75 מל,מיליליטרים,75.00,"100 מ""ל",false,1,22.90,0.3053,true,1,1660
7290005095399,false,מצת סיגריות מותג,,,מצת סיגריות אלקטרוני מותג,לא מנהל יחידת מידה,0.00,לא מנהל יחידת מידה,false,1,4.50,0.0000,true,1,10402
7290005111761,false,מזון לכלבים בונזו מז,united pet food,FR,"בונזו בשר 3 ק""ג",קילוגרמים,3.00,"ק""ג",false,1,49.90,16.6333,true,1,1661
7290005158407,false,עוגיות טחינה ואגוזים,פרוטרופיק סיה.,IL,עוגיות טחינה ואגוזים מכוסמין 300 גרם,גרמים,300.00,100 גרם,false,1,34.90,0.1163,true,1,74583
7290005174551,false,סלט חומוס יום יום 12,מיוצר עי קונדיטוריית,IL,סלט חומוס יום יום 125 גרם,גרמים,125.00,100 גרם,false,1,5.90,0.0472,true,1,1664
7290005174568,false,סלט חציל במיונז יום,מיוצר עי קונדיטוריית,IL,סלט חציל במיונז יום יום 125 גרם,גרמים,125.00,100 גרם,false,1,5.90,0.0472,true,1,1665
7290005174575,false,סלט טחינה יום יום 12,מיוצר עי קונדיטוריית,IL,סלט טחינה יום יום 125 גרם,גרמים,125.00,100 גרם,false,1,5.90,0.0472,true,1,1666
7290005197758,false,עוגיות חיוכים שוקו 1,אפיפית נצרת (1971) ב,IL,חיוכים שוקו 150 בדצ,גרמים,150.00,100 גרם,false,1,6.90,0.0460,true,1,1679
7290005200786,false,תפוציפס טעם שמנת ובצ,"שטראוס פריטו ליי בע""",IL,תפו שמנת בצל 50 גר 48 יח - שמיטה,גרמים,50.00,100 גרם,false,1,5.50,0.1100,true,1,1684
7290005201882,false,קפה טורקי 200 גרם,הנסיך- מפעל לייצור ט,IL,קפה טורקי 200 גרם,גרמים,200.00,100 גרם,false,1,17.90,0.0895,true,1,1701
7290005271410,false,ביצים L ארוזות 12 י,גליקסמן שיווק ביצים,,ביצים L ארוזות 12 יחידות,לא מנהל יחידת מידה,0.00,לא מנהל יחידת מידה,false,1,12.05,0.0000,true,1,6463
7290005271458,false,ביצים L אורגניות 12,גליקסמן שיווק ביצים,,ביצים L אורגניות 12 יחידות,לא מנהל יחידת מידה,0.00,לא מנהל יחידת מידה,false,1,25.90,0.0000,true,1,6465
7290005271465,false,ביצים M אורגניות 12,גליקסמן שיווק ביצים,,ביצים M אורגניות 12 יחידות,לא מנהל יחידת מידה,0.00,לא מנהל יחידת מידה,false,1,24.90,0.0000,true,1,6466
7290005271687,false,ביצים L אומגה 3 לבן,גליקסמן שיווק ביצים,,ביצים L אומגה 3 לבן 12 יחידות,יחידה,1.00,יחידה,false,1,22.90,22.9000,true,1,6927
7290005271755,false,ביצים L חופש 12 יחיד,גליקסמן שיווק ביצים,,ביצים L חופש 12 יחידות,לא מנהל יחידת מידה,0.00,לא מנהל יחידת מידה,false,1,25.90,0.0000,true,1,7379
7290005271762,false,ביצים חופש M בינוני,גליקסמן שיווק ביצים,,ביצים חופש M בינוני 12 יחידות,לא מנהל יחידת מידה,0.00,לא מנהל יחידת מידה,false,1,23.90,0.0000,true,1,7380
7290005271847,false,ביצים XL ארוזות 10,גליקסמן שיווק ביצים,,ביצים XL ארוזות 10 יחידות,לא מנהל יחידת מידה,0.00,לא מנהל יחידת מידה,false,1,10.90,0.0000,true,1,18493
7290005287510,false,טונה סטארקיסט פלפל ח,כלורוקס אוקלנד,TH,ס.ק עם פלפל חריף 160 גרם,גרמים,160.00,100 גרם,false,1,8.90,0.0556,true,1,5819
7290005287527,false,טונה סטארקיסט שמן עם,כלורוקס אוקלנד,TH,ס.ק בטעם לימון 160גרם,גרמים,160.00,100 גרם,false,1,8.90,0.0556,true,1,5820
7290005287534,false,טונה בשמן בעישון סטא,כלורוקס אוקלנד,TH,סטארקיסט טונה בשמן בטעם מעושן,גרמים,160.00,100 גרם,false,1,11.90,0.0744,true,1,5821
7290005423253,false,מרסס למייבש כביסה מק,"סנו מפעלי ברונוס בע""",IL,"מרסס למייבש כביסה מקסימה כחול 750 מ""ל",מיליליטרים,750.00,"100 מ""ל",false,1,19.90,0.0265,true,1,1765
7290005423499,false,ספריי לניקוי משטחי נ,סנו מפעלי ברונוס בעמ,IL,נירוסטה - לניקוי והברקה של משטחי נירוסטה,מיליליטרים,500.00,"100 מ""ל",false,1,22.90,0.0458,true,1,1767
7290005423635,false,ריצפז דוחה תיקנים 2,סנו מפעלי ברונוס בעמ,IL,סנו ריצפז פלוס,ליטרים,2.00,ליטר,false,1,26.90,13.4500,true,1,1770
7290005424847,false,מפיות נייר סנו סושי,איפק,,מפיות נייר סנו סושי 150 יח,Unknown,0.00,Unknown,false,1,9.90,0.0000,true,1,1782
7290005425110,false,מרסס למשטחים 99% משמ,"סנו מפעלי ברונוס בע""",IL,סנו מחטא ומשמיד חיידקים 750 מל,לא מנהל יחידת מידה,0.00,לא מנהל יחידת מידה,false,1,18.90,0.0000,true,1,66366
7290005425196,false,אבקת כביסה מקסימה סנ,סנו מפעלי ברונוס בעמ,IL,אבקת כביסה מרוכזת SENSITIVE,קילוגרמים,2.50,"ק""ג",false,1,28.90,11.5600,true,1,1785
7290005425646,false,סנוקליר חלונות 1 ליט,"סנו מפעלי ברונוס בע""",IL,סנוקליר חלונות 1 ליטר,ליטרים,1.00,ליטר,false,1,15.90,15.9000,true,1,1786
7290005426193,false,ספוג הפלא סנו סושי,סנו מפעלי ברונו בעמ,IL,סנו סושי ספוג הפלא,Unknown,0.00,Unknown,false,1,14.90,0.0000,true,1,3101
7290005426230,false,מטלית הפלא לרצפה,N.S.,,מטלית הפלא לרצפה סנו סושי,Unknown,0.00,Unknown,false,1,13.90,0.0000,true,1,1789
7290005426940,false,משמיד חרקים K300 פלו,טרופיקל דגיל תעשיות,IL,"משמיד חרקים K300 פלוס 400 מ""ל",מיליליטרים,400.00,"100 מ""ל",false,1,25.90,0.0647,true,1,4119
7290005427107,false,מגבת נייר סנו סושי 6,סנו מפעלי ברונוס בעמ,IL,"סנו סושי 6 מגבות הפלא, 700 גרם",מטרים,6350.00,מטר,false,1,12.90,0.0020,true,1,3546
7290005430602,false,"מסיר כתמים אוקסיג""ן",סנו,IL,"מסיר כתמים אוקסיג""ן מרסס 750 מ""ל",מיליליטרים,750.00,"100 מ""ל",false,1,21.90,0.0292,true,1,1803
7290005431159,false,תותים בקצפת לייט עד,עדן קינוחים,IL,תותים בקצפת לייט עדן 80 גרם,גרמים,80.00,100 גרם,false,1,7.20,0.0900,true,1,75475
7290005431883,false,מלבי חלבי 165 גרם,לחמנו,IL,עדן מלבי 165 גרם,גרמים,165.00,100 גרם,false,1,7.20,0.0436,true,1,71415
7290005431890,false,בוואריה 95 גרם,לחמנו,IL,עדן בוואריה 95 גרם,גרמים,95.00,100 גרם,false,1,7.20,0.0758,true,1,71419
7290005431906,false,קדאיף 82 גרם,תנובה,IL,קדאיף 82 גרם,גרמים,82.00,100 גרם,false,1,7.20,0.0878,true,1,71418
7290005431913,false,עוגת גבינה פירורים 9,תנובה,IL,עוגת גבינה פירורים 92 גרם,גרמים,92.00,100 גרם,false,1,7.20,0.0783,true,1,71416
7290005431920,false,עוגת גבינה פירורים ל,תנובה,IL,עוגת גבינה פירורים לייט 78 גרם,גרמים,78.00,100 גרם,false,1,7.20,0.0923,true,1,71417
7290005431937,false,טירמיסו 82 גרם,תנובה,IL,טירמיסו 82 גרם,גרמים,82.00,100 גרם,false,1,7.20,0.0878,true,1,71414
7290005431968,false,מלבי שמנת 150גרם,תנובה,IL,מלבי שמנת 150גרם,גרמים,150.00,100 גרם,false,1,8.50,0.0567,true,1,72623
7290005431999,false,מלבי חלבי לייט עדן,עדן קינוחים,IL,מלבי חלבי לייט עדן 150 גרם,גרמים,150.00,100 גרם,false,1,7.20,0.0480,true,1,75471
7290005559907,false,פיצה משפחתית גבינה מ,מיוצר עי קונדיטוריית,IL,פיצה משפחתית גבינה מעדנות 500גרם,גרמים,500.00,100 גרם,false,1,26.90,0.0538,true,1,1841
7290005559914,false,פיצה משפחתית זיתים,"מעדנות בע""מ",IL,פיצה משפחתית זיתים 550 גרם,גרמים,550.00,100 גרם,false,1,26.90,0.0489,true,1,1842
7290005559990,false,בצק פילאס תורכי 600,"מעדנות בע""מ",IL,בצק פילאס תורכי 600 גרם,גרמים,600.00,100 גרם,false,1,27.90,0.0465,true,1,1844
7290005591761,false,דבש פרחי בר בקבוק לח,תות תעשיות מזון (201,IL,דבש טהור לחיץ 400 גרם,גרמים,400.00,100 גרם,false,1,24.90,0.0622,true,1,1848
7290005680052,false,טמפוני O.B סופר פלוס,גונסון אנד גונסון,GR,טמפוני O.B סופר פלוס 32 יח,יחידה,32.00,יחידה,false,1,25.90,0.8094,true,1,1861
7290005686436,false,תפוח עץ מיובש 200 גר,"דין שיווק וקליה בע""מ",,תפוח עץ מיובש 200 גרם,גרמים,200.00,100 גרם,false,1,13.90,0.0695,false,1,1863
7290005719042,false,אזני המן פרג,,,אזני המן פרג,קילוגרמים,1.00,"ק""ג",true,,52.90,52.9000,true,1,20190
7290005719059,false,אזני המן תמרים,,,אזני המן תמרים,קילוגרמים,1.00,"ק""ג",true,,52.90,52.9000,true,1,20191
7290005719332,false,מיני חלה א.ק,פילסברי,IL,מיני חלה א.ק,יחידה,12.00,יחידה,false,1,9.90,0.8250,true,1,70898
7290005803628,false,קרחון מלון - צבע מאכ,המאפיה של הרמן,IL,נסטלה קרחון מלון בדצ 48*80גרם,Unknown,0.00,Unknown,false,1,3.00,0.0000,true,1,2852
7290005838002,false,מעדן דניאלה גבינה ונ,"שטראוס בריאות בע""מ",IL,דניאלה וניל,גרמים,88.00,100 גרם,false,1,4.50,0.0511,true,1,1920
7290005839078,false,מארז דנונה ביו 1.200,מיוצר עי קונדיטוריית,IL,מארז 8 חסכון - ביו 3% 150 גרם,קילוגרמים,1.20,"ק""ג",false,1,17.60,14.6667,true,1,21153
7290005839108,false,גבינה במרקם שמנת סימ,"שטראוס בריאות בע""מ",IL,סימפוניה 5% עם זתים,גרמים,200.00,100 גרם,false,1,12.90,0.0645,true,1,1922
7290005839313,false,מילקי טופ מגולגלת 14,מיוצר עי קונדיטוריית,IL,מילקי טופ מגולגלת 140 גרם,גרמים,140.00,100 גרם,false,1,5.00,0.0357,true,1,1923
7290005854040,false,שלגון אסקימו משמש,יושלם,,שלגון אסקימו משמש,לא מנהל יחידת מידה,0.00,לא מנהל יחידת מידה,false,1,3.00,0.0000,true,1,7120
7290005854606,false,שלגון אסקימו אננס,יושלם,,שלגון אסקימו אננס,לא מנהל יחידת מידה,0.00,לא מנהל יחידת מידה,false,1,3.00,0.0000,true,1,3075
7290005854613,false,תותי פרוטי,יושלם,,תותי פרוטי,לא מנהל יחידת מידה,0.00,לא מנהל יחידת מידה,false,1,3.90,0.0000,true,1,2820
7290005896439,false,בירה מכבי בקבוק חוזר,"איי, בי, אינבוו",IL,"בירה מכבי, בקבוק חוזר 500 מ''ל",מיליליטרים,500.00,"100 מ""ל",false,1,7.50,0.0150,true,1,9592
7290005896453,false,בירה מכבי 7.9% בקבוק,פארייפאבה אגרואינדוס,IL,"בירה מכבי 7.9%, בירה חזקה, בקבוק חוזר 500 מ''ל",מיליליטרים,500.00,"100 מ""ל",false,1,7.50,0.0150,true,1,16258
7290005896637,false,מים סן בנדטו בקבוק,אקווה מינרלה סאן בנד,IT,סן בנדטו 1.5 ליטר,ליטרים,1.50,ליטר,false,1,4.50,3.0000,true,1,1926
7290005938245,false,פסטו קלאסי 220 גרם,כלורוקס אוקלנד,IL,פרסקו פסטו קלאסי ממרח בזיליקום וצנובר 220 גרם,גרמים,220.00,100 גרם,false,1,20.90,0.0950,true,1,4237
7290005966033,false,יין הר חרמון לבן,דולפין ספא,IL,"הר חרמון יין לבן יבש 2020 750 מ""ל",מיליליטרים,750.00,"100 מ""ל",false,1,44.90,0.0599,true,1,1943
7290005966088,false,יין הר חרמון אדום 75,"כד בני דרום בע""מ",IL,הר חרמון אדום 2020 יבש,מיליליטרים,750.00,"100 מ""ל",false,1,44.90,0.0599,true,1,1944
7290005992018,false,"יוגורט עיזים 500 מ""ל","מיוצר ע""י קוד יצרן M",IL,"יוגורט עיזים 500 מ""ל גד",מיליליטרים,500.00,"100 מ""ל",false,1,14.90,0.0298,true,1,1957
7290005992575,false,גבינה בולגרית למריחה,יוליניבר,IL,גד גבינה בולגרית מלוחה למריחה 5% שומן,גרמים,250.00,100 גרם,false,1,19.90,0.0796,true,1,1959
7290005992735,false,גבינת לאבנה 5% 250 ג,הנסיך- מפעל לייצור ט,IL,גבינת לאבנה 5% 250 גרם גד,גרמים,250.00,100 גרם,false,1,13.90,0.0556,true,1,1961
7290005996078,false,סלמי סרוולט הונגרי 1,יחיעם,IL,סלמי סרוולט הונגרי 125 ג',גרמים,125.00,100 גרם,false,1,31.90,0.2552,true,1,72104
7290005996153,false,נקניקיות צרפתיות 28,יחיעם,IL,נק' בסגנון צרפתי 280 גרם,גרמים,280.00,100 גרם,false,1,24.90,0.0889,true,1,71775
7290005996221,false,פסטרמה של פעם דק דק,יחיעם,IL,פסט' של פעם דק דק 120 גרם,גרמים,120.00,100 גרם,false,1,11.90,0.0992,true,1,72436
7290005996238,false,פסטרמה בדבש דק דק 12,יחיעם,IL,פסט' בדבש דק דק 120 גרם,גרמים,120.00,100 גרם,false,1,11.90,0.0992,true,1,72438
7290005996276,false,פסטרמה ברביקיו דק דק,יחיעם,IL,פסט' ברבקיו דק דק 140גר',גרמים,120.00,100 גרם,false,1,11.90,0.0992,true,1,72437
7290006241214,false,שקד טבעי 200 גרם,הדקלאים אגודת שיתופי,IL,שקד טבעי שקית 200 גרם,גרמים,200.00,100 גרם,false,1,24.90,0.1245,true,1,3207
7290006251107,false,"תה מסאלה צ""אי 25 שקי",מולינו ניקולי s.p.a,IL,מסאלה צ'אי,גרמים,50.00,100 גרם,false,1,19.90,0.3980,true,1,2058
7290006251275,false,תה ירוק סיני קלאסי 2,HIQ FOOD PRODUCTS,IL,תה ירוק סיני T.T,גרמים,37.00,100 גרם,false,1,26.90,0.7270,true,1,2059
7290006251343,false,חליטת תה פסיפלורה מנ,HIQ FOOD PRODUCTS,IL,"מנגו-פסיפלורה ""הגן הקסום""",גרמים,62.00,100 גרם,false,1,19.90,0.3210,true,1,2061
7290006251374,false,תה ירוק לימונית וגינ,HIQ FOOD PRODUCTS,IL,תה ירוק לימונית וג'ינג'ר T.T,גרמים,37.00,100 גרם,false,1,26.90,0.7270,true,1,3102
7290006256089,false,יין גאטו נגרו קברנה,יושלם,,יין גאטו נגרו קברנה סוביניון750מל,מיליליטרים,750.00,"100 מ""ל",false,1,39.90,0.0532,true,1,2062
7290006256102,false,יין גאטו נגרו מרלו 7,יושלם,,יין גאטו נגרו מרלו 750 מל .,מיליליטרים,750.00,"100 מ""ל",false,1,39.90,0.0532,true,1,2063
7290006265500,false,פטריות שמפיניון יחי,מרינה,IL,פטריות שמפיניון יחידה,גרמים,250.00,100 גרם,false,1,12.90,0.0516,true,1,4368
7290006265548,false,נבטים סינים יח,מרינה,IL,נבטים סינים יח,גרמים,350.00,100 גרם,false,1,6.50,0.0186,true,1,8016
7290006271174,false,גחנון לאפיה מעדנות 7,מיוצר עי קונדיטוריית,IL,גחנון לאפיה מעדנות 700 גרם,גרמים,700.00,100 גרם,false,1,21.90,0.0313,true,1,2064
7290006271181,false,גחנון אפוי 750 גרם,"מעדנות בע""מ",IL,"ג""חנון אפוי 750 גרם מעדנות",גרמים,750.00,100 גרם,false,1,27.90,0.0372,true,1,2065
7290006272072,false,חטיפי פיצה מעדנות 65,"מעדנות בע""מ",IL,חטיפי פיצה מעדנות 650 גרם,גרמים,650.00,100 גרם,false,1,36.90,0.0568,true,1,19175
7290006272430,false,בצק עלים חמאה 600 גר,"מעדנות בע""מ",IL,בצק עלים חמאה 600 גרם,גרמים,600.00,100 גרם,false,1,31.90,0.0532,true,1,5753
7290006306296,false,רביולי גבינה לילדים,קרלו,IL,רביולי במילוי גבינה במיוחד לילדים,גרמים,400.00,100 גרם,false,1,29.90,0.0747,true,1,8710
7290006306302,false,רביולי במילוי פרמזן,קרלו,IL,רביולי במילוי גבינות פרמזן וריקוטה,גרמים,400.00,100 גרם,false,1,29.90,0.0747,true,1,4482
7290006306319,false,רביולי במילוי בטטה 4,קרלו,IL,רביולי במילוי בטטה,גרמים,400.00,100 גרם,false,1,29.90,0.0747,true,1,4483
7290006306333,false,רביולי במילוי תרד ור,קרלו,IL,רביולי במילוי תרד וגבינת ריקוטה,גרמים,400.00,100 גרם,false,1,29.90,0.0747,true,1,4485
7290006306357,false,רביולי גבינת עיזים,קרלו,IL,רביולי במילוי גבינת עיזים 400 גרם,גרמים,400.00,100 גרם,false,1,30.90,0.0772,true,1,4513
7290006342065,false,בוטנים קלויים 200גרם,,,בוטנים קלויים 200גרם,גרמים,200.00,100 גרם,false,1,9.90,0.0495,true,1,75256
7290006342072,false,גרעין שחור קלוי 150ג,דין שיווק,IL,גרעין לבן 200גרם,גרמים,200.00,100 גרם,false,1,12.90,0.0645,true,1,75262
7290006342447,false,גרעין אבטיח,,,גרעין אבטיח 200גרם,גרמים,200.00,100 גרם,false,1,17.90,0.0895,true,1,75257
7290006342515,false,"מנצ""ס 200 גרם",יושלם,,"מנצ""ס 200 גרם",גרמים,200.00,100 גרם,false,1,8.90,0.0445,true,1,75258
7290006342560,false,בוטן אמריקאי 200גרם,דין שיווק,IL,בוטן אמריקאי 200גרם,גרמים,200.00,100 גרם,false,1,6.90,0.0345,true,1,75238
7290006342645,false,עלי טורטייה גדולה 84,מוטלוקל,TR,עלי טורטייה גדולה 840 גרם,גרמים,840.00,100 גרם,false,1,16.90,0.0201,true,1,11882
7290006346018,false,הבולגרית של דורית 2,מונטה קרלו,,הבולגרית של דורית 250גרם,גרמים,250.00,100 גרם,false,1,30.90,0.1236,true,1,74874
7290006346025,false,ציזיקי יווני מונטה ק,קלאס פוד,IL,ציזיקי יווני מונטה קרלו 250גרם,גרמים,250.00,100 גרם,false,1,19.90,0.0796,true,1,75761
7290006346162,false,טורשי ירקות דלי מונט,מונטה קרלו,IL,טורשי ירקות דלי מונטה קרלו 330גרם,גרמים,330.00,100 גרם,false,1,23.90,0.0724,true,1,74999
7290006346247,false,קוביות בולגרית בפסטו,,,קוביות בולגרית בפסטו 250 גרם,גרמים,250.00,100 גרם,false,1,26.90,0.1076,true,1,75019
7290006346315,false,משוויה חציל חריף 250,מונטה קרלו,IL,משוויה חציל חריף 250 גרם,גרמים,250.00,100 גרם,false,1,16.90,0.0676,true,1,75148
7290006346391,false,הרינג בצל ירוק מונטה,מונטה קרלו,IL,הרינג בצל ירוק מונטה קרלו 250גרם,גרמים,250.00,100 גרם,false,1,24.90,0.0996,true,1,75027
7290006346414,false,סלט אבוקדו 250גרם,קלאס פוד,IL,סלט אבוקדו 250גרם,גרמים,250.00,100 גרם,false,1,21.90,0.0876,true,1,74898
7290006346421,false,הרינג כבוש בבצל מונט,מונטה קרלו,IL,הרינג כבוש בבצל מונטה קרלו 250גרם,גרמים,250.00,100 גרם,false,1,24.90,0.0996,true,1,75029
7290006346452,false,טונה זיתים ללא מיונז,מונטה קרלו,IL,טונה זיתים ללא מיונז 250 גרם,גרמים,250.00,100 גרם,false,1,23.90,0.0956,true,1,75146
7290006346612,false,גבינת שמנת קלמטה מונ,מונטה קרלו,IL,גבינת שמנת קלמטה מונטה קרלו 250 גרם,גרמים,250.00,100 גרם,false,1,19.90,0.0796,true,1,77396
7290006346834,false,פלפלית בלימון חריף מ,מונטה קרלו,IL,פלפלית בלימון חריף מונטה קרלו 250גרם,גרמים,250.00,100 גרם,false,1,14.90,0.0596,true,1,75007
7290006346889,false,כרובית מוקפצת 250,מונטה קרלו,IL,כרובית מוקפצת 250 גרם,גרמים,250.00,100 גרם,false,1,29.90,0.1196,true,1,75147
7290006346896,false,כרובית בטחינה 250,מונטה קרלו,IL,כרובית בטחינה 250 גרם,גרמים,250.00,100 גרם,false,1,29.90,0.1196,true,1,75145
7290006346971,false,חציל אפוי במיונז מונ,מונטה קרלו,IL,חציל אפוי במיונז מונטה קרלו 250גרם,גרמים,250.00,100 גרם,false,1,16.90,0.0676,true,1,74978
7290006346995,false,חציל בטעם כבד מונטה,מונטה קרלו,IL,חציל בטעם כבד מונטה קרלו 250גרם,גרמים,250.00,100 גרם,false,1,20.90,0.0836,true,1,74991
7290006374738,false,קונפיטורה תות 340 גר,אף.סי תבליני בגליל ב,IL,קונפיטורה תות 340 גרם יד מרדכי,גרמים,340.00,100 גרם,false,1,15.90,0.0468,true,1,3211
7290006449955,false,מלפפון בייבי ארוז,מ.ע יזמות,IL,מלפפון בייבי ארוז,גרמים,500.00,100 גרם,false,1,14.90,0.0298,true,1,9492
7290006492432,false,גבינה מוצרלה בייבי,מחלבות גד בעמ,IL,גבינה מוצרלה בייבי 150 גרם,גרמים,150.00,100 גרם,false,1,16.90,0.1127,true,1,2105
7290006492616,false,גבינה בולגרית 5% פרו,DSH עבור מחלבות גד ב,IL,פרוסות בולגרית מעודנת 5%,גרמים,250.00,100 גרם,false,1,29.90,0.1196,true,1,4094
7290006492630,false,גבינת עיזים גד עז גל,יוליניבר,IL,מחלבות גד גדעז גבינת שמנת מחלב עיזים 20%,גרמים,180.00,100 גרם,false,1,26.90,0.1494,true,1,4240
7290006492685,false,גבינת לאבנה עיזים 5%,מחלבות גד בעמ,IL,גבינת לאבנה עיזים 5% 250 גרם גד,גרמים,250.00,100 גרם,false,1,19.90,0.0796,true,1,4533
7290006492852,false,גבינה לבנה עיזים 5%,מחלבות גד,IL,גבינה לבנה עיזים 5% 250 גרם גד,גרמים,250.00,100 גרם,false,1,19.90,0.0796,true,1,4790
7290006492913,false,ציזיקי למריחה 250 גר,מחלבות גד בעמ,IL,ציזיקי למריחה 250 גרם גד,גרמים,250.00,100 גרם,false,1,15.90,0.0636,true,1,4808
7290006511157,false,פטריות שמפניון שלמות,אוקצ'מפס אס.איי אויי,PL,ויליפוד פטריות שמפניון שלמות 400 גרם,גרמים,400.00,100 גרם,false,1,9.90,0.0248,true,1,3500
7290006582539,false,חמוציות 250גרם,דין שיווק,IL,חמוציות 250גרם,גרמים,250.00,100 גרם,false,1,12.90,0.0516,true,1,75241
7290006618078,false,אסטוניש לניקוי כללי,פרח,,יעקבי אסטוניש ספריי ניקוי למטבח 750 מל,מיליליטרים,750.00,"100 מ""ל",false,1,16.90,0.0225,true,1,3607
7290006653819,false,קוסקוס דק בשקית 350,"מיוצר ע""י קוד יצרן K",IL,אסם קוסקוס דק 12*350גרם,גרמים,350.00,100 גרם,false,1,9.90,0.0283,true,1,3336
7290006660596,false,קמח עדשים אדומות דגש,אף.סי תבליני בגליל ב,IL,דוכן גן שמואל קמח אורז מלא 500 גרם,גרמים,500.00,100 גרם,false,1,21.90,0.0438,true,1,20290
7290006660602,false,מי קוקוס אורגני גרין,תות תעשיות מזון (201,PH,מי קוקוס אורגני גרין קוקו 1 ליטר,ליטרים,1.00,ליטר,false,1,20.90,20.9000,true,1,59644
7290006664655,false,משקה יוגורט אקטימל מ,מיוצר עי קונדיטוריית,IL,אקטימל לבן שמינייה,מיליליטרים,864.00,"100 מ""ל",false,1,22.70,0.0263,true,1,3704
7290006664990,false,מארז דנונה ביו 1.7%,מיוצר עי קונדיטוריית,IL,מארז דנונה ביו 1.7% שמינייה,קילוגרמים,1.20,"ק""ג",false,1,17.60,14.6667,true,1,23022
7290006681065,false,שלגון טעמקור XL,שטראוס גלידות,,שלגון טעמקור XL,גרמים,75.00,100 גרם,false,1,9.90,0.1320,true,1,3212
7290006681553,false,קרמבו וניל מארז 8 יח,"גלידת שטראוס בע""מ",IL,"שטראוס קרמבו 80 מ""ל",גרמים,200.00,100 גרם,false,1,17.90,0.0895,true,1,75559
7290006704511,false,"תפו""א זעיר למיקרו יח",מ.ע יזמות,IL,תפוא זעיר למיקרו יח,לא מנהל יחידת מידה,0.00,לא מנהל יחידת מידה,false,1,8.90,0.0000,true,1,4410
7290006704573,false,בצל ירוק יח,עוואדי,IL,בצל ירוק יח,גרמים,100.00,100 גרם,false,1,7.90,0.0790,true,1,4425
7290006704757,false,ראש סלרי יח,אורן אליהו,IL,ראש סלרי יח,גרמים,500.00,100 גרם,false,1,6.90,0.0138,true,1,5660
7290006738615,false,קבב זהב זוגלובק 400,זוגלובק,IL,זוגלובק קבב זהב 400 גרם,גרמים,400.00,100 גרם,false,1,21.90,0.0547,true,1,6162
7290006739414,false,סלמי קוניאק,כצט,IL,זוגלובק סלמי קוניאק 300 גרם א.מ.,גרמים,300.00,100 גרם,false,1,32.50,0.1083,true,1,2160
7290006739421,false,סלמי מעושן איטלקי 30,כצט,IL,זוגלובק סלמי מעושן איטלקי 300 גרם א.מ.,גרמים,300.00,100 גרם,false,1,32.50,0.1083,true,1,3692
7290006739445,false,שניצל תירס קלאסי 750,זוגלובק,IL,שניצל תירס קלאסי 750 גרם זוגלובק,גרמים,750.00,100 גרם,false,1,29.90,0.0399,true,1,7043
7290006739544,false,כתף בקר 300 גרם זוגל,כצט,IL,זוגלובק כתף בקר 300 גרם א.מ.,גרמים,300.00,100 גרם,false,1,33.90,0.1130,true,1,25921
7290006742278,false,פסטרמה הודו צלויה על,כצט,IL,זוגלובק פסטרמה הודו בטעם צלייה על לבנים 330 גר,גרמים,330.00,100 גרם,false,1,33.90,0.1027,true,1,7424
7290006742292,false,פסטרמה הודו בדבש טהו,כצט,IL,זוגלובק פסטרמה הודו בדבש טהור 330 גר,גרמים,330.00,100 גרם,false,1,33.90,0.1027,true,1,7425
7290006742315,false,חזה הודו ברביקיו 330,זוגלובק,IL,זוגלובק פסטרמה הודו ברביקיו 330 גר,גרמים,330.00,100 גרם,false,1,33.90,0.1027,true,1,7426
7290006764065,false,בירה נשר מאלט בקבוק,"איי, בי, אינבוו",IL,בירה מאלט ללא אלכוהול 500 מל,מיליליטרים,500.00,"100 מ""ל",false,1,5.80,0.0116,true,1,2169
7290006764072,false,בירה גולדסטאר בקבוק,"טמפו משקאות בע""מ",IL,"בירה גולדסטאר בקבוק חוזר 500 מ""ל",מיליליטרים,500.00,"100 מ""ל",false,1,7.90,0.0158,true,1,2171
7290006764157,false,גולדסטאר לא מסונן בק,פארייפאבה אגרואינדוס,IL,"בירה גולדסטאר Unfiltered, בקבוק חוזר 500 מ""ל",מיליליטרים,500.00,"100 מ""ל",false,1,7.90,0.0158,true,1,19212
7290006765000,false,טורטייה מקמח מלא 540,מוטלוקל,TR,טורטייה מקמח מלא 540 גרם,גרמים,540.00,100 גרם,false,1,12.90,0.0239,true,1,4541
7290006765895,false,בוטן קליפה קלוי 200,דין שיווק,IL,בוטן קליפה קלוי 200,גרמים,200.00,100 גרם,false,1,7.90,0.0395,true,1,75282
7290006785657,false,שקית 20 בלונים,גמר,,בלונים 20 פסטל רחבה,יחידה,1.00,יחידה,false,1,7.80,7.8000,true,1,8246
7290006804570,false,לחמניה מרוקאית פרנה,פילסברי,,לחמניה מרוקאית פרנה,יחידה,0.00,יחידה,false,1,5.90,0.0000,true,1,2196
7290006806437,false,בורקס גבינה פילסברי,פילסברי,,בורקס גבינה פילסברי מנה אישית,לא מנהל יחידת מידה,0.00,לא מנהל יחידת מידה,false,1,9.90,0.0000,true,1,8184
7290006806635,false,משולשי פיצה פילסברי,פילסברי,,משולשי פיצה פילסברי מנה אישית,יחידה,1.00,יחידה,false,1,9.90,9.9000,true,1,8384
7290006806963,false,חלה קלועה מתוקה פילס,פילסברי,,חלה קלועה מתוקה פילסברי,יחידה,5.00,יחידה,false,1,15.90,3.1800,true,1,6384
7290006822192,false,נקטר אושן ספריי דיאט,מולינו ניקולי s.p.a,IL,פריגת דיאט אושן ספריי חמוציות 1 ליטר,ליטרים,1.00,ליטר,false,1,15.90,15.9000,true,1,2954
7290006855046,false,חטיף דגנים קשיו,טבעית מוצרים מן הטבע,,חטיף דגנים ברבריא קשיו וחמוציות27גרם,גרמים,27.00,100 גרם,false,1,4.90,0.1815,true,1,12251
7290006866363,false,מיץ אשכוליות אדומות,השחר,IL,מיץ אשכולית אדומות סחוט טבעי 1 ליטר,ליטרים,1.00,ליטר,false,1,19.90,19.9000,true,1,4945
7290006899187,false,תה סרמוני לימונית ול,סרמוני תה בעמ,,תה סרמוני לימונית ולואיזה 14 שקיקים,גרמים,30.00,100 גרם,false,1,19.90,0.6633,true,1,14555
7290006899361,false,תה סרמוני פירות היער,סרמוני תה בעמ,,תה סרמוני פירות יער 20 שקיקים,גרמים,50.00,100 גרם,false,1,19.90,0.3980,true,1,6617
7290006899705,false,תה סרמוני ירוק לימונ,,IL,תה סרמוני ירוק לימונית 20 שקיקים,יחידה,1.00,יחידה,false,1,19.90,19.9000,true,1,76657
7290006983176,false,לחמית עם שיפון,"אסם השקעות בע""מ",IL,לחמית שיפון 10*230גרם,גרמים,230.00,100 גרם,false,1,10.90,0.0474,true,1,2238
7290006983763,false,עוגת הבית שוקולד 400,מיוצר עי קונדיטוריית,IL,הבית עוגת שוקולד 8*400גרם,גרמים,400.00,100 גרם,false,1,17.50,0.0438,true,1,2926
7290006983770,false,עוגת הבית שיש,מיוצר עי קונדיטוריית,IL,הבית עוגת שיש 8*400גרם,גרמים,400.00,100 גרם,false,1,17.50,0.0438,true,1,2955
7290006983787,false,עוגת הבית שוקוציפס 4,מיוצר עי קונדיטוריית,IL,הבית עוגת שוקולד צ'יפס 8*400גרם,גרמים,400.00,100 גרם,false,1,17.50,0.0438,true,1,2927
7290006983794,false,עוגת הבית תפוז 400 ג,מיוצר עי קונדיטוריית,IL,הבית עוגת תפוז 8*400גרם,גרמים,400.00,100 גרם,false,1,17.50,0.0438,true,1,2928
7290006992864,false,לה קט חתלתולים,united pet food,FR,להקט חתלתולים 2.85 קג,קילוגרמים,2.85,"ק""ג",false,1,59.90,21.0175,true,1,75266
7290008175173,false,200 גרםvalio-חמאה,יוליניבר,FI,200 גרםvalio-חמאה מלח,גרמים,200.00,100 גרם,false,1,15.90,0.0795,true,1,2481
7290008175210,false,פרמזנו מגורדת 90 גרם,זנטי אס.איי.,IT,פרמזנו מגורדת 90 גרם,גרמים,90.00,100 גרם,false,1,18.90,0.2100,true,1,2482
7290008175814,false,פטריות חתוכות שמפניו,"אוקצ'מפ אס, איי אויי",PL,פטריות חתוך 400גרם- בד'צ,גרמים,400.00,100 גרם,false,1,5.90,0.0148,true,1,2486
7290008268448,false,אוכמניות ארוז,חקלאי,IL,אוכמניות ארוז,גרמים,0.00,100 גרם,false,1,29.90,0.0000,true,1,68413
7290008340618,false,סלמון מעושן מצונן 10,ויליגר תעשיות בעמ,IL,פרלינג סלומון מעושן 100 גרם,גרמים,100.00,100 גרם,false,1,23.90,0.2390,true,1,3116
7290008343466,false,בצק פילו שלושת האופי,כלורוקס אוקלנד,IL,בצק פילו,גרמים,500.00,100 גרם,false,1,19.90,0.0398,true,1,4401
7290008344272,false,המבורגר 100% טיבון ו,מולינו ניקולי s.p.a,IL,המבורגר 100% טיבון ויל 400 גרם,גרמים,400.00,100 גרם,false,1,22.90,0.0572,true,1,2507
7290008345118,false,מקרל בשמן דלידג 240,דולפין ספא,IL,מקרל בשמן דלידג 240 גרם,גרמים,240.00,100 גרם,false,1,29.90,0.1246,true,1,2508
7290008345132,false,הרינג כבוש דלידג 240,כלורוקס אוקלנד,IL,הרינג כבוש דלידג 240,גרמים,240.00,100 גרם,false,1,27.90,0.1162,true,1,2510
7290008345576,false,סלט איקרה לבנה דלידג,כלורוקס אוקלנד,IL,סלט איקרה לבנה דלידג 300 גרם,גרמים,300.00,100 גרם,false,1,21.90,0.0730,true,1,3125
7290008345583,false,סלט איקרה ורודה דליד,כלורוקס אוקלנד,IL,סלט איקרה ורודה דלידג 300 גרם,גרמים,300.00,100 גרם,false,1,21.90,0.0730,true,1,3126
7290008409100,false,אצבעות שניצל ציפוי ש,תנובה גליל שותפות מו,IL,אצבעות שניצל ציפוי שומשום מאמא ע 700 גרם,גרמים,700.00,100 גרם,false,1,39.90,0.0570,true,1,4177
7290008409124,false,שניצל גונגל מאמא עוף,תנובה גליל שותפות מו,IL,שניצל גונגל מאמא עוף 700 גרם,גרמים,700.00,100 גרם,false,1,39.90,0.0570,true,1,4243
7290008409216,false,שניצל דק דק פריך,תנובה גליל,IL,מאמא עוף שניצל דק פריך 700 גרם,גרמים,700.00,100 גרם,false,1,45.90,0.0656,true,1,7119
7290008409407,false,"שניצל דק בציפוי צ""יפ",תנובה גליל שותפות מו,IL,"שניצל דק בציפוי צ""יפס 700 גרם",גרמים,700.00,100 גרם,false,1,45.90,0.0656,true,1,8396
7290008409421,false,חזה עוף בתיבול גריל,תנובה גליל שותפות מו,IL,חזה עוף בתיבול גריל 420 גרם,גרמים,420.00,100 גרם,false,1,42.90,0.1021,true,1,2515
7290008409544,false,שניצל עוף אמיתי,תנובה גליל שותפות מו,IL,שניצל עוף אמיתי 700 גרם,גרמים,700.00,100 גרם,false,1,45.90,0.0656,true,1,2519
7290008409551,false,שניצל עוף אמיתי בציפ,תנובה גליל שותפות מו,IL,שניצל אמיתי מעודן,גרמים,700.00,100 גרם,false,1,45.90,0.0656,true,1,2520
7290008409568,false,שניצל ציפס אמיתי,תנובה גליל שותפות מו,IL,"שניצל צ""יפס אמיתי 700 גרם",גרמים,700.00,100 גרם,false,1,45.90,0.0656,true,1,2521
7290008409582,false,שניצל אמיתי ביתי מאמ,תנובה גליל שותפות מו,IL,שניצל אמיתי ביתי מאמא עוף 700 גרם,גרמים,700.00,100 גרם,false,1,45.90,0.0656,true,1,2523
7290008415071,false,סלט חומוס וטחינה 150,לחמנו,IL,סלטי צבר חומוס עם טחינה 12*150גרם,גרמים,150.00,100 גרם,false,1,5.90,0.0393,true,1,2536
7290008415514,false,סלט חומוס וחריף 150,לחמנו,IL,סלטי צבר חומוס עם חריף 12*150גרם,גרמים,150.00,100 גרם,false,1,5.90,0.0393,true,1,2538
7290008461221,false,סרדינים בשמן חמניות,יוליניבר,PT,סרדינים בשמן חמניות 115 גרם,גרמים,115.00,100 גרם,false,1,7.90,0.0687,true,1,2545
7290008461238,false,סרדינים בשמן חמניות,יוליניבר,PT,סרדינים בשמן חמניות חריף 115 גר,גרמים,115.00,100 גרם,false,1,7.90,0.0687,true,1,2546
7290008462204,false,חרדל דיזון מיילי מקו,יוליניבר,FR,חרדל דיזון מיילי מקורי 380 גרם,גרמים,380.00,100 גרם,false,1,16.90,0.0445,true,1,22534
7290008462259,false,חרדל דיזון חריף מייל,כצט,FR,חרדל דיזון חריף מיילי גרגירים 380 גר,גרמים,380.00,100 גרם,false,1,18.90,0.0497,true,1,24435
7290008464024,false,בירה גולדסטאר לא מסו,"איי, בי, אינבוו",IL,"בירה גולדסטאר לא מסונן פחית 500 מ""ל",מיליליטרים,500.00,"100 מ""ל",false,1,10.90,0.0218,true,1,11434
7290008464208,false,בירה מכבי 7.9% בקבוק,פארייפאבה אגרואינדוס,IL,"בירה מכבי 7.9%, בירה חזקה, בקבוק 330 מ''ל",מיליליטרים,330.00,"100 מ""ל",false,1,9.50,0.0288,true,1,12441
7290008464222,false,בירה מכבי 7.9% פחית,"איי, בי, אינבוו",IL,"בירה מכבי 7.9%, בירה חזקה, פחית 500 מ""ל",מיליליטרים,500.00,"100 מ""ל",false,1,8.90,0.0178,true,1,13252
7290008464338,false,בירה מכבי בקבוק 330,בירה מכבי,IL,בירה מכבי בקבוק 330 מל לאגר בהירה,מיליליטרים,330.00,"100 מ""ל",false,1,9.50,0.0288,true,1,2549
7290008464345,false,בירה גולדסטאר בקבוק,פארייפאבה אגרואינדוס,IL,"בירה גולדסטאר, בקבוק 330 מ''ל",מיליליטרים,330.00,"100 מ""ל",false,1,8.90,0.0270,true,1,2550
7290008464406,false,פפסי מקס פחית,"טמפו משקאות בע""מ",IL,פפסי מקס פחית 330 מל,מיליליטרים,330.00,"100 מ""ל",false,1,6.00,0.0182,true,1,3189
7290008464468,false,בירה גולדסטאר פחית 5,פארייפאבה אגרואינדוס,IL,"בירה גולדסטאר, פחית 500 מ""ל",מיליליטרים,500.00,"100 מ""ל",false,1,9.90,0.0198,true,1,2552
7290008464475,false,בירה מכבי פחית 500 מ,"איי, בי, אינבוו",IL,"בירה מכבי, פחית 500 מ""ל",מיליליטרים,500.00,"100 מ""ל",false,1,8.90,0.0178,true,1,2553
7290008464505,false,מים מינרלים סן בנדטו,פארייפאבה אגרואינדוס,IT,"מים מינרלים סן בנדטו 500 מ""ל",מיליליטרים,500.00,"100 מ""ל",false,1,5.90,0.0118,true,1,2853
7290008464604,false,בירה הייניקן פחית 50,טמפו משקאות בע''מ,NL,"בירה היינקן, פחית 500 מ""ל",מיליליטרים,500.00,"100 מ""ל",false,1,13.90,0.0278,true,1,2563
7290008464611,false,"מי סודה טמפו 275 מ""ל","איי, בי, אינבוו",IL,"הסודה של טמפו, מי סודה בגיזוז חזק, 275 מל",מיליליטרים,275.00,"100 מ""ל",false,1,4.50,0.0164,true,1,19129
7290008464673,false,גולדסטאר SLOW BREW פ,"איי, בי, אינבוו",IL,גולדסטאר פחית בירה לאגר חזקה מאוד 500 מל,מיליליטרים,500.00,"100 מ""ל",false,1,10.90,0.0218,true,1,20257
7290008464697,false,בירה מכבי 7.9% שישיי,טמפו,,"בירה מכבי 7.9% שישייה בקבוק 330 מ""ל",ליטרים,1.98,ליטר,false,1,37.90,19.1414,true,1,12352
7290008464703,false,בירה מכבי מארז שישיי,טמפו,,"בירה מכבי מארז שישייה בקבוק 330 מ""ל",ליטרים,1.98,ליטר,false,1,37.90,19.1414,true,1,2554
7290008464734,false,בירה גולדסטאר SLOW B,טמפו משקאות בע''מ,IL,בירה גולדסטאר SLOW BREW שישייה בקבוק 330,ליטרים,1.98,ליטר,false,1,44.90,22.6768,true,1,2555
7290008464741,false,בירה גולדסטאר שישייה,טמפו,,"בירה גולדסטאר שישייה בקבוק 330 מ""ל",ליטרים,1.98,ליטר,false,1,39.90,20.1515,true,1,2556
7290008493413,false,פירורי גריסיני 200 ג,מאיר בייגל,IL,מאיר בייגל פירורי גריסיני 200 גרם,גרמים,200.00,100 גרם,false,1,7.50,0.0375,true,1,5173
7290008500470,false,פיתה זעתר 110 גרם,פילסברי,IL,פיתה זעתר 110 גרם,גרמים,110.00,100 גרם,false,1,7.50,0.0682,true,1,75615
7290008500487,false,פיתה עם שבבי בצל מיו,פילסברי,IL,פיתה עם שבבי בצל מיובשים 110 גרם,גרמים,110.00,100 גרם,false,1,7.50,0.0682,true,1,75616
7290008500517,false,עוגה דבש פילסברי,פילסברי,IL,עוגה דבש 450 גרם פילסברי,גרמים,450.00,100 גרם,false,1,24.90,0.0553,true,1,77222
7290008590129,false,שעועית ירוקה שלמה שף,משק ויילר,BE,שעועית ירוקה שלמה שף הטבע 800גרם,גרמים,800.00,100 גרם,false,1,12.90,0.0161,true,1,77304
7290008590150,false,אפונת גינה קטנה שף,משק ויילר,BE,אפונת גינה קטנה שף הטבע 800גרם,גרמים,800.00,100 גרם,false,1,12.90,0.0161,true,1,77305
7290008590167,false,אפונה וגזר שף הטבע,משק ויילר,BE,אפונה וגזר שף הטבע 800 גרם,גרמים,800.00,100 גרם,false,1,12.90,0.0161,true,1,77306
7290008590198,false,שעועית ירוקה חתוכה ש,משק ויילר,BE,שעועית ירוקה חתוכה שף הטבע 800גרם,גרמים,800.00,100 גרם,false,1,12.90,0.0161,true,1,77307
7290008644112,false,סלט מטבוחה יום יום 1,"שטראוס גרופ בע""מ",IL,סלט מטבוחה יום יום 125 גרם,גרמים,125.00,100 גרם,false,1,5.90,0.0472,true,1,2566
7290008644235,false,מבחר עלי בייבי 120 ג,שטראוס בריאות ירקות,IL,מבחר עלי בייבי 120 גרם שטופים שטראוס,גרמים,120.00,100 גרם,false,1,13.90,0.1158,true,1,2567
7290008644945,false,סלט המושבה שטופים שט,תות תעשיות מזון (201,IL,סלט המושבה שטופים שטראוס,גרמים,450.00,100 גרם,false,1,12.90,0.0287,true,1,2570
7290008645935,false,חומוס אחלה 750 גרם,"שטראוס גרופ בע""מ",IL,חומוס 750 אחלה,גרמים,750.00,100 גרם,false,1,11.90,0.0159,true,1,4126
7290008670012,false,יין רקנאטי קברנה סוב,תות ממתקי איכות,IL,רקנטי - קברנה סוביניון 2017 750 מל,מיליליטרים,750.00,"100 מ""ל",false,1,64.90,0.0865,true,1,2572
7290008670029,false,יין רקנאטי מרלו 750,תות ממתקי איכות,IL,רקנטי - מרלו 2017 750 מל,מיליליטרים,750.00,"100 מ""ל",false,1,64.90,0.0865,true,1,2573
7290008670142,false,יין יסמין אדום רקנאט,תות ממתקי איכות,IL,רקנטי - יסמין אדום 2017,מיליליטרים,750.00,"100 מ""ל",false,1,43.90,0.0585,true,1,3305
7290008670159,false,יין יסמין לבן רקנאטי,קריניציה ויטמינה אס,IL,"יין יסמין לבן רקנאטי 750 מ""ל",מיליליטרים,750.00,"100 מ""ל",false,1,43.90,0.0585,true,1,3306
7290008690713,false,נקטר אושן ספריי חמוצ,מולינו ניקולי s.p.a,IL,פריגת אושן ספריי חמוציות 1 ליטר,ליטרים,1.00,ליטר,false,1,15.90,15.9000,true,1,2592
7290008693134,false,מעדן דניאלה גבינה תו,"שטראוס בריאות בע""מ",IL,דניאלה תות,גרמים,88.00,100 גרם,false,1,4.50,0.0511,true,1,2595
7290008713900,false,לחם שיפון עגול,מאפיית אנג'ל אורנים,IL,אנג'ל לחם שיפון עגול פרוס 750 גרם,גרמים,750.00,100 גרם,false,1,14.90,0.0199,true,1,6666
7290008745239,false,תפוציפס קראנץ,"שטראוס פריטו ליי בע""",IL,תפו קראנצ טבעי 50 גר 48 יח - שמיטה,גרמים,50.00,100 גרם,false,1,5.50,0.1100,true,1,2611
7290008747547,false,תפוציפס קראנץ טבעי 2,"שטראוס פריטו ליי בע""",IL,תפו קראנצ טבעי 200 גר 12 יח - שמיטה,גרמים,200.00,100 גרם,false,1,11.90,0.0595,true,1,2615
7290008753111,false,תפוציפס קראנץ מקסיקנ,"שטראוס פריטו ליי בע""",IL,תפו קראנצ מקסיקני 50 גר 48 יח- שמיטה,גרמים,50.00,100 גרם,false,1,5.50,0.1100,true,1,2624
7290008757010,false,סודה שוופס ביטר לימו,מיוצר עי קונדיטוריית,IL,שוופס ביטר למון 250 מל,מיליליטרים,250.00,"100 מ""ל",false,1,8.50,0.0340,true,1,6537
7290008757034,false,סודה שוופס בקבוק 250,יפאורה תבורי בעמ,IL,"שוופס סודה 250 מ""ל זכוכית",מיליליטרים,250.00,"100 מ""ל",false,1,4.50,0.0180,true,1,2630
7290008757980,false,נקטר ספרינג רימונים,"כד בני דרום בע""מ",IL,ספרינג קרטוניות רימונים 1 ל',ליטרים,1.00,ליטר,false,1,7.60,7.6000,true,1,4260
7290008775816,false,ערגליות שוקו 300 גרם,מיוצר עי קונדיטוריית,IL,ערגליות שוקולד 6*300גרם,גרמים,300.00,100 גרם,false,1,12.90,0.0430,true,1,2632
7290008775823,false,ערגליות תות 300 גרם,מיוצר עי קונדיטוריית,IL,ערגליות תות שדה 6*300גרם,גרמים,300.00,100 גרם,false,1,12.90,0.0430,true,1,2633
7290008801157,false,יין סלקטד מרלו 750 מ,יקבי כרמל,,"יין סלקטד מרלו 750 מ""ל",מיליליטרים,750.00,"100 מ""ל",false,1,29.90,0.0399,true,1,2638
7290008801843,false,יין סלקטד קברנה סובנ,"כד בני דרום בע""מ",IL,כרמל סלקטד קברנה סוביניון יין אדום יבש 2017 750 מל,מיליליטרים,750.00,"100 מ""ל",false,1,29.90,0.0399,true,1,2642
7290008802291,false,"יין מרלו P.C 750 מ""ל",אגודת הכורמים הקואופ,IL,כרמל פרייבט קולקשן מרלו 2018 יין אדום יבש 750 מל,מיליליטרים,750.00,"100 מ""ל",false,1,47.90,0.0639,true,1,2644
7290008802895,false,יין קברנה סוביניון,אגודת הכורמים הקאופו,IL,"יין P.C קברנה סוביניון 750 מ""ל",מיליליטרים,750.00,"100 מ""ל",false,1,47.90,0.0639,true,1,2646
7290008803090,false,יין מרלו גליל עליון,אגודת הכורמים הקואופ,IL,"יין מרלו גליל עליון 750 מ""ל",מיליליטרים,750.00,"100 מ""ל",false,1,59.90,0.0799,true,1,8304
7290008804189,false,יין קברנה סוביניון ג,אגודת הכורמים הקואופ,IL,"יין קברנה סוביניון גליל עליון 750 מ""ל",מיליליטרים,750.00,"100 מ""ל",false,1,59.90,0.0799,true,1,8305
7290008804462,false,יין P.C מוסקט לבן 50,אגודת הכורמים הקואופ,IL,"יין P.C מוסקט לבן 500 מ""ל",מיליליטרים,500.00,"100 מ""ל",false,1,47.90,0.0958,true,1,5131
7290008804745,false,יין ס.א גוורצטרמינר,אגודת הכורמים הקואופ,IL,יין ס.א גוורצטרמינר,מיליליטרים,750.00,"100 מ""ל",false,1,59.90,0.0799,true,1,20132
7290008805049,false,יין סלקטד רוזה 750 מ,"כד בני דרום בע""מ",IL,"יין רוזה חצי יבש יקבי הכרמל 2020, 750 מל",מיליליטרים,750.00,"100 מ""ל",false,1,29.90,0.0399,true,1,2650
7290008805384,false,יין סלקטד מוסקטו 750,אגודת הכורמים הקואופ,IL,כרמל סלקטד מוסקטו יין לבן מבעבע קלות,מיליליטרים,750.00,"100 מ""ל",false,1,29.90,0.0399,true,1,3831
7290008805520,false,יין קברנה מרלו סלקטד,"כד בני דרום בע""מ",IL,"יין קברנה מרלו סלקטד 750 מ""ל",מיליליטרים,750.00,"100 מ""ל",false,1,29.90,0.0399,true,1,4559
7290008880112,false,מצת קליפר,Flamagas SA Barcelon,,מצת קליפר,לא מנהל יחידת מידה,0.00,לא מנהל יחידת מידה,false,1,6.90,0.0000,false,1,13220
7290008899505,false,באגט טרי פילסברי,פילסברי,,באגט טרי פילסברי,גרמים,0.00,100 גרם,false,1,6.90,0.0000,true,1,2691
7290008899512,false,באגט כפרי פילסברי,פילסברי,,באגט כפרי פילסברי,קילוגרמים,0.00,"ק""ג",false,1,6.90,0.0000,true,1,2692
7290008899567,false,"ג""בטה כפרית פילסברי",פילסברי,,"ג""בטה כפרית פילסברי",גרמים,200.00,100 גרם,false,1,6.50,0.0325,true,1,2696
7290008909761,false,בירה קרלסברג בקבוק,מולינו ניקולי s.p.a,IL,"קרלסברג בק 330 מ""ל פקדון",מיליליטרים,330.00,"100 מ""ל",false,1,10.90,0.0330,true,1,244
7290008909853,false,קוקה קולה זירו,פארייפאבה אגרואינדוס,IL,"קולה ZERO בקבוק 500 מ""ל",מיליליטרים,500.00,"100 מ""ל",false,1,7.90,0.0158,true,1,6031
7290008909884,false,קוקה קולה ZERO קלאסי,החברה המרכזית לייצור,IL,"קוקה קולה זירו קלאסי 330 מ""ל",מיליליטרים,330.00,"100 מ""ל",false,1,7.50,0.0227,true,1,8920
7290008998000,false,פיור המפ נייר גילגול,SMK,,נייר גילגול SMK עם פילטר קטן,יחידה,0.00,יחידה,false,1,7.80,0.0000,false,1,4804
7290010023141,false,חליטת תה צמחים לימונ,HIQ FOOD PRODUCTS,IL,לימונענע - הגן הקסום,גרמים,55.00,100 גרם,false,1,19.90,0.3618,true,1,3111
7290010117864,false,דוריטוס חריף אש 70 ג,שטראוס פריטו ליי בע,IL,דוריטוס חריף אש 70 גרם,גרמים,70.00,100 גרם,false,1,5.50,0.0786,true,1,4898
7290010117970,false,בוטנים אמריקאים סבבה,"שטראוס פריטו ליי בע""",IL,בוטנים אמריקאים סבבה 50 גרם,גרמים,50.00,100 גרם,false,1,2.90,0.0580,true,1,6389
7290010133536,false,סיגריה אלקטרונית חפ,קלאס ספא,CN,סיגריה אלקטרונית ח״פ אייס אוכמניות 3000 שאיפות,יחידה,1.00,יחידה,false,1,99.90,99.9000,true,1,77198
7290010133567,false,סיגריה אלקטרונית חפ,קלאס ספא,CN,סיגריה אלקטרונית ח״פ אייס בננה 3000 שאיפות,יחידה,1.00,יחידה,false,1,99.90,99.9000,true,1,77202
7290010133598,false,סיגריה אלקטרונית סמא,shenzhen hot technol,CN,סיגריה אלקטרונית סמארט מנגו אייס 3000 שאיפות,יחידה,1.00,יחידה,false,1,99.90,99.9000,true,1,77381
7290010133604,false,סיגריה אלקטרונית סמא,shenzhen hot technol,CN,סיגריה אלקטרונית סמארט ענבים אייס 3000 שאיפות,יחידה,1.00,יחידה,false,1,99.90,99.9000,true,1,77376
7290010133611,false,סיגריה אלקטרונית סמא,shenzhen hot technol,CN,סיגריה אלקטרונית סמארט פירות אייס 3000 ש,יחידה,1.00,יחידה,false,1,99.90,99.9000,true,1,77375
7290010133628,false,סיגריה אלקטרונית סמא,shenzhen hot technol,CN,סיגריה אלקטרונית סמארט מלון אייס 3000 שאיפות,יחידה,1.00,יחידה,false,1,99.90,99.9000,true,1,77377
7290010154005,false,סחוג תימני 250 גרם,המאפיה של הרמן,IL,סחוג תימני 250 גרם,גרמים,250.00,100 גרם,false,1,16.90,0.0676,true,1,2265
7290010154012,false,לימון כבוש בלאדי 250,המאפיה של הרמן,IL,לימון כבוש בלאדי 250 גרם,גרמים,250.00,100 גרם,false,1,16.90,0.0676,true,1,2266
7290010154036,false,עמבה 250 גרם,המאפיה של הרמן,IL,ביטון יוחאי המקורי עמבה סלט מנגו וחילבה 250 גרם,גרמים,250.00,100 גרם,false,1,15.90,0.0636,true,1,4097
7290010154265,false,"פלפל צ""ומה 250 גרם",המאפיה של הרמן,IL,"פלפל צ""ומה 250 גרם",גרמים,250.00,100 גרם,false,1,16.90,0.0676,true,1,4838
7290010154678,false,אריסה מרוקאית 250 גר,המאפיה של הרמן,IL,אריסה מרוקאית 250 גרם,גרמים,250.00,100 גרם,false,1,16.90,0.0676,true,1,18892
7290010154685,false,שום כתוש 250 גרם,המאפיה של הרמן,IL,ביטון יוחאי המקורי סלט שום כתוש 250 גרם,גרמים,250.00,100 גרם,false,1,17.50,0.0700,true,1,18893
7290010163069,false,צנובר 100 גרם,אף.סי תבליני בגליל ב,IL,צנובר 100 גרם,גרמים,100.00,100 גרם,false,1,29.90,0.2990,true,1,4958
7290010192816,false,תמר מגהול ללא גלעין,תימורת הערבה,IL,תמר מגהול ללא גלעין 45 גרם,גרמים,45.00,100 גרם,false,1,5.90,0.1311,true,1,76249
7290010237531,false,פפסי קולה בקבוק 500,סנו מפעלי ברונוס.,IL,פפסי 500 מל בקבוק,מיליליטרים,500.00,"100 מ""ל",false,1,5.00,0.0100,true,1,4171
7290010237548,false,פפסי מקס בקבוק 500 מ,"איי, בי, אינבוו",IL,פפסי מקס בקבוק 500 מל,מיליליטרים,500.00,"100 מ""ל",false,1,5.00,0.0100,true,1,4172
7290010237562,false,"מירינדה בקבוק 500 מ""","טמפו משקאות בע""מ",IL,מירינדה 500 בקבוק 24 יח',מיליליטרים,500.00,"100 מ""ל",false,1,5.00,0.0100,true,1,4173
7290010237685,false,בירה הייניקן בקבוק,טמפו משקאות בע''מ,IL,"בירה היינקן, בקבוק 330 מ''ל",מיליליטרים,330.00,"100 מ""ל",false,1,10.90,0.0330,true,1,2559
7290010237890,false,בירה הייניקן בקבוק ח,טמפו משקאות בע''מ,IL,"בירה היינקן, בקבוק חוזר 500 מ""ל",מיליליטרים,500.00,"100 מ""ל",false,1,10.00,0.0200,true,1,4142
7290010259823,false,נודלס בטעם עוף מנת ה,נמצ'או(תאילנד) בעמ,TH,מנת השף- מרק עם נודלס בטעם עוף,גרמים,70.00,100 גרם,false,1,6.90,0.0986,true,1,4421
7290010259854,false,נודלס מנת השף בטעם פ,נמצ'או(תאילנד) בעמ,TH,ויליפוד מנת השף נודלס בטעם פטריות 70 גרם,גרמים,70.00,100 גרם,false,1,6.90,0.0986,true,1,5666
7290010259861,false,נודלס בטעם ירקות מנת,יוליניבר,TH,מנת השף מרק עם נודלס בטעם ירקות 70 גרם,גרמים,70.00,100 גרם,false,1,6.90,0.0986,true,1,5378
7290010328246,false,טחינה שומשום מלא אחו,,IL,טחינה שומשום מלא אחווה 500 גרם,גרמים,500.00,100 גרם,false,1,15.90,0.0318,true,1,74875
7290010328468,false,חלבה אחוה מיני בטעמי,שוורצקוף& הנקל דיסלד,IL,"אחוה חטיפי מיני חלוה פיסטוק, וניל וקקאו 18 יחידות",גרמים,216.00,100 גרם,false,1,13.90,0.0644,true,1,11905
7290010328505,false,חלבה אחוה מיני ללא ס,אחווה,,חלבה אחוה מיני ללא סוכר 150 גרם,גרמים,150.00,100 גרם,false,1,13.90,0.0927,true,1,11906
7290010471669,false,דנונה בר תות קורנפלק,"שטראוס בריאות בע""מ",IL,דנונה בר תות קורנפלקס,גרמים,175.00,100 גרם,false,1,4.90,0.0280,true,1,3886
7290010569120,false,שלגון פסק זמן קראנץ,שטראוס גלידות,,שלגון פסק זמן קראנץ,גרמים,73.00,100 גרם,false,1,12.90,0.1767,true,1,3916
7290010609734,false,שלוקים אייס לי 800 מ,הדיל,IL,"שלוקים אייס לי 800 מ""ל",מיליליטרים,800.00,"100 מ""ל",false,1,5.90,0.0074,true,1,68065
7290010627004,false,טחינה ירושלים 500 גר,"בראשית ירושלים בע""מ",IL,טחינה ירושלים 500 גרם,גרמים,500.00,100 גרם,false,1,17.90,0.0358,true,1,15652
7290010627844,false,טחינה ירושלים 500 גר,"בראשית ירושלים בע""מ",IL,טחינה ירושלים 500 גרם שומשום מלא,גרמים,500.00,100 גרם,false,1,16.90,0.0338,true,1,71308
7290010650019,false,לבבות חסה אנדיב,קרלו,IL,לבבות חסה אנדיב,גרמים,300.00,100 גרם,false,1,14.90,0.0497,true,1,6739
7290010657254,false,סרדינים בשמן צמחי 12,יוניון דה פחריס,,סרדינים בשמן צמחי 125 גרם,גרמים,125.00,100 גרם,false,1,6.90,0.0552,true,1,7568
7290010657292,false,צלפים בחומץ צנצנת 35,לוקסאפרס,,צלפים בחומץ צנצנת 350 גרם,גרמים,350.00,100 גרם,false,1,15.90,0.0454,true,1,6491
7290010657490,false,סרדינים בשמן חריף 12,יוניון דה פחריס,,סרדינים בשמן חריף 125 גרם,גרמים,125.00,100 גרם,false,1,6.90,0.0552,true,1,9868
7290010672844,false,חלה קלועה פילסברי,פילסברי,,חלה קלועה פילסברי,לא מנהל יחידת מידה,0.00,לא מנהל יחידת מידה,false,1,15.90,0.0000,true,1,6386
7290010699001,false,נר ליצן עם מספר,סודי,,נר ליצן עם מספר,Unknown,0.00,Unknown,false,1,8.80,0.0000,true,1,6918
7290010777099,false,פיתה עבודת יד שמיני,מגוון שיווק והפצת מא,,מארז שמיניית פיתות,גרמים,800.00,100 גרם,false,1,12.90,0.0161,true,1,15030
7290010777150,false,פיתה מיוחדת,מגוון שיווק והפצת מא,,פיתה מיוחדת חיטה מלאה 8 יחידות,גרמים,800.00,100 גרם,false,1,15.90,0.0199,true,1,10154
7290010777242,false,פיתה קריצה מחמצת 10י,מאפיית ביכורים מזון,IL,פיתה קריצה מחמצת 10יח,גרמים,1100.00,100 גרם,false,1,17.90,0.0163,true,1,76807
7290010777297,false,פיתות מיוחדת,מגוון שיווק והפצת מא,,פיתה מיוחדת עשירייה,גרמים,600.00,100 גרם,false,1,16.90,0.0282,true,1,10158
7290010777358,false,פיתה כוסמין 8 יח בשק,מגוון שיווק והפצת מא,,פיתה כוסמין 8 יח בשקית 400 גרם,גרמים,400.00,100 גרם,false,1,17.90,0.0447,true,1,15028
7290010777488,false,פיתות מחמצת 100% קמ,מאפיית ביכורים מזון,IL,פיתות מחמצת 100% קמח מלא 10 יח,גרמים,420.00,100 גרם,false,1,17.90,0.0426,true,1,76806
7290010777525,false,פיתות 100% כוסמין דק,מאפיית ביכורים מזון,IL,פיתות 100% כוסמין דק 99 קל 6 יח,גרמים,300.00,100 גרם,false,1,17.90,0.0597,true,1,76805
7290010791545,false,מזון חתולים דליקטס פ,"הייקיו, תאילנד",TH,לה קט דליקטס פטה כבד עוף 85גרם,גרמים,85.00,100 גרם,false,1,5.90,0.0694,true,1,5060
7290010791552,false,מזון חתולים דליקטס נ,"הייקיו, תאילנד",TH,לה קט דליקטס טונה ברוטב 85 גרם,גרמים,85.00,100 גרם,false,1,5.90,0.0694,true,1,5061
7290010791576,false,מזון חתולים דליקטס מ,"הייקיו, תאילנד",TH,לה קט דליקטס אוצרות הים 85 גרם,גרמים,85.00,100 גרם,false,1,5.90,0.0694,true,1,5062
7290010822096,false,סיידר תפוח מוגז בקב,"איי, בי, אינבוו",IL,"סיידר הגליל, מיץ תפוחים מוגז, 275 מל",מיליליטרים,275.00,"100 מ""ל",false,1,7.50,0.0273,true,1,20157
7290010849505,false,למברוסקו די לואיגי א,פארייפאבה אגרואינדוס,IT,"למברוסקו די לואיגי אדום 750 מ""ל",מיליליטרים,750.00,"100 מ""ל",false,1,37.90,0.0505,true,1,7716
7290010849529,false,למברוסקו די לואיגי ב,פארייפאבה אגרואינדוס,IT,"למברוסקו די לואיגי ביאנקו 750 מ""ל",מיליליטרים,750.00,"100 מ""ל",false,1,37.90,0.0505,true,1,8896
7290010883356,false,כפפות אלוורה,Z.H.RUBBER,CN,L-סושי כפפות אלוורה,לא מנהל יחידת מידה,0.00,לא מנהל יחידת מידה,false,1,12.50,0.0000,true,1,5092
7290010883370,false,כפפות אלוורה בינוני,האי נאם סי או אל.טי.,CN,סושי כפפות אלוורה רב שימושיות - M,Unknown,0.00,Unknown,false,1,12.50,0.0000,true,1,5095
7290010945146,false,קוטג מועשר 3% טרה 25,טרה,,קוטג מועשר 3% טרה 250 גרם,גרמים,250.00,100 גרם,false,1,6.50,0.0260,true,1,4504
7290010945450,false,גבינה לבנה 3% 250 גר,טרה,,גבינה לבנה 3% 250 גרם,גרמים,250.00,100 גרם,false,1,4.80,0.0192,true,1,4642
7290011017866,false,קוקה קולה פחית סליק,תות תעשיות מזון (201,IL,"סליק קוקה קולה 330 מ""ל מבצע",מיליליטרים,330.00,"100 מ""ל",false,1,5.90,0.0179,true,1,9870
7290011017873,false,קוקה קולה זירו פחית,תות תעשיות מזון (201,IL,"סליק קולה ZERO 330 מ""ל מבצע",מיליליטרים,330.00,"100 מ""ל",false,1,5.90,0.0179,true,1,9871
7290011017880,false,קוקה קולה דיאט פחית,תות תעשיות מזון (201,IL,"סליק דק""ק 330 מ""ל מבצע",מיליליטרים,330.00,"100 מ""ל",false,1,5.90,0.0179,true,1,9872
7290011018184,false,תה קר FUZE TEA אפרסק,מולינו ניקולי s.p.a,IL,FUZE tea אפרסק 0.5 ליטר,מיליליטרים,500.00,"100 מ""ל",false,1,8.50,0.0170,true,1,9850
7290011018214,false,תה קר FUZE TEA מנגו,פארייפאבה אגרואינדוס,IL,פיוזטי מנגו אננס 0.5 ליטר,מיליליטרים,500.00,"100 מ""ל",false,1,8.50,0.0170,true,1,9852
7290011018917,false,קוקה קולה זירו מארז,תות תעשיות מזון (201,IL,"מארז ק""ק ZERO 6 פח FRIDGE-PACK מבצע",ליטרים,1.98,ליטר,false,1,24.90,12.5758,true,1,10635
7290011126452,false,חליטת תה צמחים קמומי,HIQ FOOD PRODUCTS,IL,"קמומיל ונענע ""הגן הקסוםC24 ?",גרמים,37.00,100 גרם,false,1,19.90,0.5378,true,1,5769
7290011126469,false,חליטת תה צמחים קמומי,HIQ FOOD PRODUCTS,IL,"קמומיל ודבש ""הגן הקסוםC24 ?",גרמים,37.00,100 גרם,false,1,19.90,0.5378,true,1,5770
7290011126957,false,תה ירוק ארל גריי 25,HIQ FOOD PRODUCTS,IL,תה ירוק ארל גריי T.T,גרמים,37.00,100 גרם,false,1,26.90,0.7270,true,1,6715
7290011132019,false,גולדסטאר בלאק רוסט ב,טמפו,IL,"גולדסטאר בלאק רוסט בקבוק 330 מ""ל",מיליליטרים,330.00,"100 מ""ל",false,1,8.90,0.0270,true,1,76791
7290011132507,false,מים סן בנדטו מוגז עד,פארייפאבה אגרואינדוס,IT,סן בנדטו מוגז 500 מל,מיליליטרים,500.00,"100 מ""ל",false,1,4.90,0.0098,true,1,8881
7290011148959,false,פלפל טינקרבל יחידה,מ.ע יזמות,IL,פלפל טינקרבל יחידה,גרמים,500.00,100 גרם,false,1,14.90,0.0298,true,1,9757
7290011167059,false,מגבונים סטרילים לעינ,דר.פישר,,מגבונים סטרילים לעיניים 10 יח במארז,Unknown,0.00,Unknown,false,1,19.90,0.0000,true,1,15072
7290011194246,false,קוטג 5% סקי 250 גרם,מיוצר עי קונדיטוריית,IL,קוטג' 5% 250 גרם,גרמים,250.00,100 גרם,false,1,5.90,0.0236,true,1,4585
7290011215217,false,לחמניית דגנים פילסבר,פילסברי,,לחמניית דגנים פילסברי,יחידה,1.00,יחידה,false,1,4.50,4.5000,true,1,6203
7290011215415,false,מיני סופגנייה מטוגנת,פילסברי,,מיני סופגנייה מטוגנת קפואה ריקה,גרמים,40.00,100 גרם,false,1,2.90,0.0725,false,1,7498
7290011223038,false,עלים לקרמשניט בונומי,דולפין ספא,IT,עלים לקרמשניט בונומי 300 גרם,גרמים,300.00,100 גרם,false,1,16.90,0.0563,true,1,8428
7290011223045,false,בישקוטים בונומי 200,דולפין ספא,IT,בונמי בישקוטים 200 גרם,גרמים,200.00,100 גרם,false,1,8.90,0.0445,true,1,8403
7290011223205,false,ריבת חלב ארגנטינאית,אשבל מזון פונקציונלי,IL,ריבת חלב ארגנטינאית דולקור 454 גרם,גרמים,454.00,100 גרם,false,1,17.50,0.0385,true,1,8385
7290011223243,false,"ג""ל לאסלה בניחוח לבנ","איטיליאן פוד, אס.פי.",IT,ג'ל נוזלי לאסלה בניחוח לבנדר 55 מל,מיליליטרים,55.00,"100 מ""ל",false,1,12.90,0.2345,true,1,4658
7290011312282,false,"חציל מובחר לק""ג",מרינה,IL,"חציל מובחר לק""ג",קילוגרמים,1.00,"ק""ג",true,,10.90,10.9000,true,1,7576
7290011312305,false,כרוב לבן,מרינה,IL,כרוב לבן,קילוגרמים,1.00,"ק""ג",true,,6.50,6.5000,true,1,7573
7290011312312,false,כרוב אדום,מרינה,IL,כרוב אדום,קילוגרמים,1.00,"ק""ג",true,,9.90,9.9000,true,1,7574
7290011378028,false,חלבה ללא סוכר משומשו,HIQ FOOD PRODUCTS,IL,בארכה חלבה וניל ללא סוכר כלפ.8*350גרם,גרמים,350.00,100 גרם,false,1,16.90,0.0483,true,1,5798
7290011378257,false,מאגדת חלבה בארכה פיס,HIQ FOOD PRODUCTS,IL,בארכה בקטנה מאגדת פקאן ללא סוכר12 7*18ג,גרמים,120.00,100 גרם,false,1,13.90,0.1158,true,1,10960
7290011378769,false,מאגדת חלבה בארכה וני,HIQ FOOD PRODUCTS,IL,בארכה בקטנה מאגדת וניל כלפ.12 7*18גרם,גרמים,120.00,100 גרם,false,1,13.90,0.1158,true,1,10001
7290011378776,false,מאגדת חלבה בארכה פיס,HIQ FOOD PRODUCTS,IL,בארכה בקטנה מאגדת פיסטוק כלפ.12 7*18גרם,גרמים,120.00,100 גרם,false,1,13.90,0.1158,true,1,10002
7290011379025,false,פלפל צילי יח,ירקט,IL,פלפל צילי יח,גרמים,150.00,100 גרם,false,1,7.90,0.0527,true,1,10039
7290011379926,false,סלרי עלים ארוז יח,אורן אליהו,IL,סלרי עלים ארוז יח,גרמים,400.00,100 גרם,false,1,5.90,0.0148,true,1,8380
7290011438142,false,משקה אייס קפה יטבתה,,IL,"אייס קפה 350 מ""ל",מיליליטרים,350.00,"100 מ""ל",false,1,6.90,0.0197,true,1,5248
7290011499051,false,גבינה פטה כבשים 250,MKN עבור מחלבות גד ב,IL,פטה כבשים גבינה מלוחה במי מלח,גרמים,250.00,100 גרם,false,1,27.90,0.1116,true,1,4913
7290011499105,false,גבינה בולגרית 5% 25,ג'נרל מילס סאן אדריא,IL,גבינה בולגרית 5% 250 גרם,גרמים,250.00,100 גרם,false,1,28.90,0.1156,true,1,5086
7290011499112,false,גבינה בולגרית 16% בש,"מיוצר ע""י dsh",IL,בולגריות מיוצרת בשיטה מסורתית 16% 250 גרם,גרמים,250.00,100 גרם,false,1,28.90,0.1156,true,1,5087
7290011499129,false,גבינה בולגרית קוביות,קוד יצרן DSH,IL,קוביות בולגרית מעודנת,גרמים,200.00,100 גרם,false,1,24.90,0.1245,true,1,5155
7290011499303,false,גבינה בולגרית 5% עזי,ג'נרל מילס סאן אדריא,IL,גד בולגרית עיזים מעודנת 5% שומן,גרמים,250.00,100 גרם,false,1,31.90,0.1276,true,1,6284
7290011499327,false,גבינה בולגרית 5% מעו,מיוצר על ידי DSH עבו,IL,גד גבינת בולגרית מעודנת מחלב בקר במי מלח 5% שומן,גרמים,250.00,100 גרם,false,1,28.90,0.1156,true,1,6286
7290011499341,false,גבינת קאשקבל 200 גרם,מחלבת גד,,גבינת קאשקבל 200 גרם,גרמים,200.00,100 גרם,false,1,29.90,0.1495,true,1,6376
7290011499365,false,גבינה חלומי נענע גד,"מחלבות גד בע""מ",IL,גד גבינת חלומי קשה מחלב בקר 24% שומן 200 גרם,גרמים,200.00,100 גרם,false,1,23.90,0.1195,true,1,6378
7290011499419,false,גבינת ניו יורק במקרם,מחלבות גד,IL,גד מרקם שמנת ניו יורק 5% 200 גרם,גרמים,200.00,100 גרם,false,1,12.90,0.0645,true,1,6947
7290011499624,false,גבינת שמנת ניו יורק,מחלבות גד,IL,"גד, גבינת שמנת בטעם טבעי 30% , 200 גרם",גרמים,200.00,100 גרם,false,1,14.90,0.0745,true,1,7875
7290011499846,false,גבינת ריקוטה פרסקה 9,יוליניבר,IL,גבינת ריקוטה פרסקה 9% 300 גרם גד,גרמים,300.00,100 גרם,false,1,19.90,0.0663,true,1,8675
7290011501617,false,חמוציות ברכז תפוחים,אף.סי תבליני בגליל ב,IL,חמוציות ברכז תפוחים ללא סוכר 250 גרם,גרמים,250.00,100 גרם,false,1,18.90,0.0756,true,1,12517
7290011502874,false,גרנולה פירות יבשים 5,"דין שיווק וקליה בע""מ",,גרנולה פירות יבשים 500 גרם שקדיה,גרמים,500.00,100 גרם,false,1,14.90,0.0298,true,1,6098
7290011505493,false,כפות מהודר עבה במיוח,F.T.I,,כפות מהודר עבה במיוחד 50 יחידות,לא מנהל יחידת מידה,0.00,לא מנהל יחידת מידה,false,1,12.90,0.0000,true,1,17279
7290011505509,false,מזלגות מהודר עבה במי,F.T.I,,מזלגות מהודר עבה במיוחד 50 יחידות,לא מנהל יחידת מידה,0.00,לא מנהל יחידת מידה,false,1,12.90,0.0000,true,1,17276
7290011505516,false,סכינים מהודר עבה במי,F.T.I,,סכינים מהודר עבה במיוחד 50 יחידות,לא מנהל יחידת מידה,0.00,לא מנהל יחידת מידה,false,1,12.90,0.0000,true,1,17277
7290011515683,false,טילון וניל אקסטרים מ,תות תעשיות מזון (201,IL,אקסטרים טילון וניל בדצ מאח.5 6*72גרם,גרמים,432.00,100 גרם,false,1,39.50,0.0914,true,1,5227
7290011515911,false,גלידה לייט ריבת חלב,המאפיה של הרמן,IL,נסטלה שלג.לייט ריבת חלב בדצ מאח.6 6*52ג,גרמים,312.00,100 גרם,false,1,32.90,0.1054,true,1,6804
7290011598211,false,מנקה כללי אנטיקאלק,סנו מפעלי ברונוס בעמ,IL,אנטי קאלק מרסס כללי רב שימושי 4 ב 1 700 מל,מיליליטרים,700.00,"100 מ""ל",false,1,19.90,0.0284,true,1,5665
7290011607180,false,אבקת כביסה קולון 101,ריקט בנקיזר ( ניר אי,IL,"אבקת כביסה קולון 1.25 ק""ג",קילוגרמים,1.25,"ק""ג",false,1,14.90,11.9200,true,1,5070
7290011723200,false,טחינת הר ברכה 500גרם,הר ברכה תעשיות,,טחינת הר ברכה 500גרם,גרמים,500.00,100 גרם,false,1,19.90,0.0398,true,1,5338
7290011800642,false,צבר מטבוחה מרוקאית 4,סלטי צבר,IL,צבר מטבוחה מרוקאית 400גרם,גרמים,400.00,100 גרם,false,1,18.90,0.0472,true,1,7278
7290011870225,false,סוללות פוזיקום 4AAA,פוג'יקום,,סוללות פוזיקום 4AAA,יחידה,1.00,יחידה,false,1,9.90,9.9000,true,1,8127
7290011870256,false,מארז 4 פוגיקום AA,פוג'יקום,,מארז 4 פוגיקום AA,יחידה,1.00,יחידה,false,1,9.90,9.9000,true,1,8126
7290011870744,false,סוללות פוזיקום 9V,פוג'יקום,,סוללות פוזיקום 9V,יחידה,1.00,יחידה,false,1,19.90,19.9000,true,1,8130
7290011877859,false,פותח סתימות,סנו מפעלי ברונוס בעמ,IL,"פותח סתימות אינסטלטור 200 גר """,גרמים,200.00,100 גרם,false,1,17.90,0.0895,true,1,6405
7290011923266,false,סלק אדום אורגני 225,ליב,LT,סלק אדום אורגני מקולף ומבושל,גרמים,225.00,100 גרם,false,1,11.90,0.0529,true,1,72425
7290011923273,false,טופו אורגני ליב 300,א.י.ן תעשיות מזון בע,IL,ליב טופו אורגני 300 גרם,גרמים,300.00,100 גרם,false,1,13.50,0.0450,true,1,8124
7290011923303,false,טופו טבעי ליב 300 גר,א.י.ן תעשיות מזון בע,IL,ליב טופו בטעם טבעי 300 גרם,גרמים,300.00,100 גרם,false,1,11.90,0.0397,true,1,13415
7290011947262,false,זית ירוק גלילי זיתא,זיתא תעשיות שמן,IL,זית ירוק גלילי זיתא 215 גרם,גרמים,215.00,100 גרם,false,1,14.90,0.0693,true,1,11244
7290011947309,false,זית ירוק עם לימון כב,זיתא – י.ט.ב תעשיות,IL,זית ירוק עם לימון כבוש זיתא 230 גרם,גרמים,230.00,100 גרם,false,1,14.90,0.0648,true,1,11234
7290011947316,false,זיתי קלמטה זיתא 217,סטאר סנקס,IL,זית קלמטה בשמן זית כתית מעולה,גרמים,217.00,100 גרם,false,1,14.90,0.0687,true,1,11953
7290011947781,false,זית ירוק קלמטה ללא ג,זיתא,IL,זית ירוק קלמטה ללא גלעין מיקס זיתא190גרם,גרמים,190.00,100 גרם,false,1,14.90,0.0784,true,1,73405
7290011947798,false,זית קלמטה ללא גלעין,זיתא,IL,זית קלמטה ללא גלעין זיתא 190 גרם,גרמים,190.00,100 גרם,false,1,14.90,0.0784,true,1,73404
7290011947804,false,זית ירוק ללא גלעין ז,זיתא,IL,זית ירוק ללא גלעין זיתא 190 גרם,גרמים,190.00,100 גרם,false,1,14.90,0.0784,true,1,73403
7290011947903,false,זיתים מיקס יווני זית,זיתא,IL,זיתים מיקס יווני זיתא 215 גרם,גרמים,215.00,100 גרם,false,1,14.90,0.0693,true,1,74295
7290011947934,false,זית ירוק ענק וזית סו,זיתא,IL,זית ירוק ענק וזית סורי מבוקע גדול מאוד,גרמים,215.00,100 גרם,false,1,14.90,0.0693,true,1,75476
7290011947965,false,מיקס זיתים ירוק וקלמ,זיתא,IL,מיקס זיתים ירוק וקלמטה ללא גלעין זיתא 215גרם,גרמים,215.00,100 גרם,false,1,14.90,0.0693,true,1,76135
7290011947972,false,זית ירוק ללא גלעין ט,זיתא,IL,זית ירוק ללא גלעין טימין ורוזמרין זיתא 215גרם,גרמים,215.00,100 גרם,false,1,14.90,0.0693,true,1,76134
7290011947989,false,זית ירוק ללא גלעין ש,זיתא,IL,זית ירוק ללא גלעין שום ושמן זית זיתא 215,גרמים,215.00,100 גרם,false,1,14.90,0.0693,true,1,76133
7290011947996,false,זית סורי שחור סורי מ,זיתא,IL,זית סורי שחור סורי מרינד זיתא 215 גרם,גרמים,215.00,100 גרם,false,1,14.90,0.0693,true,1,76132
7290011959692,false,ביסקולידה ביג,תות תעשיות מזון (201,IL,נסטלה ביסקולידה ביג בדצ 36*72גרם,לא מנהל יחידת מידה,0.00,לא מנהל יחידת מידה,false,1,7.90,0.0000,true,1,7348
7290011996031,false,אטריות ביצים 454 גרם,מזרח מערב,,אטריות ביצים 454 גרם,גרמים,454.00,100 גרם,false,1,9.10,0.0200,true,1,6177
7290011996062,false,"אורז לסושי 1 ק""ג",דדוש דניאל,,"אורז לסושי 1 ק""ג",קילוגרמים,1.00,"ק""ג",false,1,16.50,16.5000,true,1,5956
7290011996123,false,דפי אצות ים נורי 10,דדוש דניאל,,דפי אצות ים נורי 10 יח,גרמים,25.00,100 גרם,false,1,14.90,0.5960,true,1,6810
7290011996277,false,מחצלת לסושי אסיה,פוקולוקו,,מחצלת לסושי אסיה,יחידה,1.00,יחידה,false,1,7.90,7.9000,true,1,6603
7290011996758,false,קמח טמפורה 500 גרם,אסיה,,קמח טמפורה 500 גרם,גרמים,500.00,100 גרם,false,1,11.90,0.0238,true,1,8098
7290011996789,false,פירורי לחם יפניים פנ,שנחאי אנגאנה פוד,,פירורי לחם יפניים פנקו 200 גרם,גרמים,200.00,100 גרם,false,1,9.90,0.0495,true,1,7209
7290011996819,false,אטריות סיניות מקלוני,מזרח מערב,,אטריות סיניות מקלוני שעועית 250 גרם,גרמים,250.00,100 גרם,false,1,7.80,0.0312,true,1,7034
7290012001994,false,"חרדל דיז""ון גרגירים",כלורוקס אוקלנד,FR,חרדל דיגון גרעינים 350 גרם כפ,גרמים,350.00,100 גרם,false,1,14.90,0.0426,true,1,8034
7290012116735,false,נ ט סופט גליל גמבו 2,סנו מפעלי ברונוס בעמ,IL,נ ט סופט גליל גמבו 24 יחידות,מטרים,90000.00,מטר,false,1,45.90,0.0005,true,1,25623
7290012117428,false,"ג""ל רחצה ושמפו קרמה",קוסמופארם בע''מ,IL,קרמה מן שמפו וג'ל 2 ב-1 מנטה 700 מ''ל,מיליליטרים,700.00,"100 מ""ל",false,1,17.90,0.0256,true,1,7192
7290012117534,false,מרכך כביסה מרוכז,"איי, בי, אינבוו",IL,מקסימה מרכך כביסה מרוכז (COOL) 1 ליטר,ליטרים,1.00,ליטר,false,1,18.90,18.9000,true,1,26621
7290012117558,false,מרכך כביסה מקסימה מר,"סנו מפעלי ברונוס בע""",IL,מרכך מרוכז מאסק 1ליטר 40 כביסות,ליטרים,1.00,ליטר,false,1,18.90,18.9000,true,1,7880
7290012139482,false,עצם בציפוי עוף,PINGYANG LELE PET PR,CN,בונזו גוי עצם לחוצה מעושנת בציפוי עוף 3,גרמים,160.00,100 גרם,false,1,21.90,0.1369,true,1,75234
7290012139567,false,"מזון כלבים בונזו ג""ו",Ping Yang,,"מזון כלבים בונזו ג""וי ביסקוויט עוף 90 גר",גרמים,90.00,100 גרם,false,1,19.90,0.2211,true,1,8314
7290012159411,false,לבבות דקל חתוך 400 ג,יושלם,,לבבות דקל חתוך 400 גרם,גרמים,400.00,100 גרם,false,1,9.90,0.0248,true,1,9041
7290012226021,false,סלמי מעושן פראג זוגל,זוגלובק,IL,זוגלובק סלמי מעושן פראג 400 גרם א.מ.,גרמים,400.00,100 גרם,false,1,22.90,0.0572,true,1,20180
7290012226076,false,פסטרמה חרמון 200 גרם,כצט,IL,זוגלובק חרמון הודו ועוף 200 גרם,גרמים,200.00,100 גרם,false,1,15.50,0.0775,true,1,68064
7290012226120,false,קבנוס 135 גרם,כצט,IL,זוגלובק קבנוס 135 גרם,גרמים,135.00,100 גרם,false,1,13.90,0.1030,true,1,8297
7290012226342,true,נקניקיה מן הצומח זוג,כצט,IL,נקניקיה מן הצומח זוגלוס 460גרם,גרמים,460.00,100 גרם,false,1,31.90,0.0693,true,1,18868
7290012226939,false,"קבנוס עם צ""לי חריף 1",זוגלובק,IL,זוגלובק קבנוס עם צ'ילי חריף 135 גרם,גרמים,135.00,100 גרם,false,1,13.90,0.1030,true,1,8634
7290012227325,false,סלמי מעושן איטלקי דק,כצט,IL,זוגלובק סלמי מעושן איטלקי 120 גרם דק דק דק,גרמים,120.00,100 גרם,false,1,14.90,0.1242,true,1,18113
7290012227974,false,פסטרמה בדבש דק דק 12,כצט,IL,זוגלובק פסטרמה בדבש 120 גרם דק דק דק,גרמים,120.00,100 גרם,false,1,14.90,0.1242,true,1,18115
7290012227981,false,פסטרמה ברביקיו דק דק,כצט,IL,זוגלובק פסטרמה ברביקיו 120 גרם דק דק דק,גרמים,120.00,100 גרם,false,1,14.90,0.1242,true,1,18116
7290012227998,false,חזה בקר דק דק 120 גר,כצט,IL,זוגלובק חזה בקר 120 גרם דק דק דק,גרמים,120.00,100 גרם,false,1,14.90,0.1242,true,1,18114
7290012228230,false,פסטרמה חזה עוף דק דק,כצט,IL,פסטרמה חזה עוף דק דק 120 גרם,גרמים,120.00,100 גרם,false,1,14.90,0.1242,true,1,18117
7290012228261,false,נקנקיות בוקוורסט הוד,כצט,IL,זוגלובק נקניקיות הודו פרמיום קנקרס ריינהולד'ס,גרמים,300.00,100 גרם,false,1,20.90,0.0697,true,1,16628
7290012228278,false,נקנקיות בוקוורסט הוד,כצט,IL,זוגלובק נקניקיות הודו -בקר (בוקוורסט) ריינהולדס,גרמים,310.00,100 גרם,false,1,20.90,0.0674,true,1,16627
7290012228971,false,סלמי תה פפרוני זוגלו,זוגלובק,IL,סלמי תה פפרוני זוגלובק 180 גרם,גרמים,180.00,100 גרם,false,1,15.90,0.0883,true,1,75710
7290012245183,false,CHIPS ציפס קריספי,אגריסטו,BE,CHIPS ציפס קריספי קלאסי700גרם,גרמים,700.00,100 גרם,false,1,12.90,0.0184,true,1,76411
7290012306631,false,פריכיות מלוח אורז מל,מכבים,,פריכיות מלוח אורז מלא מכבים 200 גרם,גרמים,200.00,100 גרם,false,1,15.70,0.0785,true,1,12904
7290012404177,false,שוופס מוגז פירות תפו,יפאורה תבורי בעמ,IL,"שוופס מוגז פירות תפוחים 330 מ""ל זכוכית",מיליליטרים,330.00,"100 מ""ל",false,1,6.90,0.0209,true,1,7526
7290012404184,false,שוופס מוגז פירות לימ,יפאורה תבורי בעמ,IL,"שוופס מוגז פירות לימונים 330 מ""ל זכוכית",מיליליטרים,330.00,"100 מ""ל",false,1,6.90,0.0209,true,1,7512
7290012413643,false,תה ירוק קמומיל 25 שק,ארזינא,IL,תה ירוק קמומיל T.T,גרמים,37.00,100 גרם,false,1,26.90,0.7270,true,1,10029
7290012483233,false,אנשובי ארוך בשמן זית,נמצאו,ES,אנשובי ארוך בשמן זית 80 גרם,גרמים,80.00,100 גרם,false,1,14.90,0.1863,true,1,7501
7290012522581,false,שניצל תירס ללא גלוטן,כצט,IL,שניצל תירס ללא גלוטן 660 גרם,גרמים,660.00,100 גרם,false,1,31.90,0.0483,true,1,9409
7290012525452,false,טילון אקסטרים שוקו ו,המאפיה של הרמן,IL,אקסטרים טילון שוקו וניל בדצ 24*70גרם-חדש,גרמים,70.00,100 גרם,false,1,7.90,0.1129,true,1,7175
7290012576607,false,יין פרמייר קברנה מלב,"ברקן שיווק והפצה בע""",IL,ברקן פרימייר קברנה סובניון אדום 750 מ,מיליליטרים,750.00,"100 מ""ל",false,1,26.90,0.0359,true,1,11436
7290012576614,false,יין פרמייר ריזלינג 7,יקבי ברקן שיווק והפצ,IL,"יין פרמייר ריזלינג 750 מ""ל",מיליליטרים,750.00,"100 מ""ל",false,1,26.90,0.0359,true,1,11435
7290012588259,false,מים מינרלים ילדים כד,פארייפאבה אגרואינדוס,GR,מים מינרלים טבעיים כדורגל 500 מל,מיליליטרים,500.00,"100 מ""ל",false,1,2.50,0.0050,true,1,18441
7290012588570,false,ווטר בוקס מי מעיין 5,בורסה פזרי,IE,"ווטר בוקס מי מעיין 500 מ""ל",מיליליטרים,500.00,"100 מ""ל",false,1,6.60,0.0132,true,1,77681
7290012724817,false,נענע ארוז ליח,אורן אליהו,IL,נענע ארוז ליח,גרמים,70.00,100 גרם,false,1,5.90,0.0843,true,1,11191
7290012724824,false,שמיר ארוז ליח,אורן אליהו,IL,שמיר ארוז ליח,גרמים,70.00,100 גרם,false,1,5.90,0.0843,true,1,11188
7290012724831,false,כוסברה ארוז ליח,אורן אליהו,IL,כוסברה ארוז ליח,גרמים,70.00,100 גרם,false,1,5.90,0.0843,true,1,11189
7290012724848,false,פטרוזיליה ארוז ליח,אורן אליהו,IL,פטרוזיליה ארוז ליח,גרמים,70.00,100 גרם,false,1,5.90,0.0843,true,1,11190
7290012759017,false,חטיף אנרגיה מיקס ממה,ממה חטיפי אנרגיה,,חטיף אנרגיה מיקס ממה 50 גרם,גרמים,50.00,100 גרם,false,1,8.50,0.1700,true,1,7163
7290012759031,false,חטיף אנרגיה בננה ופק,ממה חטיפי אנרגיה,,חטיף אנרגיה בננה ופקאן ממה אישי 50 גרם,גרמים,50.00,100 גרם,false,1,8.50,0.1700,true,1,7228
7290012759215,false,חטיף אנרגיה קינואה ט,ממה חטיפי אנרגיה,,חטיף אנרגיה קינואה טחינה אגוזים ממה 25 ג,גרמים,25.00,100 גרם,false,1,8.50,0.3400,true,1,10926
7290012759253,false,טרפלס תמרים וקקאו 28,ממה חטיפי אנרגיה,,טרפלס תמרים וקקאו 280 גרם,גרמים,280.00,100 גרם,false,1,34.90,0.1246,true,1,10656
7290012759529,false,טרפלס טחינה ושקדים 2,ממה חטיפי אנרגיה,,טרפלס טחינה ושקדים 280 גרם,גרמים,280.00,100 גרם,false,1,34.90,0.1246,true,1,17234
7290012759659,false,עוגיות בראוניז קוקוס,ממה חטיפי אנרגיה,IL,עוגיות בראוניז קוקוס ואגוז מלך 240 גרם,גרמים,240.00,100 גרם,false,1,26.90,0.1121,true,1,68461
7290012759666,false,עוגיות בראוניז פקאן,ממה חטיפי אנרגיה,IL,עוגיות בראוניז פקאן ופולי קקאו 240 גרם,גרמים,240.00,100 גרם,false,1,26.90,0.1121,true,1,68460
7290012759673,false,עוגיות בראוניז חמאת,ממה חטיפי אנרגיה,IL,עוגיות בראוניז חמאת בוטנים 240 גרם,גרמים,240.00,100 גרם,false,1,26.90,0.1121,true,1,68459
7290012759727,false,חטיף בראוניז פקאן ופ,ממה חטיפי אנרגיה,IL,חטיף בראוניז פקאן ופולי קקאו 50 גרם,גרמים,50.00,100 גרם,false,1,8.90,0.1780,true,1,68457
7290012759949,false,מארז חטיף חלבון תמר,ממה,IL,מארז חטיף חלבון תמר קרם לוז יה עם חלבון,גרמים,50.00,100 גרם,false,1,10.90,0.2180,true,1,73406
7290012759956,false,מארז חטיף חלבון תמר,ממה,IL,מארז חטיף חלבון תמר פקאן עם חלבון,גרמים,50.00,100 גרם,false,1,10.90,0.2180,true,1,73407
7290012803765,false,שוקולד מריר ללא סוכר,האי נאם סי או אל.טי.,TR,טוסו שוקולד מריר ללא תוספת סוכר 100 גרם,גרמים,100.00,100 גרם,false,1,11.90,0.1190,true,1,9597
7290012803772,false,שוקולד חלב ללא סוכר,האי נאם סי או אל.טי.,TR,טוסו שוקולד חלב ללא תוספת סוכר 100 גרם,גרמים,100.00,100 גרם,false,1,11.90,0.1190,true,1,9598
7290012823381,false,מרכך כביסה סנסטיב,"סנו מפעלי ברונוס בע""",IL,מרכך מרוכז סנסטיב 1 ליטר 40 כביסות,ליטרים,1.00,ליטר,false,1,18.90,18.9000,true,1,7903
7290012823541,false,ריצפז מטליות לחות לר,"סנו מפעלי ברונוס בע""",IL,מטליות ריצפז פרש לבנדר,לא מנהל יחידת מידה,0.00,לא מנהל יחידת מידה,false,1,14.90,0.0000,true,1,7779
7290012823558,false,מטליות לחות לריצפה ס,דינאמיק תעשיות,,מטליות לחות לריצפה סנו סושי 10 יחידות,Unknown,0.00,Unknown,false,1,11.90,0.0000,true,1,8047
7290012823602,false,נייר טואלט סופט 32 ג,טרופיקל דגיל תעשיות,IL,נייר טואלט סופט 32 גלילים,מטרים,58800.00,מטר,false,1,35.90,0.0006,true,1,8566
7290012871061,false,דגן תירס פופ מתוק 15,דגן,IL,דגן תירס פופ מתוק 150 גרם,גרמים,150.00,100 גרם,false,1,7.90,0.0527,true,1,14645
7290012901355,false,אטריות מקרוני עם גבי,האי נאם סי או אל.טי.,US,ארוחת מקרוני עם רוטב על בסיס גבינה,גרמים,206.00,100 גרם,false,1,12.90,0.0626,true,1,12839
7290012911170,false,"מיסו כהה אסיה 500 מ""",פוקולוקו,,"מיסו כהה אסיה 500 מ""ל",מיליליטרים,500.00,"100 מ""ל",false,1,12.90,0.0258,true,1,8282
7290012911187,false,מיסו בהיר אסיה 500 מ,אסיה,,"מיסו בהיר אסיה 500 מ""ל",מיליליטרים,500.00,"100 מ""ל",false,1,12.90,0.0258,true,1,8303
7290012911293,false,"דפי אורז 22 ס""מ 300",אסיה,,"דפי אורז 22 ס""מ 300 גרם",גרמים,300.00,100 גרם,false,1,14.50,0.0483,true,1,8143
7290012911583,false,רצועות דלעת כבושה קנ,מזרח מערב,,רצועות דלעת כבושה קנפיו 100 גרם,גרמים,100.00,100 גרם,false,1,12.50,0.1250,true,1,9074
7290012911675,false,פטריות שיטאקה אסיה 8,מזרח מערב,IL,פטריות שיטאקה אסיה 85 גרם,גרמים,85.00,100 גרם,false,1,18.50,0.2176,true,1,10069
7290012911866,false,דפי אורז מרובעים 300,פוקולוקו,,דפי אורז מרובעים 300 גרם,גרמים,300.00,100 גרם,false,1,14.50,0.0483,true,1,10399
7290012921025,false,בירה מלכה בהירה בקבו,"איי, בי, אינבוו",IL,בירה מלכה בהירה 6.5% כוהל 330 מל,מיליליטרים,330.00,"100 מ""ל",false,1,15.90,0.0482,true,1,9301
7290012921032,false,בירה מלכה אדמונית בק,"איי, בי, אינבוו",IL,בירה מלכה אדמונית 5.5% כוהל 330 מל,מיליליטרים,330.00,"100 מ""ל",false,1,15.90,0.0482,true,1,9300
7290012921049,false,בירה מלכה ככה 330 (6,"איי, בי, אינבוו",IL,"בירה מלכה, כהה, 330 מל",מיליליטרים,330.00,"100 מ""ל",false,1,15.90,0.0482,true,1,69307
7290012921056,false,בירה מלכה חיטה בקבוק,"איי, בי, אינבוו",IL,"בירה מלכה חיטה, 330 מל",מיליליטרים,330.00,"100 מ""ל",false,1,15.90,0.0482,true,1,9375
7290012921063,false,בירה מלכה הינדי 330,"איי, בי, אינבוו",IL,"בירה מלכה הינדי, 330 מל",מיליליטרים,330.00,"100 מ""ל",false,1,15.90,0.0482,true,1,66510
7290012938580,false,סנסודיין משחת שיניים,גלקסוסמית'קליין קונס,,סנסודיין משחת שיניים הלבנה עדינה 75 מל,מיליליטרים,75.00,"100 מ""ל",false,1,22.90,0.3053,true,1,28129
7290012962608,false,צלחות פלסטיק עבות במ,F.T.I,,"צלחות פלסטיק עבות במיוחד 25 יחידות 22 ס""",לא מנהל יחידת מידה,0.00,לא מנהל יחידת מידה,false,1,14.90,0.0000,true,1,15458
7290012962974,false,כפית מהודרת עבה במיו,F.T.I,,כפית מהודרת עבה במיוחד 50 יחידות,לא מנהל יחידת מידה,0.00,לא מנהל יחידת מידה,false,1,9.50,0.0000,true,1,17278
7290012983153,false,סילאן טבעי לחיץ 400,מנדלז סי.אר. פרודקשן,IL,סילאן טבעי 400 לחיץ,גרמים,400.00,100 גרם,false,1,17.90,0.0447,true,1,33189
7290013027399,false,לחם 100% קמח מלא קל,"איטיליאן פוד, אס.פי.",IL,לחם 100% קמח מלא קל בתוספת שיפון,גרמים,750.00,100 גרם,false,1,16.90,0.0225,true,1,8539
7290013068361,false,שמן זית אליעד כתית מ,קרלו,IL,שמן זית אליעד כתית מעולה 750 מל,מיליליטרים,750.00,"100 מ""ל",false,1,37.90,0.0505,true,1,69276
7290013068699,false,שמן זית כתית מעולה ע,קרלו,IL,"שמן זית כתית מעולה עשיר אליעד 750מ""ל",מיליליטרים,750.00,"100 מ""ל",false,1,37.90,0.0505,true,1,72306
7290013068705,false,שמן זית כתית מעולה ק,קרלו,IL,שמן זית כתית מעולה קטיפתי אליעד750 מל,מיליליטרים,750.00,"100 מ""ל",false,1,37.90,0.0505,true,1,72305
7290013121028,false,לחם לבן ללא גלוטן 50,דולפין ספא,IL,לחם לבן ללא גלוטן 500 גרם,גרמים,500.00,100 גרם,false,1,20.90,0.0418,true,1,8576
7290013121103,false,שליש בגט 4 יחידות 4,דולפין ספא,IL,שליש בגט 4 יחידות 400 גרם,גרמים,400.00,100 גרם,false,1,19.90,0.0497,true,1,8577
7290013121158,false,לחמניות סנדוויץ ללא,דולפין ספא,IL,לחמניות סנדוויץ ללא גלוטן רביעייה 460 גר,גרמים,460.00,100 גרם,false,1,19.90,0.0433,true,1,10063
7290013144409,false,תמצית רום,מיוצר עי קונדיטוריית,IL,מימונס תמצית אפיה בטעם רום 50 מל,גרמים,50.00,100 גרם,false,1,4.90,0.0980,true,1,7942
7290013144416,false,תמצית שקדים,מיוצר עי קונדיטוריית,IL,מימונס תמצית אפיה בטעם שקדים 50 מל,גרמים,50.00,100 גרם,false,1,4.90,0.0980,true,1,63763
7290013144508,false,תמצית בטעם ורדים 50,מיוצר עי קונדיטוריית,IL,מימונס תמצית אפיה בטעם ורדים 50 מל,גרמים,50.00,100 גרם,false,1,9.90,0.1980,true,1,58469
7290013145192,true,שומשום,מיוצר עי קונדיטוריית,IL,"מימונס, שומשום, 100% טהור, 100 גרם",גרמים,100.00,100 גרם,false,1,5.20,0.0520,true,1,48455
7290013145628,false,סוכריות אדומות לקישו,א.ל ייצור ושיווק תבל,IL,סוכריות אדומות לקישוט 200גרם,גרמים,200.00,100 גרם,false,1,9.90,0.0495,true,1,58477
7290013145710,false,דובדבנים מסוכרים,מיוצר עי קונדיטוריית,IL,דובדבנים מסוכרים לקישוט ואפייה,גרמים,100.00,100 גרם,false,1,8.90,0.0890,true,1,7952
7290013145840,false,סוכר וניל,מיוצר עי קונדיטוריית,IL,סוכר וניל 10 יח' בצלופן,גרמים,100.00,100 גרם,false,1,2.50,0.0250,true,1,8830
7290013145864,false,"ג""לטין טהור אבקה בד""",א.ל ייצור ושיווק תבל,IL,"ג""לטין טהור אבקה בד""צ 28 גרם",גרמים,28.00,100 גרם,false,1,12.90,0.4607,true,1,7955
7290013145901,true,סודה לשתיה,א.ל ייצור ושיווק תבל,IL,"מיימונס, סודה לשתיה 100 גרם",Unknown,0.00,Unknown,false,1,2.90,0.0000,true,1,48458
7290013145918,false,אבקת סוכר,א.ל. ייצור ושיווק תב,IL,מימונס אבקת סוכר ללא גלוטן 100 גרם,לא מנהל יחידת מידה,0.00,לא מנהל יחידת מידה,false,1,2.50,0.0000,true,1,58485
7290013145949,false,אבקת סוכר אריזת פטנט,מיוצר עי קונדיטוריית,IL,מימונס אבקת סוכר 250 גרם,גרמים,250.00,100 גרם,false,1,16.90,0.0676,true,1,7920
7290013151209,false,קורנישון מלפפון בחומ,יוניקורן פיקלס,,קורנישון מלפפון בחומץ 690 גרם,גרמים,690.00,100 גרם,false,1,11.90,0.0172,true,1,10565
7290013153432,false,מיץ סחוט לימונענע 40,היינץ צפון אמריקה מק,IL,"סחוט לימונענע 400 מ""ל",מיליליטרים,400.00,"100 מ""ל",false,1,11.90,0.0298,true,1,14713
7290013170583,false,פירורית זהב כשר לפסח,מיוצר עי קונדיטוריית,IL,פירורית זהב כשר לפסח 350 גרם,גרמים,350.00,100 גרם,false,1,10.90,0.0311,true,1,8643
7290013267665,false,מיני סולרו פירות טרו,שטראוס גלידות,,מיני סולרו פירות טרופים מאגדת 325 גרם,גרמים,408.00,100 גרם,false,1,28.90,0.0708,true,1,9357
7290013268020,false,מרכך כביסה מקסימה מר,"סנו מפעלי ברונוס בע""",IL,מרכך מרוכז א.פרש 1ל' 40 כביסות,ליטרים,1.00,ליטר,false,1,18.90,18.9000,true,1,7905
7290013268242,false,ריצפז פרש הום בניחוח,"סנו מפעלו ברונוס בע""",IL,נוזל רצפות פרש הום מלון מפנק,ליטרים,2.00,ליטר,false,1,22.90,11.4500,true,1,71363
7290013268983,false,מרכך כביסה מקסימה מר,סנו,IL,מרכך כביסה מקסימה מרוכז גוי 1 ליטר,ליטרים,1.00,ליטר,false,1,18.90,18.9000,true,1,75067
7290013269003,false,מרכך כביסה ביבי,"סנו מפעלי ברונוס בע""",IL,מקסימה מרכך כביסה סופר מרוכז בייבי 1 ליטר,ליטרים,1.00,ליטר,false,1,18.90,18.9000,true,1,27739
7290013269287,false,"ג""ל כביסה מקסימה בני",סנו,IL,"ג""ל כביסה מקסימה בניחוח מאסק 3 ליטר",ליטרים,3.00,ליטר,false,1,34.90,11.6333,true,1,9441
7290013269621,false,ריצפז פרש הום מלון ב,סנו מפעלי ברונוס בעמ,IL,"סנו ריצפז, תרכיז ריחני לניקוי כל סוגי הרצפות",ליטרים,2.00,ליטר,false,1,22.90,11.4500,true,1,59755
7290013276124,false,בירה נגב אמבר אייל ב,"איי, בי, אינבוו",IL,"נגב, אמבר אייל, בירה, 330 מל",מיליליטרים,330.00,"100 מ""ל",false,1,15.90,0.0482,true,1,17265
7290013310170,false,כוסות נייר משובחות ל,,,כוסות נייר משובחות לשתיה חם/קר 50 יחידות,Unknown,0.00,Unknown,false,1,14.90,0.0000,true,1,9495
7290013358363,false,פירורי לחם יפנים פנק,קריניציה ויטמינה אס,IL,פירורי לחם יפנים פנקו 300 גרם,גרמים,300.00,100 גרם,false,1,10.80,0.0360,true,1,9310
7290013358370,false,פירורי לחם יפנים טעם,"מיוצר ע""י מנה י.א בע",IL,פירורי לחם יפנים טעם שום 300 גרם,גרמים,300.00,100 גרם,false,1,10.80,0.0360,true,1,9311
7290013358417,false,רוטב טריאקי מאסטר שף,קריניציה ויטמינה אס,TH,מאסטר שף רוטב טריאקי אסייאתי 300 מל,מיליליטרים,300.00,"100 מ""ל",false,1,13.90,0.0463,true,1,13421
7290013358462,false,מיני קרוטונים למרק ב,"איי, בי, אינבוו",IL,"מאסטר שף, מיני קרוטונים למרק, 350 גרם",גרמים,350.00,100 גרם,false,1,21.90,0.0626,true,1,11183
7290013358486,false,פירורי לחם ללא צורך,"מיוצר ע""י מנה י.א בע",IL,פירורי לחם ללא צורך בביצה 300 גרם,גרמים,300.00,100 גרם,false,1,10.90,0.0363,true,1,11990
7290013358493,false,קרם קוקוס מאסטר שף פ,קריניציה ויטמינה אס,TH,מאסטר שף קרם קוקוס 400 מל,מיליליטרים,400.00,"100 מ""ל",false,1,10.50,0.0263,true,1,13423
7290013358530,false,רוטב צילי מתוק מאסטר,קריניציה ויטמינה אס,TH,מאסטר שף רוטב צ'ילי מתוק 700 מל,מיליליטרים,700.00,"100 מ""ל",false,1,15.90,0.0227,true,1,13424
7290013358578,false,אטריות אורז רחבות מא,קריניציה ויטמינה אס,TH,מאסטר שף אטריות אורז רחבות 400 גרם,גרמים,400.00,100 גרם,false,1,10.90,0.0273,true,1,13426
7290013358585,false,נודלס אטריות ביצים מ,הנסיך- מפעל לייצור ט,CN,מאסטר שף נודלס אטריות ביצים 400 גרם,גרמים,400.00,100 גרם,false,1,10.90,0.0273,true,1,13427
7290013430083,false,בירה אלכסנדר בלונד ב,מנדלז סי.אר. פרודקשן,IL,אלכסנדר בירה ישראלית מעולה בלונד 330 מל,מיליליטרים,330.00,"100 מ""ל",false,1,14.90,0.0452,true,1,9430
7290013430304,false,אלכסנדר גרין,מנדלז סי.אר. פרודקשן,IL,אלכסנדר בירה ישראלית מעולה גרין 330 מל,מיליליטרים,330.00,"100 מ""ל",false,1,14.90,0.0452,true,1,48537
7290013472199,false,ערמונים קלופים 105 ג,בייג'גג פוינונג,CN,ערמונים קלופים 105 גרם,גרמים,105.00,100 גרם,false,1,6.90,0.0657,true,1,8861
7290013472892,false,גבינה בולגרית קוביות,"קוליוס אס.איי, גריק",GR,הבולגריה בקוביות במי מלח 200 גרם,גרמים,200.00,100 גרם,false,1,12.90,0.0645,true,1,9227
7290013531759,false,שעועית אפויה במים יכ,"זנלכל בע""מ",IL,שעועית אפויה במים יכין 310 גרם,גרמים,310.00,100 גרם,false,1,9.90,0.0319,true,1,37676
7290013585233,false,ספרייט זירו פחית סלי,גוד פוד פרודקטס S.p,IL,"גזוז בטעם לימון ליים דל קלוריות 330 מ""ל",מיליליטרים,330.00,"100 מ""ל",false,1,5.90,0.0179,true,1,13239
7290013585257,false,ספרייט זירו בקבוק 50,"אינסטנטה בע""מ",IL,"ZERO ספרייט 500 מ""ל",מיליליטרים,500.00,"100 מ""ל",false,1,7.90,0.0158,true,1,13237
7290013585387,false,קוקה קולה זירו בקבוק,פארייפאבה אגרואינדוס,IL,ZERO תריסר 1 ליטר,ליטרים,1.00,ליטר,false,1,8.50,8.5000,true,1,13118
7290013585394,false,קוקה קולה 1 ליטר,פארייפאבה אגרואינדוס,IL,קוקה קולה 1 ליטר תריסר,ליטרים,1.00,ליטר,false,1,8.50,8.5000,true,1,13117
7290013608260,false,מיץ רימונים פרימור ס,השחר,IL,7290068700001,ליטרים,1.00,ליטר,false,1,25.90,25.9000,true,1,12037
7290013702418,false,שוופס מוגז עדין אפרס,יפאורה תבורי בעמ,IL,"שוופס מוגז עדין אפרסק 330 מ""ל זכוכית",מיליליטרים,330.00,"100 מ""ל",false,1,6.90,0.0209,true,1,16498
7290013702425,false,שוופס מוגז עדין פירו,יפאורה תבורי בעמ,IL,"שוופס מוגז עדין פירות יער 330 מ""ל זכוכית",מיליליטרים,330.00,"100 מ""ל",false,1,6.90,0.0209,true,1,16499
7290013713049,false,בירה גמס חזקה 8.8% ב,קרלו,IL,"בירה ג'מס, בירה 8.8 חזקה במיוחד",מיליליטרים,330.00,"100 מ""ל",false,1,14.90,0.0452,true,1,16705
7290013724939,false,משוקלדים חמוציות מרי,דין שיווק,IL,משוקלדים חמוציות מריר 140 גר קופסא,גרמים,140.00,100 גרם,false,1,11.90,0.0850,true,1,9406
7290013724946,false,משוקלדים שקד מריר 14,דין שיווק,IL,משוקלדים שקד מריר 140 גר קופסא,גרמים,140.00,100 גרם,false,1,11.90,0.0850,true,1,11659
7290013724977,false,משוקלדים צימוק מריר,דין שיווק,IL,משוקלדים צימוק מריר 140 גר קופסא,גרמים,140.00,100 גרם,false,1,11.90,0.0850,true,1,11655
7290013724991,false,משוקלדים לוז חלב 140,דין שיווק,IL,משוקלדים לוז חלב 140 גר קופסא,גרמים,140.00,100 גרם,false,1,11.90,0.0850,true,1,75357
7290013725820,false,אגוזי לוז בציפוי שוק,"דין שיווק וקליה בע""מ",IL,אגוזי לוז בציפוי שוקולד מריר 140 גרם,גרמים,140.00,100 גרם,false,1,11.90,0.0850,true,1,8676
7290013746368,false,עוגיות כוסמין ושקדים,"דגן מיני מזונות בע""מ",IL,עוגיות כוסמין ושקדים,גרמים,300.00,100 גרם,false,1,34.90,0.1163,true,1,18511
7290013746504,false,מקלוני כוסמין עשבי ת,"דגן מיני מזונות בע""מ",IL,מקלוני כוסמין עשבי תיבול דגן,גרמים,200.00,100 גרם,false,1,29.90,0.1495,true,1,18503
7290013746672,false,עוגיות כוסמין ואגוזי,פרוטרופיק סיה.,IL,עוגיות כוסמין אגוזים וקוקוס,גרמים,300.00,100 גרם,false,1,34.90,0.1163,true,1,18509
7290013746689,false,עוגיות שיבולת שועל ו,פרוטרופיק סיה.,IL,"עוגיות שיבולת שועל ואוכמניות לל""ס 250 גר",גרמים,250.00,100 גרם,false,1,34.90,0.1396,true,1,18508
7290013746788,false,מקלוני כוסמין עגבניה,פרוטרופיק סיה.,IL,מקלוני כוסמין עגבניה ואורגנו דגן,גרמים,200.00,100 גרם,false,1,29.90,0.1495,true,1,18504
7290013746795,false,מקלוני כוסמין קצח וצ,פרוטרופיק סיה.,IL,מקלוני כוסמין קצח וציה דגן,גרמים,200.00,100 גרם,false,1,29.90,0.1495,true,1,18505
7290013847386,true,טונה סטרקיסט ליי,"סטארקיסט פודור בע""מ",TH,140 גרם טונה 4% טבעי לייט,גרמים,140.00,100 גרם,false,1,8.90,0.0636,true,1,19858
7290013847553,false,טונה במים דל נתרן סט,"איטיליאן פוד, אס.פי.",TH,טונה במים דל נתרן,גרמים,640.00,100 גרם,false,1,29.90,0.0467,true,1,14788
7290013847645,false,סטארקיסט טונה בשמן ז,סטארקיסט,TR,סטארקיסט טונה בשמן זית 3 יח 80 גרם,גרמים,240.00,100 גרם,false,1,18.90,0.0787,true,1,68334
7290013847867,false,מארז זוגות טונה בשמן,טונה ויטנאם קו. אל.ט,IL,ס.ק. טונה זוגות בשמן סויה 140 גר' בית יוסף,גרמים,140.00,100 גרם,false,1,14.90,0.1064,true,1,66538
7290013848345,false,מטליות לחות שלישייה,סנו מפעלי ברונוס בעמ,IL,מטליות לחות שלישייה לניקוי 99%,לא מנהל יחידת מידה,0.00,לא מנהל יחידת מידה,false,1,21.90,0.0000,true,1,66368
7290013848383,false,גל רחצה אקטיב בלוק,טרופיקל דגיל תעשיות,IL,"קרמה מן ג""ל רחצה אקטיב בלוק",מיליליטרים,700.00,"100 מ""ל",false,1,17.90,0.0256,true,1,31540
7290013861412,false,קוקוס 250 גרם,קריניציה ויטמינה אס,IL,המתוקים של ששון חטיפי קוקוס 250 גרם,גרמים,250.00,100 גרם,false,1,10.90,0.0436,true,1,75955
7290013861429,false,שומשום 250 גרם,קריניציה ויטמינה אס,IL,שומשום 250 גרם,גרמים,250.00,100 גרם,false,1,10.90,0.0436,true,1,75954
7290013861443,false,בוטנים 250 גרם,קריניציה ויטמינה אס,IL,בוטנים 250 גרם,גרמים,250.00,100 גרם,false,1,10.90,0.0436,true,1,12522
7290013883407,false,דזיטול מחטא ומשמיד ח,קרלו,ES,יעקבי דזיטול ספריי מחטא ומשמיד חיידקים 750 מל,מיליליטרים,500.00,"100 מ""ל",false,1,21.90,0.0438,true,1,9643
7290013903099,false,רוקפור טבעונית ליב 2,ביוט איילנד,,רוקפור טבעונית ליב 200 גרם,גרמים,200.00,100 גרם,false,1,23.90,0.1195,true,1,15702
7290013903266,false,תערובת פירות יער אור,פריגו,,תערובת פירות יער אורגנית 350 גרם,גרמים,350.00,100 גרם,false,1,21.90,0.0626,true,1,66691
7290013903273,false,אדממה אורגני 400גרם,זהג'יאנג קינגסור פוד,CN,"ליב, אדממה אורגני, 400 גרם",גרמים,400.00,100 גרם,false,1,12.90,0.0323,true,1,66692
7290013906052,false,נקניקיות פרגיות 300,הנסיך- מפעל לייצור ט,IL,נקניקיות פרגיות 300 גרם,גרמים,300.00,100 גרם,false,1,16.90,0.0563,true,1,9581
7290013906441,false,קבנוס 120 גרם,הנסיך- מפעל לייצור ט,IL,קבנוס נקניק מעושן יבש 120 גרם,גרמים,120.00,100 גרם,false,1,12.90,0.1075,true,1,11011
7290013906458,false,קבנוס בטעם פיקנטי 12,הנסיך- מפעל לייצור ט,IL,טירת צבי קבנוס פיקנטי נקניק מעושן יבש 120 גרם,גרמים,120.00,100 גרם,false,1,12.90,0.1075,true,1,11012
7290013906489,false,חטיפי מיני קבנוס 120,הנסיך- מפעל לייצור ט,IL,טירת צבי חטיפי מיני קבנוס 120 גרם,גרמים,120.00,100 גרם,false,1,12.90,0.1075,true,1,11013
7290013906496,false,פסטרמה עגל רומנית 12,הנסיך- מפעל לייצור ט,IL,פסטרמה עגל בסגנון רומני 120 גרם,גרמים,120.00,100 גרם,false,1,16.90,0.1408,true,1,12461
7290013906519,false,פרושוטו בקר 100 גרם,הנסיך- מפעל לייצור ט,IL,פרושוטו בקר 100 גרם,גרמים,100.00,100 גרם,false,1,28.90,0.2890,true,1,12462
7290013971555,false,מארז פוגיקום 8+4,פוג'יקום,,מארז פוגיקום 8+4,לא מנהל יחידת מידה,0.00,לא מנהל יחידת מידה,false,1,19.90,0.0000,true,1,11281
7290014002128,false,תה ירוק לימונית,HIQ FOOD PRODUCTS,IL,תה ירוק לימונית ומנטה T.T,גרמים,37.00,100 גרם,false,1,26.90,0.7270,true,1,10030
7290014002135,false,תה ירוק מיקס 5 טעמים,HIQ FOOD PRODUCTS,IL,תה ירוק מיקס - חדש 2015,גרמים,37.00,100 גרם,false,1,26.90,0.7270,true,1,9897
7290014002203,false,חליטת צמחים לימונית,HIQ FOOD PRODUCTS,IL,חליטת לימונית לואיזה - הגן הקסום,גרמים,37.00,100 גרם,false,1,19.90,0.5378,true,1,10021
7290014002982,false,תה ירוק בתוספת עלי ס,HIQ FOOD PRODUCTS,IL,תה ירוק לימונית סטיביה T.T,גרמים,37.00,100 גרם,false,1,26.90,0.7270,true,1,11505
7290014046016,false,פסטרמה של פעם 100%,פ.פ.ח. שאביט,IL,יחיעם פסטרמה של פעם 250 גרם,גרמים,250.00,100 גרם,false,1,29.90,0.1196,true,1,20134
7290014046436,false,נשנושי קבנוס 125 גרם,יחיעם,IL,יחיעם נשנושי קבנוס 125 גרם,גרמים,125.00,100 גרם,false,1,14.90,0.1192,true,1,10555
7290014066359,false,קפסולות אספרסו לנדוו,האחים פלם הגפן,IL,קפסולות אספרסו לנדוור בלאנסד 10יח,גרמים,50.00,100 גרם,false,1,18.90,0.3780,true,1,18878
7290014066366,false,קפסולות אספרסו לנדוו,לנדוור,IL,קפסולות לנדוור,גרמים,50.00,100 גרם,false,1,18.90,0.3780,true,1,18877
7290014066373,false,קפסולות אספרסו לנדוו,לנדוור,IL,קפסולות אספרסו לנדוור קלאסי 10יח,גרמים,50.00,100 גרם,false,1,18.90,0.3780,true,1,18876
7290014066380,false,קפסולות אספרסו לנדוו,לנדוור,IL,קפסולות אספרסו לנדוור סופרימו 10יח,גרמים,50.00,100 גרם,false,1,18.90,0.3780,true,1,18875
7290014066441,false,לנדוור-קפסולות אספרס,לנדוור,IL,לנדוור-קפסולות אספרסו נטול קפאין 10 יח,יחידה,10.00,יחידה,false,1,18.90,1.8900,true,1,70490
7290014066526,false,לנדוור-קפסולות אספרס,לנדוור,IL,לנדוור-קפסולות אספרסו תערובת הבית,יחידה,10.00,יחידה,false,1,18.90,1.8900,true,1,70488
7290014066533,false,לנדוור-קפסולות אספרס,לנדוור,IL,לנדוור-קפסולות אספרסו קלייה כפול 10 יח,יחידה,10.00,יחידה,false,1,18.90,1.8900,true,1,70489
7290014079014,false,חסה לבבות קיסר,אליהו חדד,IL,חסה לבבות קיסר,גרמים,300.00,100 גרם,false,1,12.90,0.0430,true,1,9138
7290014079328,false,לוף/כרישה קצוץ יח,חקלאי,IL,לוף/כרישה קצוץ יח,גרמים,500.00,100 גרם,false,1,9.90,0.0198,true,1,11227
7290014079526,false,כרובית ארוזה יח,חקלאי,IL,כרובית ארוזה יח,קילוגרמים,1.50,"ק""ג",false,1,14.90,9.9333,true,1,16933
7290014079854,false,לבבות חסה,חקלאי,IL,לבבות חסה,גרמים,700.00,100 גרם,false,1,14.90,0.0213,true,1,14853
7290014083479,false,גבינה פרוסה גאודה 15,ג.וילי פוד אינטרנשיו,IL,גבינת גאודה פרוסות 150גרם 27%,גרמים,150.00,100 גרם,false,1,13.90,0.0927,true,1,10144
7290014083806,false,עוגיות פח 350 ג וילי,,PT,עוגיות פח 350 ג ויליפוד,גרמים,350.00,100 גרם,false,1,16.90,0.0483,true,1,75195
7290014092532,false,דלעת חתוכה ליח,חקלאי,IL,דלעת חתוכה ליח,גרמים,850.00,100 גרם,false,1,9.90,0.0116,true,1,20143
7290014094260,false,שום מקולף 170 גרם,איתן מרגוליס,IL,שום מקולף 170 גרם,גרמים,170.00,100 גרם,false,1,14.90,0.0876,true,1,13045
7290014094352,false,אגוז מלך טבעי בקופסא,"דין שיווק וקליה בע""מ",,אגוז מלך טבעי בקופסא 200 גרם,גרמים,200.00,100 גרם,false,1,19.90,0.0995,true,1,75283
7290014094369,false,שקד טבעי בקופסא 200,"דין שיווק וקליה בע""מ",,שקד טבעי בקופסא 200 גרם,גרמים,200.00,100 גרם,false,1,22.90,0.1145,true,1,11645
7290014094376,false,שזיפים ללא גלעין בקו,"דין שיווק וקליה בע""מ",,שזיפים ללא גלעין בקופסא 250 גרם,גרמים,250.00,100 גרם,false,1,21.90,0.0876,true,1,11646
7290014094383,false,משמש מיובש בקופסא 33,"דין שיווק וקליה בע""מ",,משמש מיובש בקופסא 250 גרם,גרמים,250.00,100 גרם,false,1,22.90,0.0916,true,1,76096
7290014094390,false,חמוציות בקופסא 330,"דין שיווק וקליה בע""מ",,חמוציות בקופסא 250 גרם,גרמים,250.00,100 גרם,false,1,15.90,0.0636,true,1,11648
7290014094406,false,צימוק לבן בקופסא 33,"דין שיווק וקליה בע""מ",,צימוק לבן בקופסא 330 גרם,גרמים,330.00,100 גרם,false,1,16.90,0.0512,true,1,11649
7290014094642,false,קשיו טבעי בקופסא 25,"דין שיווק וקליה בע""מ",,קשיו טבעי בקופסא 250 גרם,גרמים,250.00,100 גרם,false,1,27.90,0.1116,true,1,11651
7290014094826,false,שזיף מגולען 300 גרם,"דין שיווק וקליה בע""מ",,שזיף מגולען 300 גרם,גרמים,300.00,100 גרם,false,1,17.90,0.0597,true,1,75260
7290014094840,false,צימוק חום שקית 300,"דין שיווק וקליה בע""מ",,צימוק חום שקית 300 גרם,גרמים,300.00,100 גרם,false,1,15.90,0.0530,true,1,75284
7290014094857,false,פקאן סיני מסוכר 150,דין שיווק,IL,פקאן סיני מסוכר 150 גרם,גרמים,150.00,100 גרם,false,1,19.90,0.1327,true,1,75218
7290014094864,false,פיסטוק קלוי 170גרם,דין שיווק,IL,פיסטוק קלוי 170גרם,גרמים,170.00,100 גרם,false,1,22.90,0.1347,true,1,75239
7290014094895,true,אגוזים קלופים 150 גר,דין שיווק,IL,אגוזים קלופים 150 גרם,גרמים,150.00,100 גרם,false,1,14.90,0.0993,true,1,75228
7290014094901,false,פקאן טבעי 150גרם,דין שיווק,IL,פקאן טבעי 150גרם,גרמים,150.00,100 גרם,false,1,22.90,0.1527,true,1,75237
7290014095953,false,משוקלדים פקאן חלב 14,שקדיה גבע בתעשיות עמ,IL,שקדיה פקאן בציפוי שוקולד חלב 160 גרם,גרמים,140.00,100 גרם,false,1,11.90,0.0850,true,1,75349
7290014217003,false,פפריקה מעושנת מיכל,תות ממתקי איכות,IL,"תבליני טעם וריח, פפריקה בטעם מעושן, 90 גרם",גרמים,90.00,100 גרם,false,1,10.90,0.1211,true,1,29930
7290014217065,false,אורגנו 30 גרם,תות ממתקי איכות,IL,תבליני טעם וריח אורגנו 100% 30 גרם,Unknown,0.00,Unknown,false,1,10.90,0.0000,true,1,9714
7290014217140,false,ראס אל חנות מיכל100,תות ממתקי איכות,IL,תבליני טעם וריח ראס אל חנות 100 גרם,גרמים,100.00,100 גרם,false,1,10.90,0.1090,true,1,36204
7290014217157,false,טוסקנה 120 גר,תות ממתקי איכות,IL,תבליני טעם וריח תערובת תיבול טוסקנה 120 גרם,גרמים,120.00,100 גרם,false,1,10.90,0.0908,true,1,36205
7290014217201,false,תערובת תיבול סומק מי,תות ממתקי איכות,IL,תבליני טעם וריח מיכל קטן סומק 45 גרם,גרמים,45.00,100 גרם,false,1,6.90,0.1533,true,1,19660
7290014217225,false,תערובת תיבול גריל עו,תות ממתקי איכות,IL,"תבליני טעם וריח, תערובת תיבול גריל עוף, 120 גרם",גרמים,120.00,100 גרם,false,1,10.90,0.0908,true,1,11931
7290014217478,false,עשבי תיבול איטלקי ים,תות ממתקי איכות,IL,עשבי תיבול איטלקי ים תיכוני 30 גרם,גרמים,30.00,100 גרם,false,1,10.90,0.3633,true,1,15311
7290014217515,false,ציפוי מאפה מלוח מיכל,תות ממתקי איכות,IL,ציפוי מאפה מלוח מיכל 90 גרם,גרמים,90.00,100 גרם,false,1,12.90,0.1433,true,1,19252
7290014217539,false,תערובת סוכר וקינמון,תות ממתקי איכות,IL,תבליני טעם וריח תערובת תיבול סוכר קינמון 150 גרם,גרמים,150.00,100 גרם,false,1,12.90,0.0860,true,1,19251
7290014218932,false,חטיפי פיצה בתוספת זי,מיוצר עי קונדיטוריית,IL,חטיפי פיצה בתוספת זיתים בשקית 710 גרם,גרמים,710.00,100 גרם,false,1,37.90,0.0534,true,1,67093
7290014256620,false,יין BUZZ קריניאנו 75,"כד בני דרום בע""מ",IL,"יין BUZZ קריניאנו 750 מ""ל",מיליליטרים,750.00,"100 מ""ל",false,1,29.90,0.0399,true,1,12623
7290014256637,false,יין BUZZ מוסקטו 750,"כד בני דרום בע""מ",IL,"יין BUZZ מוסקטו 750 מ""ל",מיליליטרים,750.00,"100 מ""ל",false,1,29.90,0.0399,true,1,12624
7290014397507,false,מבשם אויר נטול יסמין,סנו מפעלי ברונוס בעמ,IL,סנו פרש מבשם לבית מאסק מעודן 350 מל,מיליליטרים,350.00,"100 מ""ל",false,1,16.90,0.0483,true,1,31018
7290014397514,false,מבשם אויר נטול גז כו,"סנו מפעלי ברונוס בע""",IL,פרש הום מבשם לבית כותנה מלטפת 350 מל,מיליליטרים,350.00,"100 מ""ל",false,1,16.90,0.0483,true,1,74886
7290014397767,false,נוזל רצפות ריצפז הום,"איי, בי, אינבוו",IL,ריצפז פרש הום כותנה מלטפת 2 ליטר,ליטרים,2.00,ליטר,false,1,22.90,11.4500,true,1,10934
7290014397835,false,סמארט מכשיר+מילוי45,ZOBELE,IT,סמארט מכשיר+מילוי 45 לילות,לא מנהל יחידת מידה,0.00,לא מנהל יחידת מידה,false,1,39.90,0.0000,true,1,12930
7290014455245,false,גבינת פדנו משולש 200,יבואן ומשווק: ש. שסט,IT,גבינת פדנו משולש 200 גרם גד,גרמים,200.00,100 גרם,false,1,27.90,0.1395,true,1,14456
7290014455252,false,גבינת גרנה פדנו מגור,מחלבות גד,IT,גד גרנה פדנו גבינה קשה מגוררדת 29% שומן,גרמים,100.00,100 גרם,false,1,13.90,0.1390,true,1,14458
7290014455320,false,כדור מוצרלה פרסקה גד,מחלבות גד בעמ,IL,גד מוצרלה פרסקה מחלב בקר 18% שומן,גרמים,100.00,100 גרם,false,1,10.90,0.1090,true,1,13125
7290014455467,false,מעדן שיבולת שועל וחל,מחלבות גד,IL,גד מעדן שיבולת שועל וחלב 2% שומן,גרמים,150.00,100 גרם,false,1,6.90,0.0460,true,1,14663
7290014466128,false,יין הר חרמון אינדיגו,קרלו,IL,"יין הר חרמון אינדיגו 750 מ""ל",מיליליטרים,750.00,"100 מ""ל",false,1,44.90,0.0599,true,1,10134
7290014472136,false,גרעין שחור קלוי 150ג,דין שיווק,IL,גרעין שחור קלוי 150גרם,גרמים,150.00,100 גרם,false,1,6.90,0.0460,true,1,75318
7290014472228,false,תאנים בקופסא 330 גר,"דין שיווק וקליה בע""מ",,תאנים בקופסא 330 גרם,גרמים,330.00,100 גרם,false,1,25.90,0.0785,true,1,11650
7290014472235,false,פקאן סיני 200 גרם,שקרצי,,פקאן סיני 200 גרם,גרמים,200.00,100 גרם,false,1,29.90,0.1495,true,1,16362
7290014472471,false,גרעין שחור ענק פרימי,דין שיווק,IL,גרעין שחור ענק פרימיום 200גרם,גרמים,200.00,100 גרם,false,1,7.90,0.0395,true,1,75251
7290014472488,false,שקד קלוי ענק 250גרם,דין שיווק,IL,שקד קלוי ענק 250גרם פרימיום,גרמים,250.00,100 גרם,false,1,29.90,0.1196,true,1,75254
7290014472495,false,קשיו קלוי ענק 250גרם,דין שיווק,IL,קשיו קלוי ענק 250גרם פרימיום,גרמים,250.00,100 גרם,false,1,27.90,0.1116,true,1,75253
7290014472501,false,פיסטוק קלוי ענק פרימ,דין שיווק,IL,פיסטוק קלוי ענק פרימיום 250גרם,גרמים,250.00,100 גרם,false,1,29.90,0.1196,true,1,75252
7290014472518,false,בוטן קלוי ענק פרימיו,דין שיווק,IL,בוטן קלוי ענק פרימיום 250גרם,גרמים,250.00,100 גרם,false,1,11.90,0.0476,true,1,75250
7290014472525,false,תערובת פיצוחים 250 ג,דין שיווק,IL,תערובת פיצוחים 250 גרם פרימיום,גרמים,250.00,100 גרם,false,1,25.90,0.1036,true,1,75255
7290014503137,false,יין דלתון כנען אדום,"איי, בי, אינבוו",IL,"יין דלתון כנען אדום 750 מ""ל",מיליליטרים,750.00,"100 מ""ל",false,1,52.90,0.0705,true,1,16069
7290014503144,false,יין דלתון כנען לבן 7,"איי, בי, אינבוו",IL,"יין דלתון כנען לבן 750 מ""ל",מיליליטרים,750.00,"100 מ""ל",false,1,49.90,0.0665,true,1,16070
7290014525290,false,חטיף דגנים סלים דליס,הלמה הלום,NL,חטיף דגנים סלים דליס קריספי 125 גרם,גרמים,125.00,100 גרם,false,1,10.00,0.0800,true,1,15128
7290014581036,false,פחמים,,,"פחם להבה 2 ק""ג",קילוגרמים,2.00,"ק""ג",false,1,16.90,8.4500,true,1,37896
7290014603028,false,שלגון סולרו וניל ציפ,"מיוצר ע""י גלידת שטרא",IL,שלגון סולרו וניל ציפוי תות,גרמים,76.00,100 גרם,false,1,11.90,0.1566,true,1,10255
7290014692299,false,גבינת ברי קסטלו יורו,"ארלה פודס אמבא,",DK,גבינת ברי קסטלו יורו 125 גרם,גרמים,125.00,100 גרם,false,1,22.90,0.1832,true,1,10784
7290014692305,false,גבינת קממבר סטלו יור,הנסיך- מפעל לייצור ט,DK,גבינת קממבר סטלו יורו 125 גרם,גרמים,125.00,100 גרם,false,1,22.90,0.1832,true,1,10785
7290014692541,false,גבינה מגורדת אמה 500,ג.וילי פוד אינטרנשיו,IL,צהובה מגורדת,גרמים,500.00,100 גרם,false,1,23.90,0.0478,true,1,12692
7290014692565,false,גרעיני תירס מתוק ויל,אקו קונסרויפרי קי.אפ,HU,ויליפוד גרעיני תירס מתוק 320 גרם,גרמים,320.00,100 גרם,false,1,6.50,0.0203,true,1,14038
7290014692817,false,גבינת מוצרלה מגורדת,ג. וילי פוד אינטרנשי,IL,גבינת מוצרלה מגורדת 200גרם E,גרמים,200.00,100 גרם,false,1,17.90,0.0895,true,1,10910
7290014725294,false,סוכרלוז מותר לשבת,ביסקול בע''מ,IL,סוכרזית סוכרלוז 100 שקיות,לא מנהל יחידת מידה,0.00,לא מנהל יחידת מידה,false,1,21.70,0.0000,true,1,12440
7290014748651,false,דג טוב פילה אמנון מצ,מולינו ניקולי s.p.a,IL,דג טוב פילה אמנון מצפ.נתח שלם אמת.8*360ג,גרמים,360.00,100 גרם,false,1,36.90,0.1025,true,1,19746
7290014749245,false,עוף טוב צונגו רצועות,מולינו ניקולי s.p.a,IL,עוף טוב ספיישל רצועות שניצל שמשם.12*600ג,גרמים,600.00,100 גרם,false,1,39.90,0.0665,true,1,71780
7290014749788,false,עוף טוב צונגו רצועות,מולינו ניקולי s.p.a,IL,עוף טוב צונגו רצועות שניצל ציפס600ג,לא מנהל יחידת מידה,0.00,לא מנהל יחידת מידה,false,1,39.90,0.0000,true,1,72528
7290014758162,false,חלב עיזים מלא 3.6%,תנובה מרכז שיתופי לש,IL,חלב עיזים קרטון 1 ליטר,ליטרים,1.00,ליטר,false,1,17.90,17.9000,true,1,10786
7290014758681,false,קוטג 1% תנובה 250 גר,מחלבת אלון תבור,IL,קוטג 1% תנובה 250 גרם,גרמים,250.00,100 גרם,false,1,5.70,0.0228,true,1,10308
7290014759084,false,גבינת שמנת נפוליאון,הרדוף חלב,IL,גבינת שמנת נפוליאון בסגנון צרפתי 225 גרם,גרמים,225.00,100 גרם,false,1,14.90,0.0662,true,1,11119
7290014759534,false,גבינה בולגרית 5% למר,"תנובה, מחלבת תל יוסף",IL,גבינה בולגרית 5% למריחה 200 גרם,גרמים,200.00,100 גרם,false,1,15.90,0.0795,true,1,11257
7290014759978,false,קצקבל פלח 200 גר,תנובה,IL,"קצ""קבל פלח 200 גרם קולקשיין",גרמים,200.00,100 גרם,false,1,31.90,0.1595,true,1,11309
7290014759985,false,פרמזן פלח 200 גר,תנובה,IL,פרמזן פלח 200 גרם קולקשיין,גרמים,200.00,100 גרם,false,1,26.90,0.1345,true,1,11310
7290014759992,false,גבינת רוקפור פלח 140,"תנובה, מחלבת תל יוסף",IL,גבינת רוקפור פלח 140 גרם קולקשיין,גרמים,140.00,100 גרם,false,1,22.90,0.1636,true,1,11259
7290014760134,false,מעדן סויה ביו בטעם ו,תנובה,IL,מעדן סויה ביו בטעם וניל 125 גרם,גרמים,125.00,100 גרם,false,1,4.70,0.0376,true,1,18407
7290014760141,true,משקה שקדים טרי 1 ליט,סוי מג'יק,IL,משקה שקדים טרי 1 ליטר,ליטרים,1.00,ליטר,false,1,14.90,14.9000,true,1,13494
7290014761056,false,YOLO מעדן שוקולד חלב,מחלבת אלון תבור,IL,YOLO מעדן שוקולד חלב מעולה 123 גרם,גרמים,123.00,100 גרם,false,1,5.00,0.0407,true,1,12655
7290014761063,false,YOLO מעדן שוקולד מרי,מחלבת אלון תבור,IL,YOLO מעדן שוקולד מריר מעולה 123 גרם,גרמים,123.00,100 גרם,false,1,5.00,0.0407,true,1,12656
7290014761070,false,YOLO מעדן שוקולד לבן,מחלבת אלון תבור,IL,YOLO מעדן שוקולד לבן מעולה 123 גרם,גרמים,123.00,100 גרם,false,1,5.00,0.0407,true,1,12657
7290014761414,false,YOLO מעדן שכבות שוקו,מחלבת אלון תבור,IL,YOLO מעדן שכבות שוקולד חלב ולבן 122 גרם,גרמים,123.00,100 גרם,false,1,5.00,0.0407,true,1,12659
7290014761612,false,YOLO מעדן שכבות שוקו,מחלבת אלון תבור,IL,YOLO מעדן שכבות שוקולד מריר 123 גרם,גרמים,123.00,100 גרם,false,1,5.00,0.0407,true,1,13088
7290014762756,false,גבינת שמנת נפוליאון,הרדוף חלב,IL,גבינת שמנת נפוליאון בצל 200 גרם,גרמים,200.00,100 גרם,false,1,14.90,0.0745,true,1,14811
7290014762800,false,מעדן סויה בטעם שוקול,סוי מג'יק,IL,תנובה מעדן סויה שוקולד 2% שומן 125 גרם,גרמים,125.00,100 גרם,false,1,4.70,0.0376,true,1,17441
7290014762831,false,גבינת נפוליאון 24% ח,הרדוף חלב,IL,גבינת נפוליאון 24% חלפיניו 225 גרם,גרמים,225.00,100 גרם,false,1,14.90,0.0662,true,1,40195
7290014762848,false,פתיתי גלבוע 10% תו,כצט,IL,פתיתי גלבוע 10% תוספת 550 גרם,גרמים,550.00,100 גרם,false,1,34.90,0.0635,true,1,17798
7290014762909,false,פתיתי מוצרלה 10% תוס,"תנובה, מחלבת תל יוסף",IL,פתיתי מוצרלה 10% תוספת השף הלבן,גרמים,200.00,100 גרם,false,1,18.90,0.0945,true,1,15171
7290014763098,false,גבינת קרם שמנת 5% טו,תנובה,IL,קרם גבינת שמנת 5% בניחוח טוסקנה 200 גרם,גרמים,200.00,100 גרם,false,1,14.90,0.0745,true,1,15152
7290014763272,false,משקה סויה ביו עם תות,תות תעשיות מזון (201,IL,"משקה סויה ביו עם תות ובננה 250 מ""ל",מיליליטרים,250.00,"100 מ""ל",false,1,6.90,0.0276,true,1,15387
7290014791848,false,משקה פרוט ווטר אננס,יפאורה תבורי בעמ,IL,Fruit Water אננס 0.5 ל',מיליליטרים,500.00,"100 מ""ל",false,1,6.90,0.0138,true,1,16505
7290014791879,false,משקה פרוט ווטר אבטיח,יפאורה תבורי בעמ,IL,Fruit Water אבטיח 0.5 ל',מיליליטרים,500.00,"100 מ""ל",false,1,6.90,0.0138,true,1,16545
7290014821095,false,מטען רכב אייפון מאוש,,,מטען רכב אייפון מאושר אפל 2.1,יחידה,1.00,יחידה,false,1,69.90,69.9000,true,1,71001
7290014821347,false,אוזניות PURE-METAL,,,אוזניות PURE-METAL,יחידה,1.00,יחידה,false,1,49.90,49.9000,true,1,70998
7290014821507,false,מטען קיר אייפון מאוש,,,מטען קיר אייפון מאושר אפל 2.1,יחידה,1.00,יחידה,false,1,79.90,79.9000,true,1,71002
7290014821569,false,כבל אייפון 2 מטר,,,כבל אייפון 2 מטר,יחידה,1.00,יחידה,false,1,39.90,39.9000,true,1,70994
7290014855434,false,מגבוני בייביסיטר רבי,די פי אל,,מגבוני בייביסיטר רביעייה מבושם,יחידה,0.00,יחידה,false,1,19.90,0.0000,true,1,13811
7290014855458,false,מגבונים בייביסיטר רב,די פי אל,,מגבונים בייביסיטר רביעייה לא בישום,לא מנהל יחידת מידה,0.00,לא מנהל יחידת מידה,false,1,19.90,0.0000,true,1,13810
7290014860070,false,"מקלוני אורז 5 מ""מ לל",Qingdao Sun-growing,CN,"מקלוני אורז 5 מ""מ ללא גלוטן",גרמים,454.00,100 גרם,false,1,11.90,0.0262,true,1,76277
7290014910379,false,מלפפונים במלח לינה 6,יוניקורן פיקלס,,מלפפונים במלח לינה 690 גרם,גרמים,690.00,100 גרם,false,1,11.90,0.0172,true,1,15869
7290014940901,true,לחם פשוט מלא 750 גרם,מאפיית שלמה א. אנג'ל,IL,לחם פשוט מלא 750 גרם,גרמים,750.00,100 גרם,false,1,15.90,0.0212,true,1,13162
7290015009003,false,חומץ בן יין לבן 500,מנדלז סי.אר. פרודקשן,ES,דניאל חומץ בן יין לבן 500 מל,מיליליטרים,500.00,"100 מ""ל",false,1,16.90,0.0338,true,1,11585
7290015009010,false,חומץ בן יין אדום 500,מנדלז סי.אר. פרודקשן,ES,חומץ בן יין אדום 5%,מיליליטרים,500.00,"100 מ""ל",false,1,16.90,0.0338,true,1,11586
7290015009027,false,"חומץ בלסמי 500 מ""ל",אקובינל,ES,חומץ בלסמי חומציות 6%,מיליליטרים,500.00,"100 מ""ל",false,1,24.90,0.0498,true,1,11818
7290015009041,false,"חומץ תפוחים 500 מ""ל",מנדלז סי.אר. פרודקשן,ES,דניאל חומץ תפוחים 500 מל,מיליליטרים,500.00,"100 מ""ל",false,1,16.90,0.0338,true,1,12129
7290015009225,false,ריבת חלב מקורית דניא,קארו,,ריבת חלב מקורית דניאל 450 גרם,גרמים,450.00,100 גרם,false,1,18.90,0.0420,true,1,16725
7290015009249,false,SABORITO-רוטב סלסה ח,לינדסטרי פודס,US,רוטב סלסה חריף,גרמים,454.00,100 גרם,false,1,15.90,0.0350,true,1,76804
7290015009294,false,גבינת פרמיזאנו ראזאנ,אורגנה,,גבינת פרמיזאנו ראזאנו 170 גרם,גרמים,170.00,100 גרם,false,1,34.90,0.2053,true,1,17194
7290015039482,false,גבינת אדם פלח 230 גר,וויקה פארמס אל.טי.די,NL,גבינת אדם פלח 230 גרם 24% שומן - הולנד,גרמים,160.00,100 גרם,false,1,24.90,0.1556,true,1,14239
7290015129145,false,סקיני פסטה ספגטי270,סצ'ואן סנטאיואן,CN,סקיני פסטה- בצורת אטריות ספגטי 200 גרם,גרמים,270.00,100 גרם,false,1,13.90,0.0515,true,1,12046
7290015129251,false,סקיני פסטה אטריות פט,סצ'ואן סנטאיואן,CN,סקיני פסטה- בצורת אטריות פטוצ'יני 200 גרם,גרמים,270.00,100 גרם,false,1,13.90,0.0515,true,1,13648
7290015150590,false,תה ירוק גינגר חריף 2,HIQ FOOD PRODUCTS,IL,חדש תה ירוק ג'ינג'ר חריף אש T.T,גרמים,37.00,100 גרם,false,1,26.90,0.7270,true,1,14123
7290015150729,false,תה ירוק סקיני גריני,ויסוצקי,IL,תה ירוק סקיני גריני T.T,גרמים,37.00,100 גרם,false,1,26.90,0.7270,true,1,14843
7290015150903,false,תה ירוק קינמון ודבש,HIQ FOOD PRODUCTS,IL,תה ירוק קינמון ודבש T.T,גרמים,38.00,100 גרם,false,1,26.90,0.7079,true,1,15626
7290015282741,false,חציל תאילנדי 200 גרם,"סלטי שמיר 2006 בע""מ",IL,חציל תאילנדי 200 גרם,גרמים,200.00,100 גרם,false,1,14.90,0.0745,true,1,42543
7290015324007,false,פלפל שחור גרוס,תות ממתקי איכות,IL,"תבליני טעם וריח, 100% פלפל שחור גרוס, 80 גרם",גרמים,80.00,100 גרם,false,1,11.90,0.1488,true,1,33931
7290015324014,false,פלפל שחור טחון 80 גר,תות ממתקי איכות,IL,"תבליני טעם וריח, 100% פלפל שחור טחון, 80 גרם",גרמים,80.00,100 גרם,false,1,11.90,0.1488,true,1,11603
7290015324038,false,פפריקה בשמן 80 גרם,תות ממתקי איכות,IL,פפריקה בשמן 80 גרם,גרמים,80.00,100 גרם,false,1,5.90,0.0738,true,1,11604
7290015324045,false,פפריקה חריפה 80 גרם,תות ממתקי איכות,IL,"תבליני טעם וריח, 100% פפריקה חריפה, 80 גרם",גרמים,80.00,100 גרם,false,1,5.90,0.0738,true,1,11605
7290015324052,false,פפריקה מתוקה 80 גרם,תות ממתקי איכות,IL,"תבליני טעם וריח, 100% פפריקה מתוקה, 80 גרם",גרמים,80.00,100 גרם,false,1,5.90,0.0738,true,1,11606
7290015324069,false,גריל עוף טעם וריח 80,תות ממתקי איכות,IL,"תבליני טעם וריח, תערובת תיבול גריל עוף, 80 גרם",גרמים,80.00,100 גרם,false,1,5.90,0.0738,true,1,11607
7290015324076,false,זעתר 80 גרם,תות ממתקי איכות,IL,"תבליני טעם וריח, תערובת תיבול זעתר, 80 גרם",גרמים,80.00,100 גרם,false,1,5.90,0.0738,true,1,11626
7290015324083,false,מלח לימון טעם וריח 8,תות ממתקי איכות,IL,"תבליני טעם וריח, 100% מלח לימון, 80 גרם",גרמים,80.00,100 גרם,false,1,5.90,0.0738,true,1,11608
7290015324090,false,כמון 80 גרם,תות ממתקי איכות,IL,"תבליני טעם וריח, 100% כמון מזרחי, 80 גרם",גרמים,80.00,100 גרם,false,1,5.90,0.0738,true,1,11609
7290015324106,false,כורכום 80 גרם,תות ממתקי איכות,IL,"תבליני טעם וריח, 100% כורכום, 80 גרם",גרמים,80.00,100 גרם,false,1,5.90,0.0738,true,1,11610
7290015324113,false,בהרט,תות ממתקי איכות,IL,"תבליני טעם וריח, תערובת תיבול בהרט לבישול, 80 גרם",גרמים,80.00,100 גרם,false,1,5.90,0.0738,true,1,33932
7290015324120,false,שום גבישי,תות ממתקי איכות,IL,תבליני טעם וריח שום גבישי 80 גרם,גרמים,80.00,100 גרם,false,1,5.90,0.0738,true,1,33933
7290015324151,false,חוויאג למרק 80 גרם,תות ממתקי איכות,IL,חוויאג למרק 80 גרם,גרמים,80.00,100 גרם,false,1,5.90,0.0738,true,1,11611
7290015324168,false,תערובת תיבול על האש,תות ממתקי איכות,IL,"תבליני טעם וריח, תערובת תיבול על האש, 80 גרם",גרמים,80.00,100 גרם,false,1,5.90,0.0738,true,1,11612
7290015324175,false,תבלין שווארמה,יוליניבר,IL,תבליני טעם וריח תערובת תיבול לשווארמה 80 גרם,גרמים,0.00,100 גרם,false,1,5.90,0.0000,true,1,33934
7290015324427,false,סודה לשתייה שקית 80,תבליני טעם וריח,IL,סודה לשתייה שקית 80 גרם,גרמים,80.00,100 גרם,false,1,4.90,0.0613,true,1,19661
7290015324519,false,תערובת לפיצה שקית 80,יוליניבר,IL,תערובת תיבול לפיצה 80 גרם,גרמים,80.00,100 גרם,false,1,5.90,0.0738,true,1,70422
7290015324656,false,זעפרן 500 גרם,תבליני טעם וריח,ES,תבליני טעם וריח זעפרן 0.5 גרם,גרמים,500.00,100 גרם,false,1,19.90,0.0398,true,1,73991
7290015324663,false,צילי גרוס חריף אש במ,תבליני טעם וריח,IL,תבליני טעם וריח צ'ילי גרוס חריף אש 70 גרם,גרמים,70.00,100 גרם,false,1,10.90,0.1557,true,1,73691
7290015341202,false,עוגיות אקלר 300 גרם,,IL,עוגיות אקלר 300 גרם כשלפ,גרמים,300.00,100 גרם,false,1,14.90,0.0497,true,1,72144
7290015350150,false,יין של סגל אדום חצי,פארייפאבה אגרואינדוס,IL,של סגל אדום חצי יבש,מיליליטרים,750.00,"100 מ""ל",false,1,22.90,0.0305,true,1,72649
7290015395045,false,קינואה שקדיה 400 גרם,אף.סי תבליני בגליל ב,IL,קינואה,גרמים,400.00,100 גרם,false,1,15.90,0.0398,true,1,12583
7290015395939,false,חטיף יפני 150גרם,דין שיווק,IL,חטיף יפני 150גרם,גרמים,150.00,100 גרם,false,1,16.90,0.1127,true,1,75245
7290015395960,false,בוטן רביולי 150גרם,דין שיווק,IL,בוטן רביולי 150גרם,גרמים,150.00,100 גרם,false,1,16.90,0.1127,true,1,75244
7290015446495,false,אול אין חטיף חלבון ב,,,אול אין חטיף חלבון בטעם שוקולד פאדג100גר,גרמים,100.00,100 גרם,false,1,19.90,0.1990,true,1,19181
7290015480017,false,פילטר קינג דייויד 7,קינג דיויד,,"פילטר קינג דייויד 7 מ""מ 100 יחידות",Unknown,0.00,Unknown,false,1,3.90,0.0000,true,1,13264
7290015493192,false,נביעות+ רכיבי פרי אב,"נביעות טבע הגליל בע""",IL,נביעות + פרי בטעם אבטיח 0.5 ליטר,מיליליטרים,500.00,"100 מ""ל",false,1,8.50,0.0170,true,1,18616
7290015519144,false,מטען קיר לגלקסי פרימ,,,מטען קיר לגלקסי פרימיום 2A,יחידה,1.00,יחידה,false,1,49.90,49.9000,true,1,70993
7290015603522,false,נוזל אגוזי קוקוס 5-7,נוזל אגוזי קוקוס 5-7,TH,"נוזל אגוזי קוקוס 5-7% 400 מ""ל",מיליליטרים,400.00,"100 מ""ל",false,1,7.90,0.0198,true,1,76940
7290015603560,false,שימורי קרם קוקוס 20-,Oriental food co. lt,TH,"שימורי קרם קוקוס 20-22% 400 מ""ל",מיליליטרים,400.00,"100 מ""ל",false,1,10.90,0.0273,true,1,76279
7290015603584,false,גינגר לבן כבוש ללא מ,HYPER SUN TRADING LT,TW,גינגר לבן כבוש ללא מונוסודיום 160 גרם,גרמים,160.00,100 גרם,false,1,8.90,0.0556,true,1,76282
7290015603638,false,"אורז עגול קלרוז 1 ק""",Yantai Yinsida Longk,CN,"אורז עגול קלרוז 1 ק""ג",קילוגרמים,1.00,"ק""ג",false,1,12.90,12.9000,true,1,76938
7290015603898,false,חטיף אפונה מצופה בטע,SUZHOU KUDI,CN,חטיף אפונה מצופה בטעם וואסבי 100 גרם,גרמים,100.00,100 גרם,false,1,10.90,0.1090,true,1,76544
7290015644297,false,לחמניות פשוט מלא שיש,מאפיית שלמה א. אנג'ל,IL,לחמניות פשוט מלא שישייה 450 גרם,גרמים,450.00,100 גרם,false,1,13.90,0.0309,true,1,16692
7290015652070,false,קשיו קלוי 150 גרם,דין שיווק,IL,קשיו קלוי 150 גרם,גרמים,150.00,100 גרם,false,1,15.90,0.1060,true,1,75219
7290015652087,false,תערובת פיצוחים 150 ג,דין שיווק,IL,תערובת פיצוחים 150 גרם,גרמים,150.00,100 גרם,false,1,14.90,0.0993,true,1,75220
7290015652605,false,פיסטוק קלוף 100 גרם,"דין שיווק וקליה בע""מ",,פיסטוק קלוף 100 גרם שקדיה,גרמים,100.00,100 גרם,false,1,22.90,0.2290,true,1,14552
7290015673181,false,בורגר על האש קליפורנ,טבע דלי,IL,בורגר על האש קליפורניה עם ברוקולי 400 גר,גרמים,400.00,100 גרם,false,1,26.90,0.0672,true,1,15194
7290015673198,false,המבורגר טקסס עם פטרי,טבע דלי בעמ,IL,טבע דלי טקסס בורגר עבה עם פטריות 400 גרם,גרמים,400.00,100 גרם,false,1,26.90,0.0672,true,1,15189
7290015673204,false,קבב בולגרי עם פטרוזי,טבע דלי בעמ,IL,קבב בולגרי עם פטרוזיליה 400 גרם,גרמים,400.00,100 גרם,false,1,26.90,0.0672,true,1,15190
7290015673587,false,קריספי נגיסי טופו רו,טבע דלי,IL,קריספי נגיסי טופו רוטב אסייתי350 גרם,גרמים,350.00,100 גרם,false,1,26.90,0.0769,true,1,20225
7290015842631,false,כוסות פלסטיק 330 מל,,GR,כוסות פלסטיק 330 מל לברד/ בירה 40 יח,יחידה,1.00,יחידה,false,1,11.90,11.9000,true,1,15308
7290015848978,false,אולטרסול 35 קרם פנים,הדקלאים אגודת שיתופי,IL,"אולטרסול 35 קרם פנים מבוגרים 75 מ""ל",מיליליטרים,75.00,"100 מ""ל",false,1,39.90,0.5320,true,1,40216
7290015858106,false,ממרח פסטו ביתי 180 ג,רוג'ר אנד רוג'ר,IL,עללחם פסטו ביתי 100 גרם,גרמים,180.00,100 גרם,false,1,19.90,0.1106,true,1,17844
7290015858113,false,ממרח עגבניות מיובשות,רוג'ר אנד רוג'ר,IL,"עללחם ממרח עגבניות מיובשות, 180 גרם",גרמים,180.00,100 גרם,false,1,19.90,0.1106,true,1,17845
7290015858229,false,טפנד זיתי קלמטה 180ג,רוג'ר אנד רוג'ר,IL,עללחם טפנד זיתי קלמטה 180 גרם,גרמים,180.00,100 גרם,false,1,19.90,0.1106,true,1,49246
7290015951227,false,יין גמלא סירה 750 מל,יקבי רמת הגולן,IL,יין גמלא סירה 750 מל,מיליליטרים,750.00,"100 מ""ל",false,1,79.90,0.1065,true,1,73533
7290015951869,false,יין הר חרמון רוזה 75,קרלו,IL,הר חרמון רוזה,מיליליטרים,750.00,"100 מ""ל",false,1,44.90,0.0599,true,1,19137
7290015968089,false,צלחות פלסטיק עבות במ,F.T.I,,צלחות פלסטיק עבות במיוחד 25 יחידות 17 סמ,לא מנהל יחידת מידה,0.00,לא מנהל יחידת מידה,false,1,9.90,0.0000,true,1,17280
7290015968324,false,נורת לד 12W לבן,F.E.CO.LTD,,נורת לד 12W לבן,לא מנהל יחידת מידה,0.00,לא מנהל יחידת מידה,false,1,28.90,0.0000,true,1,16411
7290015968331,false,נורת לד 6W לבן,F.E.CO.LTD,,נורת לד 6W לבן,לא מנהל יחידת מידה,0.00,לא מנהל יחידת מידה,false,1,19.90,0.0000,true,1,16406
7290015968454,false,צלחות פלסטיק גדולות,"אינסטנטה בע""מ",GR,הוסטס צלחות גדולות עבות במיוחד 1קג,לא מנהל יחידת מידה,0.00,לא מנהל יחידת מידה,false,1,49.90,0.0000,true,1,17274
7290015968461,false,כוסות פלסטיק משובחות,F.T.I,,"כוסות פלסטיק משובחות 330 מ""ל 40 יחי",לא מנהל יחידת מידה,0.00,לא מנהל יחידת מידה,false,1,10.90,0.0000,true,1,17275
7290016006025,false,סודה שוופס בקבוק 500,יפאורה תבורי בעמ,IL,שוופס מי סודה 0.5 ליטר,מיליליטרים,500.00,"100 מ""ל",false,1,4.50,0.0090,true,1,16531
7290016006377,false,שוופס מוגז פירות תות,יפאורה תבורי בעמ,IL,"שוופס מוגז פירות תות ליים 330 מ""ל זכוכית",מיליליטרים,330.00,"100 מ""ל",false,1,6.90,0.0209,true,1,16501
7290016077759,true,רוטב ברביקיו קלאסי,,NL,היינץ רוטב ברביקיו קלאסי 480 גרם,יחידה,1.00,יחידה,false,1,21.90,21.9000,true,1,69070
7290016081619,false,RETRACTABLE - שלט BT,,,RETRACTABLE - שלט BT עם אוזניה - צבע שחו,יחידה,1.00,יחידה,false,1,109.00,109.0000,true,1,70984
7290016094022,true,אולטרסול 50/200 תרסי,הדקלאים אגודת שיתופי,IL,ספריי שקוף 50 SPF,מיליליטרים,200.00,"100 מ""ל",false,1,44.90,0.2245,true,1,40178
7290016094039,false,אולטרסול 50/200 200,הדקלאים אגודת שיתופי,IL,ספריי שקוף לילדים 50 SPF,מיליליטרים,200.00,"100 מ""ל",false,1,44.90,0.2245,true,1,42234
7290016144000,false,קמח חיטה 80 נפלאות 1,קמח מלכים,IL,"קמח חיטה 80 נפלאות 1 ק""ג",קילוגרמים,1.00,"ק""ג",false,1,9.90,9.9000,true,1,76880
7290016144024,false,קמח נפלאות כוסמין 10,,,"קמח נפלאות כוסמין 100% 1 ק""ג",קילוגרמים,1.00,"ק""ג",false,1,14.90,14.9000,true,1,76878
7290016144048,false,קמח נפלאות כוסמין לב,,,"קמח נפלאות כוסמין לבן 1 ק""ג",קילוגרמים,1.00,"ק""ג",false,1,16.90,16.9000,true,1,76879
7290016188592,false,למברוסקו גקובזי אדום,"כד בני דרום בע""מ",IT,למברוסקו גקובזי אדום,יחידה,1.00,יחידה,false,1,43.90,43.9000,true,1,20122
7290016197488,false,מטלית קסם לשיש מארז,UFO INC,CN,מטליות מיקרופייבר משטחים,לא מנהל יחידת מידה,0.00,לא מנהל יחידת מידה,false,1,15.90,0.0000,true,1,19974
7290016197495,false,מטליות מיקרופייבר לר,UFO INC,CN,מטליות מיקרופייבר רצפה,לא מנהל יחידת מידה,0.00,לא מנהל יחידת מידה,false,1,21.90,0.0000,true,1,15616
7290016217759,false,חציל מורוקאי -גורמה,"סלטי שמיר 2006 בע""מ",IL,חציל מורוקאי -גורמה,גרמים,200.00,100 גרם,false,1,14.90,0.0745,true,1,42577
7290016230888,false,סוללה 3V 5 יחידות,,,סוללה 3V 5 יחידות,יחידה,1.00,יחידה,false,1,21.90,21.9000,true,1,19972
7290016245769,true,לחם כוסמין מחמצת בתו,,,לחם כוסמין מחמצת בתוספת פשתן,לא מנהל יחידת מידה,0.00,לא מנהל יחידת מידה,false,1,18.90,0.0000,true,1,73526
7290016245806,false,לחמניות המבורגר 4 יח,,,מארז לחמניות המבורגר,יחידה,1.00,יחידה,false,1,16.90,16.9000,true,1,73527
7290016246445,true,טחינה גולמית מעודנ,רושדי תעשיות מזון בע,IL,בארכה טחנ.גולמית מעודנת שמשם.מלא12*310ג,גרמים,310.00,100 גרם,false,1,14.50,0.0468,true,1,19630
7290016246773,false,בארכה טחינה גולמית מ,רושדי תעשיות מזון בע,IL,בארכה טחינה גולמית מעודנת זעתר310גרם,גרמים,310.00,100 גרם,false,1,14.50,0.0468,true,1,73614
7290016270709,false,שרי קלמר ארוז יח,חקלאי,IL,שרי קלמר ארוז יח,גרמים,460.00,100 גרם,false,1,12.90,0.0280,true,1,16030
7290016273090,false,סוכריה על מקל 31 גרם,אוריגינל גורמה,US,סוכריה על מקל 31 גרם,גרמים,31.00,100 גרם,false,1,6.90,0.2226,true,1,77243
7290016304138,false,לחמניה חי כפולה 120,מאפיית דוידוביץ,,לחמניה חי כפולה 120 גרם,גרמים,250.00,100 גרם,false,1,3.50,0.0140,true,1,39081
7290016304152,false,לחמניה שמינייה ביצים,מאפיית דוידוביץ,,לחמניה שמינייה ביצים 120 גרם,גרמים,250.00,100 גרם,false,1,3.50,0.0140,true,1,39052
7290016321678,false,מגבונים פרש וואנס רב,המאפיה של הרמן,IL,פרש וואנס רביעייה נטורל NATURAL קייר,לא מנהל יחידת מידה,0.00,לא מנהל יחידת מידה,false,4,21.90,0.0000,true,1,67732
7290016321722,false,מגבונים פרש וואנס בו,על בד,,מגבונים פרש וואנס בודד נטורל קאר 64,לא מנהל יחידת מידה,0.00,לא מנהל יחידת מידה,false,1,6.90,0.0000,true,1,67735
7290016321883,false,פרשואנס נייר טואלט מ,המאפיה של הרמן,IL,פרשוואנס נייר טואלט מתכלה לילדים -מארז שלישייה,יחידה,1.00,יחידה,false,1,17.90,17.9000,true,1,68451
7290016321890,false,פרשואנס נייר טואלט מ,המאפיה של הרמן,IL,פרשוואנס נייר טואלט מתכלה לילדים -מארז שלישייה,יחידה,1.00,יחידה,false,1,17.90,17.9000,true,1,68450
7290016372397,false,תה ירוק תפוז גינגר ו,HIQ FOOD PRODUCTS,IL,תה ירוק תפוז גינגר וכורכום 25 שקיקים,גרמים,48.00,100 גרם,false,1,26.90,0.5604,true,1,17610
7290016372915,false,תה ירוק סופר בטעם דו,HIQ FOOD PRODUCTS,IL,תה ירוק סופר פרפל,יחידה,1.00,יחידה,false,1,26.90,26.9000,true,1,19373
7290016509786,true,פרסיל גל ירוק 2.5 לי,"הנקל סוד בע""מ",IL,ג'ל מרוכז לכביסה במכונה - לבנה וצבעונית,ליטרים,2.50,ליטר,false,1,35.90,14.3600,true,1,19422
7290016509809,true,פרסיל גל קולור 2.5 ל,"הנקל סוד בע""מ",IL,ג'ל מרוכז לכביסה במכונה - צבעונית,ליטרים,2.50,ליטר,false,1,35.90,14.3600,true,1,19447
7290016545036,false,בירה בירבזאר בלאק גק,מבשלת הארץ (בירבזאר),IL,"בירה בירבזאר בלאק גק בקבוק 330 מ""ל",מיליליטרים,330.00,"100 מ""ל",false,1,15.90,0.0482,true,1,75785
7290016545050,false,בירה בירבזאר עשר בקב,מבשלת הארץ (בירבזאר),IL,"בירה בירבזאר עשר בקבוק 330 מ""ל",מיליליטרים,330.00,"100 מ""ל",false,1,15.90,0.0482,true,1,75788
7290016545067,false,בירה בירבזאר וויטני,מבשלת הארץ (בירבזאר),IL,"בירה בירבזאר וויטני בקבוק 330 מ""ל",מיליליטרים,330.00,"100 מ""ל",false,1,15.90,0.0482,true,1,75784
7290016584011,false,חטיפוני גזר 350 גרם,חקלאי,IL,חטיפוני גזר 350 גרם,גרמים,350.00,100 גרם,false,1,14.90,0.0426,true,1,15655
7290016663426,false,עוגיות שומשום שוקולד,מורנינג פוד,IL,עוגיות שומשום שוקולד 200 גר - פסח,גרמים,200.00,100 גרם,false,1,22.90,0.1145,true,1,76592
7290016667271,true,מסיר לק ריחני גדול ע,,,מסיר לק ריחני גדול ע,מיליליטרים,150.00,"100 מ""ל",false,1,12.90,0.0860,true,1,42693
7290016682038,false,מיץ תפוזים פריניב 40,פריניב,IL,"מיץ תפוזים פריניב 400 מ""ל",מיליליטרים,400.00,"100 מ""ל",false,1,11.90,0.0298,true,1,16414
7290016682083,false,מיץ תות בננה פריניב,פריניב,,"מיץ תות בננה פריניב 400 מ""ל",מיליליטרים,400.00,"100 מ""ל",false,1,11.90,0.0298,true,1,16415
7290016682335,false,מיץ תפוזים פריניב 2,פריניב,IL,מיץ תפוזים פריניב 2 ליטר,ליטרים,2.00,ליטר,false,1,29.90,14.9500,true,1,75813
7290016682342,false,תפוז וולנסיה סחוט 10,פריניב,IL,תפוז וולנסיה סחוט 100% 2 ליטר,ליטרים,2.00,ליטר,false,1,29.90,14.9500,true,1,75814
7290016682366,false,מיץ תפוח צלול 2 ליטר,פריניב,IL,מיץ תפוח צלול 2 ליטר,ליטרים,2.00,ליטר,false,1,29.90,14.9500,true,1,76013
7290016717099,false,יין סלקטד אדום חצי י,"כד בני דרום בע""מ",IL,כרמל סלקטד אדום חצי יבש 2018 750 מל,מיליליטרים,750.00,"100 מ""ל",false,1,29.90,0.0399,true,1,20133
7290016717631,false,יין מוסקטו P.C,אגודת הכורמים הקואופ,IL,יקבי כרמל פרייבט קולקשן מוסקטו 2017 750 מל,מיליליטרים,750.00,"100 מ""ל",false,1,47.90,0.0639,true,1,20123
7290016823004,false,בזיליקום ארוז יח,חקלאי,IL,בזיליקום ארוז יח,גרמים,30.00,100 גרם,false,1,5.90,0.1967,true,1,16532
7290016823257,false,חסה סלנובה,כרמל יבולים,IL,חסה סלנובה,גרמים,300.00,100 גרם,false,1,13.90,0.0463,true,1,16598
7290016823349,false,סלק מקולף בוואקום לי,חקלאי,IL,סלק מקולף בוואקום ליח,גרמים,500.00,100 גרם,false,1,7.90,0.0158,true,1,17659
7290016823448,false,ברוקולי ארוז יח,יריב חג'בי,IL,ברוקולי ארוז יח,גרמים,350.00,100 גרם,false,1,12.90,0.0369,true,1,18094
7290016823523,false,צנונית ארוזה יח,חקלאי,IL,צנונית ארוזה יח,גרמים,500.00,100 גרם,false,1,6.00,0.0120,true,1,17660
7290016866674,false,משחת פרודונטקס מלבינ,DE MICLEN,SK,"פרודונטקס משחת שיניים מלבינה 75 מ""ל",מיליליטרים,75.00,"100 מ""ל",false,1,29.90,0.3987,true,1,58597
7290016967074,false,לחם אנגל חיטה מלאה 7,"איטיליאן פוד, אס.פי.",IL,לחם אנגל חיטה מלאה 750 גרם,גרמים,750.00,100 גרם,false,1,16.90,0.0225,true,1,16353
7290017065007,false,גבינה מוצרלה פרוסה ג,מחלבות גד בעמ,IL,גבינה מוצרלה פרוסה גד 150 גרם,גרמים,150.00,100 גרם,false,1,20.90,0.1393,true,1,16802
7290017065137,false,גבינה ריקוטה למריחה,האי נאם סי או אל.טי.,IL,גד ריקוטה למריחה 5% שומן 200 גרם,גרמים,200.00,100 גרם,false,1,10.90,0.0545,true,1,17889
7290017065144,false,גבינה ריקוטה למריחה,האי נאם סי או אל.טי.,IL,"גד ריקוטה למריחה, בזיליקום 5% שומן 200 גרם",גרמים,200.00,100 גרם,false,1,10.90,0.0545,true,1,17891
7290017065168,false,גבינה כחולה גד 100 ג,St Clemens,DK,גבינה כחולה 30% שומן,גרמים,100.00,100 גרם,false,1,18.90,0.1890,true,1,18411
7290017065236,false,גבינה בולגרית מעודנת,הנסיך- מפעל לייצור ט,IL,בולגרית מעודנת 24%,גרמים,250.00,100 גרם,false,1,28.90,0.1156,true,1,18414
7290017065311,false,גבינת מוצרלה מעושנת,יוליניבר,IL,גבינת מוצרלה מעושנת פרוסות 200 גרם,גרמים,200.00,100 גרם,false,1,21.90,0.1095,true,1,18416
7290017065380,false,גרנה פדנו שבבים 100,מחלבת גד,IT,גרנה פדנו שבבים 100 גרם גד,גרמים,100.00,100 גרם,false,1,14.90,0.1490,true,1,66684
7290017065434,false,פרוסות גאודה הולנדית,יוליניבר,NL,גד פרוסות פרוסות גאודה בקר 200 גרם,גרמים,200.00,100 גרם,false,1,23.90,0.1195,true,1,66911
7290017065441,false,פרוסות גאודה עיזים ה,מחלבות גד,NL,פרוסות גאודה עיזים 200 גרם,גרמים,200.00,100 גרם,false,1,34.90,0.1745,true,1,66912
7290017065519,false,קאשקבל מגורר גד 200,מחלבות גד בעמ,IL,גד קאשקבלו מגוררת 200 גרם,גרמים,200.00,100 גרם,false,1,27.90,0.1395,true,1,66918
7290017065526,false,קוואטרו פורמאגי 300ג,יוליניבר,IL,גד קוואטרו פורמאג'י 300 גרם,גרמים,300.00,100 גרם,false,1,30.90,0.1030,true,1,66919
7290017065588,false,יוגורט יווני 10% מחל,מחלבת גד,IL,גד יוגורט יווני 10% שומן,גרמים,600.00,100 גרם,false,1,18.90,0.0315,true,1,72101
7290017065731,false,גבינת שמנת עם כמהין,פ.פ.ח. שאביט,IL,גבינת שמנת עם כמהין 30% גד 200גרם,גרמים,200.00,100 גרם,false,1,14.90,0.0745,true,1,74309
7290017065786,false,גבינת צדר גד 210 גרם,מחלבות גד,IL,גבינת צדר גד 210 גרם,גרמים,210.00,100 גרם,false,1,22.90,0.1090,true,1,75477
7290017065878,false,מק אנד ציז גד 200גר,מחלבות גד,IL,מק אנד ציז גד 200גרם,גרמים,200.00,100 גרם,false,1,19.90,0.0995,true,1,76680
7290017088105,false,חיתולי בייביסיטר נוח,מולינו ניקולי s.p.a,IL,חיתול דק מידה 3,יחידה,38.00,יחידה,false,1,34.90,0.9184,true,1,43966
7290017088242,false,מגבונים בייבי בייסיק,,,מגבונים בייבי בייסיק,לא מנהל יחידת מידה,0.00,לא מנהל יחידת מידה,false,1,5.90,0.0000,true,1,67907
7290017105895,false,גרגרי חומוס מסעדות י,זנלכל,IL,גרגרי חומוס להכנת חומוס משובח,גרמים,550.00,100 גרם,false,1,9.90,0.0180,true,1,72996
7290017106069,false,סלק קוביות 2A יכין 5,היינץ צפון אמריקה מק,IL,סלק קוביות 2A יכין 550גרם,גרמים,550.00,100 גרם,false,1,9.90,0.0180,true,1,73085
7290017121093,false,ממרח אריסה חריפה בפי,רוג'ר אנד רוג'ר,IL,עללחם בפיתה אריסה חריפה 250 גרם,גרמים,250.00,100 גרם,false,1,15.90,0.0636,true,1,18316
7290017142159,false,מארז שלישייה טונה בה,יוניקורד ח.צ בעמ,TH,נתחי טונה בהירה בשמן זית 80*3 גרם עץ-הזית,גרמים,240.00,100 גרם,false,1,23.90,0.0996,true,1,18672
7290017142401,false,ארוחה אישית קינואה ל,יוניקורד בעמ,TH,קינואה לבנה ואדומה עם טונה 160 גרם,גרמים,160.00,100 גרם,false,1,14.90,0.0931,true,1,73730
7290017142418,false,ארוחה אישית אורז עדש,יוניקורד ח.צ בעמ,TH,אורז ועדשים עם טונה בשמן זית,גרמים,160.00,100 גרם,false,1,14.90,0.0931,true,1,73731
7290017304885,true,לחם שיפון מלא 750 ג,"איטיליאן פוד, אס.פי.",IL,לחם שיפון מלא 750 גרם,גרמים,750.00,100 גרם,false,1,16.90,0.0225,true,1,67960
7290017334448,false,שמן קנולה מזוכך OLEO,א.ד.מ . אנטוורפן,BE,שמן קנולה מזוכך OLEO 1 ליטר,ליטרים,1.00,ליטר,false,1,12.90,12.9000,true,1,73749
7290017334455,false,"אורז פרסי זיפר 1ק""ג",,TH,"אורז פרסי זיפר 1ק""ג",קילוגרמים,1.00,"ק""ג",false,1,10.90,10.9000,true,1,75754
7290017334462,false,אורז יסמין זיפר 1,,TH,"אורז יסמין זיפר 1 ק""ג",קילוגרמים,1.00,"ק""ג",false,1,11.90,11.9000,true,1,75755
7290017389011,false,שקדיה מנגו מיובש ללא,שקדיה,IL,שקדיה מנגו מיובש ללא סוכר 160 גר קופסא,גרמים,160.00,100 גרם,false,1,21.90,0.1369,true,1,76097
7290017406794,false,אורז בסמטי קינג קראו,פונט סלאם וולנסיה,IN,"אורז בסמטי קינג קראוון 1 ק""ג",קילוגרמים,1.00,"ק""ג",false,1,12.90,12.9000,true,1,76266
7290017477305,false,זרעי ציה 250 גר שקדי,דין שיווק,IL,זרעי ציה 250 גר שקדיה,גרמים,200.00,100 גרם,false,1,12.90,0.0645,true,1,75345
7290017477596,false,תמר מגהול ענק פרמיום,דין שיווק,IL,תמר מגהול ענק פרמיום 400ג שקדיה,גרמים,400.00,100 גרם,false,1,23.90,0.0597,true,1,75558
7290017513393,false,תה ירוק סופר גרין,ויסוצקי,IL,תה ירוק בתוספת ספירולינה וצמחים ירוקים,יחידה,1.00,יחידה,false,1,26.90,26.9000,true,1,70367
7290017513409,false,תה ירוק + חליטה עם פ,HIQ FOOD PRODUCTS,IL,תה ירוק עם צמחים סגולים בטעם אוכמניות ואסאי,יחידה,1.00,יחידה,false,1,26.90,26.9000,true,1,70913
7290017513775,false,פליפז בייגלה מצופה ש,אולקר מקבוצת פלאדיס,TR,"Flipz, חטיף בייגלה אפוי בציפוי שוקולד חלב, 140 גרם",גרמים,140.00,100 גרם,false,1,9.90,0.0707,true,1,71773
7290017513782,false,פליפז בייגלה מצופה,אולקר מקבוצת פלאדיס,TR,פליפז בייגלה מצופה שוקולד מריר 140 ג,גרמים,140.00,100 גרם,false,1,9.90,0.0707,true,1,71772
7290017513829,false,תה ירוק לימונית וגינ,ויסוצקי,IL,תה ירוק לימונית וגינגר ויטמין D+C,גרמים,38.00,100 גרם,false,1,26.90,0.7079,true,1,73214
7290017513850,false,תה ירוק נענע ויטמין,ויסוצקי,IL,ויסוצקי ירוק נענע עם ויטמינים,גרמים,38.00,100 גרם,false,1,26.90,0.7079,true,1,73213
7290017513867,false,תה ירוק לימונית לואי,ויסוצקי,IL,תה ירוק עם לימונית/לואיזה עם ויטמינים T.T,גרמים,38.00,100 גרם,false,1,26.90,0.7079,true,1,73212
7290017589633,false,קברנה סוביניון מהדור,,IL,"קברנה סוביניון מהדורת רזרב גולד 750 מ""ל",מיליליטרים,750.00,"100 מ""ל",false,1,59.90,0.0799,true,1,66633
7290017599250,false,סוכרזית קלאסי 120 ש,ביסקול בעמ,IL,סוכרזית קלאסי 120 שקיות,גרמים,120.00,100 גרם,false,1,19.90,0.1658,true,1,77551
7290017599267,false,סוכרזית סוכרלוז 120,ביסקול בעמ,IL,סוכרזית סוכרלוז 120 שקיות 100גרם,גרמים,100.00,100 גרם,false,1,29.90,0.2990,true,1,77549
7290017599274,false,סוכרזית סטיוויה 120,ביסקול בעמ,IL,סוכרזית סטיוויה 120 שקיות 120גרם,גרמים,120.00,100 גרם,false,1,41.90,0.3492,true,1,77550
7290017617008,false,טונה סטרקיסט בשמן 3,. יצרן: טונה ויאטנם,,טונה סטרקיסט בשמן 3*140גרם,גרמים,420.00,100 גרם,false,1,19.90,0.0474,true,1,75555
7290017617411,false,מיקס סלמון עם אורז,גראאל אס איי,PL,מיקס סלמון עם אורז מלא סטארקיסט 160גרם,גרמים,160.00,100 גרם,false,1,15.90,0.0994,true,1,77285
7290017617435,false,מיקס סלמון עם עדשים,גראאל אס איי,PL,מיקס סלמון עם עדשים וקינואה סטארקיסט 16,גרמים,160.00,100 גרם,false,1,15.90,0.0994,true,1,77286
7290017617459,false,רביעיית טונה סטארקיס,dalmore distilleries,TH,רביעיית טונה סטארקיסט בשמן צמחי 480גרם,גרמים,480.00,100 גרם,false,1,22.90,0.0477,true,1,76902
7290017617466,false,רביעיית טונה סטארקיס,dalmore distilleries,TH,רביעיית טונה סטארקיסט במים 480גרם,גרמים,480.00,100 גרם,false,1,22.90,0.0477,true,1,76903
7290017647425,false,גמלא קברנה סוביניון,יקב רמת הגולן,,גמלא קברנה סוביניון - בציר 2018,מיליליטרים,750.00,"100 מ""ל",false,1,79.90,0.1065,true,1,72680
7290017647470,false,יין הר חרמון מגנטה 7,יקבי רמת הגולן,IL,"יין הר חרמון מגנטה 750 מ""ל",מיליליטרים,750.00,"100 מ""ל",false,1,44.90,0.0599,true,1,72638
7290017647708,false,יין גמלא גוורצטרמינר,רמת הגולן,IL,יין גמלא גוורצטרמינר 750 מל,מיליליטרים,750.00,"100 מ""ל",false,1,79.90,0.1065,true,1,75596
7290017647722,false,יין גמלא בלאנקו 750,רמת הגולן,IL,יין גמלא בלאנקו 750 מל,מיליליטרים,750.00,"100 מ""ל",false,1,79.90,0.1065,true,1,75597
7290017696294,false,תירס טרי יחידה,חקלאי,IL,תירס טרי יחידה,קילוגרמים,1.00,"ק""ג",false,1,19.90,19.9000,true,1,67004
7290017696577,false,שרי מנומר משולש יחיד,מרינה,IL,שרי מנומר משולש יחידה,גרמים,350.00,100 גרם,false,1,12.90,0.0369,true,1,68196
7290017696584,false,שרי לובלו משולש יחיד,מרינה,IL,שרי לובלו משולש יחידה,גרמים,350.00,100 גרם,false,1,14.90,0.0426,true,1,68195
7290017724010,false,עוגיות גריסני שומשום,אקלר,IL,עוגיות גריסני שומשום 250 גרם,גרמים,250.00,100 גרם,false,1,24.90,0.0996,true,1,75408
7290017724027,false,עוגיות אלפחורס 300 ג,אקלר,IL,עוגיות אלפחורס 300 גרם,גרמים,300.00,100 גרם,false,1,24.90,0.0830,true,1,75409
7290017724034,false,עוגיות סנדוויץ ריבה,אקלר,IL,עוגיות סנדוויץ ריבה 250 גרם,גרמים,250.00,100 גרם,false,1,24.90,0.0996,true,1,75410
7290017724058,false,עוגיות מעדן תמר אגוז,אקלר,IL,עוגיות מעדן תמר אגוז250 גרם,גרמים,250.00,100 גרם,false,1,24.90,0.0996,true,1,75412
7290017724102,false,עוגיות סיגרים תמרים,אקלר,IL,עוגיות סיגרים תמרים 200 גרם,גרמים,200.00,100 גרם,false,1,24.90,0.1245,true,1,75416
7290017724164,false,עוגיות אוזניים ללא ס,אקלר,IL,עוגיות אוזניים ללא סוכר 200 גרם,גרמים,200.00,100 גרם,false,1,24.90,0.1245,true,1,75421
7290017724171,false,עוגיות סנדוויץ ריבה,אקלר,IL,עוגיות סנדוויץ ריבה ללא סוכר 250 גר,גרמים,250.00,100 גרם,false,1,24.90,0.0996,true,1,75422
7290017724218,false,עוגיות מעדן תמר אגוז,אקלר,IL,עוגיות מעדן תמר אגוז ללא סוכר 250 גרם,גרמים,250.00,100 גרם,false,1,24.90,0.0996,true,1,75425
7290017724263,false,עוגיות בטהובן ללא סו,אקלר,IL,עוגיות בטהובן ללא סוכר 300 גרם,גרמים,300.00,100 גרם,false,1,24.90,0.0830,true,1,75429
7290017724355,false,עוגיות אצבעות שקדים,אקלר,IL,עוגיות אצבעות שקדים 250 גרם,גרמים,250.00,100 גרם,false,1,24.90,0.0996,true,1,75434
7290017724652,false,רולדה תמר אגוז ואבקת,אקלר,IL,רולדה תמר אגוז ואבקת סוכר 200 גרם,גרמים,200.00,100 גרם,false,1,24.90,0.1245,true,1,75439
7290017791142,false,קרקר כוסמין מלא אורג,פת במלח,IL,קרקר כוסמין מלא אורגינל 225 גרם,גרמים,225.00,100 גרם,false,1,23.90,0.1062,true,1,68230
7290017791203,false,קרקר כוסמין מלא סלק,פת במלח,IL,קרקר כוסמין מלא סלק 225 גרם,גרמים,225.00,100 גרם,false,1,23.90,0.1062,true,1,72576
7290017812052,false,יין אקסלנס שיראז קבר,"כד בני דרום בע""מ",IL,אקסלנס שיראז/קברנה - יין אדום יבש,מיליליטרים,750.00,"100 מ""ל",false,1,29.90,0.0399,true,1,20129
7290017812120,false,יין מוגו בלנד חצי יב,"כד בני דרום בע""מ",IL,מוג'ו קברנה סוביניון יין אדום חצי מתוק,מיליליטרים,750.00,"100 מ""ל",false,1,44.90,0.0599,true,1,67282
7290017812571,false,תירוש ליטר אדום 100%,"כד בני דרום בע""מ",IL,תירוש ליטר אדום 100% טבעי,ליטרים,1.00,ליטר,false,1,21.90,21.9000,true,1,72015
7290017812847,false,יין סלקטד פרנץ גוורצ,"כד בני דרום בע""מ",IL,יין פרנץ גוורצטרמינר סלקטד יקבי כרמל,מיליליטרים,750.00,"100 מ""ל",false,1,29.90,0.0399,true,1,73972
7290017871370,false,פמילי יהלום שמן אבוק,המאפיה של הרמן,TR,תחליב רחצה לידיים מועשר בשמן אבוקדו,מיליליטרים,500.00,"100 מ""ל",false,1,11.90,0.0238,true,1,72287
7290017872049,false,פמילי אלסבון שלישייה,אברנסל קוסמטיקס,TR,"פמילי אלסבון שלישייה לבנדר ארומטי 500 מ""",מיליליטרים,500.00,"100 מ""ל",false,1,17.90,0.0358,true,1,72792
7290017872070,false,פרש וואנס מגבונים נט,ווטנאפס,IL,פרש וואנס מגבונים נטורל קר שלישייה,יחידה,1.00,יחידה,false,1,9.90,9.9000,true,1,74487
7290017888019,false,פרוט & ווג תפוח רימו,מיוצר עי קונדיטוריית,IL,"FRUIT&VEG תפוח סלק רימון ג'ינג'ר 350 מ""ל",מיליליטרים,350.00,"100 מ""ל",false,1,8.90,0.0254,true,1,67517
7290017888026,false,פרוט אננס תפוח גזר 3,יפאורה תבורי בעמ,IL,"FRUIT&VEG אננס תפוח גזר 350 מ""ל",מיליליטרים,350.00,"100 מ""ל",false,1,8.90,0.0254,true,1,67399
7290017888033,false,פרוט בננה מלון נענע,יפאורה תבורי בעמ,IL,"FRUIT&VEG בננה מלון נענע 350 מ""ל",מיליליטרים,350.00,"100 מ""ל",false,1,8.90,0.0254,true,1,67400
7290017888354,false,מי עדן GYM בקבוק ספו,מי עדן,,"מי עדן GYM בקבוק ספורט 750 מ""ל",מיליליטרים,750.00,"100 מ""ל",false,1,5.50,0.0073,true,1,69953
7290017888644,false,פרוט אנד וג אננס בננ,"יפאורה תבורי בע""מ",IL,"FRUIT&VEG אננס בננה כורכום 350 מ""ל",לא מנהל יחידת מידה,3.30,לא מנהל יחידת מידה,false,1,8.90,2.6970,true,1,72394
7290017888729,false,שוופס סודה בקבוק 1 ל,"יפאורה תבורי בע""מ",IL,שוופס סודה 1 ל' גיזוז חזק,ליטרים,1.00,ליטר,false,1,4.90,4.9000,true,1,72395
7290017888972,false,מי עדן פקק ספורט 1 ל,מופק ממקור בזלתי עדן,IL,מי עדן פקק ספורט 1 ליטר,ליטרים,1.00,ליטר,false,1,5.00,5.0000,true,1,72574
7290017894010,false,גרין קוקו - מי קוקוס,אף.סי תבליני בגליל ב,LK,גרין קוקו - מי קוקוס אננס אורגני 1 ליטר,ליטרים,1.00,ליטר,false,1,20.90,20.9000,true,1,70842
7290017925417,false,בקבוק בירה בקס ללא א,Beck and Co,DE,"בקבוק בירה בקס ללא אלכוהול 275מ""ל",מיליליטרים,275.00,"100 מ""ל",false,1,5.90,0.0215,true,1,74003
7290017928043,true,גריסיני קראנץ מלח 17,HIQ FOOD PRODUCTS,IL,מאיר בייגל גריסיני קראנץ' עם מלח 175 גרם,יחידה,0.00,יחידה,false,1,12.90,0.0000,true,1,71809
7290017928449,true,שטוחלה פרו מלח 170 ג,מאיר בייגל,IL,מאיר בייגל פרוטאין בייגל שטוח מלח 170 גרם,גרמים,170.00,100 גרם,false,1,12.90,0.0759,true,1,71576
7290017947105,false,לחם אנגל בסגנון אמרי,"איטיליאן פוד, אס.פי.",IL,לחם אנגל בסגנון אמריקה 500 גרם,גרמים,500.00,100 גרם,false,1,14.90,0.0298,true,1,72552
7290017947457,false,חלת כוסמין קלועה 500,מאפיית שלמה א. אנגל,IL,חלת כוסמין קלועה,גרמים,500.00,100 גרם,false,1,17.90,0.0358,true,1,75401
7290017947464,false,פיתות כוסמין אנגל שמ,"איטיליאן פוד, אס.פי.",IL,מאפיית אנג'ל פיתות כוסמין 400 גרם,יחידה,1.00,יחידה,false,1,17.90,17.9000,true,1,73217
7290017947495,false,לחמניות כוסמין 6 יח,"איטיליאן פוד, אס.פי.",IL,אנג'ל לחמניות 100% כוסמין 450 גרם,גרמים,450.00,100 גרם,false,1,17.90,0.0398,true,1,73431
7290017947891,false,אנגל כוסמין וחיטה מל,"איטיליאן פוד, אס.פי.",IL,"אנג'ל כוסמין וחיטה מלאה במרקם חלק, 750 גרם",גרמים,750.00,100 גרם,false,1,17.90,0.0239,true,1,73319
7290017947921,false,שישיית לחמניות המבור,"איטיליאן פוד, אס.פי.",IL,אנג'ל לחמניות המבורגר בסגנון אמריקה 6 יח',גרמים,450.00,100 גרם,false,1,15.90,0.0353,true,1,72551
7290017947938,false,לחמניות מיני המבורגר,"איטיליאן פוד, אס.פי.",IL,לחמניות מיני המבורגר אמריקה 8 יח,גרמים,400.00,100 גרם,false,1,15.90,0.0398,true,1,73430
7290018011003,false,קרחון סורבה טבעוני ת,תמרה יוגורט,IL,קרחון סורבה טבעוני תמרה 80 גרם אננס,גרמים,80.00,100 גרם,false,1,11.90,0.1488,true,1,68489
7290018011027,false,קרחון סורבה טבעוני ת,תמרה יוגורט,IL,קרחון סורבה טבעוני תמרה 80 גרם מנגו קוקוס מלוח,גרמים,80.00,100 גרם,false,1,11.90,0.1488,true,1,68483
7290018011034,false,קרחון סורבה טבעוני ת,,IL,קרחון סורבה טבעוני תמרה פטל ללים 80 גרם,גרמים,80.00,100 גרם,false,1,11.90,0.1488,true,1,67186
7290018011058,false,שלגון שמנת טבעוני תמ,,IL,שלגון שמנת טבעוני תמרה עוגת גבינה ופטל,גרמים,80.00,100 גרם,false,1,11.90,0.1488,true,1,67193
7290018011065,false,שלגון תמרה 80 גרם קפ,תמרה יוגורט,IL,שלגון תמרה 80 גרם קפה קר,גרמים,80.00,100 גרם,false,1,11.90,0.1488,true,1,68493
7290018011096,false,מאגדת תמרה יוגורט תו,תמרה יוגורט,IL,מאגדת תמרה יוגורט תות ומקופלת 320 גרם,גרמים,320.00,100 גרם,false,1,36.90,0.1153,true,1,75164
7290018011201,false,קרחון סורבה טבעוני ת,,IL,קרחון סורבה טבעוני תמרה אננס פסיפלורה מנ,גרמים,80.00,100 גרם,false,1,11.90,0.1488,true,1,67185
7290018011218,false,קרחון סורבה טבעוני ת,,IL,קרחון סורבה טבעוני תמרה לימונענע 80 גרם,גרמים,80.00,100 גרם,false,1,11.90,0.1488,true,1,67181
7290018011225,false,קרחון סורבה טבעוני ת,,IL,קרחון סורבה טבעוני תמרה קוקוס 80 גרם,גרמים,80.00,100 גרם,false,1,11.90,0.1488,true,1,67184
7290018011256,false,שלגון יוגורט תמרה תו,,IL,שלגון יוגורט תמרה תות ומקופלת 80 גרם,גרמים,80.00,100 גרם,false,1,11.90,0.1488,true,1,67188
7290018011263,false,שלגון שמנת תמרה בטעם,,IL,שלגון שמנת תמרה בטעם קרם פסיפלורה,גרמים,80.00,100 גרם,false,1,11.90,0.1488,true,1,67192
7290018011270,false,שלגון שמנת תמרה 80 ג,תמרה יוגורט,IL,שלגון שמנת תמרה 80 גרם שוקולד לבן דובדבן,גרמים,80.00,100 גרם,false,1,11.90,0.1488,true,1,68498
7290018011317,false,ארטיק רני דובדבני 80,תמרה יוגורט,IL,ארטיק רני דובדבני 80 גרם,גרמים,80.00,100 גרם,false,1,11.90,0.1488,true,1,76763
7290018011454,false,שלגון שמנת תמרה 80 ג,תמרה יוגורט,IL,שלגון שמנת תמרה 80 גרם סחלב,גרמים,80.00,100 גרם,false,1,11.90,0.1488,true,1,68495
7290018011478,false,שלגון תמרה תות שמנה,,IL,שלגון תמרה תות שמנה 80 גרם,גרמים,80.00,100 גרם,false,1,11.90,0.1488,true,1,67190
7290018011485,false,שלגון תמרה 80 גרם תו,,,שלגון תמרה 80 גרם תות שוקולד 2021,גרמים,80.00,100 גרם,false,1,11.90,0.1488,true,1,73695
7290018011607,false,קרחון סורבה טבעוני ת,,IL,קרחון סורבה טבעוני תמרה בננה 80 גרם,גרמים,80.00,100 גרם,false,1,11.90,0.1488,true,1,67182
7290018011645,false,שלגון תמרה בטעם שוקו,,IL,שלגון תמרה בטעם שוקולד בננה 80 גרםן,גרמים,80.00,100 גרם,false,1,11.90,0.1488,true,1,67187
7290018011805,false,קרחוקרחון סורבה טבעו,תמרה יוגורט,IL,קרחוקרחון סורבה טבעוני תמרה 80 גרם אננס,גרמים,80.00,100 גרם,false,1,11.90,0.1488,true,1,68490
7290018011850,false,שלגון תמרה קרם קוקוס,,IL,שלגון תמרה קרם קוקוס 80 גרם,גרמים,80.00,100 גרם,false,1,11.90,0.1488,true,1,67189
7290018011867,false,שלגון שמנת תמרה בטעם,,IL,שלגון שמנת תמרה בטעם שוקולד קרמל מלוח,גרמים,80.00,100 גרם,false,1,11.90,0.1488,true,1,67191
7290018043196,false,חטיף חלבון PROUD שוק,הרת'סייד פוד סולושיי,NL,חטיף חלבון PROUD שוקולד עוגיות 60 גרם,גרמים,60.00,100 גרם,false,1,14.90,0.2483,true,1,73898
7290018043295,false,PROUD ונילה קראנץ 6,הרת'סייד פוד סולושיי,NL,PROUD ונילה קראנץ 60 גרם,גרמים,60.00,100 גרם,false,1,14.90,0.2483,true,1,73897
7290018043844,false,חטיף חלבון פראוד בו,v.s.i,NL,חטיף חלבון פראוד בוטנים קרמל קראנצי60,גרמים,60.00,100 גרם,false,1,14.90,0.2483,true,1,76553
7290018045695,false,דגנים BON&BONבמילוי,,DE,דגנים BON&BONבמילוי קרם קרמל מלוח 480גרם,גרמים,480.00,100 גרם,false,1,21.90,0.0456,true,1,76343
7290018045893,false,דגנים BON&BONבמילוי,,DE,דגנים BON&BONבמילוי קרם נוגט 480גרם,גרמים,480.00,100 גרם,false,1,21.90,0.0456,true,1,76344
7290018050095,false,הטיב תערובת קרנצ פיק,שקרצי,IL,הטיב תערובת קרנצ פיקנטית 200 גרם,יחידה,8.00,יחידה,false,1,16.90,2.1125,true,1,73239
7290018071205,false,כפפות נטרו V ללא אבק,איזיטאצ,CN,כפפות נטרו V ללא אבקה S כחול 100 יח,יחידה,1.00,יחידה,false,1,29.90,29.9000,true,1,76632
7290018071229,false,כפפות נטרו V ללא אבק,איזיטאצ,CN,כפפות נטרו V ללא אבקה L כחול 100 יח,יחידה,1.00,יחידה,false,1,29.90,29.9000,true,1,76422
7290018131039,false,מאגדת שוקו וניל עוגי,גלידות נסטלה (נגה גל,IL,מאגדת שוקו וניל עוגיות וולנס 6*65ג,גרמים,65.00,100 גרם,false,1,32.90,0.5062,true,1,71875
7290018131077,false,שלגון מילקה עם ריפל,פרונרי פולין,PL,שלגון מילקה עם ריפל שוקולד 71 גרם,גרמים,71.00,100 גרם,false,1,10.90,0.1535,true,1,74222
7290018131190,false,נסטלה שרבט אקסל 105,המאפיה של הרמן,IL,נסטלה שרבט אקסל 105 גרם,גרמים,105.00,100 גרם,false,1,7.90,0.0752,true,1,71879
7290018131251,false,אקסטרים מטבע שוקולד,המאפיה של הרמן,IL,אקסטרים מ.שקלד.לבן וליבת ק.עוג. 18*115ג,גרמים,128.00,100 גרם,false,1,9.90,0.0773,true,1,71882
7290018131336,false,שלגון ליון קרמל 66גר,פרונרי פולין,PL,שלגון ליון קרמל 66גרם,גרמים,66.00,100 גרם,false,1,10.90,0.1652,true,1,74223
7290018131428,false,טילון אקסטרים מסקרפו,המאפיה של הרמן,IL,טילון אקסטרים מסקרפונה תות 128 גרם,גרמים,128.00,100 גרם,false,1,9.90,0.0773,true,1,71885
7290018131572,false,גלידה מיני בייטס מיל,שוורצקוף& הנקל דיסלד,PL,גלידה מיני בייטס מילקה 85,גרמים,85.00,100 גרם,false,1,7.90,0.0929,true,1,71892
7290018131596,false,גלידה מיני בייטס אור,שוורצקוף& הנקל דיסלד,PL,גלידה מיני בייטס אוראו 85 גרם,גרמים,85.00,100 גרם,false,1,7.90,0.0929,true,1,71893
7290018131756,false,מאגדת 1/8 שלגונים ונ,נסטלה,IL,מאגדת 1/8 שלגונים וניל מצופה תות 440 גרם,גרמים,440.00,100 גרם,false,8,32.90,0.0748,true,1,73978
7290018131770,false,שלגון וניל מצופה תות,נסטלה,IL,שלגון וניל מצופה תות 55 גרם,גרמים,55.00,100 גרם,false,1,5.90,0.1073,true,1,73975
7290018131794,false,קראנץ וניל ש.מריר ל,נסטלה,IL,קראנץ וניל ש.מריר ליבת 100 גרם,גרמים,100.00,100 גרם,false,1,9.90,0.0990,true,1,73974
7290018131817,false,לה פרוטה הדרים אדומי,נסטלה,IL,לה פרוטה הדרים אדומים 70 גרם,גרמים,70.00,100 גרם,false,1,6.90,0.0986,true,1,73973
7290018131855,false,מאג אקסטרים טילון בר,נגה גלידות,IL,מאג אקסטרים טילון בראוניז 432גרם,גרמים,432.00,100 גרם,false,1,39.50,0.0914,true,1,74218
7290018131893,false,מאג אקסטרים טילון פק,נגה גלידות,IL,מאג אקסטרים טילון פקאן 432גרם,גרמים,432.00,100 גרם,false,1,39.50,0.0914,true,1,75096
7290018131978,false,טילון אוראו 68.5גרם,פרונרי פולין,PL,טילון אוראו 68.5גרם,גרמים,69.00,100 גרם,false,1,6.90,0.1000,true,1,74224
7290018165010,false,יין רזרב גולד גוורצט,יקבי ברקן שיווק והפצ,IL,יין רזרב גולד גוורצטרמינר 750 מל,מיליליטרים,750.00,"100 מ""ל",false,1,59.90,0.0799,true,1,73754
7290018165027,false,גולד אדישיין רוזה750,יקבי ברקן שיווק והפצ,IL,גולד אדישיין רוזה750 מל,מיליליטרים,750.00,"100 מ""ל",false,1,59.90,0.0799,true,1,76755
7290018192658,false,פטריות שמפניון צמד ח,מרינה,IL,פטריות שמפניון צמד חמד איטלקי מארז זוג,גרמים,500.00,100 גרם,false,1,17.90,0.0358,true,1,73392
7290018192689,false,תירס לבן מתוק ארוז,מרינה,IL,תירס לבן מתוק ארוז,יחידה,1.00,יחידה,false,1,24.90,24.9000,true,1,74537
7290018198209,false,תפוגן ציפס בטטה קראנ,תפוגן,IL,תפוגן ציפס בטטה קראנצי 500גרם,גרמים,500.00,100 גרם,false,1,21.90,0.0438,true,1,75733
7290018198384,false,תפוגן ציפס קריספי פר,תפוגן,IL,תפוגן ציפס קריספי פרוסות לתנור 1.25קג,קילוגרמים,1.25,"ק""ג",false,1,27.90,22.3200,true,1,75315
7290018236635,false,צונגו פופקורן מצופה,מולינו ניקולי s.p.a,IL,עוף טוב צונגו פופקורן מצופה 12*600גרם,גרמים,600.00,100 גרם,false,1,39.90,0.0665,true,1,74000
7290018294901,false,"מונלייט אדום 750 מ""ל",אגודת הכורמים,IL,"מונלייט אדום 750 מ""ל",מיליליטרים,750.00,"100 מ""ל",false,1,39.90,0.0532,true,1,77117
7290018359495,false,תירס מהשדה ללס יכין,היינץ צפון אמריקה מק,IL,יכין תירס לייט מופחת קלוריות 550 גרם,גרמים,550.00,100 גרם,false,1,9.90,0.0180,true,1,73408
7290018359853,false,עדשים שחורות יכין 40,"זנלכל בע""מ",IL,עדשים שחורות יכין 400גרם,גרמים,400.00,100 גרם,false,1,6.90,0.0173,true,1,75576
7290018359938,false,רוטב עגבניות לשקשוקה,יכין,IL,רוטב עגבניות לשקשוקה יכין 400 גרם,גרמים,400.00,100 גרם,false,1,11.90,0.0298,true,1,76943
7290018359945,false,רוטב פיקנטי חאריפה י,יכין,IL,רוטב פיקנטי חאריפה יכין 400 גרם,גרמים,400.00,100 גרם,false,1,11.90,0.0298,true,1,76946
7290018359952,false,רוטב עגבניות לפסטה י,יכין,IL,רוטב עגבניות לפסטה יכין 400 גרם,גרמים,400.00,100 גרם,false,1,11.90,0.0298,true,1,76945
7290018359969,false,רוטב עגבניות לפיצה י,יכין,IL,רוטב עגבניות לפיצה יכין 400 גרם,גרמים,400.00,100 גרם,false,1,11.90,0.0298,true,1,76944
7290018400647,false,סמוזי בננה תמר סנפר,"סנפרוסט בע""מ",IL,סמוזי בננה תמר סנפרוסט300 גרם,גרמים,300.00,100 גרם,false,1,19.90,0.0663,true,1,74310
7290018440070,false,תרכיז עגבניות בשפורפ,בלה איטליה,IT,תרכיז עגבניות בשפורפרת 28 BX 200 גר,גרמים,200.00,100 גרם,false,1,9.50,0.0475,true,1,75595
7290018440193,false,פליפז בייגלה מצופה ח,אולקר מקבוצת פלאדיס,TR,פליפז בייגלה מצופה חמאת בוטנים 140 ג,גרמים,140.00,100 גרם,false,1,9.90,0.0707,true,1,74367
7290018440209,false,פליפז בייגלה מצופה פ,אולקר מקבוצת פלאדיס,TR,"Flipz, חטיף בייגלה אפוי בציפוי שוקולד חלב, 140 גרם",גרמים,140.00,100 גרם,false,1,9.90,0.0707,true,1,73870
7290018440223,false,צאי מסאלה עוצמתי 25,ויסוצקי,IL,צאי מסאלה עוצמתי 25 גרם,לא מנהל יחידת מידה,0.00,לא מנהל יחידת מידה,false,1,19.90,0.0000,true,1,75463
7290018440230,false,צאי ורדים 25 גרם,ויסוצקי,IL,צאי ורדים 25 גרם,לא מנהל יחידת מידה,0.00,לא מנהל יחידת מידה,false,1,19.90,0.0000,true,1,75465
7290018440247,false,צאי שקדים 25 גרם,ויסוצקי,IL,צאי שקדים 25 גרם,לא מנהל יחידת מידה,0.00,לא מנהל יחידת מידה,false,1,19.90,0.0000,true,1,75464
7290018440254,false,צאי קרמל מלוח 25 גרם,ויסוצקי,IL,צאי קרמל מלוח 25 גרם,לא מנהל יחידת מידה,0.00,לא מנהל יחידת מידה,false,1,19.90,0.0000,true,1,75466
7290018440384,false,תה ירוק מאטה לימון נ,ויסוצקי,IL,תה ירוק מאטה בטעם לימון ונענע,גרמים,25.00,100 גרם,false,1,26.90,1.0760,true,1,75461
7290018440391,false,תה ירוק מאטה נענע גו,ויסוצקי,IL,"תה ירוק מאטה, נענע וגוארנה",גרמים,25.00,100 גרם,false,1,26.90,1.0760,true,1,75462
7290018440407,false,תה ירוק מאטה קקאו לו,ויסוצקי,IL,תה ירוק מאטה בטעם קקאו ואגוזי לוז,גרמים,25.00,100 גרם,false,1,26.90,1.0760,true,1,75460
7290018440483,false,פליפז בייגלה מצופה ב,שוורצקוף& הנקל דיסלד,TR,פליפז בייגלה מצופה בקרמל מלוח ושוקולד 14,גרמים,140.00,100 גרם,false,1,9.90,0.0707,true,1,75093
7290018440896,false,חליטת הגן הקסום גינג,ויסוצקי,IL,חליטת הגן הקסום גינגר וכורכום 25 שקיקי,גרמים,25.00,100 גרם,false,1,19.90,0.7960,true,1,76090
7290018441626,false,פיינט בן&גריס מנטה ע,בן & ג'ריס,IL,פיינט בן&גריס מנטה עוגיות 430גרם,גרמים,430.00,100 גרם,false,1,23.90,0.0556,true,1,76092
7290018468401,false,פסטרמה צמחונית בטעם,טיב טירת צבי 2000,IL,פסטרמה צמחונית בטעם גריל טירת צבי 120ג,גרמים,120.00,100 גרם,false,1,21.90,0.1825,true,1,77287
7290018468425,false,נקניק טבעוני בטעם פי,טירת צבי,IL,נקניק טבעוני בטעם פיקנטי טירת צבי 100גר,גרמים,100.00,100 גרם,false,1,21.90,0.2190,true,1,77288
7290018468432,false,נקניק טבעוני בטעם מע,טירת צבי,IL,נקניק טבעוני בטעם מעושן טירת צבי 100 גרם,גרמים,100.00,100 גרם,false,1,21.90,0.2190,true,1,77289
7290018471036,false,שוופס סודה לימון 500,"יפאורה תבורי בע""מ",IL,שוופס סודה לימון 500מל,מיליליטרים,500.00,"100 מ""ל",false,1,4.90,0.0098,true,1,73584
7290018471043,false,ספרינג פירות טרופים,מיוצר עי קונדיטוריית,IL,"ספרינג פירות טרופיים פחית 330 מ""ל",מיליליטרים,330.00,"100 מ""ל",false,1,7.00,0.0212,true,1,74412
7290018471050,false,ספרינג אגס תפוח סברס,מיוצר עי קונדיטוריית,IL,"ספרינג אגס תפוח סברס פחית 330 מ""ל",מיליליטרים,330.00,"100 מ""ל",false,1,7.00,0.0212,true,1,74429
7290018471111,false,שוופס ליים מוחיטו 33,יפאורה שותפות מובגלת,IL,שוופס ליים מוחיטו 330 מל,ליטרים,1.50,ליטר,false,1,6.90,4.6000,true,1,74214
7290018471128,false,ספרינג שייק אננס מנג,"יפאורה תבורי בע""מ",IL,ספרינג שייק אננס מנגו פסיפלורה 330 מל,מיליליטרים,330.00,"100 מ""ל",false,1,8.50,0.0258,true,1,74654
7290018471135,false,ספרינג שייק בננה תמר,"יפאורה תבורי בע""מ",IL,"ספרינג שייק בננה תמר תפוז 330 מ""ל",מיליליטרים,330.00,"100 מ""ל",false,1,8.50,0.0258,true,1,74655
7290018471142,false,ספרינג שייק בננה אננ,"יפאורה תבורי בע""מ",IL,ספרינג שייק בננה אננס קוקוס פירות יער 33,מיליליטרים,330.00,"100 מ""ל",false,1,8.50,0.0258,true,1,74656
7290018471197,false,פרוט & ווג תפוח בננה,מיוצר עי קונדיטוריית,IL,FRUIT&VEG תפוח בננה מלון נענע 1 ליטר,ליטרים,1.00,ליטר,false,1,14.90,14.9000,true,1,74414
7290018471401,false,פרוט & ווג אננס בננה,מיוצר עי קונדיטוריית,IL,FRUIT&VEG אננס בננה כורכום 1 ליטר,ליטרים,1.00,ליטר,false,1,14.90,14.9000,true,1,74416
7290018471449,false,ספרינג שייק בננה תמר,"כד בני דרום בע""מ",IL,ספרינג שייק קרטונית בננה תמר תפוז 1 ל',ליטרים,1.00,ליטר,false,1,14.70,14.7000,true,1,74657
7290018471456,false,ספרינג שייק אננס מנג,"כד בני דרום בע""מ",IL,ספרינג שייק קרטונית אננס מנגו פסיפלורה 1 ל',ליטרים,1.00,ליטר,false,1,14.70,14.7000,true,1,74658
7290018471692,false,ספרינג שייק בננה אננ,"כד בני דרום בע""מ",IL,ספרינג שייק קרטונית בננה אננס קוקוס פירות יער 1 ל',ליטרים,1.00,ליטר,false,1,14.70,14.7000,true,1,74659
7290018471906,false,שוופס מוגז לימונדה ו,"כד בני דרום בע""מ",IL,שוופס מוגז פירות לימונדה ורודה 1.5 ל',ליטרים,1.50,ליטר,false,1,10.90,7.2667,true,1,75815
7290018471913,false,שוופס מוגז פירות תפו,"יפאורה תבורי בע""מ",IL,שוופס משקה תפוחים מוגז 1.5 ליטר,ליטרים,1.50,ליטר,false,1,10.90,7.2667,true,1,75816
7290018471944,false,שוופס מוגז לימונייד,"כד בני דרום בע""מ",IL,שוופס מוגז פירות לימונייד 1.5 ליטר,ליטרים,1.50,ליטר,false,1,10.90,7.2667,true,1,75819
7290018500316,false,לחם ארטיזנל כוסמין ל,מאפיית שלמה א. אנג'ל,IL,לחם ארטיזנל כוסמין לבן,לא מנהל יחידת מידה,0.00,לא מנהל יחידת מידה,false,1,19.90,0.0000,true,1,77608
7290018500361,false,לחם אחיד פרוס אנגל 9,מאפיית שלמה א. אנגל,IL,לחם אחיד פרוס אנגל 900 גרם,גרמים,900.00,100 גרם,false,1,9.49,0.0105,true,1,76883
7290018500385,false,חלה רגילה אנגל 650 ג,מאפיית שלמה א. אנגל,IL,חלה רגילה אנגל 650 גרם,גרמים,650.00,100 גרם,false,1,8.14,0.0125,true,1,76884
7290018500392,false,חלה קלועה אנגל 650 ג,מאפיית שלמה א. אנגל,IL,חלה קלועה אנגל 650 גרם,גרמים,650.00,100 גרם,false,1,8.14,0.0125,true,1,76885
7290018540329,false,פיתה פיתה אנגל בלדי,מאפיית שלמה א. אנג'ל,IL,פיתה פיתה אנגל בלדי 8 יח 880 גרם,גרמים,880.00,100 גרם,false,1,13.90,0.0158,true,1,73952
7290018641439,false,ערק פלוס אשכוליות 33,,IL,ערק פלוס אשכוליות 330 מל,מיליליטרים,330.00,"100 מ""ל",false,1,14.90,0.0452,true,1,75598
7290018641446,false,ערק פלוס לימודה 330,,IL,ערק פלוס לימודה 330 מל,מיליליטרים,330.00,"100 מ""ל",false,1,14.90,0.0452,true,1,75599
7290018652015,false,סופרולר 75גרם,פרונרי פולין,PL,סופרולר 75גרם,גרמים,75.00,100 גרם,false,1,7.90,0.1053,true,1,74225
7290018652190,false,קראנץ בר אימפלס 60גר,גלידות נסטלה,IT,קראנץ בר אימפלס 60גרם,גרמים,60.00,100 גרם,false,1,7.90,0.1317,true,1,76315
7290018652718,false,שלגון מילקה אגוזים 7,נסטלה,IL,שלגון מילקה אגוזים 71גרם,גרמים,71.00,100 גרם,false,1,11.90,0.1676,true,1,76320
7290018652756,false,שתותי פרוטי 55גרם,נסטלה,IL,שתותי פרוטי 55גרם,גרמים,55.00,100 גרם,false,1,5.90,0.1073,true,1,76319
7290018652770,false,טילון גולדה 115גרם,גלידות נסטלה,IL,טילון גולדה 115גרם,גרמים,115.00,100 גרם,false,1,9.90,0.0861,true,1,76316
7290018652886,false,מאגדת מצופים שוקו בנ,נגה גלידות,IL,מאגדת מצופים שוקו בננה כלפ 8 יחידות,גרמים,440.00,100 גרם,false,1,32.90,0.0748,true,1,76303
7290018652909,false,מאגדת קפה שוקולד פקא,נסטלה,IL,מאגדת קפה שוקולד פקאן 225גרם,גרמים,225.00,100 גרם,false,1,32.90,0.1462,true,1,76322
7290018652923,false,מאגדת תות שוקולד עוג,נסטלה,IL,מאגדת תות שוקולד עוגיות 225גרם,גרמים,225.00,100 גרם,false,1,32.90,0.1462,true,1,76323
7290018652947,false,שלגון קראנץ פיסטוק 1,גלידות נסטלה,IL,שלגון קראנץ פיסטוק 100 גרם,גרמים,100.00,100 גרם,false,1,10.50,0.1050,true,1,76622
7290018703083,false,חטיף חלבון פראוד דא,v.s.i,NL,חטיף חלבון פראוד דאבל שוקולד קראנצי,גרמים,60.00,100 גרם,false,1,14.90,0.2483,true,1,76552
7290018703311,false,פראוד חטיף חלבון בטע,v.s.i,NL,פראוד - חטיף חלבון בטעם קרם עוגיות,גרמים,60.00,100 גרם,false,1,14.90,0.2483,true,1,67243
7290018720011,false,ביסקוויט קרנבל חיות,הגביע מוצרי וופלים,IL,ביסקוויט קרנבל חיות 250 גרם,גרמים,250.00,100 גרם,false,1,6.90,0.0276,true,1,75041
7290018720028,false,ביסקוויט קרנבל אותיו,הגביע מוצרי וופלים,IL,ביסקוויט קרנבל אותיות 250 גרם,גרמים,250.00,100 גרם,false,1,6.90,0.0276,true,1,75042
7290018792841,false,אבקת קקאו טבעי גאנה,גאנס לודרס,IL,אבקת קקאו טבעי גאנה 150 גרם,גרמים,150.00,100 גרם,false,1,11.90,0.0793,true,1,77206
7290018848005,false,יין רוזה בפחית 250 מ,דונלי ויני,IT,"יין רוזה בפחית 250 מ""ל",מיליליטרים,250.00,"100 מ""ל",false,1,17.90,0.0716,true,1,76207
7290018893807,true,שוקולד מריר1/3 צוקטה,אייברקקאו אס אי. יו,ES,שוקולד מריר1/3 צוקטה,גרמים,300.00,100 גרם,false,1,16.90,0.0563,true,1,76731
7290018894002,false,בלקוני וופל קוביות ק,בלקוני,IT,בלקוני וופל קוביות קקאו 250 ג,גרמים,250.00,100 גרם,false,1,12.90,0.0516,true,1,76478
7290018894019,false,בלקוני עוגות מיקס מק,בלקוני,IT,בלקוני עוגות מיקס מקס חלב 350 ג,גרמים,350.00,100 גרם,false,1,15.90,0.0454,true,1,76483
7290018894200,false,בלקוני וופל קוביות ו,בלקוני,IT,בלקוני וופל קוביות וניל 250 ג,גרמים,250.00,100 גרם,false,1,12.90,0.0516,true,1,76479
7290018894408,false,בלקוני וופל קוביות א,בלקוני,IT,בלקוני וופל קוביות אגוזי לוז 250 ג,גרמים,250.00,100 גרם,false,1,12.90,0.0516,true,1,76480
7290018894606,false,בלקוני וופל קקאו 175,בלקוני,IT,בלקוני וופל קקאו 175 ג,גרמים,175.00,100 גרם,false,1,8.90,0.0509,true,1,76481
7290018894804,false,בלקוני וופל אגוזי לו,בלקוני,IT,בלקוני וופל אגוזי לוז 175 ג,גרמים,175.00,100 גרם,false,1,8.90,0.0509,true,1,76482
7290018925065,false,מיץ תפוזים סחוט פרימ,השחר,IL,פרימור סחוט מיץ תפוזים 100% 2 ליטר,ליטרים,2.00,ליטר,false,1,27.90,13.9500,true,1,75983
7290018925072,false,מיץ לימון עם נענע סח,השחר,IL,פרימור משקה קל לימונים ונענע 2 ליטר,ליטרים,2.00,ליטר,false,1,27.90,13.9500,true,1,75821
7290018925089,false,מיץ תפוחים צלול פרימ,השחר,IL,מיץ תפוחים 2 ליטר,ליטרים,2.00,ליטר,false,1,27.90,13.9500,true,1,75822
7290018925409,false,מיץ לימון ואננס פרימ,"גניר בע""מ",IL,מיץ לימון ואננס פרימור 400 מל,מיליליטרים,400.00,"100 מ""ל",false,1,10.90,0.0273,true,1,77205
7290018925416,false,מיץ לימון ופסיפלורה,"גניר בע""מ",IL,מיץ לימון ופסיפלורה פרימור 400 מל,מיליליטרים,400.00,"100 מ""ל",false,1,10.90,0.0273,true,1,77204
7290018938157,false,נקניקיות מרגז רדיפיי,,,נקניקיות מרגז רדיפיין מיט 337גרם,גרמים,337.00,100 גרם,false,1,44.90,0.1332,true,1,77235
7290018938171,false,המבורגר פרימיום רדיפ,,,המבורגר פרימיום רדיפיין מיט 280גרם,גרמים,280.00,100 גרם,false,1,36.00,0.1286,true,1,77233
7290018938195,false,קבב טלה עגול רדיפיי,,,קבב טלה עגול רדיפיין מיט 330גרם,גרמים,330.00,100 גרם,false,1,39.90,0.1209,true,1,77234
7290018949009,false,משקה קל מוגז גרופר ת,,IL,משקה קל מוגז גרופר תפוזזה 330 מל,מיליליטרים,330.00,"100 מ""ל",false,1,8.90,0.0270,true,1,75600
7290018949016,false,משקה קל מוגז גרופר ת,,IL,משקה קל מוגז גרופר תפוחחה 330 מל,מיליליטרים,330.00,"100 מ""ל",false,1,8.90,0.0270,true,1,75601
7290018949023,false,משקה קל מוגז גרופר ל,,IL,משקה קל מוגז גרופר לימוננדה 330 מל,מיליליטרים,330.00,"100 מ""ל",false,1,8.90,0.0270,true,1,75602
7290018989081,false,חומוס הבית להכנת חומ,זנלכל,IL,חומוס הבית להכנת חומוס טרי יכין 410גרם,גרמים,410.00,100 גרם,false,1,7.90,0.0193,true,1,76904
7290019056041,false,שוופס מ.פירות לימוני,יפאורה תבורי,IL,שוופס ללא סוכר לימונייד 1.5 ליטר,ליטרים,1.50,ליטר,false,1,10.90,7.2667,true,1,75825
7290019056065,false,שוופס מוגז עדין פירו,"יפאורה תבורי בע""מ",IL,שוופס מוגז עדין פירות יער 1.5 ל',ליטרים,1.50,ליטר,false,1,11.50,7.6667,true,1,75827
7290019056072,false,שוופס מוגז עדין אננס,מיוצר עי קונדיטוריית,IL,שוופס מוגז עדין אננס 1.5 ל',ליטרים,1.50,ליטר,false,1,11.50,7.6667,true,1,75828
7290019056096,false,שוופס מוגז עדין אפרס,"כד בני דרום בע""מ",IL,שוופס מוגז עדין אפרסק 1.5 ל',ליטרים,1.50,ליטר,false,1,11.50,7.6667,true,1,75830
7290019056119,false,סודה שוופס 1.5 ליטר,"יפאורה תבורי בע""מ",IL,סודה שוופס 1.5 ליטר,ליטרים,1.50,ליטר,false,1,5.20,3.4667,true,1,75831
7290019056126,false,סודה שוופס לימון 1.5,"כד בני דרום בע""מ",IL,שוופס סודה לימון 1.5 ל',ליטרים,1.50,ליטר,false,1,5.80,3.8667,true,1,75832
7290019056164,false,סודה שוופס רביעייה ב,"יפאורה תבורי בע""מ",IL,סודה שוופס רביעייה בקבוק 1.5 ליטר,ליטרים,6.00,ליטר,false,4,12.90,2.1500,true,1,75794
7290019056232,false,שוופס ליים מוחיטו 1.,"כד בני דרום בע""מ",IL,שוופס מוחיטו 1.5 ל',ליטרים,1.50,ליטר,false,1,10.90,7.2667,true,1,75836
7290019056294,false,שוופס גינגר בקבוק 1.,"כד בני דרום בע""מ",IL,שוופס ג'ינג'ר אייל 1.5 ל',ליטרים,1.50,ליטר,false,1,12.90,8.6000,true,1,75841
7290019056300,false,שוופס ביטר לימון בקב,"כד בני דרום בע""מ",IL,שוופס ביטר למון 1.5 ל',ליטרים,1.50,ליטר,false,1,12.90,8.6000,true,1,75842
7290019056317,false,שוופס ראשן בקבוק 1.5,"כד בני דרום בע""מ",IL,שוופס ראשן 1.5 ל',ליטרים,1.50,ליטר,false,1,12.90,8.6000,true,1,75843
7290019056324,false,שוופס מי טוניק בקבוק,"כד בני דרום בע""מ",IL,שוופס טוניק 1.5 ל',ליטרים,1.50,ליטר,false,1,12.90,8.6000,true,1,75844
7290019056331,false,שוופס טוניק ללא סוכר,מיוצר עי קונדיטוריית,IL,שוופס מי טוניק ללא סוכר 1.5 ליטר,ליטרים,1.50,ליטר,false,1,12.90,8.6000,true,1,75845
7290019056508,false,משקה פרוט ווטר ענבים,"יפאורה תבורי בע""מ",IL,Fruit Water ענבים 1.5 ל',ליטרים,1.50,ליטר,false,1,10.90,7.2667,true,1,75856
7290019056515,false,משקה פרוט ווטר אננס,"כד בני דרום בע""מ",IL,Fruit Water אננס 1.5 ל',ליטרים,1.50,ליטר,false,1,10.90,7.2667,true,1,75857
7290019056522,false,משקה פרוט ווטר תות 1,"יפאורה תבורי בע""מ",IL,Fruit Water תות 1.5 ל',ליטרים,1.50,ליטר,false,1,10.90,7.2667,true,1,75858
7290019056539,false,משקה פרוט ווטר אפרסק,"יפאורה תבורי בע""מ",IL,Fruit Water אפרסק 1.5 ל',ליטרים,1.50,ליטר,false,1,10.90,7.2667,true,1,75859
7290019056546,false,משקה פרוט ווטר אבטיח,"יפאורה תבורי בע""מ",IL,Fruit Water אבטיח 1.5 ל',ליטרים,1.50,ליטר,false,1,10.90,7.2667,true,1,75860
7290019056553,false,מים עין גדי שישייה 2,עין גדי מים מינרליים,IL,מים עין גדי שישייה 2 ליטר,ליטרים,12.00,ליטר,false,6,13.80,1.1500,true,1,75861
7290019056560,false,מים עין גדי בקבוק 2,יפאורה,IL,מים עין גדי בקבוק 2 ליטר,ליטרים,2.00,ליטר,false,1,4.20,2.1000,true,1,75862
7290019056577,false,ספרינג מנגו 1.5 ליטר,"כד בני דרום בע""מ",IL,ספרינג מנגו 1.5 ל',ליטרים,1.50,ליטר,false,1,11.90,7.9333,true,1,75863
7290019056621,false,ספרינג פירות קיץ טרו,"יפאורה תבורי בע""מ",IL,ספרינג פירות טרופיים 1.5 ל',ליטרים,1.50,ליטר,false,1,11.90,7.9333,true,1,75865
7290019056645,false,ספרינג אגס סברס תפוח,"יפאורה תבורי בע""מ",IL,ספרינג תפוח אגס סברס 1.5 ל',ליטרים,1.50,ליטר,false,1,11.90,7.9333,true,1,75867
7290019056652,false,ספרינג אננס ובננה 1.,"יפאורה תבורי בע""מ",IL,ספרינג אננס בננה 1.5 ל',ליטרים,1.50,ליטר,false,1,11.90,7.9333,true,1,75868
7290019056881,false,סודה שוופס 1.5 ליטר,"כד בני דרום בע""מ",IL,סודה שוופס 1.5 ליטר,ליטרים,1.50,ליטר,false,1,5.20,3.4667,true,1,75995
7290019056898,false,סודה שוופס לימון 1.5,"כד בני דרום בע""מ",IL,סודה שוופס לימון 1.5 ליטר,ליטרים,1.50,ליטר,false,1,5.80,3.8667,true,1,75996
7290019056942,false,מים עין גדי בקבוק 2,יפאורה,IL,מים עין גדי בקבוק 2 ליטר,ליטרים,2.00,ליטר,false,1,4.20,2.1000,true,1,75984
7290019056959,false,מי עדן בקבוק 1.5 ליט,יפאורה,IL,מי עדן בקבוק 1.5 ליטר,ליטרים,1.50,ליטר,false,1,4.90,3.2667,true,1,75870
7290019056966,false,מי עדן בקבוק 1.5 ליט,יפאורה,IL,מי עדן בקבוק 1.5 ליטר,ליטרים,1.50,ליטר,false,1,5.20,3.4667,true,1,75999
7290019056973,false,מי עדן שישייה בקבוק,מופק ממקור בזלתי עדן,IL,מי עדן שישייה בקבוק 1.5 ליטר,ליטרים,9.00,ליטר,false,6,14.90,1.6556,true,1,75871
7290019153313,false,פרוט אנד ווג תפוח חמ,יפאורה תבורי בעמ,IL,פרוט אנד ווג תפוח חמוציות אוכמניות 350,מיליליטרים,350.00,"100 מ""ל",false,1,9.50,0.0271,true,1,76735
7290019153368,false,תפוזינה מוחיטו 330 מ,יפאורה,IL,"תפוזינה מוחיטו 330 מ""ל",מיליליטרים,330.00,"100 מ""ל",false,1,6.90,0.0209,true,1,76874
7290019196204,false,רביעיית טונה הספן בש,תעשיות פילטונה,IL,רביעיית טונה הספן בשמן קנולה 540גרם,גרמים,540.00,100 גרם,false,4,21.90,0.0406,true,1,76515
7290019232155,false,ויסוצקי לילה טוב קמו,ויסוצקי,IL,ויסוצקי לילה טוב קמומיל לבנדר 25 שקיקים,גרמים,25.00,100 גרם,false,1,26.90,1.0760,true,1,77444
7290019232162,false,ויסוצקי לילה טוב קמו,ויסוצקי,IL,ויסוצקי לילה טוב קמומיל מליסה 25 שקיקים,גרמים,25.00,100 גרם,false,1,26.90,1.0760,true,1,77445
7290019232179,false,ויסוצקי STEY WELL נע,ויסוצקי,IL,ויסוצקי STEY WELL נענע 25 שקיקים,גרמים,25.00,100 גרם,false,1,26.90,1.0760,true,1,77441
7290019232186,false,ויסוצקי STEY WELL לי,ויסוצקי,IL,ויסוצקי STEY WELL לימונית לואיזה 25 שקיקים,גרמים,25.00,100 גרם,false,1,26.90,1.0760,true,1,77442
7290019232193,false,ויסוצקי STEY WELL לי,ויסוצקי,IL,ויסוצקי STEY WELL לימונית גינגר 25 שקיקים,גרמים,25.00,100 גרם,false,1,26.90,1.0760,true,1,77443
7290019232827,false,הולגריין ביסקוויט במ,פלאדיס,TR,הולגריין ביסקוויט במילוי אגוזי לוז 300 גרם,גרמים,300.00,100 גרם,false,1,13.90,0.0463,true,1,77150
7290019232834,false,בייגלה מצופה קרם עוג,אולקר מקבוצת פלאדיס,TR,בייגלה מצופה קרם עוגיות ושוקולד 140 גרם,גרמים,140.00,100 גרם,false,1,9.90,0.0707,true,1,76730
7290019233008,false,שקשוקה ארטישוק רוטב,זיתא,IT,שקשוקה ארטישוק רוטב עגבניות עם קוביות 420 גרם,גרמים,420.00,100 גרם,false,1,13.90,0.0331,true,1,77113
7290019233015,false,שקשוקה ירוקה תבשיל י,זיתא,IT,שקשוקה ירוקה תבשיל ירקות 420 גרם,גרמים,420.00,100 גרם,false,1,13.90,0.0331,true,1,77112
7290019233039,false,שקשוקה קלאסית רוטב ע,זיתא,IT,שקשוקה קלאסית רוטב עגבניות עם קוביות פלפלים צלויים,גרמים,420.00,100 גרם,false,1,13.90,0.0331,true,1,77114
7290019233046,false,זית קלמטה בלונד קלמט,זיתא,IL,זית קלמטה בלונד קלמטה מרינד זיתא 215 גרם,גרמים,215.00,100 גרם,false,1,14.90,0.0693,true,1,76131
7290019297239,false,צימוק כהה 330 גרם,"דין שיווק וקליה בע""מ",,צימוק כהה 330 גרם,גרמים,330.00,100 גרם,false,1,14.90,0.0452,true,1,12518
7290019297628,false,שקד טבעי 150 גרם,דין שיווק,IL,שקד טבעי 150 גרם,גרמים,150.00,100 גרם,false,1,18.90,0.1260,true,1,75221
7290019297635,false,שקדים קלויים ששון הק,דין שיווק,IL,שקדים קלויים ששון הקולה 150 גרם,גרמים,150.00,100 גרם,false,1,21.90,0.1460,true,1,75222
7290019297642,false,גרעין שחור קלוי ללא,דין שיווק,IL,גרעין שחור קלוי ללא מלח 150 גר ששון,גרמים,150.00,100 גרם,false,1,5.90,0.0393,true,1,75279
7290019391005,false,אורז לבן - פיקס,,IL,אורז לבן - פיקס,גרמים,250.00,100 גרם,false,1,0.00,0.0000,true,1,77332
7290019391050,false,תפוא זעירים - פיקס,,IL,תפוא זעירים - פיקס,גרמים,250.00,100 גרם,false,1,0.00,0.0000,true,1,77337
7290019391104,false,קציצות עוף ברוטב עגב,,IL,קציצות עוף ברוטב עגבניות -המטבחון,גרמים,250.00,100 גרם,false,1,0.00,0.0000,true,1,77327
7290019391173,false,אזמה - אריא,,IL,אזמה - אריא,גרמים,180.00,100 גרם,false,1,0.00,0.0000,true,1,77321
7290019391203,false,לביבות כרובית - דה ס,,IL,לביבות כרובית - דה סטריטס,גרמים,220.00,100 גרם,false,1,0.00,0.0000,true,1,77329
7290019391258,false,סלט עדשים שחורים ויר,,IL,סלט עדשים שחורים וירקות - סון רון,גרמים,250.00,100 גרם,false,1,0.00,0.0000,true,1,77336
7290019391272,false,תערובת שטרן - קפה בש,,IL,תערובת שטרן - קפה בשוק,גרמים,200.00,100 גרם,false,1,0.00,0.0000,true,1,77340
7290019391302,false,טונה טוניסאית - אריא,,IL,טונה טוניסאית - אריא,גרמים,160.00,100 גרם,false,1,0.00,0.0000,true,1,77320
7290019391326,false,תערובת אלנבי דרום -,,IL,תערובת אלנבי דרום - אדמונד,גרמים,200.00,100 גרם,false,1,0.00,0.0000,true,1,77341
7290019391364,false,פילה סלמון+ אטריות א,,IL,פילה סלמון+ אטריות אורז - מאנטה רי,גרמים,320.00,100 גרם,false,1,0.00,0.0000,true,1,77322
7290019391371,false,פפואה ניו גינאה - טי,,IL,פפואה ניו גינאה - טימותי,גרמים,200.00,100 גרם,false,1,0.00,0.0000,true,1,77342
7290019391418,false,"שיפודי פרגית+ תפו""א-",,IL,"שיפודי פרגית+ תפו""א- סון רון",גרמים,300.00,100 גרם,false,1,0.00,0.0000,true,1,77324
7290019391456,false,מטבוחה -המטבחון,,IL,מטבוחה -המטבחון,גרמים,180.00,100 גרם,false,1,0.00,0.0000,true,1,77319
7290019391463,false,פד קא פאו +אורז תאלי,,IL,פד קא פאו +אורז תאלינדי - תאלינדית בהר ס,גרמים,320.00,100 גרם,false,1,0.00,0.0000,true,1,77323
7290019391470,false,צמרת מוקה - קפה בשוק,,IL,צמרת מוקה - קפה בשוק,גרמים,200.00,100 גרם,false,1,0.00,0.0000,true,1,77344
7290019391500,false,פריקי גלילי - אוזריה,,IL,פריקי גלילי - אוזריה,גרמים,250.00,100 גרם,false,1,0.00,0.0000,true,1,77333
7290019391555,false,קארי ירקות כתומים וט,,IL,קארי ירקות כתומים וטופו - באנה,גרמים,250.00,100 גרם,false,1,0.00,0.0000,true,1,77328
7290019391562,false,קציצות בקר -דלידה,,IL,קציצות בקר -דלידה,גרמים,250.00,100 גרם,false,1,0.00,0.0000,true,1,77326
7290019391616,false,קינואה עדשים ירוקים,,IL,קינואה עדשים ירוקים - באנה,גרמים,250.00,100 גרם,false,1,0.00,0.0000,true,1,77335
7290019391654,false,פסטה בולונז -אמורה מ,,IL,פסטה בולונז -אמורה מיו,גרמים,300.00,100 גרם,false,1,0.00,0.0000,true,1,77325
7290019391715,false,אחו בלאנקו - אוזריה,אוזריה,,אחו בלאנקו - אוזריה,גרמים,160.00,100 גרם,false,1,0.00,0.0000,true,1,77316
7290019391760,false,סלט ביצים -דלידה,מאנטה רי,,סלט ביצים -דלידה,גרמים,180.00,100 גרם,false,1,0.00,0.0000,true,1,77317
7290019391814,false,כבד קצוץ - חוות צוק,,IL,כבד קצוץ - חוות צוק,גרמים,160.00,100 גרם,false,1,0.00,0.0000,true,1,77318
7290067642005,false,בירה גולדסטאר SLOW B,טמפו,IL,גולדסטאר 10% בירה לאגר חזקה מאוד,מיליליטרים,330.00,"100 מ""ל",false,1,9.90,0.0300,true,1,16828
7290100240632,false,פתית 6 דגנים 250 גרם,יוניליוור ישראל מזון,IL,פתיתי 6 דגנים קרקר פריך מ6 דגנים,גרמים,250.00,100 גרם,false,1,20.90,0.0836,true,1,7811
7290100240656,false,פתית שיפון,יוניליוור ישראל מזון,IL,פתית שיפון קרקר פריך משיפון ללא תוספת מלח וסוכר,גרמים,300.00,100 גרם,false,1,20.90,0.0697,true,1,7812
7290100243671,false,מרכך כביסה בדין אקסט,יוניליוור סנאיי וי ט,TR,בדין מרכך כביסה מרוכז בדין אקסטרה כחול 960 מל,מיליליטרים,960.00,"100 מ""ל",false,1,22.90,0.0239,true,1,6770
7290100245231,false,מרק נמס בכוס ועוד עו,יוניליוור ישראל מזון,IL,קנור נמס בכוס טעם עוף עם שקדי מרק ואטריות 50 גרם,גרמים,50.00,100 גרם,false,1,8.50,0.1700,true,1,7410
7290100341803,false,רצועות עוף דנטליים 2,ביופט,IL,בונזו חטיף רצועות עוף דנטלי,גרמים,25.00,100 גרם,false,1,5.90,0.2360,true,1,53840
7290100412343,true,קוויק לניקוי כללי -,האי נאם סי או אל.טי.,IL,מטליות לחות,לא מנהל יחידת מידה,0.00,לא מנהל יחידת מידה,false,1,10.50,0.0000,true,1,41205
7290100653586,false,דאודורנט ליידי ספיד,קולגייט פלמוליב,US,דאודורנט ליידי ספיד סטיק 24/7 גל פרש פיוזן 65 גרם,גרמים,65.00,100 גרם,false,1,19.90,0.3062,true,1,4226
7290100659090,false,מאגדת חטיף דגנים תמר,"כד בני דרום בע""מ",IL,FRמאגדת חטיף דגנים תמרים וקינמון 110 גרם,גרמים,110.00,100 גרם,false,1,17.50,0.1591,true,1,4534
7290100680650,false,מנה חמה נודלס תאילנד,THAI PRESIDENT FOODS,TH,מנה חמה נודל.+ירקות תאילנדי6 6*76גרם,גרמים,76.00,100 גרם,false,1,7.90,0.1039,true,1,4131
7290100680667,false,מנה חמה נודלס סצואן,THAI PRESIDENT FOODS,TH,מנה חמה נודלס+ירקות ט.סצ'ואן6 6*76גרם,גרמים,76.00,100 גרם,false,1,7.90,0.1039,true,1,4132
7290100685334,false,מרק עוף אמיתי ר.טבעי,"אסם השקעות בע""מ",IL,אסם מרק עוף רכיבים טבעיים בדצ6*400גרם,גרמים,400.00,100 גרם,false,1,29.90,0.0747,true,1,5505
7290100685341,false,אבקת מרק טעם עוף 400,"אסם השקעות בע""מ",IL,אסם מרק זך טעם עוף רכיבים טבעים 6*400ג,גרמים,400.00,100 גרם,false,1,19.90,0.0497,true,1,4789
7290100687109,false,במבה במילוי נוגט,"אסם השקעות בע""מ",IL,במבה במילוי נוגט 60 גרם,גרמים,60.00,100 גרם,false,1,4.90,0.0817,true,1,6164
7290100700020,false,גריסי פנינה 500 גרם,"סוגת תעשיות בע""מ",IL,גריסי פנינה 500 גרם,גרמים,500.00,100 גרם,false,1,6.50,0.0130,true,1,4124
7290100700242,false,"אורז עגול מלא 1 ק""ג","סוגת תעשיות בע""מ",IL,"אורז עגול מלא 1 ק""ג",קילוגרמים,1.00,"ק""ג",false,1,13.90,13.9000,true,1,9639
7290100700273,false,קינואה סוגת 500 גרם,"סוגת תעשיות בע""מ",IL,קינואה 500 גרם,גרמים,500.00,100 גרם,false,1,16.90,0.0338,true,1,7411
7290100700372,false,אורז בסמטי מלא סוגת,"סוגת תעשיות בע""מ",IL,אורז בסמטי מלא 1 קג,קילוגרמים,1.00,"ק""ג",false,1,16.90,16.9000,true,1,6941
7290100700396,false,"אורז יסמין סוגת 1 ק""","סוגת תעשיות בע""מ",IL,אורז יסמין קלאסי,קילוגרמים,1.00,"ק""ג",false,1,14.90,14.9000,true,1,9636
7290100700587,false,בורגול סוגת 500 גרם,"סוגת תעשיות בע""מ",IL,בורגול 500 גרם,גרמים,500.00,100 גרם,false,1,6.50,0.0130,true,1,7914
7290100701331,false,"קמח רב תכליתי 1 ק""ג","שטיבל בע""מ - טחנות ק",IL,קמח רב תכליתי +1,קילוגרמים,1.00,"ק""ג",false,1,8.90,8.9000,true,1,9411
7290100703007,false,עדשים שחורות בלוגה 5,האי נאם סי או אל.טי.,IL,עדשים שחורות בלוגה,גרמים,500.00,100 גרם,false,1,9.90,0.0198,true,1,19964
7290100704066,false,עדשים צהובות 500 גרם,"סוגת תעשיות בע""מ",IL,עדשים צהובות 500 גרם,גרמים,500.00,100 גרם,false,1,9.90,0.0198,true,1,19160
7290100704141,false,סודה לשתייה 100 גרם,א.ל. ייצור ושיווק תב,IL,סודה לשתיה 100 גרם,גרמים,100.00,100 גרם,false,1,3.50,0.0350,true,1,19973
7290100850909,false,דוריטוס נאצו 70 גרם,שטראוס,IL,דוריטוס נאצו 70 גרם,גרמים,70.00,100 גרם,false,1,5.50,0.0786,true,1,77385
7290100850916,false,דוריטוס חמוץ חריף 70,"שטראוס פריטו ליי בע""",IL,דוריטוס חמוץ חריף 70 גר 48 יח,גרמים,70.00,100 גרם,false,1,5.50,0.0786,true,1,3955
7290100850923,false,דוריטוס גריל 70 גרם,שטראוס פריטו ליי בע,IL,דוריטוס גריל 70 גר 48 יח,גרמים,70.00,100 גרם,false,1,5.50,0.0786,true,1,3956
7290100850930,false,דוריטוס טבעי 70 גרם,שטראוס פריטו ליי בע,IL,דוריטוס טבעי 70 גר 48 יח,גרמים,70.00,100 גרם,false,1,5.50,0.0786,true,1,3957
7290100858592,false,אבקת קקאו עלית 150 ג,הנסיך- מפעל לייצור ט,IL,שקית קקאו 150גרם/20שק/150גר,גרמים,150.00,100 גרם,false,1,11.90,0.0793,true,1,5066
7290101453871,false,נר מספר 0,סודי,,נר מספר 0,Unknown,0.00,Unknown,false,1,3.50,0.0000,true,1,12771
7290101453918,false,נר מספר 4,סודי,,נר מספר 4,Unknown,0.00,Unknown,false,1,3.50,0.0000,true,1,12775
7290101453925,false,נר מספר 5,סודי,,נר מספר 5,Unknown,0.00,Unknown,false,1,3.50,0.0000,true,1,12776
7290101453932,false,נר מספר 6,סודי,,נר מספר 6,Unknown,0.00,Unknown,false,1,3.50,0.0000,true,1,12777
7290101453956,false,נר מספר 8,סודי,,נר מספר 8,Unknown,0.00,Unknown,false,1,3.50,0.0000,true,1,12779
7290101453963,false,נר מספר 9,סודי,,נר מספר 9,Unknown,0.00,Unknown,false,1,3.50,0.0000,true,1,12780
7290101454151,false,"נרות ג""מבו כוכבים סמ",סודי,,"נרות ג""מבו כוכבים סמי הכבאי",יחידה,1.00,יחידה,false,1,6.80,6.8000,true,1,13944
7290101488286,false,דאודורנט ספרי ליידי,קולגייט פלמוליב,RU,דאודורנט ספרי ל.ספיד ורוד פרש פיוזן150 מ,מיליליטרים,150.00,"100 מ""ל",false,1,23.90,0.1593,true,1,7135
7290101488316,false,דאו ליידי ספיד סטיק,קולגייט פלמוליב,US,דאודורנט ליידי ספיד סטיק ללא סימן שאוור פרש 65 גרם,מיליליטרים,65.00,"100 מ""ל",false,1,19.90,0.3062,true,1,6246
7290101551027,false,קפסולות קפה אספרסו 1,שטראוס קפה בי.וי,IL,קפסולות קפה אספרסו 14,גרמים,50.00,100 גרם,false,1,18.90,0.3780,true,1,66392
7290101551300,false,סילאן לחיץ יד מרדכי,"פוליבה בע""מ",IL,סילאן טבעי לחיץ 380 גרם,גרמים,380.00,100 גרם,false,1,18.90,0.0497,true,1,20203
7290101551539,true,דנונה פרו 20 גרם בטע,"שטראוס בריאות בע""מ",IL,דנונה פרו 20 גר אפרסק 0% שומן,גרמים,200.00,100 גרם,false,1,6.50,0.0325,true,1,19635
7290101864127,false,קליה אוקסי ספריי,רקיט בנקיזר,IL,"ספריי מסיר כתמים וניש קליה 750 מ""ל",מיליליטרים,750.00,"100 מ""ל",false,1,19.90,0.0265,true,1,7289
7290101865261,false,נוזל הברקה למדיח,פיניש,,"פיניש נוזל הברקה למדיח 800 מ""ל",מיליליטרים,800.00,"100 מ""ל",false,1,22.90,0.0286,true,1,10305
7290101866633,false,"ג""ל להסרת כתמים קליה",קליה,,"ג""ל להסרת כתמים קליה וניש 3 ליטר",ליטרים,3.00,ליטר,false,1,27.90,9.3000,true,1,8953
7290101984412,false,זיקוק מספר,F.T.I,,זיקוק מספר,Unknown,0.00,Unknown,false,1,5.80,0.0000,true,1,11564
7290101992059,false,כרזת מזל טוב,ארסלן,,כרזת מזל טוב,Unknown,0.00,Unknown,false,1,5.80,0.0000,true,1,13933
7290101999614,false,"נרות ג""מבו כוכבים פו",סודי,,"נרות ג""מבו כוכבים פו הדב",מיליליטרים,0.00,"100 מ""ל",false,1,6.80,0.0000,true,1,13945
7290101999621,false,נרות מטה כוכבים דרד,סודי,,נרות מטה כוכבים דרדסים,Unknown,0.00,Unknown,false,1,6.80,0.0000,true,1,13948
7290102004256,false,סט משאבה עם בלונים ו,גמר,,סט משאבה עם בלונים ווינקס,Unknown,0.00,Unknown,false,1,19.00,0.0000,true,1,13937
7290102030330,false,תפוציפס קראנץ מקסיקנ,"שטראוס פריטו ליי בע""",IL,תפו קראנצ מקסיקני 200 גר 12 יח - שמיטה,גרמים,200.00,100 גרם,false,1,11.90,0.0595,true,1,5527
7290102300815,false,צדר כתום פרוס 200גרם,שבינגטון,GB,צדר כתום פרוס 200גרם,גרמים,200.00,100 גרם,false,1,29.90,0.1495,true,1,75975
7290102300822,false,גבינת צדר אנגלית כתו,יוליניבר,,גבינת צדר אנגלית כתומה 200 גרם נני,גרמים,200.00,100 גרם,false,1,27.90,0.1395,true,1,9429
7290102300860,false,גבינת צדר אנגלית 200,יוליניבר,,גבינת צדר אנגלית 200 גרם נני,גרמים,200.00,100 גרם,false,1,27.90,0.1395,true,1,9432
7290102302246,false,גבינת גאודה 200 גרם,מיוצר עי קונדיטוריית,NL,גבינת גאודה נני 200 גרם,גרמים,200.00,100 גרם,false,1,27.90,0.1395,true,1,17945
7290102302864,false,גאודה פסטו ירוק 200,הנרי ויליך,NL,גאודה פסטו ירוק 200 גרם,גרמים,200.00,100 גרם,false,1,36.90,0.1845,true,1,72255
7290102390427,false,יוגורט מולר פרופ תות,טרה,,יוגורט מולר פרופ תות 150 גרם,גרמים,150.00,100 גרם,false,1,5.90,0.0393,true,1,6002
7290102390465,false,יוגורט מולר פרופ אפר,טרה,,יוגורט מולר פרופ אפרסק פסיפלורה 150 גרם,גרמים,150.00,100 גרם,false,1,5.90,0.0393,true,1,6003
7290102390489,false,יוגורט מולר פרופ לימ,טרה,,יוגורט מולר פרופ לימון 150 גרם,גרמים,150.00,100 גרם,false,1,5.90,0.0393,true,1,6004
7290102391844,false,יוגורט מולר פרופ פיר,טרה,,יוגורט מולר פרופ פירות יער 150 גרם,גרמים,150.00,100 גרם,false,1,5.90,0.0393,true,1,6561
7290102392728,false,יוגרוט מולר ביאנקו 2,"טרה, פארק תעשיות בע""",IL,"מולייר, יוגורט bio 2.8% שומן",גרמים,200.00,100 גרם,false,1,4.50,0.0225,true,1,7483
7290102393039,false,יוגורט מולר מיקס פצפ,טרה,IL,יוגורט מולר מיקס פצפוצי שוקולד 170 גרם,גרמים,170.00,100 גרם,false,1,6.50,0.0382,true,1,7790
7290102393060,false,יוגורט קרם אגוזים מו,טרה,IL,Muller mix גליליות קרם אגוזים,גרמים,170.00,100 גרם,false,1,6.50,0.0382,true,1,7791
7290102393169,false,יוגורט מולר סימפלי פ,טרה,IL,מולר יוגורט ביו עם תות שדה 3% שומן 150 גרם,גרמים,150.00,100 גרם,false,1,6.00,0.0400,true,1,8434
7290102393176,false,יוגורט מולר סימפלי פ,מילקו תעשיות בעמ,IL,יוגורט מולר סימפלי פרוט אפרסק 3% 150 גרם,גרמים,150.00,100 גרם,false,1,6.00,0.0400,true,1,8435
7290102393190,false,יוגורט מולר סימפלי פ,מילקו תעשיות בעמ,IL,Muller Simply fruit יוגורט BIO פירות יער,גרמים,150.00,100 גרם,false,1,6.00,0.0400,true,1,8436
7290102393947,false,יוגורט מולר סימפלי פ,מילקו תעשיות בעמ,IL,יוגורט מולר סימפלי פרוט קיווי 3% 150 גרם,גרמים,150.00,100 גרם,false,1,6.00,0.0400,true,1,8805
7290102394081,false,יוגורט קורנפלקס מולר,מילקו תעשייה בעמ,IL,Muller mix קורנפלקס מצופה,גרמים,170.00,100 גרם,false,1,6.50,0.0382,true,1,8806
7290102394463,false,גבינה צהובה 28% נעם,טרה,IL,"גבנצ 28% ואקום 500 ג' בד""צ",גרמים,500.00,100 גרם,false,1,30.90,0.0618,true,1,10211
7290102394821,false,גבינה צהובה דק דק 28,מילקו תעשיות בעמ,IL,גבנצ 28% דק דק 200 ג',גרמים,200.00,100 גרם,false,1,18.90,0.0945,true,1,9436
7290102394845,false,גבינה צהובה דק דק 9%,מילקו תעשיות בעמ,IL,גבנצ 9% דק דק 200 ג',גרמים,200.00,100 גרם,false,1,17.90,0.0895,true,1,9437
7290102396665,false,גבינה צהובה דק דק 15,מילקו תעשיות בעמ,IL,גבנצ 15% דק דק 200 ג',גרמים,200.00,100 גרם,false,1,18.90,0.0945,true,1,14187
7290102396719,false,יוגורט מולר סימפלי פ,טרה,IL,יוגורט BIO עם חתיכת פרי,גרמים,150.00,100 גרם,false,1,6.00,0.0400,true,1,12561
7290102397204,false,גבינה צהובה דק דק 22,מילקו תעשיות בעמ,IL,גבנצ 22% דק דק 200 ג',גרמים,200.00,100 גרם,false,1,18.90,0.0945,true,1,14188
7290102397464,false,יוגורט מולר נטורל פק,טרה,IL,מולר ביאנקו פלוס + פקאן וגרעינים,גרמים,168.00,100 גרם,false,1,6.50,0.0387,true,1,16812
7290102397600,false,מולר מיקס שקדים ובוט,מילקו תעשייה בעמ,IL,Muller mix שקדים ובוטנים בקרמל,גרמים,168.00,100 גרם,false,1,6.50,0.0387,true,1,15527
7290102397617,false,יוגורט מולר מיקס קלי,טרה,IL,Muller mix כדורי דגנים בציפוי שוקולד,גרמים,168.00,100 גרם,false,1,6.50,0.0387,true,1,15528
7290102397730,false,גבינת אמנטל נעם פתיח,טרה,IL,טרה נועם אמנטל פרוסות גבינה חצי קשה 30% 200 גרם,גרמים,200.00,100 גרם,false,1,19.90,0.0995,true,1,17196
7290102397747,false,גבינה מוצרלה נעם רכי,טרה,IL,"מוצרלה נעם 22% שומן, 200 גרם",גרמים,200.00,100 גרם,false,1,23.90,0.1195,true,1,17981
7290102398065,false,חלב 2 3% ליטר קרטון,טרה,IL,טרה חלב בקרטון 2 ליטר 3% שומן,ליטרים,2.00,ליטר,false,1,12.46,6.2300,true,1,42937
7290102398072,false,חלב 3% קרטון מהדרין,טרה,IL,חלב בקרטון 1 ליטר 3% שומן,ליטרים,1.00,ליטר,false,1,6.23,6.2300,true,1,17411
7290102398287,false,יוגורט מולר פרופ תות,טרה,IL,תות 0.9% 150 גרם Muller Froop,גרמים,150.00,100 גרם,false,1,5.90,0.0393,true,1,17957
7290102398331,false,חלב מועשר דל לקטוז 1,טרה,IL,"טרה חלב מועשר דל לקטוז 2% שומן, 1 ליטר",ליטרים,1.00,ליטר,false,1,8.90,8.9000,true,1,17983
7290102398577,false,שוקו טרה מועשר בקבוק,מילקו תעשיות בעמ,IL,"שוקו250 מ""ל בקבוק",מיליליטרים,250.00,"100 מ""ל",false,1,6.90,0.0276,true,1,19498
7290102399048,false,קשקבל נעם פתיחה חוזר,טרה,IL,קשקבל נעם פתיחה חוזרת - 200 גרם,גרמים,200.00,100 גרם,false,1,27.90,0.1395,true,1,67145
7290102399796,false,מולר אקטיב יוגורט25,טרה,IL,Muller Active יוגורט BIO מועשר חלבון,גרמים,200.00,100 גרם,false,1,6.90,0.0345,true,1,72297
7290102399802,false,מולר אקטיב יוגורט25,טרה,IL,Muller Active יוגורט תות מועשר חלבון 20 גרם,גרמים,200.00,100 גרם,false,1,6.90,0.0345,true,1,72300
7290103401429,false,קפה פלטינום קצב ברזי,הנסיך- מפעל לייצור ט,IL,פלטינום ברזילאי 200 גרם,גרמים,200.00,100 גרם,false,1,29.90,0.1495,true,1,7174
7290103404758,false,סלט כרוב אדום יום יו,מיוצר עי קונדיטוריית,IL,כרוב 120,גרמים,120.00,100 גרם,false,1,5.90,0.0492,true,1,6930
7290103408206,false,עלי חסה בקופסא250 גר,שטראוס בריאות ירקות,IL,עלי חסה בקופסא250 גר שטופים שטראוס,גרמים,250.00,100 גרם,false,1,14.90,0.0596,true,1,7734
7290103681173,false,"יין קברנה 750 מ""ל סד",מיוצר על ידי יקב תבו,IL,הר קברנה סוביניון יין אדום יבש 2016 מל,מיליליטרים,750.00,"100 מ""ל",false,1,38.90,0.0519,true,1,20322
7290103681180,false,"יין מרלו 750 מ""ל סדר",מיוצר על ידי יקב תבו,IL,הר מרלו 750 מל,מיליליטרים,750.00,"100 מ""ל",false,1,38.90,0.0519,true,1,20321
7290103702304,false,שקיות אשפה עבות במיו,"שניב תעשיות נייר בע""",,שקיות אשפה עבות במיוחד טאצ 77*90,Unknown,0.00,Unknown,false,1,17.90,0.0000,true,1,13560
7290103704155,false,מגבות נייר טאצ 6 גלי,"שניב תעשיות נייר בע""",IL,מגבות נייר טאצ 6 גלילים חדש,יחידה,1.00,יחידה,false,1,11.90,11.9000,true,1,74585
7290103704162,false,נייר טואלט טאצ פרימי,"שניב תעשיות נייר בע""",IL,נייר טואלט טאצ פרימיום 32 גלילים,יחידה,1.00,יחידה,false,1,29.90,29.9000,true,1,74329
7290104061417,false,סלט חומוס וטחינה,"שטראוס גרופ בע""מ",IL,סלט חומוס וטחינה 400 גרם,גרמים,400.00,100 גרם,false,1,12.90,0.0323,true,1,7476
7290104061424,false,סלט חומוס וזעתר,מיוצר עי קונדיטוריית,IL,חומוס בתוספת זעתר 400 גרם,גרמים,400.00,100 גרם,false,1,13.90,0.0348,true,1,7477
7290104061431,false,סלט חומוס וצנובר,"שטראוס גרופ בע""מ",IL,סלט חומוס וצנובר 400 גרם,גרמים,400.00,100 גרם,false,1,12.90,0.0323,true,1,7478
7290104061448,false,סלט חומוס וחריף,מיוצר עי קונדיטוריית,IL,חומוס חריף 400 גרם,גרמים,400.00,100 גרם,false,1,12.90,0.0323,true,1,7479
7290104065934,false,עלי רוקט 150 גרם שטו,שטראוס בריאות ירקות,IL,עלי רוקט 150 גרם שטופים שטראוס,גרמים,150.00,100 גרם,false,1,13.90,0.0927,true,1,7882
7290104067679,false,טחינה אחלה 400 גרם,מיוצר עי קונדיטוריית,IL,טחינה 400,גרמים,400.00,100 גרם,false,1,12.90,0.0323,true,1,14299
7290104067693,false,סלט חומוס בתוספת חרי,מיוצר עי קונדיטוריית,IL,חומוס עם חריף 150 גרם,גרמים,150.00,100 גרם,false,1,6.50,0.0433,true,1,11261
7290104500572,false,אפרופו איטליאנו,"אסם השקעות בע""מ",IL,אפרופו איטלקי 36*50גרם,גרמים,50.00,100 גרם,false,1,5.90,0.1180,true,1,8719
7290104501661,false,פודינג אינסטנט וניל,מיוצר עי קונדיטוריית,IL,אסם פודינג בטעם וניל צרפתי 12*80גרם,גרמים,80.00,100 גרם,false,1,6.50,0.0813,true,1,8404
7290104503184,false,בראוניס שוקולד ריבת,מיוצר עי קונדיטוריית,IL,הבית עוגת שבת בראוניס ט.שקלד.ר.חלב8*380ג,גרמים,380.00,100 גרם,false,1,21.90,0.0576,true,1,9121
7290104508943,false,במבה קלאסי 200 גרם,"אסם השקעות בע""מ",IL,במבה קלאסי 200 גרם,גרמים,200.00,100 גרם,false,1,11.90,0.0595,true,1,9220
7290104722530,false,תפוציפס שמנת בצל200,"שטראוס פריטו ליי בע""",IL,תפו שמנת בצל 200 גר 12 יח - שמיטה,גרמים,200.00,100 גרם,false,1,11.90,0.0595,true,1,8278
7290104728310,false,שמנת עמידה לקצפת 38%,מחלבת יטבתה,IL,שמנת להקצפה 38% מהדרין,מיליליטרים,250.00,"100 מ""ל",false,1,6.47,0.0259,true,1,74876
7290104729003,false,שמן זית כתית מעולה י,תות תעשיות מזון (201,IL,שמן זית כתית מעולה יד מרדכי,מיליליטרים,750.00,"100 מ""ל",false,1,36.90,0.0492,true,1,19976
7290105360250,false,קפסולות מקיאטו 10 יח,שטראוס קפה בי.וי.,IL,קפסולות 09 למכונות NESPRESSO,גרמים,50.00,100 גרם,false,1,18.90,0.3780,true,1,10324
7290105360328,false,קפסולות קפה אספרסו 1,שטראוס קפה בי.וי.,IL,קפסולות 10 למכונות NESPRESSO,גרמים,50.00,100 גרם,false,1,18.90,0.3780,true,1,10309
7290105360335,false,קפסולות אספרסו 10 יח,שטראוס קפה בי.וי.,IL,קפסולות 07 למכונות NESPRESSO,גרמים,50.00,100 גרם,false,1,18.90,0.3780,true,1,10310
7290105362339,false,שמנת לבישול 15%,מחלבת יטבתה,IL,"שמנת לבישול 15% מהדרין 250 מ""ל",מיליליטרים,250.00,"100 מ""ל",false,1,8.60,0.0344,true,1,9526
7290105363602,false,מקלות כיף כף קלאסי,"איי, בי, אינבוו",TR,כיף כף מקלות קלאסי,גרמים,40.00,100 גרם,false,1,5.20,0.1300,true,1,10070
7290105364289,false,מקלות כיף כף פצפוצים,"איי, בי, אינבוו",TR,כיף כף מקלות פצפוצים,גרמים,40.00,100 גרם,false,1,5.20,0.1300,true,1,10071
7290105364302,false,מקלות כיף כף אגוזים,"איי, בי, אינבוו",TR,כיף כף מקלות אגוזים,גרמים,40.00,100 גרם,false,1,5.20,0.1300,true,1,10072
7290105368331,false,מילקי תות 133 גרם,מחלבת אחיהוד,IL,מילקי בטעם תות,גרמים,133.00,100 גרם,false,1,2.90,0.0218,true,1,9616
7290105369130,false,גבינת סימפוניה 5% בצ,"שטראוס בריאות בע""מ",IL,סימפוניה בצל ירוק 2022,גרמים,200.00,100 גרם,false,1,12.90,0.0645,true,1,10213
7290105431868,false,פלמוליב ספא קוקוס 50,קולגייט פלמוליב,TR,500 מל סבון נוזלי פלמוליב חלב קוקוס,מיליליטרים,500.00,"100 מ""ל",false,1,17.90,0.0358,true,1,11240
7290105500151,false,וודקה פינלנדיה בקבוק,"אלטיה קורפ, הלסינקי,",FI,"וודקה פינלנדיה בקבוק 700 מ""ל",מיליליטרים,700.00,"100 מ""ל",false,1,74.90,0.1070,true,1,9790
7290105500236,false,ויסקי גק דניאלס 700,ג'ק דניאלס,US,טנסי וויסקי,מיליליטרים,700.00,"100 מ""ל",false,1,129.90,0.1856,true,1,11996
7290105500748,false,פיימוס גראוס 700 מל,מתיו גלוג אנד סאן,GB,"פיימוס גראוס 700 מ""ל",מיליליטרים,700.00,"100 מ""ל",false,1,89.90,0.1284,true,1,20264
7290105500953,false,ויסקי גק דניאלס דבש,ג'ק דניאל'ס,BE,ליקר טנסי דבש על בסיס ג'ק דניאל'ס,מיליליטרים,700.00,"100 מ""ל",false,1,129.90,0.1856,true,1,11997
7290105501103,false,מארז גק דניאלס 700 מ,,US,"מארז גק דניאלס 700 מ""ל + כוס (כשר)",מיליליטרים,700.00,"100 מ""ל",false,1,129.90,0.1856,true,1,73491
7290105691224,false,טורטייה שום בצל 60 ג,,IL,אסם חטיפי פריכונים טורטיה שום בצל 12*60ג,גרמים,60.00,100 גרם,false,1,8.50,0.1417,true,1,9286
7290105691248,false,טורטייה תירס 60 גרם,,IL,אסם חטיפי פריכונים טורטיה תירס 12*60גרם,גרמים,60.00,100 גרם,false,1,8.50,0.1417,true,1,9287
7290105691934,false,"קמח שמרים 1 ק""ג",תאי פרזידנט פוד פאבל,IL,"קמח שמרים 1 ק""ג אסם",קילוגרמים,1.00,"ק""ג",false,1,12.50,12.5000,true,1,9935
7290105692498,false,הבית עוגת בראוניס כש,אסם,IL,הבית עוגת בראוניס כשלפ 430 גרם,גרמים,430.00,100 גרם,false,1,21.90,0.0509,true,1,9403
7290105693952,false,פירורית זהב שומשום 2,מיוצר עי קונדיטוריית,IL,פירורית זהב שומשום 200 גרם,גרמים,200.00,100 גרם,false,1,6.90,0.0345,true,1,9528
7290105694904,false,אבקת מרק פטריות 220,"אסם השקעות בע""מ",IL,אבקת מרק פטריות 220 גרם,גרמים,220.00,100 גרם,false,1,18.50,0.0841,true,1,9944
7290105694928,false,אבקת מרק בצל 220 גרם,"אסם השקעות בע""מ",IL,אבקת מרק בצל 220 גרם,גרמים,220.00,100 גרם,false,1,18.50,0.0841,true,1,9928
7290105695024,false,פתיתים אפויים אורז ע,"אסם השקעות בע""מ",IL,אסם פתיתים אפויים אורז עם אטריות 12*500ג,גרמים,500.00,100 גרם,false,1,7.90,0.0158,true,1,10095
7290105962980,false,כרוב אדום 400 גרם,מיוצר עי קונדיטוריית,IL,כרוב אדום 400,גרמים,400.00,100 גרם,false,1,12.90,0.0323,true,1,14298
7290105962997,false,חציל במיונז 400 גרם,"שטראוס גרופ בע""מ",IL,חציל במיונז 400 גרם,גרמים,400.00,100 גרם,false,1,12.90,0.0323,true,1,14297
7290105963000,false,מטבוחה 400 גרם,מיוצר עי קונדיטוריית,IL,מטבוחה 400,גרמים,400.00,100 גרם,false,1,12.90,0.0323,true,1,13128
7290105964564,false,סלט חומוס אחלה 400 ג,מיוצר עי קונדיטוריית,IL,סלט חומוס אחלה 400 גרם,גרמים,400.00,100 גרם,false,1,8.90,0.0223,true,1,14814
7290105965738,false,משקה יוגורט דנונה תו,מיוצר עי קונדיטוריית,IL,"משקה יוגורט דנונה תות בננה 267מ""ל",מיליליטרים,267.00,"100 מ""ל",false,1,5.30,0.0199,true,1,11545
7290105966469,false,חומץ בלסמי יד מרדכי,אצטייה ג'וזפה קרמוני,IT,חומץ בלסמי יד מרדכי,מיליליטרים,250.00,"100 מ""ל",false,1,16.90,0.0676,true,1,10386
7290105968777,false,פריכיות 5 דגנים עם ש,"טחנת האבן תעשיות בע""",IL,פריכיות אנרגי תחתית ש.מריר OS,גרמים,70.00,100 גרם,false,1,8.50,0.1214,true,1,10539
7290106520066,false,רבע לשבע אגוזים 160,הגביע מוצרי וופלים ב,IL,רבע לשבע (ירוק) 160 גר',גרמים,160.00,100 גרם,false,1,13.90,0.0869,true,1,10133
7290106520288,false,WOW יוגורט דנונה תות,"שטראוס בריאות בע""מ",IL,WOW יוגורט דנונה תות 150 גרם,גרמים,150.00,100 גרם,false,1,4.90,0.0327,true,1,14803
7290106520912,false,שמנת לבישול 9%,,IL,"שמנת לבישול 250 9% מ""ל",מיליליטרים,250.00,"100 מ""ל",false,1,8.60,0.0344,true,1,31616
7290106524439,false,תפוציפס פופס 60 גרם,"שטראוס פריטו ליי בע""",IL,תפו פופס 60 גר 40 יח,גרמים,60.00,100 גרם,false,1,5.50,0.0917,true,1,17873
7290106525399,false,קפסולות אספרסו ברזיל,שטראוס קפה בי.וי.,IL,קפסולות 06 ברזיל למכונות NESPRESSO,גרמים,50.00,100 גרם,false,1,18.90,0.3780,true,1,15510
7290106526822,false,פריכיות אנרגי תחתית,"שטראוס גרופ בע""מ",IL,פריכיות אנרגי תחתית שוקולד 80 גרם,גרמים,80.00,100 גרם,false,1,8.50,0.1063,true,1,11292
7290106528567,false,דוריטוס גריל 185 גרם,הנסיך- מפעל לייצור ט,IL,דוריטוס גריל 185 גר 12 יח,גרמים,185.00,100 גרם,false,1,8.90,0.0481,true,1,15121
7290106528628,false,דוריטוס טבעי 185 גרם,הנסיך- מפעל לייצור ט,IL,דוריטוס טבעי 185 גרם,גרמים,185.00,100 גרם,false,1,8.90,0.0481,true,1,15122
7290106528949,false,לקט ערוגות 450 גרם ש,תות תעשיות מזון (201,IL,לקט ערוגות 450 גרם שטופים שטראוס,גרמים,450.00,100 גרם,false,1,14.90,0.0331,true,1,11851
7290106571792,false,ויטמינציק ענבים,המאפיה של הרמן,IL,ויטמינצ'יק קרחון ענבים 48*80גרם,גרמים,80.00,100 גרם,false,1,3.00,0.0375,true,1,10263
7290106572027,false,לחמית חמישה דגנים,"אסם השקעות בע""מ",IL,לחמית חמישה דגנים 12*190גרם,גרמים,190.00,100 גרם,false,1,10.90,0.0574,true,1,10127
7290106573314,false,קריספי טאפאס פיזורים,מיוצר עי קונדיטוריית,IL,אסם קריספי טאפאס כפרי 8*150גרם,גרמים,150.00,100 גרם,false,1,13.90,0.0927,true,1,32877
7290106573598,false,סלט חומוס לבנוני 400,לחמנו,IL,צבר חומוס לבנוני 12*400גרם,גרמים,400.00,100 גרם,false,1,12.90,0.0323,true,1,10642
7290106573628,false,סלט חומוס טחינה 400,לחמנו,IL,צבר חומוס עם טחינה 12*400גרם,גרמים,400.00,100 גרם,false,1,12.90,0.0323,true,1,10643
7290106573642,false,סלט חומוס צנובר,לחמנו,IL,צבר חומוס צנובר 12*400גרם,גרמים,400.00,100 גרם,false,1,12.90,0.0323,true,1,10644
7290106574120,false,שלגון גומיגם,המאפיה של הרמן,IL,גומיגם קרחון שרבט עם סוכריות בפנים42*90ג,גרמים,90.00,100 גרם,false,1,7.00,0.0778,true,1,11333
7290106574793,false,עוגת הבית שוקוציפס,מיוצר עי קונדיטוריית,IL,הבית עוגת שוקו שוקוציפס 8*350גרם,גרמים,350.00,100 גרם,false,1,17.50,0.0500,true,1,10832
7290106574953,false,בייגלה שטוחים עם שומ,מיוצר עי קונדיטוריית,IL,אסם בייגלה שטוחים שומשום 9*300גרם,גרמים,300.00,100 גרם,false,1,11.90,0.0397,true,1,10833
7290106574977,false,בייגלה שטוחים עם מלח,מיוצר עי קונדיטוריית,IL,אסם בייגלה שטוחים עם מלח 9*300גרם,גרמים,300.00,100 גרם,false,1,11.90,0.0397,true,1,10834
7290106575257,false,עוגת הבית סופלה בטעם,מיוצר עי קונדיטוריית,IL,הבית עוגת סופלה בטעם שוקולד 8*340גרם,גרמים,340.00,100 גרם,false,1,17.50,0.0515,true,1,11087
7290106576513,false,סלט חומוס צבר 400 גר,סלטי צבר,IL,צבר חומוס 12*400גרם,גרמים,400.00,100 גרם,false,1,11.90,0.0298,true,1,11114
7290106576537,false,חומוס מסעדה צבר 700,סלטי צבר,IL,צבר חומוס מסעדה 6*700גרם,גרמים,700.00,100 גרם,false,1,13.90,0.0199,true,1,11131
7290106577282,false,טחינה אמיתית צבר 400,לחמנו,IL,צבר טחינה מרובע 6*400גרם,גרמים,400.00,100 גרם,false,1,14.90,0.0373,true,1,11167
7290106577480,false,חציל על האש בטחינה צ,לחמנו,IL,צבר חציל על האש בטחינה מרובע 6*400גרם,גרמים,400.00,100 גרם,false,1,14.90,0.0373,true,1,11169
7290106577503,false,חציל במיונז צבר 400,לחמנו,IL,צבר חציל במיונז מרובע 6*400גרם,גרמים,400.00,100 גרם,false,1,14.90,0.0373,true,1,11170
7290106577527,false,קולסלו צבר 400 גרם,לחמנו,IL,צבר קולסלו מרובע 6*400גרם,גרמים,400.00,100 גרם,false,1,14.90,0.0373,true,1,11171
7290106577541,false,כרוב אדום צבר 400 גר,לחמנו,IL,צבר כרוב אדום מרובע 6*400גרם,גרמים,400.00,100 גרם,false,1,14.90,0.0373,true,1,11172
7290106578692,false,במבה ביסלי מיקס 80 ג,אסם,IL,במבה ביסלי מיקס 36*80גרם,גרמים,80.00,100 גרם,false,1,4.90,0.0613,true,1,11670
7290106653504,false,בוטנים אמריקאים סבבה,"שטראוס פריטו ליי בע""",IL,בוטנים אמריקאים סבבה בטעם ברביקיו 50 גרם,גרמים,50.00,100 גרם,false,1,2.90,0.0580,true,1,11212
7290106660649,false,חטיף ציטוס בוטנים 80,"שטראוס פריטו ליי בע""",IL,ציטוס בוטנים 80 גר 48 יח,גרמים,80.00,100 גרם,false,1,5.50,0.0688,true,1,12241
7290106662025,false,תפוציפס מלח פלפל 50,"שטראוס פריטו ליי בע""",IL,תפו מלח פלפל 50 גר 48 יח - שמיטה,גרמים,50.00,100 גרם,false,1,5.50,0.1100,true,1,16695
7290106663091,false,גבינת לאבנה 9% 500 ג,הדקלאים אגודת שיתופי,IL,לאבנה 9% 500 גרם,גרמים,500.00,100 גרם,false,1,22.00,0.0440,true,1,14538
7290106663121,false,עוגת מילקי CAKE אישי,בובארד איטליה אס.פי.,IT,עוגת מילקי CAKE אישית 34 גרם,גרמים,34.00,100 גרם,false,1,3.90,0.1147,true,1,13662
7290106664067,false,גבינת לאבנה 10% שמן,הדקלאים אגודת שיתופי,IL,גבינת לאבנה 10% שמן זית וזעתר 400 גרם,גרמים,400.00,100 גרם,false,1,18.50,0.0463,true,1,14537
7290106667266,false,דוריטוס חמוץ חריף 18,הנסיך- מפעל לייצור ט,IL,דוריטוס חמוץ חריף 185 גרם,גרמים,185.00,100 גרם,false,1,8.90,0.0481,true,1,15119
7290106668577,false,מיץ לימון טבעי יד מר,יורופוד ס.ר.ל,IT,"מיץ לימון טבעי 250 מ""ל",מיליליטרים,250.00,"100 מ""ל",false,1,9.90,0.0396,true,1,13620
7290106669857,false,קפסולות אספרסו וניל,שטראוס קפה בי.וי.,IL,קפסולות אספרסו וניל 50 גרם,גרמים,50.00,100 גרם,false,1,18.90,0.3780,true,1,16609
7290106720626,false,חטיף ציטוס גבינה 80,"שטראוס פריטו ליי בע""",IL,ציטוס גבינה 80 גר 48 יח רבנות,גרמים,80.00,100 גרם,false,1,5.50,0.0688,true,1,16916
7290106721913,false,מסטיק מאסט ריח פה צי,"שטראוס גרופ בע""מ",IL,"צנצנת מאסט מנטה מרעננת לל""ס 66 גרם",גרמים,66.00,100 גרם,false,1,11.50,0.1742,true,1,13435
7290106721920,false,מסטיק מאסט ספירמינט,"שטראוס גרופ בע""מ.",IL,"צנצנת ספירמינט לל""ס 66 גרם",גרמים,66.00,100 גרם,false,1,11.50,0.1742,true,1,13436
7290106723689,false,עלי תרד ביבי,שטראוס בריאות ירקות,IL,עלי תרד בייבי שטראוס 200 גרם,גרמים,200.00,100 גרם,false,1,13.90,0.0695,true,1,12489
7290106725867,false,סירופ מייפל טבעי 189,ציטדל,CA,"סירופ מייפל טבעי 189 מ""ל",מיליליטרים,189.00,"100 מ""ל",false,1,37.90,0.2005,true,1,14525
7290106727984,false,כיף כף פצפצים 135 גר,שולן צ'יקולטה גידה ס,TR,גביע פצפצים 135 ג' 2016,גרמים,135.00,100 גרם,false,1,13.90,0.1030,true,1,15914
7290106728127,false,חלב טבעי 3.6% יטבתה,מחלבת יטבתה,IL,חלב טבעי 3.6% יטבתה 1 ליטר,ליטרים,1.00,ליטר,false,1,8.50,8.5000,true,1,14490
7290107280723,false,נוזל כלים ספארק לימו,סנו כימיקלים,IL,סנו ספארק נוזל לניקוי כלים בניחוח לימון רענן,מיליליטרים,700.00,"100 מ""ל",false,1,10.90,0.0156,true,1,12742
7290107280761,false,נוזל כלים לימון,סנו מפעלי ברונוס בעמ,IL,ספארק משאבה לימון 1ל,ליטרים,1.00,ליטר,false,1,12.90,12.9000,true,1,36299
7290107646147,false,חטיף שוגי קורנפלקס ש,יוניליוור ישראל מזון,IL,"שוגי חטיף פתיתי תירס קלויים, 156 גרם",גרמים,156.00,100 גרם,false,1,15.90,0.1019,true,1,18417
7290107646154,false,חטיף קוקומן פצפוצים,יוניליוור ישראל מזון,IL,"קוקומן חטיף פצפוצי דגנים בטעם שוקולד, 126 גרם",גרמים,126.00,100 גרם,false,1,15.90,0.1262,true,1,18418
7290107647632,false,קורנטו כשלפ וניל,יוניליוור,IL,קורנטו כשלפ וניל,לא מנהל יחידת מידה,0.00,לא מנהל יחידת מידה,false,1,9.90,0.0000,true,1,66514
7290107647649,false,שלגון סולרו קוקוס אנ,"גלידת שטראוס בע""מ",IL,שלגון סולרו קוקוס אננס 62 גרם,גרמים,62.00,100 גרם,false,1,7.90,0.1274,true,1,74917
7290107647656,false,שלגון מיני סולרו קוק,,IL,שלגון מיני סולרו קוקוס אננס 245גרם,גרמים,245.00,100 גרם,false,1,28.90,0.1180,true,1,74918
7290107647816,false,ברנפלקס ללא תוספת סו,יוניליוור ישראל מזון,IL,ברנפלקס ללא תוספת סוכר 500 גרם,גרמים,500.00,100 גרם,false,1,26.90,0.0538,true,1,17562
7290107647823,false,ברנפלקס בדצ500 גרם,יוניליוור ישראל מזון,IL,ברנפלקס בדצ500 גרם,גרמים,500.00,100 גרם,false,1,26.90,0.0538,true,1,17561
7290107647854,false,דגני בוקר שוגי בדצ 5,יוניליוור ישראל מזון,IL,דגני בוקר שוגי בדצ 500 גרם,גרמים,500.00,100 גרם,false,1,24.90,0.0498,true,1,17559
7290107649681,false,קורנטו פסק זמן 64 גר,יוניליוור גרמניה Gm,IL,קורנטו פסק זמן 64 גרם,גרמים,64.00,100 גרם,false,1,9.90,0.1547,true,1,66982
7290107649698,false,מגנום לבן עוגיות 76,שטראוס גלידות,IL,מגנום לבן עוגיות 76 גרם,גרמים,76.00,100 גרם,false,1,11.90,0.1566,true,1,66981
7290107649704,false,שלגון ספיידרמן 2019,יוניליוור גרמניה Gm,IL,שלגון ספיידרמן 2019 70 גרם,גרמים,70.00,100 גרם,false,1,9.90,0.1414,true,1,20277
7290107649780,false,שוקובו שוקו 85 גרם,"מיוצר ע""י גלידת שטרא",IL,שוקובו שוקו 85 גרם,גרמים,85.00,100 גרם,false,1,10.90,0.1282,true,1,66985
7290107649858,false,טילון מגנום לבן גליד,"מיוצר ע""י גלידת שטרא",IL,מגנום טילון שוקולד לבן 100 גרם,גרמים,100.00,100 גרם,false,1,12.90,0.1290,true,1,67622
7290107649865,false,אסקימו לימונענע 75 ג,גלידת שטראוס בעמ,IL,אסקימו לימונענע 75 גרם,גרמים,75.00,100 גרם,false,1,3.00,0.0400,true,1,66979
7290107865166,false,סמארט 4500 שאיפות תפ,shenzhen shengsi,CN,סמארט 4500 שאיפות תפוח,יחידה,1.00,יחידה,false,1,149.90,149.9000,false,1,77009
7290107865227,false,סמארט 4500 שאיפות פי,shenzhen shengsi,CN,סמארט 4500 שאיפות פירות,יחידה,1.00,יחידה,false,1,149.90,149.9000,false,1,77010
7290107870047,false,טילון אקסטרים ענק בר,תות תעשיות מזון (201,IL,אקסטרים טילון בראוניז מטבע ענק 18*115גרם,גרמים,133.00,100 גרם,false,1,9.90,0.0744,true,1,12768
7290107871297,false,פריכונים מיני עשבי ת,"מיוצר ע""י PT, משווק",IL,אסם פריכונים מיני עשבי תיבול 16*23גרם,גרמים,25.00,100 גרם,false,1,4.90,0.1960,true,1,12762
7290107871990,false,פסטה צינורות אסם 500,פסטה זארה,IT,אסם פסטה צינורות איטלקי 12*500גרם,גרמים,500.00,100 גרם,false,1,6.90,0.0138,true,1,12343
7290107874441,false,פריכונים מיני בצל מק,"מיוצר ע""י PT, משווק",IL,אסם פריכונים מיני בצל מקורמל 16*23גרם,גרמים,25.00,100 גרם,false,1,4.90,0.1960,true,1,12763
7290107879132,false,מיני פריכיות פיטנס ש,CA,IL,פיטנס מיני פריכיות שוקולד חלב 40*22גרם,גרמים,22.00,100 גרם,false,1,5.90,0.2682,true,1,16221
7290107879521,false,לה פרוטה תות 5 יח,המאפיה של הרמן,IL,לה פרוטה מאגדת תות 8 5*70גרם,גרמים,350.00,100 גרם,false,1,27.90,0.0797,true,1,15086
7290107879620,false,קרחון שרבט לה פרוטה,המאפיה של הרמן,IL,לה פרוטה תפוח מלון 36*70גרם,גרמים,70.00,100 גרם,false,1,6.90,0.0986,true,1,14778
7290107879644,false,קרחון שרבט לה פרוטה,המאפיה של הרמן,IL,לה פרוטה בננה תמר פקאן 36*65גרם,גרמים,65.00,100 גרם,false,1,6.90,0.1062,true,1,14777
7290107879668,false,קרחון שרבט לה פרוטה,המאפיה של הרמן,IL,לה פרוטה תות 36*70גרם,גרמים,70.00,100 גרם,false,1,6.90,0.0986,true,1,14775
7290107879699,false,קרחון שרבט לה פרוטה,המאפיה של הרמן,IL,לה פרוטה מנגו 36*70גרם,גרמים,70.00,100 גרם,false,1,6.90,0.0986,true,1,14776
7290107879712,false,שרבט לה פרוטה פירות,נגה גלידות,IL,שרבט לה פרוטה פירות אדומים 70גרם,גרמים,70.00,100 גרם,false,1,6.90,0.0986,true,1,76328
7290107931397,false,חטיף כיף כף פצפצים 4,"איי, בי, אינבוו",TR,כיף כף פצפצים,גרמים,40.00,100 גרם,false,1,5.20,0.1300,true,1,15284
7290107932080,false,חלב בקבוק 3% מועשר 1,,IL,חלב בקבוק 3% מועשר 1 ליטר,ליטרים,1.00,ליטר,false,1,8.50,8.5000,true,1,14488
7290107932134,false,חלב בקבוק 1% מועשר 1,,IL,חלב בקבוק 1% מועשר 1 ליטר,ליטרים,1.00,ליטר,false,1,8.50,8.5000,true,1,14489
7290107933315,false,חלב דל לקטוז 2% בקבו,מחלבת יטבתה,IL,חלב בבקבוק דל לקטוז 2%- מהדרין,ליטרים,1.00,ליטר,false,1,8.50,8.5000,true,1,14491
7290107933650,false,משקה חלב עם דגנים ות,,IL,"ארוחה קטנה בבקבוק תות לל""ג",מיליליטרים,250.00,"100 מ""ל",false,1,5.50,0.0220,true,1,76233
7290107936309,false,יוגורט דנונה יווני ל,"שטראוס בריאות בע""מ",IL,דנונה יוגורט יווני לבן,גרמים,130.00,100 גרם,false,1,3.90,0.0300,true,1,16152
7290107936958,false,ביסקוויט עד חצות אצב,הדקלאים אגודת שיתופי,FR,ביסקוויט עד חצות אצבעות 125 גרם,גרמים,125.00,100 גרם,false,1,14.90,0.1192,true,1,17719
7290107937627,false,מסטיק מאסט קוביות ספ,רוג'ר אנד רוג'ר,DE,צנצנת קוביות מנטה עדינה 58 גרם,גרמים,58.00,100 גרם,false,1,11.50,0.1983,true,1,16121
7290107937641,false,מסטיק מאסט קוביות בז,רוג'ר אנד רוג'ר,DE,צנצנת קוביות בזוקה 58 גרם,גרמים,58.00,100 גרם,false,1,11.50,0.1983,true,1,16123
7290107937856,false,קפסולות קפה מספר 11,שטראוס קפה בי.וי,IL,קפסולות 11 גואטמלה למכונות NESPRESSO,גרמים,50.00,100 גרם,false,1,18.90,0.3780,true,1,16087
7290107938396,false,משקה יוגורט אקטימל ת,"שטראוס בריאות בע""מ",IL,אקטימל שמיניה תות,מיליליטרים,864.00,"100 מ""ל",false,1,22.70,0.0263,true,1,15522
7290107940467,false,יוגורט אקטיביה 1.5%,מיוצר עי קונדיטוריית,IL,אקטיביה 200 גרם 1.5%,גרמים,200.00,100 גרם,false,1,4.20,0.0210,true,1,15517
7290107943369,false,קוואקר שיבולת שועל ל,היידי שוקולד בירונטי,US,קוואקר שיבולת שועל ללא גלוטן 511 גרם,גרמים,511.00,100 גרם,false,1,21.90,0.0429,true,1,17588
7290107944243,false,אפיפיות בטעם שוקולד,"שטראוס גרופ בע""מ",IL,אפיפיות בטעם שוקולד 200 גרם,גרמים,200.00,100 גרם,false,1,9.90,0.0495,true,1,17554
7290107944472,false,גבינת סימפוניה שום ש,"שטראוס בריאות בע""מ",IL,סימפוניה שום שמיר 5%,גרמים,200.00,100 גרם,false,1,12.90,0.0645,true,1,16273
7290107945165,false,קונפיטורה משמש 340 ג,"ב.א. מזון בע""מ",IL,קונפיטורה משמש 340 גרם יד מרדכי,גרמים,340.00,100 גרם,false,1,15.90,0.0468,true,1,16655
7290107950183,false,מעדן דיאט וניל 0% שט,"שטראוס בריאות בע""מ",IL,מעדן שטראוס דיאט וניל 2021,גרמים,130.00,100 גרם,false,1,3.90,0.0300,true,1,16148
7290107950190,false,מעדן דיאט שוקולד מרי,מיוצר עי קונדיטוריית,IL,מעדן שטראוס דיאט מריר,גרמים,130.00,100 גרם,false,1,3.90,0.0300,true,1,16149
7290107951104,false,בפלות שוקולד 200 גרם,"א.ג. גילרו בע""מ",IL,בפלות שוקולד 200 גרם,גרמים,200.00,100 גרם,false,1,5.90,0.0295,true,1,16296
7290107951715,false,מסטיק מאסט קוביות ענ,רוג'ר אנד רוג'ר,DE,צנצנת קוביות ענבים 58 גרם,גרמים,58.00,100 גרם,false,1,11.50,0.1983,true,1,16649
7290107954976,false,משקה יטבתה פרו קפה 3,מחלבת יטבתה,IL,יטבתה פרו קפה 350,מיליליטרים,350.00,"100 מ""ל",false,1,6.90,0.0197,true,1,17391
7290107956642,false,"תרסיס שמן זית 150 מ""",סובנה ספרד אס.איי.יו,ES,"תרסיס שמן זית 150 מ""ל",מיליליטרים,150.00,"100 מ""ל",false,1,20.90,0.1393,true,1,17974
7290107956925,true,קפסולות קפה אספרסו 1,שטראוס קפה בי.וי.,IL,קפסולות 13 אוגנדה למכונות NESPRESSO,לא מנהל יחידת מידה,0.00,לא מנהל יחידת מידה,false,1,18.90,0.0000,true,1,19521
7290107956932,true,קפסולות אינדונזיה,הנסיך- מפעל לייצור ט,IL,קפסולות 12 אינדונזיה למכונות NESPRESSO,Unknown,0.00,Unknown,false,1,18.90,0.0000,true,1,19548
7290107957069,false,מסטיק עלמה בצנצנת בט,"שטראוס גרופ בע""מ",IL,"צנצנת עלמה בטעם אוכמניות לל""ס 66 גרם",גרמים,66.00,100 גרם,false,1,11.50,0.1742,true,1,17714
7290107957076,false,מסטיק עלמה בצנצנת בט,"שטראוס גרופ בע""מ",IL,מסטיק עלמה בצנצנת בטעם ספירמינט 66 גרם,גרמים,66.00,100 גרם,false,1,11.50,0.1742,true,1,17715
7290107957991,false,מילקי מינייס 144 גרם,בובארד איטליה אס.פי.,IT,מילקי מינייס,גרמים,144.00,100 גרם,false,1,14.90,0.1035,true,1,58648
7290107971751,false,מי פה קולגייט טוטל כ,קולגייט- פלמוליב,PL,קולגייט מי פה טוטל כחול 500 מל,מיליליטרים,500.00,"100 מ""ל",false,1,36.50,0.0730,true,1,15295
7290107973014,false,פלמוליב סבון ידיים ח,הנסיך- מפעל לייצור ט,TR,"פלמוליב סבון ידיים חלב ודבש 300 מ""ל",מיליליטרים,300.00,"100 מ""ל",false,1,11.90,0.0397,true,1,17382
7290107973038,false,פלמוליב סבון ידיים א,קולגייט פלמוליב,IT,פלמוליב סבון ידיים אקווריום 300 מל,מיליליטרים,300.00,"100 מ""ל",false,1,11.90,0.0397,true,1,17381
7290107973311,false,קולגייט מברשת שיניים,קולגייט פלמוליב,,קולגייט 360 מברשת שיניים גולד 2 יח',לא מנהל יחידת מידה,0.00,לא מנהל יחידת מידה,false,1,33.90,0.0000,true,1,15319
7290107974066,false,עלי טורטיה קמח מלא 3,אורגניק,DE,עלי טורטיה קמח מלא 320 גרם,גרמים,320.00,100 גרם,false,1,11.90,0.0372,true,1,15410
7290107974073,false,עלי טורטיה קמח לבן 3,הנסיך- מפעל לייצור ט,DE,מאסטר שף עלי טורטיה קמח לבן 320 גר,גרמים,320.00,100 גרם,false,1,11.90,0.0372,true,1,15408
7290107974080,false,עלי טורטיה קמח לבן 8,הדקלאים אגודת שיתופי,DE,מאסטר שף עלי טורטייה קמח חיטה 756 גרם,גרמים,840.00,100 גרם,false,1,22.90,0.0273,true,1,15409
7290107978637,true,משחת שיניים מרידול ח,קולגייט פלמוליב,PL,מרידול משחת שיניים למניעת בעיות חנייכים 75 מל,מיליליטרים,1.00,"100 מ""ל",false,1,19.90,19.9000,true,1,20008
7290108350210,false,סנו סושי 30 שקיות אש,מיוצר עי קונדיטוריית,IL,סנו סושי 30 שקיות אשפה XL חזקות במיוחד,לא מנהל יחידת מידה,0.00,לא מנהל יחידת מידה,false,1,27.90,0.0000,true,1,14711
7290108350531,false,נוזל כלים סנו ספארק,סנו מפעלי ברונוס בעמ,IL,ספארק משאבה קלאסי 1ל,ליטרים,1.00,ליטר,false,1,12.90,12.9000,true,1,14007
7290108350548,false,נוזל כלים סנו ספארק,סנו מפעלי ברונוס בעמ,IL,סנו נוזל לניקוי כלים בניחוח לבנדר עדין 1 ליטר,ליטרים,1.00,ליטר,false,1,12.90,12.9000,true,1,14008
7290108350623,false,מרכך כביסה מקסימה So,"סנו מפעלי ברונוס בע""",IL,מרכך מרוכז סופט סילק 1ליטר,ליטרים,1.00,ליטר,false,1,18.90,18.9000,true,1,15580
7290108351552,false,סנו גט פלוס לניקוי כ,"סנו מפעלי ברונוס בע""",IL,גט לניקוי כללי - בתוספת חומץ לניקוי והברקה בקלות,מיליליטרים,750.00,"100 מ""ל",false,1,16.90,0.0225,true,1,17906
7290108351804,false,מרכך כביסה מקסימה 1,סנו מפעלי ברונוס בעמ,IL,מרכך בבישום עוצמתי gentel breeze,ליטרים,1.00,ליטר,false,1,18.90,18.9000,true,1,70119
7290108351811,false,מרכך כביסה מקסימה 1,סנו מפעלי ברונוס בעמ,IL,מרכך כביסה בבישום עוצמתי floral touch,ליטרים,1.00,ליטר,false,1,18.90,18.9000,true,1,70115
7290108352061,false,אורביטול משחת שיניים,סנו,IL,אורביטול משחת שיניים פחם פעיל 145 גרם,גרמים,145.00,100 גרם,false,1,16.90,0.1166,true,1,77310
7290108352153,false,סנובון נוזלי לוטוס ו,סנו מפעלי ברונוס בעמ,IL,99.9% סנו בון נוזל לניקוי אסלות 750 מל,מיליליטרים,750.00,"100 מ""ל",false,1,14.90,0.0199,true,1,72431
7290108352276,false,סנו מטליות לניקוי וח,"סנו מפעלי ברונס בע""מ",IL,99.9% מטליות לחיטוי ולניקוי רצפות 10 יח,לא מנהל יחידת מידה,0.00,לא מנהל יחידת מידה,false,1,17.90,0.0000,true,1,72085
7290108352382,false,סנו 20 מגבוני חיטוי,טרופיקל דגיל תעשיות,IL,סנו 99.9% מטליות לחות לחיטוי 20 יח,יחידה,1.00,יחידה,false,1,13.90,13.9000,true,1,72936
7290108352450,false,ריצפז פרש הום בלו בל,סנו מפעלי ברונוס בעמ,IL,רצפז פרש הום 2ל מרכך כביסה,ליטרים,2.00,ליטר,false,1,22.90,11.4500,true,1,73703
7290108352801,false,סנו סושי - שקיות אשפ,"סנו מפעלי ברונוס בע""",IL,שקיות אשפה לפחים קטנים,לא מנהל יחידת מידה,0.00,לא מנהל יחידת מידה,false,1,22.90,0.0000,true,1,18982
7290108352825,false,ספוג הפלא נירוסטה,s.k.a.t ltdסנו מפעלי,CN,ספוג הפלא נירוסטה,גרמים,44.00,100 גרם,false,1,11.90,0.2705,true,1,19659
7290108353013,false,סנו סושי תבניות אפיה,גיינגין נייס,CN,סנו סושי תבניות אפיה מנייר 5 יח - אינגל,יחידה,1.00,יחידה,false,1,14.90,14.9000,true,1,70136
7290108353020,false,סנו סושי תבניות אפיה,גיינגין נייס,CN,סנו סושי- תבניות אפייה מנייר,יחידה,1.00,יחידה,false,1,14.90,14.9000,true,1,70137
7290108353075,true,מפיות אירוח איכותיות,האנק טישו,PL,מפיות אירוח איכותיות 40*40,יחידה,1.00,יחידה,false,1,12.90,12.9000,true,1,67475
7290108353440,false,מברשת שיניים אורביטו,"ב.א מזון בע""מ",CN,"מברשת שיניים אורביטול 12,000 סיבים זוג",יחידה,1.00,יחידה,false,1,31.90,31.9000,true,1,75647
7290108353556,false,נייר טואלט סנו סופט,טרופיקל דגיל תעשיות,IL,נייר טואלט סנו סופט 3שכבות 32גלילים,יחידה,1.00,יחידה,false,1,39.90,39.9000,true,1,72507
7290108353778,false,נקה 7 תחליב רחצה שוו,קוסמופארם בע''מ,IL,נקה 7 תחליב רחצה שוודיה בניחוח פיטנגו 750 מל,מיליליטרים,750.00,"100 מ""ל",false,1,13.90,0.0185,true,1,72939
7290108353792,false,נקה 7 תחליב רחצה יפן,קוסמופארם בע''מ,IL,נקה 7 תחליב רחצה יפן בניחוח פריחת הדובדבן 750 מל,מיליליטרים,750.00,"100 מ""ל",false,1,13.90,0.0185,true,1,72938
7290108353808,false,נקה 7 תחליב רחצה מדג,קוסמופארם בע''מ,IL,נקה 7 תחליב רחצה מדגסקר בניחוח אמבר 750 מל,מיליליטרים,750.00,"100 מ""ל",false,1,13.90,0.0185,true,1,72940
7290108354065,false,קרמה מן גל רחצה פילי,סנו,IL,קרמה מן גל רחצה פילינג 700 מל,מיליליטרים,700.00,"100 מ""ל",false,1,17.90,0.0256,true,1,76472
7290108356809,false,כיף סבון בוטני ורד ו,סנו,IL,כיף סבון בוטני ורד ומרווה ידיים 1 ליטר,ליטרים,1.00,ליטר,false,1,15.90,15.9000,true,1,77311
7290108357202,false,סנוקליר בניחוח בלו 1,"סנו מפעלי ברונוס בע""",IL,סנוקליר בניחוח בלו 1 ליטר,ליטרים,1.00,ליטר,false,1,15.90,15.9000,true,1,74296
7290108501360,true,גבינת צדר בשלה 200 ג,וויקה פארמס אל.טי.די,GB,גבינת צדר בשלה 200 גרם MATURED ORANGE,גרמים,200.00,100 גרם,false,1,24.90,0.1245,true,1,43905
7290108501407,false,גבינת צדר מיושנת 200,וויקה פארמס אל.טי.די,GB,גבינת צ'דר מיושנת 200 גרם VINTAGE,גרמים,200.00,100 גרם,false,1,24.90,0.1245,true,1,71197
7290108502305,false,גבינת גרנה פדנו משול,זאיני,IT,גבינת גרנה פדנו משולש 150 גרם,גרמים,200.00,100 גרם,false,1,24.90,0.1245,true,1,71195
7290108502541,false,גבינת שמנת טבעי 200,קסוס אל פסטור,TR,גבינת שמנת טבעי 200 גרם EURO,גרמים,200.00,100 גרם,false,1,14.90,0.0745,true,1,19893
7290108502763,true,גבינת קממבר יורו 200,הנסיך- מפעל לייצור ט,FR,גבינת קממבר יורו 200גרם,גרמים,200.00,100 גרם,false,1,23.90,0.1195,true,1,19369
7290108503043,false,תפוחונים מיובשים מאר,הביי דונגפנג פוד קו.,CN,תפוחונים מיובשים מארז 3+1 88 גרם,גרמים,88.00,100 גרם,false,1,15.90,0.1807,true,1,66369
7290108503142,false,לזניה FRESCA ITALIA,ויליפוד,IT,לזניה FRESCA ITALIANA 500 גרם,גרמים,500.00,100 גרם,false,1,13.90,0.0278,true,1,66794
7290108503159,false,גבינה כחולה עם עובש,קסוס אל פסטור,ES,גבינה כחולה עם עובש 100 גרם EURO,גרמים,100.00,100 גרם,false,1,16.90,0.1690,true,1,19898
7290108503746,false,חמאה מלוחה מבלגיה 20,ואליו אל.טי.די,FI,חמאה מלוחה מבלגיה 200 גרם,גרמים,200.00,100 גרם,false,1,14.90,0.0745,true,1,67343
7290108503975,false,קנלוני 250 גרם PAS,ויליפוד,IT,קנלוני 250 גרם PASTA ITALIANA,גרמים,250.00,100 גרם,false,1,13.90,0.0556,true,1,66795
7290108504279,false,קשקבל צאנק 150גרם,ג.וילי פוד אינטרנשיו,ES,קשקבל צאנק 150גרם,גרמים,150.00,100 גרם,false,1,19.90,0.1327,true,1,72556
7290108504293,false,מנצגו צאנק 150גרם,ג.וילי פוד אינטרנשיו,ES,מנצגו צאנק 150גרם,גרמים,150.00,100 גרם,false,1,19.90,0.1327,true,1,72558
7290108505689,false,גבינת גרנה פדנו מגור,זאיני,IT,גבינת גרנה פדנו מגורדת 100 גרם,גרמים,100.00,100 גרם,false,1,14.90,0.1490,true,1,71532
7290108506624,false,עיזים צאנק 150גרם,אל פסטור,ES,עיזים צאנק 150גרם,גרמים,150.00,100 גרם,false,1,19.90,0.1327,true,1,72563
7290108506709,false,גבינת פרמגאנו רגיאנו,זנתי,IT,גבינת פרמגאנו רגיאנו 150 גרם,גרמים,150.00,100 גרם,false,1,32.90,0.2193,true,1,72358
7290108508703,false,טורטיה ללג ויליפוד 2,מוטלוקל גידה סאנאי ט,TR,טורטיה ללא גלוטן 270 ג 6 יחידות,גרמים,270.00,100 גרם,false,1,10.90,0.0404,true,1,74316
7290108509700,false,"אורז פרסי 1 ק""ג DAA",אל טי פוד,IN,"אורז פרסי 1 ק""ג DAAWAT",קילוגרמים,1.00,"ק""ג",false,1,11.90,11.9000,true,1,77429
7290109351025,false,חומוסטחינה חלק מלך ה,לחמנו,IL,צבר חומוסטחינה 6*400גרם,גרמים,400.00,100 גרם,false,1,14.90,0.0373,true,1,14672
7290109351209,false,קרחון שרבט לה פרוטה,תות תעשיות מזון (201,IL,קרחון שרבט לה פרוטה אננס תפוז 70 גרם,גרמים,70.00,100 גרם,false,1,6.90,0.0986,true,1,14780
7290109351957,false,פריכיות פיטנס גדולות,סנורייס בלגיום אן. ו,BE,פיטנס פריכיות גדולות שקלד.חלב 12*100גרם,גרמים,100.00,100 גרם,false,1,8.90,0.0890,true,1,16222
7290109351971,false,פריכיות פיטנס בר שוק,CA,IL,פיטנס בר פריכיות שוקולד חלב 12*84גרם,גרמים,84.00,100 גרם,false,1,15.90,0.1893,true,1,15665
7290109352916,false,פריכיות פיטנס בר שוק,PT,IL,פיטנס בר פריכיות שוקולד לבן 12*84גרם,גרמים,84.00,100 גרם,false,1,15.90,0.1893,true,1,15666
7290109354057,false,לה פרוטה תפוז אננס,תות תעשיות מזון (201,IL,לה פרוטה מאגדת אננס תפוז 8 5*70גרם,גרמים,350.00,100 גרם,false,1,27.90,0.0797,true,1,15478
7290109354101,false,לחמית ללא גלוטן 200,אסם,IL,לחמית ללא גלוטן 12*200גרם,גרמים,200.00,100 גרם,false,1,12.90,0.0645,true,1,17178
7290109354972,false,ביסקוויט פתיבר ללא ג,מיוצר עי קונדיטוריית,IL,אסם פתי בר ללא גלוטן קלאסי 12*200גרם,גרמים,200.00,100 גרם,false,1,11.90,0.0595,true,1,16125
7290109355504,false,שלגון קראנץ וניל נוג,נטו מלינדה-בשר,IL,נסטלה קראנץ ונל.ליבת נגט.שקלד.לבן28*100ג,גרמים,100.00,100 גרם,false,1,10.50,0.1050,true,1,16331
7290109358130,false,לה פרוטה יוגורט אננס,המאפיה של הרמן,IL,לה פרוטה מאגדת יגרט.אנס.פסיפ.מנגו8 5*60ג,גרמים,300.00,100 גרם,false,1,27.90,0.0930,true,1,17966
7290109358284,false,שניצל תירס עם חלבון,כצט,IL,טבעול שניצל תירס עם חלבון 6*664גרם,גרמים,664.00,100 גרם,false,1,31.90,0.0480,true,1,17284
7290109358482,false,קרמוגית אסם במילוי ח,היינץ צפון אמריקה מק,IL,אסם קרמוגית במילוי חלבה 12*200גרם,גרמים,200.00,100 גרם,false,1,14.50,0.0725,true,1,20262
7290109358765,false,דגני קראנץ רולס 450,"אסם השקעות בע""מ",IL,דגני קראנץ רולס 450 גרם,גרמים,450.00,100 גרם,false,1,27.90,0.0620,true,1,16926
7290109580098,false,קבנוס בטעם סרירצה 13,זוגלובק,IL,קבנוס בטעם סרירצה 135 גרם,גרמים,135.00,100 גרם,false,1,13.90,0.1030,true,1,76347
7290109580104,false,רוסטביף זוגלובק פרי,זוגלובק,IL,רוסטביף זוגלובק פרימיום 150 גרם,גרמים,150.00,100 גרם,false,1,26.90,0.1793,true,1,74206
7290109580111,false,צלעות אסאדו מעושנות,זוגלובק,IL,צלעות אסאדו מעושנות פרימיום 120 גרם,גרמים,120.00,100 גרם,false,1,24.90,0.2075,true,1,76346
7290109580135,false,קורנדביף זוגלובק פר,זוגלובק,IL,קורנדביף זוגלובק פרימיום 180 גרם,גרמים,180.00,100 גרם,false,1,26.90,0.1494,true,1,74208
7290109580166,false,סרוולד קלאסי זוגלוב,זוגלובק,IL,סרוולד קלאסי זוגלובק פרימיום 150 גרם,גרמים,150.00,100 גרם,false,1,26.90,0.1793,true,1,74209
7290109580432,false,פסטרמה חזה הודו מעוש,זוגלובק,IL,פסטרמה חזה הודו מעושן 120 גר דק דק,גרמים,120.00,100 גרם,false,1,14.90,0.1242,true,1,76855
7290109580449,false,סלמי בטעם כמהין פרימ,זוגלובק,IL,סלמי בטעם כמהין פרימיום 180 גרם,גרמים,180.00,100 גרם,false,1,26.90,0.1494,true,1,76856
7290109920146,false,מסיר אבן דורגול לקומ,פרח,,יעקבי דורגול מסיר אבן ללא הרתחה 750 מל,מיליליטרים,750.00,"100 מ""ל",false,1,22.90,0.0305,true,1,16322
7290109920580,true,אסטוניש מרסס עם אקונ,פרח,,יעקבי אסטוניש ספריי ניקוי עם אקונומיקה 750 מל,Unknown,0.00,Unknown,false,1,16.90,0.0000,true,1,43958
7290110110352,false,קרלסברג 0.0 בק 330 מ,קרלסברג רומניהיבואן:,RO,"קרלסברג 0.0 בק 330 מ""ל ייבוא",מיליליטרים,330.00,"100 מ""ל",false,1,6.90,0.0209,true,1,71754
7290110110574,false,פחית קולהZERO לימון,תות תעשיות מזון (201,IL,"סליק קולה ZERO לימון 330 מ""ל מבצע",מיליליטרים,330.00,"100 מ""ל",false,1,5.90,0.0179,true,1,18788
7290110110635,false,"ספרייט בקבוק 500 מ""ל",כלורוקס אוקלנד,IL,"ספרייט בקבוק 500 מ""ל",מיליליטרים,500.00,"100 מ""ל",false,1,7.90,0.0158,true,1,18370
7290110110659,false,ספרייט פחית סליק 330,תות תעשיות מזון (201,IL,"סליק ספרייט LIME 330 מ""ל מבצע",מיליליטרים,330.00,"100 מ""ל",false,1,5.90,0.0179,true,1,18369
7290110110765,false,FUZE TEA לימון נענע,מולינו ניקולי s.p.a,IL,פיוזטי גרין לימון נענע 0.5 ליטר,מיליליטרים,500.00,"100 מ""ל",false,1,8.50,0.0170,true,1,18793
7290110111557,false,פאוורייד ספורט500מל,Caslino al Piano pla,IT,פאוורייד ספורט500מל בטעם פירות,מיליליטרים,500.00,"100 מ""ל",false,1,12.90,0.0258,true,1,19934
7290110111564,false,פאוורייד ספורט 500מל,Caslino al Piano pla,IT,פאוורייד ספורט 500מל איזוטוני בטעם הדרים,מיליליטרים,500.00,"100 מ""ל",false,1,12.90,0.0258,true,1,19935
7290110113421,false,בירה קרלסברד LUMA בק,מולינו ניקולי s.p.a,IL,קרלסברג LUMA בק 330 בודד,מיליליטרים,330.00,"100 מ""ל",false,1,11.90,0.0361,true,1,72571
7290110113490,false,תה קר פיוזתה אפרסק 1,מבשלות בירה בינלאומי,IL,Fuze tea אפרסק 19 קלוריות 0.5 ליטר,מיליליטרים,500.00,"100 מ""ל",false,1,8.50,0.0170,true,1,72568
7290110113605,false,בירה שקמה בק איי 330,מבשלת בירה ישראלית,IL,"בירה שקמה בק איי 330 מ""ל",מיליליטרים,330.00,"100 מ""ל",false,1,14.90,0.0452,true,1,76774
7290110113629,false,בירה שקמה אייל ענברי,מבשלת בירה ישראלית,IL,"בירה שקמה אייל ענברי בק 330 מ""ל",מיליליטרים,330.00,"100 מ""ל",false,1,14.90,0.0452,true,1,76775
7290110113902,false,בירה טובורג פחית סלי,מולינו ניקולי s.p.a,IL,"טובורג רד פחית 330 מ""ל",מיליליטרים,330.00,"100 מ""ל",false,1,8.50,0.0258,true,1,75360
7290110113926,false,פאנטה ZERO אורנג 500,החברה המרכזית לייצור,IL,פאנטה ZERO אורנג 500 מל,מיליליטרים,500.00,"100 מ""ל",false,1,7.90,0.0158,true,1,75100
7290110114183,false,פריגת יוניקורן אננס,גת,IL,פריגת יוניקורן אננס אגס קווי תרד וספירול,מיליליטרים,400.00,"100 מ""ל",false,1,11.90,0.0298,true,1,76753
7290110114787,false,מי נביעות +בטעם תפוח,תות תעשיות מזון (201,IL,נביעות+ בטעם תפוח 1.5 ליטר,ליטרים,1.50,ליטר,false,1,11.90,7.9333,true,1,75872
7290110114794,false,מי נביעות +בטעם אפרס,"איטיליאן פוד, אס.פי.",IL,מי נביעות +בטעם אפרסק 1.5 ליטר,ליטרים,1.50,ליטר,false,1,11.90,7.9333,true,1,75873
7290110114800,false,מי נביעות +בטעם ענבי,פארייפאבה אגרואינדוס,IL,נביעות + בטעם ענבים 1.5 ליטר,ליטרים,1.50,ליטר,false,1,11.90,7.9333,true,1,75874
7290110114824,false,נביעות+ רכיבי פרי אב,פארייפאבה אגרואינדוס,IL,נביעות + פרי בטעם אבטיח 1.5 ליטר,ליטרים,1.50,ליטר,false,1,11.90,7.9333,true,1,75876
7290110114855,false,מים נביעות שישייה בק,תות תעשיות מזון (201,IL,מים נביעות שישייה בקבוק 1.5 ליטר,ליטרים,9.00,ליטר,false,6,15.90,1.7667,true,1,75879
7290110114886,false,מיץ סחוט קלמנטינה 2,גת,IL,סחוט קלמנטינה,ליטרים,2.00,ליטר,false,1,32.90,16.4500,true,1,75881
7290110114961,false,משקל פריגת תפוזים 1.,מולינו ניקולי s.p.a,IL,"פריגת תפוזים, 1.5 ליטר",ליטרים,1.50,ליטר,false,1,10.50,7.0000,true,1,75884
7290110114985,false,משקל פריגת אשכוליות,מולינו ניקולי s.p.a,IL,פריגת בטעם אשכוליות 1.5 ליטר,ליטרים,1.50,ליטר,false,1,10.50,7.0000,true,1,75886
7290110114992,false,משקל פריגת דיאט אשכו,מולינו ניקולי s.p.a,IL,פריגת טעם אשכוליות דל קלוריות 1.5 ליטר,ליטרים,1.50,ליטר,false,1,10.50,7.0000,true,1,75887
7290110115036,false,משקל פריגת מנגו 1.5,מולינו ניקולי s.p.a,IL,משקל פריגת מנגו 1.5 ליטר,ליטרים,1.50,ליטר,false,1,10.50,7.0000,true,1,75888
7290110115043,false,משקל פריגת לימונענע,מולינו ניקולי s.p.a,IL,משקה קל פירות לימונענע,ליטרים,1.50,ליטר,false,1,10.50,7.0000,true,1,75889
7290110115050,false,משקל פריגת תות בננה,מולינו ניקולי s.p.a,IL,משקל פריגת תות בננה 1.5 ליטר,ליטרים,1.50,ליטר,false,1,10.50,7.0000,true,1,75890
7290110115234,false,קולה ZERO נטול 1.5 ל,תות תעשיות מזון (201,IL,קוקה קולה ZERO נטול 1.5 ליטר,ליטרים,1.50,ליטר,false,1,9.90,6.6000,true,1,75903
7290110115241,false,קולה ZERO לימון 1.5,תות תעשיות מזון (201,IL,קוקה קולה ZERO לימון 1.5 ליטר,ליטרים,1.50,ליטר,false,1,9.90,6.6000,true,1,75904
7290110115289,false,ספרייט 19 קל לימון-נ,תות תעשיות מזון (201,IL,ספרייט 19 קל' לימון-נענע 1.5 ליטר,ליטרים,1.50,ליטר,false,1,9.90,6.6000,true,1,75908
7290110115296,false,פאנטה אורנג בקבוק 1.,תות תעשיות מזון (201,IL,פאנטה אורנג' 1.5 ליטר,ליטרים,1.50,ליטר,false,1,9.90,6.6000,true,1,75909
7290110115302,false,פאנטה ZERO אורנג 1.5,תות תעשיות מזון (201,IL,פאנטה ZERO אורנג' 1.5 ליטר,ליטרים,1.50,ליטר,false,1,9.90,6.6000,true,1,75910
7290110115319,false,פאנטה אקזוטיק בקבוק,פארייפאבה אגרואינדוס,IL,פאנטה אקזוטיק 1.5 ליטר,ליטרים,1.50,ליטר,false,1,9.90,6.6000,true,1,75911
7290110115425,false,FUZE TEA לימון נענע,מולינו ניקולי s.p.a,IL,פיוזטי גרין לימון נענע 1.5 ליטר,ליטרים,1.50,ליטר,false,1,10.00,6.6667,true,1,75917
7290110115449,false,תה קר FUZE TEA מנגו,מולינו ניקולי s.p.a,IL,פיוזטי מנגו אננס 1.5 ליטר,ליטרים,1.50,ליטר,false,1,10.00,6.6667,true,1,75919
7290110115456,false,תה קר פיוזתה אפרסק 1,מולינו ניקולי s.p.a,IL,FUZE tea אפרסק 19 קל' 1.5 ליטר,ליטרים,1.50,ליטר,false,1,10.00,6.6667,true,1,75920
7290110115463,false,תה קר FUZE TEA אפרסק,מולינו ניקולי s.p.a,IL,פיוזטי אפרסק 1.5 ליטר,ליטרים,1.50,ליטר,false,1,10.00,6.6667,true,1,75921
7290110115494,false,תה קר FUZE TEA ענבים,תות תעשיות מזון (201,IL,פיוזטי ענבים 1.5 ליטר,ליטרים,1.50,ליטר,false,1,10.00,6.6667,true,1,75924
7290110115593,false,פריגת משקל 40% פ.סוכ,מולינו ניקולי s.p.a,IL,"פריגת משק""ל אשכוליות 40% פחות סוכר 1.5 ליטר",ליטרים,1.50,ליטר,false,1,10.50,7.0000,true,1,75929
7290110115616,false,ZERO פיוז טי גרין אנ,מולינו ניקולי s.p.a,IL,פיוזטי ZERO גרין אננס 1.5 ליטר,ליטרים,1.50,ליטר,false,1,10.00,6.6667,true,1,75968
7290110115623,false,ZERO פיוז טי אפרסק 1,מולינו ניקולי s.p.a,IL,פיוזטי ZERO אפרסק 1.5 ליטר,ליטרים,1.50,ליטר,false,1,10.00,6.6667,true,1,75969
7290110115661,false,ZERO פיוז טי אפרסק 5,מולינו ניקולי s.p.a,IL,פיוזטי ZERO אפרסק 0.5 ליטר,מיליליטרים,500.00,"100 מ""ל",false,1,8.50,0.0170,true,1,75966
7290110115692,false,פריגת קוביות מלון אל,החברה המרכזית למשקאו,IL,"פריגת קוביות מלון אלוורה 315 מ""ל",מיליליטרים,315.00,"100 מ""ל",false,1,10.90,0.0346,true,1,77125
7290110115777,false,מים נביעות בקבוק 1.5,נביעות,,מים נביעות בקבוק 1.5 ליטר,ליטרים,1.50,ליטר,false,1,6.20,4.1333,true,1,75986
7290110115845,false,קוקה קולה בקבוק 1.5,"אינסטנטה בע""מ",IL,קוקה קולה בקבוק 1.5 ליטר,ליטרים,1.50,ליטר,false,1,9.90,6.6000,true,1,75900
7290110115876,false,סודה קינלי 1.5 ליטר,"אינסטנטה בע""מ",IL,סודה קינלי 1.5 ליטר,ליטרים,1.50,ליטר,false,1,4.90,3.2667,true,1,75913
7290110115913,false,פאוורייד זירו משקה ס,Caslino al Piano pla,IT,"פאוורייד ZERO בטעם אננס 500 מ""ל",מיליליטרים,500.00,"100 מ""ל",false,1,12.90,0.0258,true,1,76416
7290110116040,false,ZERO פאנטה פירות כח,החברה המרכזית למשקאו,IL,ZERO פאנטה פירות כחול 1.5 ליטר,ליטרים,1.50,ליטר,false,1,9.90,6.6000,true,1,76811
7290110116064,false,ZERO פאנטה פירות יר,החברה המרכזית למשקאו,IL,ZERO,ליטרים,1.50,ליטר,false,1,9.90,6.6000,true,1,76812
7290110116194,false,נביעות + לימון ליים,החברה המרכזית למשקאו,IL,נביעות + לימון ליים 0 קלוריות 1.5 ליטר,ליטרים,1.50,ליטר,false,1,11.90,7.9333,true,1,77276
7290110116200,false,נביעות + לימון ליים,החברה המרכזית למשקאו,IL,"נביעות + לימון ליים 0 קלוריות 500 מ""ל",מיליליטרים,500.00,"100 מ""ל",false,1,8.50,0.0170,true,1,77278
7290110116385,false,קולה קולה זירו סטאפ,החברה המרכזית למשקאו,IL,קולה קולה זירו סטאפני 330 מל,מיליליטרים,330.00,"100 מ""ל",false,1,7.90,0.0239,true,1,77057
7290110320591,false,גבינה בולגרית 16% במ,תנובה,IL,פיראוס בולגרית 16% שומן במרקם מעודן,גרמים,250.00,100 גרם,false,1,22.90,0.0916,true,1,17167
7290110320850,false,פתיתי עמק בשקית 200,מולינו ניקולי s.p.a,IL,עמק פתיתים 28% שומן 200 גרם,גרמים,200.00,100 גרם,false,1,15.90,0.0795,true,1,17724
7290110320935,false,פרוסות מוצרלה 150 גר,תנובה מחלבת תל יוסף,IL,פרוסות מוצרלה קולקשיין 150 גרם,גרמים,150.00,100 גרם,false,1,18.90,0.1260,true,1,17600
7290110321031,false,GO יוגורט יופלה שומן,"תנובה, מחלבת אלון תב",IL,GO יוגורט יופלה שומן 20 וחלבון 200 גרם,גרמים,200.00,100 גרם,false,1,6.50,0.0325,true,1,17597
7290110321048,false,יוגורט יופלה GO במתי,תנובה,IL,יוגורט יופלה GO במתיקות מעודנת 200 גרם,גרמים,200.00,100 גרם,false,1,6.50,0.0325,true,1,17598
7290110321277,false,קוטג בקטנה 5% 100 גר,"תנובה, מחלבת אלון תב",IL,תנובה קוטג' 5% בקטנה 100 גרם,גרמים,100.00,100 גרם,false,1,2.70,0.0270,true,1,17949
7290110321284,false,קוטג בקטנה 9% 100 גר,"תנובה, מחלבת אלון תב",IL,תנובה קוטג' 9% בקטנה 100 גרם,גרמים,100.00,100 גרם,false,1,2.70,0.0270,true,1,17950
7290110321604,false,בולגרית מעודנת 5% קו,תנובה,IL,פיראוס קוביות בולגרית מעודנת 5% שומן,לא מנהל יחידת מידה,0.00,לא מנהל יחידת מידה,false,1,24.90,0.0000,true,1,19057
7290110321680,false,יוגורט יופלה GO תות,מחלבת אלון תבור,IL,יוגורט עם תות בתוספת חלבוני חלב,גרמים,200.00,100 גרם,false,1,5.90,0.0295,true,1,18409
7290110321697,false,יוגורט יופלה GO אפרס,מחלבת אלון תבור,IL,יוגורט עם אפרסק בתוספת חלבוני חלב,גרמים,200.00,100 גרם,false,1,5.90,0.0295,true,1,18410
7290110321703,false,יוגורט יופלה GO פירו,"תנובה בע""מ",IL,יוגורט עם פירות יער מועשר בחלבון,גרמים,200.00,100 גרם,false,1,5.90,0.0295,true,1,18866
7290110322014,false,טופו טבעי 300 גרם,סוי מג'ק,IL,טופו טבעי 300 גרם,גרמים,300.00,100 גרם,false,1,12.90,0.0430,true,1,19051
7290110322021,false,טופו בזיליקום 300 גר,סוי מג'ק,IL,טופו בטעם בזיליקום,גרמים,300.00,100 גרם,false,1,12.90,0.0430,true,1,58324
7290110323066,true,משקה יוגורט מועשר בח,תנובה בעמ,IL,משקה יוגורט GO 20מועשר בחלבון בננה ואפר,מיליליטרים,236.00,"100 מ""ל",false,1,6.90,0.0292,true,1,19876
7290110323301,false,גבינה צהובה טל העמק,תנובה,IL,גבינה צהובה טל העמק 32% שומן 200 גרם,גרמים,200.00,100 גרם,false,1,19.90,0.0995,true,1,20244
7290110323585,true,יוגורט עם דובדבן מופ,תנובה בעמ,IL,יוגורט עם דובדבן מופחת קולוריות GO200גרם,גרמים,200.00,100 גרם,false,1,5.90,0.0295,true,1,20052
7290110323592,true,יוגורט עם אפרסק מופח,תנובה בעמ,IL,יוגורט עם אפרסק מופחת קולוריות GO200גרם,גרמים,200.00,100 גרם,false,1,5.90,0.0295,true,1,20053
7290110323714,false,משקה קוקוס שקדים תנו,תנובה בעמ,IL,משקה קוקוס שקדים תנובה 1 ליטר,ליטרים,1.00,ליטר,false,1,14.90,14.9000,true,1,20406
7290110324025,false,פתיתי מוצרלה 500 גרם,"תנובה בע""מ",IL,פתיתי מוצרלה 500 גרם,גרמים,500.00,100 גרם,false,1,35.90,0.0718,true,1,67091
7290110324070,false,גבינת חלומי מחלב בקר,"תנובה בע""מ",IL,גבינת חלומי מחלב בקר 22% שומן 200 גרם,גרמים,200.00,100 גרם,false,1,21.90,0.1095,true,1,68353
7290110324353,false,יופלה GO לייט בטעם א,"תנובה בע""מ",IL,יופלה GO לייט בטעם אננס 200גרם,גרמים,200.00,100 גרם,false,1,5.90,0.0295,true,1,67980
7290110324711,false,ממרח סויה 9% בטעם טב,"תנובה בע""מ",IL,ממרח סויה 9% בטעם טבעי,גרמים,250.00,100 גרם,false,1,10.90,0.0436,true,1,67984
7290110324728,false,ממרח סויה 9% עם שום,"תנובה בע""מ",IL,ממרח סויה 9% עם שום שמיר,גרמים,250.00,100 גרם,false,1,10.90,0.0436,true,1,67985
7290110324841,false,מעדן שקדים עם שוקולד,תנובה בעמ,IL,מעדן שקדים עם שוקולד מריר אלטרנטיב 125גר,גרמים,125.00,100 גרם,false,1,4.50,0.0360,true,1,71220
7290110324858,false,מעדן שקדים בטעם אגוז,תנובה בעמ,IL,מעדן שקדים בטעם אגוזי לוז אלטרנטיב 125 ג,גרמים,125.00,100 גרם,false,1,4.50,0.0360,true,1,71221
7290110324872,false,גבינת גלבוע 5% שומן,תנובה,IL,גבינת גלבוע 5% שומן 200 גרם,גרמים,200.00,100 גרם,false,1,18.90,0.0945,true,1,71424
7290110324926,false,משקה סויה ללא תוספת,"תנובה בע""מ",IL,משקה סויה ללא תוספת סוכר 1 ליטר,ליטרים,1.00,ליטר,false,1,12.90,12.9000,true,1,71230
7290110325114,false,משקה יוגורטGO לייט ת,מיוצר עי קונדיטוריית,IL,משקה יוגורטGO לייט תות בננה 250 מל,מיליליטרים,250.00,"100 מ""ל",false,1,6.90,0.0276,true,1,69624
7290110325121,false,משקה יוגורטGO לייט,"תנובה בע""מ",IL,משקה יוגורטGO לייט מנגו אננס 250מל,מיליליטרים,250.00,"100 מ""ל",false,1,6.90,0.0276,true,1,69623
7290110325169,false,פרוסות גאודה 170 גרם,תנובה,IL,פרוסות גאודה קולקשיין 170 גרם,גרמים,170.00,100 גרם,false,1,21.90,0.1288,true,1,72116
7290110325305,false,מעדן סויהGO 20 גרם ח,"תנובה בע""מ",IL,מעדן סויהGO 20 גרם חלבון במתיקות מעודנת 200גרם,גרמים,200.00,100 גרם,false,1,5.90,0.0295,true,1,71224
7290110325312,false,מעדן סויה GO 20 גרם,"תנובה בע""מ",IL,מעדן סויה GO 20 גרם חלבון בטעם תות 200גרם,גרמים,200.00,100 גרם,false,1,5.90,0.0295,true,1,71223
7290110325619,false,משקה שיבולת שועל 1ל,"תנובה בע""מ",IL,משקה שיבולת שועל 1ליטר,ליטרים,1.00,ליטר,false,1,14.90,14.9000,true,1,71783
7290110325626,false,"משקה שקדים לל""ס 1ליט",תנובה,IL,"משקה שקדים לל""ס 1ליטר",ליטרים,1.00,ליטר,false,1,14.90,14.9000,true,1,72620
7290110325879,false,פתיתי גאודה 200 גרם,תנובה,IL,פתיתי גאודה 200 גרם,גרמים,200.00,100 גרם,false,1,18.90,0.0945,true,1,72117
7290110325893,false,תנובה GO אייס קפה 34,"תנובה בע""מ",IL,תנובה GO אייס קפה 340 מל,מיליליטרים,340.00,"100 מ""ל",false,1,8.50,0.0250,true,1,71788
7290110326210,false,יופלה און טופ פצפוצי,מחלבת אלון תבור,IL,יופלה און טופ פצפוצים 157 גרם,גרמים,157.00,100 גרם,false,1,5.50,0.0350,true,1,72118
7290110326227,false,יופלה און טופ קורנפל,מחלבת אלון תבור,IL,יופלה און טופ קורנפלקס 157 גרם,גרמים,157.00,100 גרם,false,1,5.50,0.0350,true,1,72120
7290110326234,false,יופלה און טופ כוכבים,מחלבת אלון תבור,IL,יופלה און טופ כוכבים 157 גרם,גרמים,157.00,100 גרם,false,1,5.50,0.0350,true,1,72119
7290110326241,false,יופלה און טופ גרנולה,מחלבת אלון תבור,IL,יופלה און טופ גרנולה 157 גרם,גרמים,157.00,100 גרם,false,1,5.50,0.0350,true,1,72121
7290110326449,false,חמאה השף הלבן 250,אמרלנד,DE,השף הלבן חמאה 250 גרם,גרמים,250.00,100 גרם,false,1,9.90,0.0396,true,1,73257
7290110326548,false,קוטג מועשר בסידן 25,תנובה בעמ,IL,קוטג מועשר בסידן 250ג מיורן וזעתר 5%,גרמים,250.00,100 גרם,false,1,5.80,0.0232,true,1,77091
7290110326999,false,משקה חלב עם שוקולד,תנובה,IL,"YOLO משקה חלב עם שוקולד קלאסי 340מ""ל",מיליליטרים,340.00,"100 מ""ל",false,1,8.50,0.0250,true,1,72768
7290110327033,false,משקהמועשר בחלבון במת,מיוצר עי קונדיטוריית,IL,משקהמועשר בחלבון במתיקות מופחתת GO,לא מנהל יחידת מידה,0.00,לא מנהל יחידת מידה,false,1,14.80,0.0000,true,1,72974
7290110327064,false,משקה קפה שיבולת שועל,תנובה,IL,משקה קפה שיבולת שועל בטעם קרמל 1 ליטר,ליטרים,1.00,ליטר,false,1,12.60,12.6000,true,1,72782
7290110327316,false,גבינה לבנה 5% בתוספת,תנובה בעמ,IL,גבינה לבנה 5% בתוספת פריכיות 139 גרם,גרמים,139.00,100 גרם,false,1,5.50,0.0396,true,1,74493
7290110327514,false,משקה שיבולת שועל אל,תנובה,IL,משקה שיבולת שועל אלטרנטיב אגוזי לוז 1 ל,ליטרים,1.00,ליטר,false,1,14.90,14.9000,true,1,75679
7290110327545,false,יופלה אוןטופ תות תוס,מיוצר עי קונדיטוריית,IL,יופלה אוןטופ תות תוספת פצפוצים מצופים157,גרמים,157.00,100 גרם,false,1,5.50,0.0350,true,1,73727
7290110327798,false,חטיף חלבון גו בטעם ש,"בלמונט קונפקציות בע""",US,חטיף חלבון גו בטעם שוקולד 20גרם חלבון 60,גרמים,60.00,100 גרם,false,1,13.90,0.2317,true,1,74480
7290110327804,false,חטיף חלבון גו בצק עו,"בלמונט קונפקציות בע""",US,חטיף חלבון גו בצק עוגיות 20גרם חלבון 60,גרמים,60.00,100 גרם,false,1,13.90,0.2317,true,1,74481
7290110327811,false,חטיף חלבון גו קוקוס,"בלמונט קונפקציות בע""",US,חטיף חלבון גו קוקוס 20גרם חלבון 60,גרמים,60.00,100 גרם,false,1,13.90,0.2317,true,1,74482
7290110327828,false,חטיף חלבון גו חמאת ב,"בלמונט קונפקציות בע""",US,חטיף חלבון גו חמאת בוטנים 20גרם חלבון 60,גרמים,60.00,100 גרם,false,1,13.90,0.2317,true,1,74483
7290110328016,false,משקה סויה מועשר בחלב,סוי מג'ק,IL,"משקה סויה מועשר בחלבון בטעם אגוזי לוז 250 מ""ל",מיליליטרים,250.00,"100 מ""ל",false,1,6.70,0.0268,true,1,74121
7290110328221,false,יוגורט תנובה נטול לק,תנובה בעמ,IL,יוגורט תנובה נטול לקטוז 3% 200 גרם,גרמים,200.00,100 גרם,false,1,4.20,0.0210,true,1,74025
7290110328474,false,פלח פרמגיאנו רגיאנו,ברטינלי גיאני א.,IT,פלח פרמגיאנו רגיאנו קולקשיין 150 גרם,גרמים,150.00,100 גרם,false,1,32.90,0.2193,true,1,74432
7290110328504,false,מיקס גבינות מוצרלה ס,מיוצר עי קונדיטוריית,IL,מיקס גבינות מוצרלה סקנדינבית וגאודה השף,גרמים,300.00,100 גרם,false,1,28.90,0.0963,true,1,76154
7290110328610,false,משקה אורז ושקדים ברי,תנובה בעמ,IL,משקה אורז ושקדים בריסטה אלטרנטיב 1 ליטר,ליטרים,1.00,ליטר,false,1,14.90,14.9000,true,1,74501
7290110328627,false,יוגורט GO סמיך 0% בנ,תנובה בעמ,IL,יוגורט GO סמיך 0% בננה קרמל 200 גרם,גרמים,200.00,100 גרם,false,1,6.50,0.0325,true,1,74498
7290110328764,false,יוגורט GO סמיך 0% תו,תנובה בעמ,IL,יוגורט GO סמיך 0% תות 200 גרם,גרמים,200.00,100 גרם,false,1,6.50,0.0325,true,1,74497
7290110328771,false,יוגורט GO סמיך 0% פ.,מיוצר עי קונדיטוריית,IL,יוגורט GO סמיך 0% פ. יער 200 גרם,גרמים,200.00,100 גרם,false,1,6.50,0.0325,true,1,74496
7290110328788,false,יוגורט GO סמיך 0% אפ,תנובה בעמ,IL,יוגורט GO סמיך 0% אפרסק 200 גרם,גרמים,200.00,100 גרם,false,1,6.50,0.0325,true,1,74495
7290110328887,false,חלב 3% מהדרין 1 ליטר,תנובה,IL,חלב 3% מהדרין 1 ליטר פיקוח בבקבוק,ליטרים,1.00,ליטר,false,1,6.23,6.2300,true,1,76256
7290110329136,false,מעדן חלב גו בטעם שוק,"תנובה בע""מ",IL,מעדן חלב גו בטעם שוקולד 12 חלבון 120גרם,גרמים,120.00,100 גרם,false,1,5.50,0.0458,true,1,75681
7290110329143,false,מעדן חלב גו בטעם וני,"תנובה בע""מ",IL,מעדן חלב גו בטעם וניל 12 חלבון 120גרם,גרמים,120.00,100 גרם,false,1,5.50,0.0458,true,1,75682
7290110329266,false,יוגורט תנובה מחלב עי,תנובה,IL,יוגורט תנובה מחלב עיזים 140 גרם,גרמים,140.00,100 גרם,false,1,6.50,0.0464,true,1,75310
7290110329303,false,פרוסות בטעם צהובה קל,תנובה,IL,פרוסות בטעם צהובה קלאסית אלטרנטיב 200 גר,גרמים,200.00,100 גרם,false,1,22.90,0.1145,true,1,75684
7290110329624,false,OLALAיופלה וניל טארט,"תנובה בע""מ",IL,OLALAיופלה וניל טארט טאטן 150 גרם,גרמים,150.00,100 גרם,false,1,5.50,0.0367,true,1,75994
7290110329631,false,OLALAיופלה וניל תות,"תנובה בע""מ",IL,OLALAיופלה וניל תות 150 גרם,גרמים,150.00,100 גרם,false,1,5.50,0.0367,true,1,75993
7290110329686,false,משקה חלב GO בטעם עוג,תנובה,IL,משקה חלב GO בטעם עוגיות 340 מל,מיליליטרים,340.00,"100 מ""ל",false,1,8.50,0.0250,true,1,75685
7290110329709,false,יוגורט תנובה 0% 200,מיוצר עי קונדיטוריית,IL,יוגורט תנובה 0% 200 גרם,גרמים,200.00,100 גרם,false,1,3.20,0.0160,true,1,75687
7290110329716,false,משקה חלב עם קפה קפוצ,"תנובה בע""מ",IL,"משקה חלב עם קפה קפוצינו 230 מ""ל",מיליליטרים,230.00,"100 מ""ל",false,1,7.90,0.0343,true,1,76722
7290110329723,false,משקה חלב עם קפה לאטה,"תנובה בע""מ",IL,"משקה חלב עם קפה לאטה 230 מ""ל",מיליליטרים,230.00,"100 מ""ל",false,1,7.90,0.0343,true,1,76723
7290110329730,false,משקה חלב עם קפה שוק,"תנובה בע""מ",IL,"משקה חלב עם קפה שוקולד 230 מ""ל",מיליליטרים,230.00,"100 מ""ל",false,1,7.90,0.0343,true,1,76724
7290110329792,false,סויה אלטרנטיב ביו א,תנובה,IL,סויה אלטרנטיב ביו אפרסק150 גרם,גרמים,150.00,100 גרם,false,1,4.90,0.0327,true,1,76009
7290110329808,false,סויה אלטרנטיב ביו ת,תנובה,IL,סויה אלטרנטיב ביו תות 150 גרם,גרמים,150.00,100 גרם,false,1,4.90,0.0327,true,1,76008
7290110329815,false,סויה אלטרנטיב ביו מ,תנובה,IL,סויה אלטרנטיב ביו מתיקות מעודנת150 גרם,גרמים,150.00,100 גרם,false,1,4.90,0.0327,true,1,76007
7290110329822,false,סויה אלטרנטיב ביו פ,תנובה,IL,סויה אלטרנטיב ביו פירות יער 150 גרם,גרמים,150.00,100 גרם,false,1,4.90,0.0327,true,1,76024
7290110329846,false,סויה אלטרנטיב ביו ט,תנובה,IL,סויה אלטרנטיב ביו טבעי150 גרם,גרמים,150.00,100 גרם,false,1,4.90,0.0327,true,1,76010
7290110329914,false,מאגדת משקה שיבולת שו,תנובה בעמ,IL,מאגדת משקה שיבולת שועל ושקדים ביו אלטרנט,גרמים,600.00,100 גרם,false,6,19.90,0.0332,true,1,77138
7290110472474,false,מתאם קיר TYPE C,,,מתאם קיר TYPE C,יחידה,1.00,יחידה,false,1,54.90,54.9000,true,1,70987
7290110476267,false,מטען קיר מאושר אפל 2,,,מטען קיר מאושר אפל 2,יחידה,1.00,יחידה,false,1,119.00,119.0000,true,1,74011
7290110552220,false,דנונה פרו 20 חלבון,"שטראוס בריאות בע""מ",IL,'דנונה פרו 20גר' ללא סוכר תות,גרמים,200.00,100 גרם,false,1,6.50,0.0325,true,1,76037
7290110552237,false,דנונה פרו 20 חלבון,"שטראוס בריאות בע""מ",IL,דנונה פרו 20גר' ללא סוכר אפרסק מנגו,גרמים,200.00,100 גרם,false,1,6.50,0.0325,true,1,76038
7290110552411,false,משקה קפה קר בטעם קרמ,יטבתה,IL,משקה קפה קר בטעם קרמל 230 מל,מיליליטרים,230.00,"100 מ""ל",false,1,7.90,0.0343,true,1,76561
7290110553029,false,אנרגי פריכיות חלבון,שטראוס,IL,אנרגי פריכיות חלבון קייל חומוס ומלח 60,גרמים,60.00,100 גרם,false,1,12.90,0.2150,true,1,76208
7290110553036,false,אנרגי פריכיות חלבון,שטראוס,IL,אנרגי פריכיות חלבון בטטה סגולה ואפונה 60 גרם,גרמים,60.00,100 גרם,false,1,12.90,0.2150,true,1,76209
7290110553173,false,אנרג`י פריכיות בטעם,שטראוס גרופ,IL,אנרג`י פריכיות בטעם קרמל 40 גרם,מיליליטרים,40.00,"100 מ""ל",false,1,8.90,0.2225,true,1,77121
7290110553180,false,אנרג`י פריכיות בטעם,שטראוס גרופ,IL,אנרג`י פריכיות בטעם תפוח קינמון 40 גרם,מיליליטרים,40.00,"100 מ""ל",false,1,8.90,0.2225,true,1,77122
7290110553210,false,סבבה בוטנים הוט באפל,שטראוס,IL,סבבה בוטנים הוט באפלו ווינגס 50 גרם,גרמים,50.00,100 גרם,false,1,2.90,0.0580,true,1,76997
7290110553401,false,בינז אייס קופי לאטה,מונסטרלנד לולף,DE,"בינז אייס קופי לאטה וניל 250 מ""ל",מיליליטרים,250.00,"100 מ""ל",false,1,10.90,0.0436,true,1,76786
7290110553623,false,ציטוס קראנץ צדר חלפי,שטראוס,IL,ציטוס קראנץ צדר חלפיניו 80 גרם,גרמים,80.00,100 גרם,false,1,5.50,0.0688,true,1,77140
7290110554118,false,נודלס מלזי חריף דל,"טרופיקל דגיל בע""מ אז",IL,נודלס מלזי חריף דלישס 350גרם,גרמים,350.00,100 גרם,false,1,26.90,0.0769,true,1,75502
7290110554125,false,נודלס סצואן חריף דלי,שטראוס,IL,נודלס סצואן חריף דלישס 350גרם,גרמים,350.00,100 גרם,false,1,26.90,0.0769,true,1,76264
7290110554453,false,בינז אייס קופי לאטה,מונסטרלנד לולף,DE,"בינז אייס קופי לאטה מוקה 250 מ""ל",מיליליטרים,250.00,"100 מ""ל",false,1,10.90,0.0436,true,1,76787
7290110554477,false,קפסולות לאפוגטו מייפ,שטראוס,IL,קפסולות לאפוגטו מייפל 50 גרם,גרמים,50.00,100 גרם,false,1,18.90,0.3780,true,1,76789
7290110554699,false,קפסולות קפה אספרסו ע,שטראוס קפה בי.וי.,IL,קפסולות קפה אספרסו עולה 50 גרם,גרמים,50.00,100 גרם,false,1,18.90,0.3780,true,1,77116
7290110554705,false,קפסולות קפה אספרסו י,שטראוס קפה בי.וי.,IL,קפסולות קפה אספרסו יוניקו 50 גרם,גרמים,50.00,100 גרם,false,1,18.90,0.3780,true,1,77115
7290110556242,false,שוקולד פרה מריר 100,"שטראוס גרופ בע""מ.",IL,שוקולד פרה מריר 100 גרם,גרמים,100.00,100 גרם,false,1,6.50,0.0650,true,1,77264
7290110557027,false,חומוס הסדרה 50% טחינ,שטראוס,IL,חומוס הסדרה 50% טחינה 400גרם,גרמים,400.00,100 גרם,false,1,15.90,0.0398,true,1,75739
7290110557102,false,מעדן חלב עם שוקולד פ,מיוצר עי קונדיטוריית,IL,מעדן חלב עם שוקולד פרו 11 חלבון 150גרם,גרמים,150.00,100 גרם,false,1,4.90,0.0327,true,1,75297
7290110557133,false,מעדן הגולן וניל 125,מיוצר עי קונדיטוריית,IL,מעדן הגולן וניל 125 גרם,גרמים,125.00,100 גרם,false,1,3.20,0.0256,true,1,75482
7290110557393,false,מארז מילקי שלוק איי,"שטראוס גרופ בע""מ",IL,מארז מילקי שלוק אייס קפה 276 מל,מיליליטרים,276.00,"100 מ""ל",false,1,9.90,0.0359,true,1,76901
7290110558253,false,דנונה ריפרש בננה אננ,שטראוס,IL,"דנונה ריפרש בננה אננס וציה 250מ""ל",מיליליטרים,250.00,"100 מ""ל",false,1,5.90,0.0236,true,1,76743
7290110558284,false,דנונה ביו מולטי 200,שטראוס,IL,דנונה ביו מולטי 200 גרם,מיליליטרים,200.00,"100 מ""ל",false,1,4.90,0.0245,true,1,76900
7290110558291,false,דנונה פרו 20 גרם בטע,"שטראוס בריאות בע""מ",IL,דנונה פרו 20 גרם בטעם קוקוס,גרמים,200.00,100 גרם,false,1,6.50,0.0325,true,1,76513
7290110558307,false,דנונה פרו 20 גר עם ש,"שטראוס בריאות בע""מ",IL,דנונה פרו 20 גר עם שיבולת שועל 200גרם,גרמים,200.00,100 גרם,false,1,6.70,0.0335,true,1,76562
7290110558314,false,דנונה פרו 20 גרםללא,שטראוס,IL,דנונה פרו 20 גרםללא סוכר בטעם פיסטוק,גרמים,200.00,100 גרם,false,1,6.50,0.0325,true,1,76926
7290110558338,false,יוגורט פרו 25 גר חל,שטראוס,IL,יוגורט פרו 25 גר חלבון 200 גרם,גרמים,200.00,100 גרם,false,1,6.50,0.0325,true,1,76563
7290110559038,false,מילקשייק שוקו עם סיר,מחלבת יטבתה,IL,מילקשייק שוקו עם סירופ שוקולד 300 מיל',מיליליטרים,300.00,"100 מ""ל",false,1,8.90,0.0297,true,1,76898
7290110559045,false,מילקשייק וניל עם סיר,מחלבת יטבתה,IL,מילקשייק וניל עם סירופ שוקולד 300 מיל',מיליליטרים,300.00,"100 מ""ל",false,1,8.90,0.0297,true,1,76899
7290110559939,false,נתחי סויה בסגנון שוו,אוכל ביתי ניר עציון,IL,נתחי סויה בסגנון שווארמה ומגדרה דלישס 3,גרמים,350.00,100 גרם,false,1,26.90,0.0769,true,1,76564
7290110560300,false,פריכיות משולשות-פלפל,פרח,IL,פריכיות משולשות- פלפל שחור,גרמים,30.00,100 גרם,false,1,5.90,0.1967,true,1,19906
7290110560317,false,פריכיות משולשות- מלח,פרח,IL,פריכיות משולשות- מלח ים,גרמים,30.00,100 גרם,false,1,5.90,0.1967,true,1,19907
7290110560324,false,פריכיות משולשות אפונ,פרח,IL,פריכיות משולשות- אפונה ירוקה,גרמים,30.00,100 גרם,false,1,5.90,0.1967,true,1,19908
7290110561352,false,יוגורט דנונה דל לקטו,"שטראוס בריאות בע""מ",IL,דנונה דל לקטוז בתוספת סידן,גרמים,200.00,100 גרם,false,1,3.90,0.0195,true,1,18678
7290110563431,false,משקה קפה קר קלאסי,האי נאם סי או אל.טי.,AT,משקה קפה קר בסגנון קלאסי 1.6%,מיליליטרים,230.00,"100 מ""ל",false,1,7.90,0.0343,true,1,66341
7290110563448,false,משקה קפה קר מעודן 1,האי נאם סי או אל.טי.,AT,"משקה קפה קר בסגנון מעודן 230 מ""ל",מיליליטרים,230.00,"100 מ""ל",false,1,7.90,0.0343,true,1,66342
7290110563462,false,חלב בבקבוק נטול לקטו,מחלבת יטבתה,IL,חלב בבקבוק נטול לקטוז 2%,ליטרים,1.00,ליטר,false,1,8.90,8.9000,true,1,66687
7290110564339,false,חומוס עשיר ב30% טחינ,מיוצר עי קונדיטוריית,IL,חומוס עשיר ב30% טחינה הסדרה המובחרת400,גרמים,400.00,100 גרם,false,1,15.90,0.0398,true,1,18106
7290110564360,false,חומוס עשיר ב40% טחינ,מיוצר עי קונדיטוריית,IL,חומוס עשיר ב40% טחינה הסדרה המובחרת400 d,גרמים,400.00,100 גרם,false,1,15.90,0.0398,true,1,18107
7290110564742,false,משקה קפה קר חזק 1.,האי נאם סי או אל.טי.,AT,משקה קפה קר בסגנון חזק -חדש,מיליליטרים,230.00,"100 מ""ל",false,1,7.90,0.0343,true,1,66343
7290110565527,false,דנונה פרו 20 גרם חלב,"שטראוס בריאות בע""מ",IL,דנונה פרו 20 גר 1.5% שומן,גרמים,200.00,100 גרם,false,1,6.50,0.0325,true,1,17951
7290110566579,false,דבש לחיץ יד מרדכי 2,מכוורת יד מרדכי שטרא,IL,דבש בקבוק לחיץ 200 גרם,גרמים,200.00,100 גרם,false,1,13.90,0.0695,true,1,69105
7290110566975,false,דנונה פרו 20גרם תות,"שטראוס בריאות בע""מ",IL,דנונה פרו 20 גר תות 0% שומן,גרמים,200.00,100 גרם,false,1,6.50,0.0325,true,1,18481
7290110568276,false,משקה יטבתה פרו וניל,,IL,"משקה יטבתה פרו וניל 350 מ""ל",מיליליטרים,350.00,"100 מ""ל",false,1,6.90,0.0197,true,1,18861
7290110570224,false,משקה קפה קר בטעם עוג,תנובה,IL,משקה קפה קר בטעם עוגיות 230מל,מיליליטרים,230.00,"100 מ""ל",false,1,7.90,0.0343,true,1,76896
7290110571382,false,מעדן חלב בטעם וניל פ,"שטראוס בריאות בע""מ",IL,מעדן חלב בטעם וניל מועשר בחלבון,גרמים,150.00,100 גרם,false,1,5.00,0.0333,true,1,76565
7290110572884,false,קפסולות אספרסו 20 שט,שטראוס,IL,קפסולות אספרסו 20 שטראוס 50 גרם,גרמים,50.00,100 גרם,false,1,18.90,0.3780,true,1,77679
7290110576752,false,ספלנדיד מריר 70% 100,קימ'ס גריפלנן,BE,ספלנדיד מריר 70% 100 גרם,גרמים,100.00,100 גרם,false,1,10.90,0.1090,true,1,77557
7290110576776,false,ספלנדיד מריר 85% 100,קימ'ס גריפלנן,BE,ספלנדיד מריר 85% 100 גרם,גרמים,100.00,100 גרם,false,1,10.90,0.1090,true,1,77558
7290110577230,false,משקה חלב בטעם פיסטוק,יטבתה,IL,משקה חלב בטעם פיסטוק 1 ליטר,ליטרים,1.00,ליטר,false,1,12.90,12.9000,true,1,77469
7290110577247,false,משקה חלב בטעם פיסטוק,יטבתה,IL,משקה חלב בטעם פיסטוק 350 מל,מיליליטרים,350.00,"100 מ""ל",false,1,6.90,0.0197,true,1,77470
7290111342059,false,ניקול מטליות מיקרופי,סנו,IL,מטליות לחות לניקוי וחיטוי משטחים אנטיבקטריאלי,לא מנהל יחידת מידה,0.00,לא מנהל יחידת מידה,false,1,15.90,0.0000,true,1,71929
7290111343797,false,ניקול מטליות לחות לנ,עלבד,IL,מטליות לחות לניקוי חלונות,יחידה,1.00,יחידה,false,1,13.90,13.9000,true,1,73314
7290111344206,false,האגיס מגבונים לחים מ,קימברלי,IL,מגבוני האגיס נטורל קייר מבושם 4*64,לא מנהל יחידת מידה,0.00,לא מנהל יחידת מידה,false,1,22.90,0.0000,true,1,75707
7290111344732,false,קלינקס אלרגי קומפורט,קימברלי,IL,קלינקס אלרגי קומפורט זוג 2 * 70 יחידות,יחידה,1.00,יחידה,false,1,15.90,15.9000,true,1,75667
7290111344831,false,מגן תחתון קוטקס נורמ,,CN,מגן תחתון קוטקס נורמל 60 יחידות,יחידה,1.00,יחידה,false,1,21.90,21.9000,true,1,76026
7290111346088,false,נייר טואלט מולט 30,,,נייר טואלט מולט 30 גלילים,יחידה,1.00,יחידה,false,1,29.90,29.9000,true,1,77044
7290111346293,false,מגבת נייר ניקול שישי,חוגלה,IL,מגבת נייר ניקול שישייה מהדורה,יחידה,6.00,יחידה,false,1,12.90,2.1500,true,1,76773
7290111350580,false,נייטשר וואלי מארז רב,נייצר וואלי,,נייטשר וואלי מארז רביעייה בחבק,גרמים,156.00,100 גרם,false,1,10.00,0.0641,true,1,66712
7290111350726,false,נאצוס הוטפופ מקסיקני,פופז,US,נאצוס הוטפופ מקסיקני 332 גרם,גרמים,332.00,100 גרם,false,1,17.90,0.0539,true,1,66971
7290111351280,false,תערובת אגוזים קלויים,קליית גת,IL,תערובת אגוזים קלויים ללא מלח 150 ג,גרמים,150.00,100 גרם,false,1,22.90,0.1527,true,1,66519
7290111353178,false,פרו מיקס תערובת שקדי,JG עבור קליית גת,IL,פרו מיקס תערובת שקדים בוטנים ופקאנים150,גרמים,150.00,100 גרם,false,1,22.90,0.1527,true,1,73299
7290111354083,false,תערובת אגוזים מקורמל,קליית גת,IL,תערובת אגוזים מקורמלים וצימוקים 150 גרם,גרמים,150.00,100 גרם,false,1,21.90,0.1460,true,1,76162
7290111354168,false,מנצס בצנצנת 100 גרם,קליית גת,IL,מנצס בצנצנת 100 גרם,גרמים,100.00,100 גרם,false,1,12.90,0.1290,true,1,76164
7290111354175,false,רביולי בוטנים מצופים,קליית גת,IL,רביולי בוטנים מצופים בטעם גריל 120 גרם,גרמים,120.00,100 גרם,false,1,12.90,0.1075,true,1,76163
7290111354182,false,פריכיות אורז צילי 70,קליית גת,IL,פריכיות אורז צילי 70 גרם,גרמים,100.00,100 גרם,false,1,12.90,0.1290,true,1,76165
7290111563492,false,מטבוחה חריפה צבר 400,לחמנו,IL,סלטי צבר מטבוחה חריפה מרובע 6*400גרם,גרמים,400.00,100 גרם,false,1,14.90,0.0373,true,1,18395
7290111564239,false,מאגדת מיני קראנץ וני,המאפיה של הרמן,IL,קראנץ מאגדת מיני וניל 6 5*55גרם,גרמים,275.00,100 גרם,false,1,36.90,0.1342,true,1,17965
7290111564291,false,פריכיות דקות עם קינו,PT,IL,פיטנס פריכיות דקות עם קינואה 12*120גרם,גרמים,120.00,100 גרם,false,1,11.90,0.0992,true,1,17374
7290111564505,false,קרחון אננס,נגה גלידות,IL,קרחון אננס,גרמים,80.00,100 גרם,false,1,3.00,0.0375,true,1,18028
7290111564727,false,קרמוגית במילוי קרם א,מיוצר עי קונדיטוריית,IL,קרמוגית במילוי קרם אגוזים,גרמים,200.00,100 גרם,false,1,14.50,0.0725,true,1,18048
7290111564956,false,ביסלי במבה מיקס 200,אסם,IL,ביסלי במבה מיקס 18*200גרם,גרמים,200.00,100 גרם,false,1,11.90,0.0595,true,1,17517
7290111565502,false,גלידה סנדויץ אוריאו,ג'נרל מילס סאן אדריא,IT,גלידה סנדויץ אוריאו 80 גרם,גרמים,80.00,100 גרם,false,1,9.90,0.1238,true,1,18080
7290111566127,false,גלידה אוראו סנדביץ מ,ג'נרל מילס סאן אדריא,IT,אוראו מאגדת סנדביץ 8 6*33ג 12364441,גרמים,198.00,100 גרם,false,1,29.50,0.1490,true,1,18078
7290111566240,false,שניצל דק טבעול בטעם,כצט,IL,טבעול שניצל דק בטעם צילי חריף 8*564גרם,גרמים,564.00,100 גרם,false,1,34.90,0.0619,true,1,18212
7290111566271,false,חטיפי תירס טבעול 657,כצט,IL,טבעול חטיפי תירס 6*657גרם,גרמים,657.00,100 גרם,false,1,34.90,0.0531,true,1,18200
7290111566318,false,שניצל דק טבעול מן הצ,כצט,IL,טבעול שניצל דק מן הצומח 8*564גרם,גרמים,564.00,100 גרם,false,1,34.90,0.0619,true,1,18213
7290111566547,false,חזה בגריל טבעול צמחו,כצט,IL,טבעול חזה בגריל צמחוני 6*560גרם,גרמים,560.00,100 גרם,false,1,34.90,0.0623,true,1,18199
7290111566561,false,שניצל ברוקולי טבעול,כצט,IL,טבעול שניצל ברוקולי 99 קלוריות 6*560ג,גרמים,560.00,100 גרם,false,1,34.90,0.0623,true,1,18211
7290111566585,false,שניצל צמחוני טבעול 9,כצט,IL,טבעול שניצל צמחוני 99 קלוריות 6*650גרם,גרמים,650.00,100 גרם,false,1,34.90,0.0537,true,1,18214
7290111566660,false,טבעול קציצות עדשים,כצט,IL,טבעול קציצות עדשים כתומות 6*530גרם,גרמים,530.00,100 גרם,false,1,34.90,0.0658,true,1,18207
7290111566752,false,שניצל תירס טבעול 99,כצט,IL,טבעול שניצל תירס 99 קלוריות 6*693גרם,גרמים,693.00,100 גרם,false,1,34.90,0.0504,true,1,18215
7290111566776,false,נקניקיות קוקטייל טבע,כצט,IL,טבעול נקניקיות קוקטייל צמחוניות6*680גרם,גרמים,680.00,100 גרם,false,1,34.90,0.0513,true,1,18205
7290111568206,false,ביסלי פארטי מיקס 150,פרו מן יו פתרונות אר,IL,ביסלי פארטי מיקס 24*150גרם,גרמים,150.00,100 גרם,false,1,11.90,0.0793,true,1,18494
7290111568466,false,רוטב אסייתי למוקפץ,אסם השקעות,IL,אסם רוטב אסיאתי למוקפץ 9*290 מל,מיליליטרים,290.00,"100 מ""ל",false,1,15.90,0.0548,true,1,18846
7290111930911,false,חטיף פוף לבבות קלאסי,,IL,מנה חטיף פוף קלאסי לבבות 40 גרם,גרמים,40.00,100 גרם,false,1,3.90,0.0975,true,1,74903
7290112002099,false,קולון גל 2.5 ליטר רג,רקיט בנקיזר,IL,ג'ל כביסה קולון קלאסי 2.5 ליטר,ליטרים,2.50,ליטר,false,1,29.90,11.9600,true,1,71310
7290112002112,false,קולון גל 2.5 ליטר ור,רקיט בנקיזר,IL,ג'ל כביסה קולון בניחוח מאסק 2.5 ליטר,ליטרים,2.50,ליטר,false,1,29.90,11.9600,true,1,71309
7290112002440,false,דורקס סיליקון 50מל,רקיט בנקיזר,TH,דורקס סיליקון 50מל,מיליליטרים,50.00,"100 מ""ל",false,1,59.90,1.1980,true,1,74354
7290112005045,false,וניש אבקה חדש לבן 48,רקיט בנקיזר,IT,וניש אבקה חדש לבן 480 גרם,גרמים,480.00,100 גרם,false,1,18.90,0.0394,true,1,77433
7290112005076,false,וניש אבקה חדש ורוד 4,רקיט בנקיזר,IT,וניש אבקה חדש ורוד 480 גרם,גרמים,480.00,100 גרם,false,1,18.90,0.0394,true,1,77432
7290112192882,false,משחת שיניים סנסודיין,G.S.K,DE,משחת שיניים סנסודיין רגישות וחניכיים מלב,מיליליטרים,75.00,"100 מ""ל",false,1,35.90,0.4787,true,1,73032
7290112330352,false,דנונה פרו 20גרם וניל,"שטראוס בריאות בע""מ",IL,דנונה פרו 20 גר וניל 0% שומן,גרמים,200.00,100 גרם,false,1,6.50,0.0325,true,1,67425
7290112330390,false,דנונה פרו 20גרם פירו,"שטראוס בריאות בע""מ",IL,דנונה פרו 20 גר פירות יער 0% שומן,גרמים,200.00,100 גרם,false,1,6.50,0.0325,true,1,67426
7290112330994,false,שייק חלבון מי בינה ע,מחלבת יטבתה,IL,שייק חלבון מי גבינה עם אפרסק דאבל זירו,מיליליטרים,350.00,"100 מ""ל",false,1,7.90,0.0226,true,1,76808
7290112332691,false,עוגיית קרם פסק זמן א,תות תעשיות מזון (201,IL,.עוגיית קרם פסק זמן אגוזים,גרמים,200.00,100 גרם,false,1,11.90,0.0595,true,1,68115
7290112334749,false,קפה טורקי עלית 200גר,שטראוס קפה בי.וי,IL,עלית טורקי שקית 200 ג 10% תוספת,גרמים,200.00,100 גרם,false,1,17.90,0.0895,true,1,69920
7290112335050,false,מרשמלו וניל 150 גרם,המאפיה של הרמן,IL,מרשמלו וניל 150 גר וועסטהיים,גרמים,150.00,100 גרם,false,1,7.90,0.0527,true,1,67627
7290112335487,false,פריכיות טעימות קצח ו,פרח תעשיות,IL,פריכיות טעימות קצח ודגנים 135 גרם,גרמים,135.00,100 גרם,false,1,12.90,0.0956,true,1,67419
7290112335500,false,פריכיות טעימות חלבון,פרח,IL,פריכיות טעימות חלבון 19,גרמים,135.00,100 גרם,false,1,12.90,0.0956,true,1,67422
7290112336637,false,סוכריות ללס תות אוכמ,מיישקו,PL,סוכריות ללס יוגורט תות אוכמניות,גרמים,80.00,100 גרם,false,1,10.90,0.1363,true,1,71732
7290112336644,false,סוכריות ללס לימון 80,פלזנסקי,PL,סוכריות ללס לימון 80 ג חדש,גרמים,80.00,100 גרם,false,1,10.90,0.1363,true,1,71733
7290112336651,false,סוכריות ללס ריבת חלב,פלזנסקי,PL,סוכריות ללס ריבת חלב 80 ג חדש,גרמים,80.00,100 גרם,false,1,10.90,0.1363,true,1,71734
7290112336712,false,דנונה פרו 21 0% 2,"שטראוס בריאות בע""מ",IL,דנונה פרו 21 גר 0% שומן,גרמים,200.00,100 גרם,false,1,6.50,0.0325,true,1,66696
7290112337474,false,סוכריות ללס פטל לימו,פלזנסקי,PL,סוכריות ללס פטל לימון 80 גר,גרמים,80.00,100 גרם,false,1,10.90,0.1363,true,1,71735
7290112337481,false,סוכריות ללס קפוצינו,פלזנסקי,PL,סוכריות ללס קפוצ'ינו 80 גר' אריזה חדשה,גרמים,80.00,100 גרם,false,1,10.90,0.1363,true,1,71736
7290112339171,false,מילקי מוס,"שטראוס גרופ בע""מ",IL,מילקי מוס,גרמים,81.00,100 גרם,false,1,3.70,0.0457,true,1,20248
7290112339867,true,גמדים סקוויז תות 10,שטראוס,IL,גמדים סקוויז תות 100 גרם,גרמים,100.00,100 גרם,false,1,6.20,0.0620,true,1,72982
7290112339874,true,גמדים סקוויז תות בננ,שטראוס,IL,גמדים סקוויז תות בננה 100,גרמים,100.00,100 גרם,false,1,6.20,0.0620,true,1,72983
7290112340122,false,פריכיות טעימות 3 דגנ,פרח תעשיות,IL,פריכיות טעימות 3 דגנים 135 גרם,גרמים,135.00,100 גרם,false,1,12.90,0.0956,true,1,67423
7290112340252,false,מסטיק מאסט צנצנת אבט,"שטראוס גרופ בע""מ",IL,מסטיק מאסט צנצנת אבטיח מלון 66 גרם,גרמים,66.00,100 גרם,false,1,11.50,0.1742,true,1,66995
7290112340276,false,עוגיית קרם קפה נמס,הגביע מוצרי ופלים בע,IL,פינוקיות קרם קפה נמס,גרמים,200.00,100 גרם,false,1,11.90,0.0595,true,1,68124
7290112341006,false,מארז מילקי קצפת כפיו,"שטראוס גרופ בע""מ",IL,מארז מילקי קצפת + כפיות,גרמים,172.00,100 גרם,false,1,9.00,0.0523,true,1,67259
7290112341112,false,משקה מוקה יוטבתה 350,מחלבת יטבתה,IL,"מוקה 350 מ""ל",מיליליטרים,350.00,"100 מ""ל",false,1,6.90,0.0197,true,1,76554
7290112341679,false,אקטיביה 3% 200גרם,מיוצר עי קונדיטוריית,IL,אקטיביה 3% 200ג',גרמים,200.00,100 גרם,false,1,4.20,0.0210,true,1,70601
7290112342102,false,גבינת סימפוניה בצל מ,"שטראוס בריאות בע""מ",IL,סימפוניה בצל מקורמל,גרמים,200.00,100 גרם,false,1,12.90,0.0645,true,1,71838
7290112343420,false,יטבתה פרו ארוחת בוקר,מחלבת יטבתה,IL,יטבתה פרו ארוחת בוקר 350 מל,מיליליטרים,350.00,"100 מ""ל",false,1,7.90,0.0226,true,1,74967
7290112343499,false,ציטוס פאף 55 גרם,"שטראוס פריטו ליי בע""",IL,צ'יטוס PUFFS בטעם גבינה 55 ג 48 יח,גרמים,55.00,100 גרם,false,1,5.50,0.1000,true,1,75449
7290112343512,false,ציטוס פאף 160 גרם,הנסיך- מפעל לייצור ט,IL,צ'יטוס PUFFS בטעם גבינה 160 ג 9 יח,גרמים,160.00,100 גרם,false,1,10.90,0.0681,true,1,75704
7290112344724,false,מילקי בטעם שוקולד בל,שטראוס,IL,מילקי בטעם שוקולד בלונדי 170גרם,גרמים,170.00,100 גרם,false,1,3.70,0.0218,true,1,71357
7290112344731,false,מילקי EXTRA שוקולד ע,שטראוס,IL,מילקי EXTRA שוקולד עם קצפת 133גרם,גרמים,133.00,100 גרם,false,1,4.00,0.0301,true,1,75741
7290112344755,false,מלקי מופחת 26%סוכר 1,מיוצר עי קונדיטוריית,IL,מילקי עם 26% פחות סוכר,גרמים,135.00,100 גרם,false,1,2.90,0.0215,true,1,73723
7290112344786,false,קפה פלטינום קלאסיק 2,הנסיך- מפעל לייצור ט,IL,קפה פלטינום קלאסיק 200 גרם,גרמים,200.00,100 גרם,false,1,29.90,0.1495,true,1,72466
7290112347008,false,גמדים ארוחת בוקר תות,"שטראוס בריאות בע""מ",IL,גמדים ארוחת בוקר תות סקוויז,גרמים,100.00,100 גרם,false,1,6.20,0.0620,true,1,71352
7290112348029,false,חומוס חלק דליקטס 250,שטראוס,IL,חומוס חלק דליקטס 250 גרם,גרמים,250.00,100 גרם,false,1,8.90,0.0356,true,1,74434
7290112348043,false,סלט חציל במיונז דליק,שטראוס,IL,סלט חציל במיונז דליקטס 250 גרם,גרמים,250.00,100 גרם,false,1,12.90,0.0516,true,1,74435
7290112348999,false,פריכיות טעימות תירס,פרח,IL,פריכיות טעימות תירס דקות 135 ג,גרמים,135.00,100 גרם,false,1,12.90,0.0956,true,1,73951
7290112349606,false,דניאלה תות בננה88גרם,"שטראוס בריאות בע""מ",IL,דניאלה תות בננה,גרמים,88.00,100 גרם,false,1,4.50,0.0511,true,1,76040
7290112349675,false,גמדים ארוחת בוקר וני,"שטראוס בריאות בע""מ",IL,גמדים ארוחת בוקר וניל סקוויז,גרמים,100.00,100 גרם,false,1,6.20,0.0620,true,1,71353
7290112350312,false,קפסולות אספרסו 15 שט,שטראוס קפה בי.וי,IL,קפסולות 15 למכונות NESPRESSO,גרמים,50.00,100 גרם,false,1,18.90,0.3780,true,1,72935
7290112353412,false,פריכיות משולשות-תפוא,פרח,IL,"פריכיות משולשות-תפוא,תירס,אפונה,סלק ומלח",גרמים,30.00,100 גרם,false,1,5.90,0.1967,true,1,73006
7290112353542,false,סלט מטבוחה דליקטס 25,שטראוס,IL,סלט מטבוחה דליקטס 250 גרם,גרמים,250.00,100 גרם,false,1,12.90,0.0516,true,1,74436
7290112353566,false,סלט טחינה דליקטס 250,שטראוס,IL,סלט טחינה דליקטס 250 גרם,גרמים,250.00,100 גרם,false,1,12.90,0.0516,true,1,74437
7290112353887,false,משקה קפה קר בטעם אגו,האי נאם סי או אל.טי.,AT,"משקה קפה קר בטעם אגוזים 230 מ""ל",מיליליטרים,230.00,"100 מ""ל",false,1,7.90,0.0343,true,1,72495
7290112354174,false,פסטה רוזה דלישס 280ג,"טרופיקל דגיל בע""מ אז",IT,פסטה רוזה דלישס 280גרם,גרמים,280.00,100 גרם,false,1,24.90,0.0889,true,1,75503
7290112354204,false,ספגטי עגבניות דלישס,"טרופיקל דגיל בע""מ אז",IT,ספגטי עגבניות דלישס 280 גרם,גרמים,280.00,100 גרם,false,1,24.90,0.0889,true,1,75505
7290112354211,false,פיצה מרגריטה דלישס,סקרלינפיצה אס. אר. א,IT,פיצה מרגריטה דלישס 400 גרם,גרמים,400.00,100 גרם,false,1,26.90,0.0672,true,1,75506
7290112354747,false,דנונה בר בננה עם קור,"שטראוס בריאות בע""מ",IL,דנונה בר בננה עם קורנפלקס,גרמים,172.00,100 גרם,false,1,4.90,0.0285,true,1,73263
7290112354945,false,תפוציפס טבעי 50 גרם,שטראוס פריטו ליי בע”,IL,תפוציפס טבעי 50 גרם wavy,גרמים,50.00,100 גרם,false,1,5.50,0.1100,true,1,77500
7290112354952,false,תפוציפס פפריקה 50 גר,שטראוס,IL,תפוציפס פפריקה 50 גרם wavy,גרמים,50.00,100 גרם,false,1,5.50,0.1100,true,1,77501
7290112354969,false,תפוציפס טבעי 200 גרם,שטראוס,IL,תפוציפס טבעי 200 גרם wavy,גרמים,200.00,100 גרם,false,1,11.90,0.0595,true,1,77498
7290112355027,false,דנונה פרו20 גרם חלבו,"שטראוס בריאות בע""מ",IL,דנונה פרו 20 גרם בטעם קרמל מלוח,גרמים,200.00,100 גרם,false,1,6.50,0.0325,true,1,73721
7290112355102,false,גמדים פאוץ סלט פירות,"שטראוס בריאות בע""מ",IL,סקוויז גמדים לדרך סלט פירות 100 גרם,גרמים,100.00,100 גרם,false,1,6.20,0.0620,true,1,73880
7290112355720,false,דנונה WOW קרמל מלוח,"שטראוס בריאות בע""מ",IL,דנונה WOW קרמל מלוח,גרמים,150.00,100 גרם,false,1,4.90,0.0327,true,1,73879
7290112355812,false,מילקי טופ קורנפלקס מ,שטראוס,IL,מילקי טופ קורנפלקס מעורב,גרמים,141.00,100 גרם,false,1,5.00,0.0355,true,1,76166
7290112355867,false,מילקי קצפת טופ פיצפו,שטראוס,IL,מילקי קצפת טופ פיצפוץ 86גרם,גרמים,86.00,100 גרם,false,1,4.20,0.0488,true,1,75484
7290112358004,false,פסק זמן קראנץ 32גרם,המאפיה של הרמן,TR,פסק זמן קראנץ' 32 גר,גרמים,32.00,100 גרם,false,1,5.90,0.1844,true,1,73597
7290112358127,false,דנונה פרו 20גרם עם מ,"שטראוס בריאות בע""מ",IL,דנונה פרו 20 גר עם מגנזיום,גרמים,200.00,100 גרם,false,1,6.70,0.0335,true,1,73460
7290112358431,false,עד חצות דאבל 200 גרם,שטראוס,IL,עד חצות דאבל 200 גרם,גרמים,200.00,100 גרם,false,1,14.80,0.0740,true,1,74424
7290112490032,true,מרק נמס בכוס תירס 43,יוניליוור ישראל מזון,IL,קנור נמס בכוס מרק תירס 45 גרם,גרמים,43.00,100 גרם,false,1,8.50,0.1977,true,1,19470
7290112490209,true,נמס בכוס עגבניות קרו,יוניליוור ישראל מזון,IL,נמס בכוס עגבניות קרוטונים ר.טבעי 64 גרם,גרמים,64.00,100 גרם,false,1,8.50,0.1328,true,1,19473
7290112490735,true,מרק עשיר עגבניות עם,יוניליוור ישראל מזון,IL,מרק עשיר עגבניות עם פסטה – 100% רכיבים ט,גרמים,105.00,100 גרם,false,1,13.90,0.1324,true,1,19476
7290112490742,true,מרק עשיר פטריות עם ג,יוניליוור ישראל מזון,IL,מרק עשיר פטריות עם גריסים – 100% רכיבים,גרמים,104.00,100 גרם,false,1,13.90,0.1337,true,1,19477
7290112490759,true,מרק עשיר עוף עם אטרי,יוניליוור ישראל מזון,IL,מרק עשיר עוף עם אטריות – 100% רכיבים טבע,גרמים,74.00,100 גרם,false,1,13.90,0.1878,true,1,19478
7290112491534,false,שוקולד מריר מארז שלי,יוניליוור ישראל מזון,IL,ROSE OF GALILEE חטיפים שונים 300 G,גרמים,300.00,100 גרם,false,1,16.90,0.0563,true,1,76666
7290112491701,false,בררנפלקס חיטה מלאה ו,יוניליוור ישראל מזון,IL,ברנפלקס חיטה מלאה ושיבולת שועל מלאה375,גרמים,375.00,100 גרם,false,1,26.90,0.0717,true,1,67076
7290112492449,false,פינוק שמפו לשיער רגי,יוניליוור ישראל טיפו,IL,PINUK שמפו 2IN1 700 ML,מיליליטרים,700.00,"100 מ""ל",false,1,14.90,0.0213,true,1,72377
7290112492456,false,פינוק שמפו לשיער יבש,יוניליוור ישראל טיפו,IL,PINUK שמפו 2IN1 700 ML,מיליליטרים,700.00,"100 מ""ל",false,1,14.90,0.0213,true,1,72378
7290112492463,false,פינוק שמפו ומרכך 2ב1,יוניליוור ישראל טיפו,IL,PINUK שמפו 2IN1 700 ML,מיליליטרים,700.00,"100 מ""ל",false,1,14.90,0.0213,true,1,72379
7290112492487,false,פינוק שמפו שמן מרוקא,יוניליוור ישראל טיפו,IL,PINUK שמפו 2IN1 700 ML,מיליליטרים,700.00,"100 מ""ל",false,1,14.90,0.0213,true,1,73478
7290112492500,false,פינוק שמפו שמן קוקוס,"יוניליור ישראל, טיפו",IL,PINUK שמפו 2IN1 700 ML,מיליליטרים,700.00,"100 מ""ל",false,1,14.90,0.0213,true,1,73450
7290112492531,true,פינוק מרכך שיער רגיל,יוניליוור ישראל טיפו,IL,PINUK מרכך 700 ML,מיליליטרים,700.00,"100 מ""ל",false,1,14.90,0.0213,true,1,71533
7290112492593,true,פינוק תחליב רחצה בני,יוניליוור ישראל טיפו,IL,PINUK סבון נוזלי 700 ML,גרמים,700.00,100 גרם,false,1,14.90,0.0213,true,1,71535
7290112492609,true,פינוק תחליב רחצה לבנ,יוניליוור ישראל טיפו,IL,PINUK סבון נוזלי 700 ML,מיליליטרים,700.00,"100 מ""ל",false,1,14.90,0.0213,true,1,71536
7290112492630,true,פינוק שמפו 3 ב-1 לגב,יוניליוור ישראל טיפו,IL,PINUK סבון נוזלי 700 ML,מיליליטרים,700.00,"100 מ""ל",false,1,14.90,0.0213,true,1,71538
7290112492999,false,קנור מרק טעם עוף 400,יוניליוור ישראל מזון,IL,קנור מרק טעם עוף 400 גרם,גרמים,400.00,100 גרם,false,1,15.90,0.0398,true,1,71467
7290112493903,false,ננסים בדצ מעדן קפוא,,IL,"מאגדת ננסים בטעמים תות, לימון, קולה ומשמש",גרמים,87.00,100 גרם,false,1,10.90,0.1253,true,1,74930
7290112494221,false,קליק שקית ביסקוויט 6,יוניליוור ישראל מזון,IL,קליק ביסקוויט 65 גרם,גרמים,65.00,100 גרם,false,1,7.90,0.1215,true,1,70855
7290112494238,false,קליק שקית כדורים חל,יוניליוור ישראל מזון,IL,קליק קליק כדורים 65 גרם,גרמים,65.00,100 גרם,false,1,7.90,0.1215,true,1,70858
7290112494276,false,קליק שקית כריות 65,יוניליוור ישראל מזון,IL,קליק קליק כריות 65 גרם,גרמים,65.00,100 גרם,false,1,7.90,0.1215,true,1,70859
7290112494283,false,קליק שקית מעורב חום,יוניליוור ישראל מזון,IL,קליק חום לבן 65 גרם,גרמים,65.00,100 גרם,false,1,7.90,0.1215,true,1,70857
7290112494313,false,קליק שקית קורנפלקס 6,יוניליוור ישראל מזון,IL,קליק קליק קורנפלקס 65 גרם,גרמים,65.00,100 גרם,false,1,7.90,0.1215,true,1,70862
7290112494344,false,קורנפלקס תלמה 850 ג,יוניליוור שפע ישראל,IL,תלמה קורנפלקס של אלופים דגני בוקר 850 גרם,גרמים,850.00,100 גרם,false,1,21.90,0.0258,true,1,71968
7290112494351,false,קורנפלקס תלמה 850 גר,יוניליוור שפע ישראל,IL,תלמה קורנפלקס של אלופים 850 גרם,גרמים,850.00,100 גרם,false,1,21.90,0.0258,true,1,71969
7290112494382,false,קנור פירה ביתי 260 ג,יוניליוור ישראל מזון,IL,פירה בטעם ביתי מוכן ברגע קנור,גרמים,260.00,100 גרם,false,1,14.90,0.0573,true,1,71367
7290112494795,false,בדין גל לכביסה לבנה,"זוהר דליה, קיבוץ דלי",IL,בדין ג'ל כביסה כחול 2.5 ליטר,ליטרים,2.50,ליטר,false,1,39.90,15.9600,true,1,70888
7290112494801,false,בדין גל לכביסה לבנה,זוהר דליה,IL,בדין גל לכביסה לבנה וצבעונית בניחוח בדי,ליטרים,2.50,ליטר,false,1,39.90,15.9600,true,1,70887
7290112494993,false,כריות וניל 686 גרם,יוניליוור שפע ישראל,IL,תלמה דגני בוקר כריות וניל 686 גרם,גרמים,686.00,100 גרם,false,1,31.90,0.0465,true,1,70874
7290112495006,false,כריות נוגט 686 גרם,יוניליוור שפע ישראל,IL,תלמה דגני בוקר כריות נוגט 686 גרם,גרמים,686.00,100 גרם,false,1,29.90,0.0436,true,1,70876
7290112495112,false,נשנושים חטיף אפוי בט,בייגל את בייגל מזון,IL,נשנושים חטיף אפוי בטעם זעתר 260 גרם,גרמים,260.00,100 גרם,false,1,15.90,0.0612,true,1,70926
7290112495150,false,נשנושי קרקר עיגולים,בייגל את בייגל מזון,IL,נשנושי קרקר עיגולים מלוחים 300 גרם,גרמים,300.00,100 גרם,false,1,16.90,0.0563,true,1,70928
7290112495167,false,נשנושי קרקר משולשי ש,בייגל את בייגל מזון,IL,נשנושי קרקר משולשי שומשום 300 גרם,גרמים,300.00,100 גרם,false,1,16.90,0.0563,true,1,70925
7290112495433,false,תלמה דליפקאן 400 גרם,יוניליור שפע ישראל ב,IL,TELMA דגני מבוגרים 400 GR,גרמים,400.00,100 גרם,false,1,26.90,0.0672,true,1,69617
7290112495488,false,קורנפלקס פתיתי תירס,"מולינו ניקולי S.p.A,",IT,תלמה קורנפלקס ללא גלוטן 500 גרם,גרמים,500.00,100 גרם,false,1,23.90,0.0478,true,1,74004
7290112495747,false,רוטב צילי מתוק כ70%,יוניליוור ישראל מזון,IL,קנור רוטב צ'ילי מתוק כ-75% פחות סוכר 340 גרם,גרמים,340.00,100 גרם,false,1,14.50,0.0426,true,1,71692
7290112495792,false,הלמנס רוטב שום לייט,יוניליוור ישראל מזון,IL,הלמנ'ס רוטב שום לייט 300 גרם,גרמים,300.00,100 גרם,false,1,13.90,0.0463,true,1,71696
7290112495808,false,הלמנס רוטב חרדל ודבש,יוניליוור ישראל מזון,IL,הלמנ'ס רוטב חרדל ודבש 305 מל,גרמים,305.00,100 גרם,false,1,13.90,0.0456,true,1,72313
7290112495815,false,הלמנס רוטב חרדל ודבש,יוניליוור ישראל מזון,IL,הלמנ'ס רוטב חרדל ודבש לייט 305 גרם,גרמים,305.00,100 גרם,false,1,13.90,0.0456,true,1,72314
7290112495983,false,פריכיות אורז מצופות,גוד פוד פרודקטס Sp.z,PL,פריכיות אורז מצופות שוקולד חלב ושבבים39,גרמים,39.00,100 גרם,false,1,5.90,0.1513,true,1,72705
7290112496027,false,אפיכל סירופ בטעם שוק,יוניליוור ישראל מזון,IL,EFICOL קינוחים שונים 580 GR,גרמים,580.00,100 גרם,false,1,15.90,0.0274,true,1,71711
7290112496034,false,אפיכל סירופ בטעם מיי,יוניליוור ישראל מזון,IL,EFICOL קינוחים שונים 580 GR,גרמים,580.00,100 גרם,false,1,15.90,0.0274,true,1,71710
7290112496195,false,.אקס בושם כיס בלאק 1,"קוסטר אירוסול, גבזה,",TR,אקס בושם כיס בלאק 17 מל,מיליליטרים,17.00,"100 מ""ל",false,1,24.90,1.4647,true,1,73012
7290112496201,false,.אקס בושם כיס שוקולד,"קוסטר אירוסול, גבזה,",TR,אקס בושם כיס שוקולד 17 מל,מיליליטרים,17.00,"100 מ""ל",false,1,24.90,1.4647,true,1,73013
7290112496270,false,פתית ציפס עם תפוחי א,JLM גלובל פודס37 דרך,GB,פתית ציפס עם תפוחי אדמה עגבניות 22 גרם,גרמים,0.00,100 גרם,false,1,5.50,0.0000,true,1,72849
7290112496294,false,פתית ציפס עם אפונה י,JLM גלובל פודס37 דרך,GB,פתית ציפס עם אפונה ירוקה וצהובה 22 גרם,גרמים,0.00,100 גרם,false,1,5.50,0.0000,true,1,72847
7290112496430,false,נמס בכוס אקסטרה מרק,יוניליוור ישראל מזון,IL,נמס בכוס אקסטרה מרק עגבניות 37 גרם,גרמים,37.00,100 גרם,false,1,4.90,0.1324,true,1,75568
7290112496447,false,נמס בכוס טעם עוף אקס,יוניליוור ישראל מזון,IL,קנור נמס בכוס אקסטרה מרק טעם עוף עם אטריות 27 גרם,גרמים,27.00,100 גרם,false,1,4.90,0.1815,true,1,75569
7290112496584,false,קליק כריות בלאק לבן,"דרך השוקולד 1, צפת 1",IL,קליק קליק כריות בלאק ושוקולד לבן 65 גרם,גרמים,65.00,100 גרם,false,1,7.90,0.1215,true,1,72736
7290112496591,false,קליק כריות בלאק חלב,"דרך השוקולד 1, צפת 1",IL,קליק קליק כריות בלאק ושוקולד חלב 65 גרם,גרמים,65.00,100 גרם,false,1,7.90,0.1215,true,1,72735
7290112497123,false,סחלב להכנה 2 שקיות ב,יוניליוור ישראל מזון,IL,קנור סחלב 112 גרם,גרמים,112.00,100 גרם,false,1,15.50,0.1384,true,1,73656
7290112498267,false,פינוק אל סבון לידיים,קוסטר אירוסול ולף סנ,IL,פינוק אל סבון לידיים בניחוח פינוק קלאסי 950 מל,מיליליטרים,950.00,"100 מ""ל",false,1,12.90,0.0136,true,1,75452
7290112498298,false,פינוק אל סבון לידיים,קוסטר אירוסול ולף סנ,TR,פינוק אל סבון לידיים בתוספת שמן מרוקאי 950 מל,מיליליטרים,950.00,"100 מ""ל",false,1,12.90,0.0136,true,1,75453
7290112498526,false,פתית ציפס בטטה סגולה,JLM גלובל פודס37 דרך,GB,פתית ציפס בטטה סגולה 22 גרם,גרמים,22.00,100 גרם,false,1,5.50,0.2500,true,1,75586
7290112498748,false,מאגדת 1/5 מיני סולרו,יוניליוור,IL,מאגדת סולרו מיני תות,גרמים,350.00,100 גרם,false,5,28.90,0.0826,true,1,73980
7290112498779,false,שלגון LOL ילדים 70 ג,"מיוצר ע""י גלידת שטרא",IL,מקס ארטיק LOL 70 גרם,גרמים,70.00,100 גרם,false,1,9.90,0.1414,true,1,73983
7290112498786,false,מגנום קריספי קר.בננה,יוניליוור,IL,מגנום שלגון מגנום קריספי קרמל בננה 76 גרם,גרמים,76.00,100 גרם,false,1,11.90,0.1566,true,1,73982
7290112498823,false,גלידה מיקס עיגול כשל,"מיוצר ע""י גלידת שטרא",IL,גלידה מיקס עיגול כשלפ 70 גרם,גרמים,70.00,100 גרם,false,1,9.90,0.1414,true,1,74213
7290112498878,false,קורנטו פסק זמן 69 גר,"מיוצר ע""י גלידת שטרא",IL,קורנטו פסק זמן 69 גרם,גרמים,69.00,100 גרם,false,1,8.90,0.1290,true,1,74231
7290112498908,false,מאגדת קורנטו שוקו בנ,יוניליוור,IL,מאגדת קורנטו שוקו בננה 390גרם,גרמים,390.00,100 גרם,false,1,34.90,0.0895,true,1,74439
7290112498915,false,מאגדת מגנום שוקולד ש,"מיוצר ע""י גלידת שטרא",IL,מגנום מאגדת מיני מגנום שקדים מובחרים 5 יחידות,גרמים,250.00,100 גרם,false,1,32.90,0.1316,true,1,74539
7290112498922,false,מאגדת מגנום שוקולד ל,"מיוצר ע""י גלידת שטרא",IL,מגנום מאגדת מיני מגנום לבן 5 יחידות,גרמים,250.00,100 גרם,false,1,32.90,0.1316,true,1,74540
7290112498939,false,בומבה 84גרם,"מיוצר ע""י גלידת שטרא",IL,שטראוס שלגון בומבה בטעם וניל 80 גרם,גרמים,84.00,100 גרם,false,1,9.90,0.1179,true,1,74230
7290112498946,false,ארטיק ילדים קשת בענן,שטראוס גרופ גלידות,IL,ארטיק ילדים קשת בענן 47גרם,גרמים,47.00,100 גרם,false,1,7.90,0.1681,true,1,76213
7290112499080,false,גלידת שרבט עם קוקוס,"מיוצר ע""י גלידת שטרא",IL,גלידת שרבט עם קוקוס 65גרם,גרמים,65.00,100 גרם,false,1,11.90,0.1831,true,1,76212
7290112499097,false,מאגדת מיני מגנום מרי,"מיוצר ע""י גלידת שטרא",IL,מגנום מאגדת מיני מגנום מריר 5 יחידות,גרמים,240.00,100 גרם,false,1,32.90,0.1371,true,1,76214
7290112499103,false,קורנטו קליק וניל עוג,שטראוס גרופ גלידות,IL,קורנטו קליק וניל עוגיות 72 גרם,גרמים,72.00,100 גרם,false,1,9.90,0.1375,true,1,76459
7290112499127,false,שלגון שמנת בטעם וניל,"מיוצר ע""י גלידת שטרא",IL,מגנום שלגון גלידה שוקולד לבן ותות 77 גרם,גרמים,77.00,100 גרם,false,1,12.90,0.1675,true,1,76211
7290112499141,false,סולרו וניל ותפוח ירו,שטראוס גרופ גלידות,IL,סולרו וניל ותפוח ירוק 76 גרם,גרמים,74.00,100 גרם,false,1,11.90,0.1608,true,1,76458
7290112499455,false,תחליב רחצה פינוק שמן,יוניליוור ישראל טיפו,IL,פינוק תחליב רחצה בתוספת שמן מרוקאי 700 מל,מיליליטרים,700.00,"100 מ""ל",false,1,14.90,0.0213,true,1,75058
7290112499462,false,תחליב רחצה פינוק שמן,יוניליוור ישראל טיפו,IL,פינוק תחליב רחצה בתוספת שמן קוקוס 700 מל,מיליליטרים,700.00,"100 מ""ל",false,1,14.90,0.0213,true,1,75059
7290112499639,false,טילון סופר מגנום וני,"מיוצר ע""י גלידת שטרא",IL,קורנטו מגנום טילון וניל צ'יפ שוקולד 110 גרם,גרמים,110.00,100 גרם,false,1,12.90,0.1173,true,1,71687
7290112499677,false,מגנום שוקולד לבן 85,"מיוצר ע""י גלידת שטרא",IL,מגנום שלגון שוקולד לבן 85 גרם,גרמים,85.00,100 גרם,false,1,12.90,0.1518,true,1,71681
7290112499738,false,שלגון מלון 90 גרם,"מיוצר ע""י גלידת שטרא",IL,מקס שלגון מלון 90 גרם,גרמים,90.00,100 גרם,false,1,7.90,0.0878,true,1,71743
7290112499776,false,מאגדת גודיז שלגון אי,"גלידת שטראוס בע""מ",IL,GOODIZ חבילות בית 350 ML,גרמים,297.00,100 גרם,false,1,27.90,0.0939,true,1,72191
7290112499820,false,שלגון פסק זמן לבן 74,"מיוצר ע""י גלדית שטרא",IL,Strauss יחידתיות 110 ML,גרמים,74.00,100 גרם,false,1,11.90,0.1608,true,1,72195
7290112499837,false,מגנום דואט שוקולד עם,"גלידות שטראוס בע""מ,",IL,Magnum יחידתיות 134 ML,גרמים,90.00,100 גרם,false,1,12.90,0.1433,true,1,71682
7290112499844,false,מיני מגנום דואט שוקו,"רחוב החרושת 1, עכו",IL,מגנום מאגדת מיני מגנום דואט שוקולד נוגט 5 יחידות,גרמים,310.00,100 גרם,false,1,32.90,0.1061,true,1,71680
7290112499851,false,מגנום חטיף בטעם בראו,"גלידת שטראוס בע""מ, ר",IL,Magnum יחידתיות 80 ML,גרמים,58.00,100 גרם,false,1,11.90,0.2052,true,1,72596
7290112499868,false,מאגדת מיני מגנום טבע,"גלידת שטראוס בע""מ",IL,Magnum מאגדות 350 ML,גרמים,250.00,100 גרם,false,1,29.90,0.1196,true,1,72190
7290112499905,false,קורנטו קליק מרשמלו 7,"מיוצר ע""י גלידת שטרא",IL,קורנטו טילון קורנטו קליק בטעם מרשמלו 72 גרם,גרמים,72.00,100 גרם,false,1,9.90,0.1375,true,1,72597
7290112499929,false,מגנום שוקולד 85 גרם,"מיוצר ע""י גלידת שטרא",IL,מגנום שלגון מגנום שוקולד 85 גרם,גרמים,85.00,100 גרם,false,1,12.90,0.1518,true,1,71683
7290112499936,false,מגנום שקדים 85 גרם,"מיוצר ע""י גלידת שטרא",IL,מגנום שלגון מגנום שקדים 85 גרם,גרמים,85.00,100 גרם,false,1,12.90,0.1518,true,1,71684
7290112499943,false,מיני מגנום קלאסיק שו,"גלידות שטראוס בע""מ,",IL,מיני מגנום קלאסיק שוקולד 250 גרם,גרמים,250.00,100 גרם,false,1,32.90,0.1316,true,1,71679
7290112499981,false,שלגון פסק זמן חום 74,"גלידת שטראוס בע""מ, ר",IL,שלגון פסק זמן חום 74 גרם,גרמים,74.00,100 גרם,false,1,11.90,0.1608,true,1,72642
7290112960856,false,טילון אקסטרים מטבע ש,שוורצקוף& הנקל דיסלד,IL,נסטל.אקסטרים ליבת ריבת חלב ומטבע 18*115ג,גרמים,128.00,100 גרם,false,1,9.90,0.0773,true,1,66525
7290112961372,false,פיטנס חטיפי פריכיות,"פרח תעשיות מזון בע""מ",IL,פיטנס חטיפי פריכיות דקות קינמון12*60ג,גרמים,60.00,100 גרם,false,1,8.90,0.1483,true,1,20209
7290112961464,false,פיטנס חטיפי פריכיות,"פרח תעשיות מזון בע""מ",IL,פיטנס חטיפי פריכיות דקות מתובלות 12*60ג,גרמים,60.00,100 גרם,false,1,8.90,0.1483,true,1,20208
7290112961754,false,שוקוציפס אסם קרם אגו,מיוצר עי קונדיטוריית,IL,אסם עוגיות שוקוצ'יפס קרם אגוזים 12*220ג,גרמים,220.00,100 גרם,false,1,14.50,0.0659,true,1,20263
7290112962003,false,שלגון בשומן צמחי טעם,שוורצקוף& הנקל דיסלד,IL,שלגון בשומן צמחי טעם וניל עוגיות,לא מנהל יחידת מידה,0.00,לא מנהל יחידת מידה,false,1,10.50,0.0000,true,1,20273
7290112962287,false,שווארמה טבעונית טבע,מיוצר עי קונדיטוריית,IL,שווארמה טבעונית טבעול כשלפ 450גרם,גרמים,450.00,100 גרם,false,1,34.90,0.0776,true,1,71797
7290112962751,false,אוראו שלגון אימפלס 6,שוורצקוף& הנקל דיסלד,IL,אוראו שלגון אימפלס 20*65גרם,גרמים,65.00,100 גרם,false,1,10.90,0.1677,true,1,66529
7290112963000,false,רוטב.צילי מתוק פחת.נ,אסם,IL,רוטב.צילי מתוק פחת.נתרן וסוכר אסם 290מל,מיליליטרים,290.00,"100 מ""ל",false,1,14.90,0.0514,true,1,75364
7290112963529,false,מאגדת אקסטרים שוקו ו,שוורצקוף& הנקל דיסלד,IL,מאגדת אקסטרים שוקו וניל פרווה,לא מנהל יחידת מידה,0.00,לא מנהל יחידת מידה,false,1,39.50,0.0000,true,1,66530
7290112963918,false,פיטנס קרקר דק רוזמרי,אסם,IL,פיטנס קרקר דק רוזמרין 12*140גרם,גרמים,140.00,100 גרם,false,1,13.90,0.0993,true,1,74926
7290112964724,false,טבעול המבורגר טבעוני,מיוצר עי קונדיטוריית,IL,טבעול המבורגר טבעוני 6*580גרם,גרמים,580.00,100 גרם,false,1,34.90,0.0602,true,1,68312
7290112965226,false,אסם אורז סיני עם נוד,,IL,אסם אורז סיני עם נודלס 6*130ג,גרמים,130.00,100 גרם,false,1,12.90,0.0992,true,1,71845
7290112965363,false,טבעול קציצות קינואה,מיוצר עי קונדיטוריית,IL,טבעול קציצת קינואה וברוקולי 2019 6*525ג,גרמים,525.00,100 גרם,false,1,34.90,0.0665,true,1,71236
7290112965660,false,פיטנס חטיף מולטיגריי,מיוצר עי קונדיטוריית,IL,פיטנס חטיף מולטיגריין מלח פלפל 25גרם,גרמים,25.00,100 גרם,false,1,6.50,0.2600,true,1,73618
7290112965684,false,פיטנס חטיף מולטיגריי,מיוצר עי קונדיטוריית,IL,פיטנס חטיף מולטיגריין עשבי תיבול 25גרם,גרמים,25.00,100 גרם,false,1,6.50,0.2600,true,1,73619
7290112965806,false,ביסלי פריסטייל חמוץ,אסם,IL,ביסלי פריסטייל חמוץ חריף 60 גרם,גרמים,60.00,100 גרם,false,1,4.90,0.0817,true,1,74544
7290112966728,false,צבר טחינה בלאדי פלפל,שוורצקוף& הנקל דיסלד,IL,צבר טחינה בלאדי פלפלים חריפים 6*350גרם,גרמים,350.00,100 גרם,false,1,17.90,0.0511,true,1,70586
7290112966766,false,צבר טחינה בלאדי חציל,שוורצקוף& הנקל דיסלד,IL,צבר טחינה בלאדי חציל עגבניות ושום6*350ג,גרמים,350.00,100 גרם,false,1,17.90,0.0511,true,1,70584
7290112966803,false,אסם פודינג אינסטנט ש,"אסם השקעות בע""מ",IL,אסם פודינג אינסטנט שוקולד 88 גרם,גרמים,88.00,100 גרם,false,1,6.50,0.0739,true,1,71428
7290112967114,false,פיטנס חטיפי פריכיות,"פרח תעשיות מזון בע""מ",IL,פיטנס חטיפי פריכיות קטניות ופלפל 60 גר,גרמים,60.00,100 גרם,false,1,8.90,0.1483,true,1,72696
7290112967381,false,פיטנס חטיפי פריכיות,"פרח תעשיות מזון בע""מ",IL,פיטנס חטיפי פריכיות קטניות ומלח ים 60 ג,גרמים,60.00,100 גרם,false,1,8.90,0.1483,true,1,72695
7290112967848,false,אסם גלי תות שדה מופח,מיוצר עי קונדיטוריית,IL,אסם גלי תות שדה מופחת סוכר68גרם,גרמים,68.00,100 גרם,false,1,7.50,0.1103,true,1,71430
7290112968203,false,סלט טחינה בלאדי צבר,שוורצקוף& הנקל דיסלד,IL,סלט טחינה בלאדי צבר 250גרם,גרמים,250.00,100 גרם,false,1,12.90,0.0516,true,1,71932
7290112968340,false,צבר חומוס גרוס גס גס,שוורצקוף& הנקל דיסלד,IL,צבר חומוס גרוס גס גס 400גרם,גרמים,400.00,100 גרם,false,1,14.90,0.0373,true,1,71952
7290112968401,false,צבר חומוס גרגרים רכי,שוורצקוף& הנקל דיסלד,IL,צבר חומוס גרגרים רכים 400גרם,גרמים,400.00,100 גרם,false,1,14.90,0.0373,true,1,71954
7290112968449,false,סלט כרוב אדום צבר 2,שוורצקוף& הנקל דיסלד,IL,סלט כרוב אדום צבר 250גרם,גרמים,250.00,100 גרם,false,1,12.90,0.0516,true,1,71933
7290112968524,false,סלט חומוס סמיר צבר,שוורצקוף& הנקל דיסלד,IL,סלט חומוס סמיר צבר 250גרם,גרמים,250.00,100 גרם,false,1,12.90,0.0516,true,1,71947
7290112968685,false,צבר חומוס גרגרים בתט,שוורצקוף& הנקל דיסלד,IL,צבר חומוס גרגרים בתטבילה 400גרם,גרמים,400.00,100 גרם,false,1,14.90,0.0373,true,1,71955
7290112968807,false,פיטנס קרקר דק סלק 14,מפעל אסם יקנעם,IL,פיטנס קרקר דק סלק 12*140גרם,גרמים,140.00,100 גרם,false,1,13.90,0.0993,true,1,73004
7290112968821,false,פיטנס קרקר דק בטטה 1,מפעל אסם יקנעם,IL,פיטנס קרקר דק בטטה 12*140גרם,גרמים,140.00,100 גרם,false,1,13.90,0.0993,true,1,73005
7290113192171,false,מיקס אגוזים שקדים וח,דין שיווק,IL,מיקס אגוזים שקדים וחמוציות 150 גרם,גרמים,150.00,100 גרם,false,1,17.90,0.1193,true,1,75223
7290113192300,true,חרוזית מושחר בית הש,בית השיטה,IL,חרוזית מושחר בית השיטה 275גר,יחידה,0.00,יחידה,false,1,11.90,0.0000,true,1,71546
7290113192317,true,טבעות זיתים מושחרים,בית השיטה,IL,טבעות זיתים מושחרים בית השיטה 280גר,גרמים,280.00,100 גרם,false,1,13.90,0.0496,true,1,75581
7290113192324,true,זית ירוק בית השיטה,הנסיך- מפעל לייצור ט,IL,זית ירוק בית השיטה 340גר,גרמים,340.00,100 גרם,false,1,10.80,0.0318,true,1,71547
7290113192331,true,זית ירוק גדול בית ה,הנסיך- מפעל לייצור ט,IL,זית ירוק גדול בית השיטה 340גר,גרמים,0.00,100 גרם,false,1,12.90,0.0000,true,1,71548
7290113192355,true,חרוזית ירוק בית השיט,בית-השיטה עסיס תעשיו,IL,חרוזית ירוק בית השיטה 275גר,גרמים,275.00,100 גרם,false,1,11.90,0.0433,true,1,71549
7290113192362,true,טבעות זיתים ירק בית,בית-השיטה עסיס תעשיו,IL,טבעות זיתים ירק בית השיטה 280גר,גרמים,280.00,100 גרם,false,1,13.90,0.0496,true,1,77042
7290113192393,true,קוקטייל זיתים בית ה,בית-השיטה עסיס תעשיו,IL,קוקטייל זיתים בית השיטה 336גר,גרמים,336.00,100 גרם,false,1,13.90,0.0414,true,1,71552
7290113192478,true,מלפפונים במלח 10-12,בית-השיטה עסיס תעשיו,IL,מלפפונים במלח 10-12 בית השיטה 320גר,גרמים,320.00,100 גרם,false,1,9.90,0.0309,true,1,71555
7290113192485,true,מלפפונים בחומץ 10-12,בית-השיטה עסיס תעשיו,IL,מלפפונים בחומץ 10-12בית השיטה 290גר,גרמים,290.00,100 גרם,false,1,9.90,0.0341,true,1,71556
7290113192492,true,מלפפונים בחומץ 17-13,הנסיך- מפעל לייצור ט,IL,מלפפונים בחומץ 17-13בית השיטה 290גר,גרמים,290.00,100 גרם,false,1,11.90,0.0410,true,1,71557
7290113192508,true,מלפפונים במלח 17-13ב,הנסיך- מפעל לייצור ט,IL,מלפפונים במלח 17-13בית השיטה 320גר,גרמים,320.00,100 גרם,false,1,11.90,0.0372,true,1,71558
7290113192515,true,מלפפונים במלח 18 -25,הנסיך- מפעל לייצור ט,IL,מלפפונים במלח 18 -25בית השיטה 320גר,גרמים,0.00,100 גרם,false,1,13.90,0.0000,true,1,71559
7290113192522,true,מלפפונים בחומץ בית ה,הנסיך- מפעל לייצור ט,IL,מלפפונים בחומץ בית השיטה 18-25 290גר,גרמים,290.00,100 גרם,false,1,13.90,0.0479,true,1,71560
7290113192539,true,מלפפונים במלח 7-9 ב,הנסיך- מפעל לייצור ט,IL,מלפפונים במלח 7-9 בית השיטה 320גר,לא מנהל יחידת מידה,0.00,לא מנהל יחידת מידה,false,1,7.90,0.0000,true,1,71561
7290113192546,true,מלפפונים בחומץ 7-9 ב,הנסיך- מפעל לייצור ט,IL,מלפפונים בחומץ 7-9 בית השיטה 290גר,גרמים,290.00,100 גרם,false,1,7.90,0.0272,true,1,71562
7290113192560,true,פלפל שיפקה בית השיטה,הנסיך- מפעל לייצור ט,IL,פלפל שיפקה בית השיטה 230גר,גרמים,230.00,100 גרם,false,1,7.90,0.0343,true,1,71563
7290113192577,true,כרוב כבוש בית השיטה,שוורצקוף& הנקל דיסלד,IL,כרוב כבוש בית השיטה 430גר,גרמים,430.00,100 גרם,false,1,9.90,0.0230,true,1,71564
7290113193000,false,פלפל שיפקונית בית הש,שוורצקוף& הנקל דיסלד,IL,פלפל שיפקונית בית השיטה 230 גרם,גרמים,230.00,100 גרם,false,1,12.90,0.0561,true,1,72146
7290113193031,false,זית חרוזית קלמטה בית,שוורצקוף& הנקל דיסלד,IL,זית חרוזית קלמטה בית השיטה 275גרם,גרמים,275.00,100 גרם,false,1,14.90,0.0542,true,1,72510
7290113193888,false,חצילים מוחמצים בית ה,שוורצקוף& הנקל דיסלד,IL,חצילים מוחמצים בית השיטה 320גרם,גרמים,320.00,100 גרם,false,1,12.90,0.0403,true,1,76012
7290113195479,false,קמח שקדים 200 גר שקד,דין שיווק,IL,קמח שקדים 200 גר שקדיה זיפר,גרמים,200.00,100 גרם,false,1,16.90,0.0845,true,1,75344
7290113198029,false,פקאן מצופה חלבה 150ג,דין שיווק,IL,פקאן מצופה חלבה 150גרם,גרמים,150.00,100 גרם,false,1,16.90,0.1127,true,1,75246
7290113198036,false,פקאן מצופה בטעם קרמ,"דין שיווק וקליה בע""מ",IL,פקאן מצופה בטעם קרמל 150 גרם,גרמים,150.00,100 גרם,false,1,16.90,0.1127,true,1,75281
7290113198043,false,פקאן מצופה שוקולד וע,דין שיווק,IL,פקאן מצופה שוקולד ועוגיות 150גרם,גרמים,150.00,100 גרם,false,1,16.90,0.1127,true,1,75248
7290113198050,false,פקאן מצופה בייגלה מל,דין שיווק,IL,פקאן מצופה בייגלה מלוח 150גרם,גרמים,150.00,100 גרם,false,1,16.90,0.1127,true,1,75247
7290113198067,false,פקאן מצופה שוקולד לב,"דין שיווק וקליה בע""מ",IL,פקאן מצופה שוקולד לבן 150 גרם,גרמים,150.00,100 גרם,false,1,16.90,0.1127,true,1,75280
7290113198074,false,פקאן מצופה שוקולד שי,דין שיווק,IL,פקאן מצופה שוקולד שיש 150גרם,גרמים,150.00,100 גרם,false,1,16.90,0.1127,true,1,75249
7290113198265,false,שקד ענק קלוי בצנצנת,דין שיווק,IL,שקד ענק קלוי בצנצנת 200 גרם,גרמים,200.00,100 גרם,false,1,22.90,0.1145,true,1,77371
7290113198272,false,תערובת פיצוחים פרימי,דין שיווק,IL,תערובת פיצוחים פרימיום בצנצנת 200 גרם,גרמים,200.00,100 גרם,false,1,22.90,0.1145,true,1,77372
7290113198562,false,סוכריות גומי בטעם תו,טופ גלוב,IL,סוכריות גומי בטעם תות שדה 200גרם,גרמים,200.00,100 גרם,false,1,11.90,0.0595,true,1,75372
7290113198579,false,סוכריות גומי דובונים,טופ גלוב,IL,סוכריות גומי דובונים 200 גרם,גרמים,200.00,100 גרם,false,1,11.90,0.0595,true,1,75373
7290113198586,false,סוכריות גומי מצופות,טופ גלוב,IL,סוכריות גומי מצופות סוכר בטעם אפרסק 200 גרם,גרמים,200.00,100 גרם,false,1,11.90,0.0595,true,1,75374
7290113198593,false,סוכריות גומי מצופות,טופ גלוב,IL,סוכריות גומי מצופות סוכר בטעם בננה 200 גרם,גרמים,200.00,100 גרם,false,1,11.90,0.0595,true,1,75375
7290113198609,false,סוכריות גומי נחשים 2,טופ גלוב,IL,סוכריות גומי נחשים 200 גרם,גרמים,200.00,100 גרם,false,1,11.90,0.0595,true,1,75376
7290113199859,false,מגש אירוח סוכריות גו,דין שיווק,IL,מגש אירוח סוכריות גומי 350 גרם,גרמים,350.00,100 גרם,false,1,16.90,0.0483,true,1,76404
7290113199897,false,סוכריות חמצוצים בטעם,דין שיווק,IL,סוכריות חמצוצים בטעם תות שדה 180 גרם,גרמים,180.00,100 גרם,false,1,11.90,0.0661,true,1,76402
7290113199927,false,סוכריות חמצוצים בטעמ,דין שיווק,IL,סוכריות חמצוצים בטעמי פירות 180 גרם,גרמים,180.00,100 גרם,false,1,11.90,0.0661,true,1,76403
7290113300194,false,פאוצ נתחוני לה קט עם,PPF צ'כיה,FR,פאוצ נתחוני לה קט עם עוף ברוטב,גרמים,85.00,100 גרם,false,1,4.90,0.0576,true,1,75268
7290113452855,false,סוכריות גומי יין ארו,טופגם,IL,סוכריות גומי יין ארוז 200 גרם,גרמים,200.00,100 גרם,false,1,11.90,0.0595,true,1,75670
7290113452862,false,סוכריות גומי נחש מוב,טופגם,IL,סוכריות גומי נחש מוברק ארוז 200 גרם,גרמים,200.00,100 גרם,false,1,11.90,0.0595,true,1,75639
7290113452879,false,סוכריות גומי בננה אר,טופגם,IL,סוכריות גומי בננה ארוז 200 גרם,גרמים,200.00,100 גרם,false,1,11.90,0.0595,true,1,75640
7290113452886,false,סוכריות גומי נחש חמו,טופגם,IL,סוכריות גומי נחש חמוץ ארוז 200 גרם,גרמים,200.00,100 גרם,false,1,11.90,0.0595,true,1,75642
7290113452916,false,סוכריות גומי קולה קט,טופגם,IL,סוכריות גומי קולה קטן ארוז 200 גרם,גרמים,200.00,100 גרם,false,1,11.90,0.0595,true,1,75638
7290113452923,false,סוכריות גומי לב אפרס,טופגם,IL,סוכריות גומי לב אפרסק ארוז 200 גרם,גרמים,200.00,100 גרם,false,1,11.90,0.0595,true,1,75671
7290113452930,false,סוכריות גומי דובי מו,טופגם,IL,סוכריות גומי דובי מוברק ארוז 200 גרם,גרמים,200.00,100 גרם,false,1,11.90,0.0595,true,1,75641
7290113453043,false,סוכריות גומי תות קטן,טופגם,IL,סוכריות גומי תות קטן 200 גרם,גרמים,200.00,100 גרם,false,1,11.90,0.0595,true,1,75672
7290114310352,false,מולר עם תפוח ופטל 6%,טרה,IL,Muller HEAVEN תפוח פטל,גרמים,120.00,100 גרם,false,1,6.50,0.0542,true,1,74786
7290114310376,false,מולר עם מנגו פסיפלור,טרה,IL,Muller HEAVEN מנגו פסיפלורה,גרמים,120.00,100 גרם,false,1,6.50,0.0542,true,1,74787
7290114310482,false,גבינה צהובה נעם מעוש,מילקו תעשיות בעמ,IL,נעם בטעמים-מעושן 200 גרם,גרמים,200.00,100 גרם,false,1,24.90,0.1245,true,1,74549
7290114311045,false,מולר סימפלי פרוט תות,מילקו תעשיות בעמ,IL,מולר סימפלי פרוט תות בננה 3% 150גרם,גרמים,150.00,100 גרם,false,1,6.00,0.0400,true,1,76297
7290114311069,false,מולר לייט אקטיב וני,טרה,IL,Muller Active יוגורט BIO מועשר חלבון,גרמים,200.00,100 גרם,false,1,6.90,0.0345,true,1,73966
7290114311168,false,גבינת נועם בטעם כמה,מילקו תעשיות בעמ,IL,נעם בטעמים-כמהין 200 גרם,גרמים,200.00,100 גרם,false,1,22.90,0.1145,true,1,76769
7290114311175,false,גבינת נועם עם זיתים,מילקו תעשיות בעמ,IL,נעם בטעמים-זיתים 200 גרם,גרמים,200.00,100 גרם,false,1,22.90,0.1145,true,1,76770
7290114600996,false,רוטב שום גר` מאסטר ש,REMIA,NL,"רוטב שום גר` מאסטר שף, 256 גרם",גרמים,256.00,100 גרם,false,1,10.90,0.0426,true,1,77133
7290114604864,false,מאסטר שף קוסקוס דק 3,דוידוביץ,IL,מאסטר שף קוסקוס דק 350 גרם,גרמים,350.00,100 גרם,false,1,6.90,0.0197,true,1,73853
7290115073676,false,מסכות מנתח שחורות 50,מ.פאנג,CN,מסכות מנתח שחורות 50 יח שמחה זה אנחנו,יחידה,1.00,יחידה,false,1,9.90,9.9000,true,1,72877
7290115180251,false,יחידות טבק לחימום אמ,פיליפ מוריס,,יחידות טבק לחימום אמבר PP חפיסה,יחידה,1.00,יחידה,false,1,27.90,27.9000,false,1,73886
7290115180268,false,יחידות טבק לחימום צה,פיליפ מוריס,IL,יחידות טבק לחימום צהוב PP בודד,יחידה,1.00,יחידה,false,1,27.90,27.9000,true,1,73636
7290115180275,false,יחידות טבק לחימום טו,פיליפ מוריס,IL,יחידות טבק לחימום טורקיז PP בודד,יחידה,1.00,יחידה,false,1,27.90,27.9000,true,1,73639
7290115180282,false,יחידות טבק לחימום בר,פיליפ מוריס,IL,יחידות טבק לחימום ברונז PP בודד,יחידה,1.00,יחידה,false,1,27.90,27.9000,true,1,73640
7290115180299,false,יחידות טבק לחימום סי,פיליפ מוריס,IL,יחידות טבק לחימום סיינה PP בודד,יחידה,1.00,יחידה,false,1,27.90,27.9000,true,1,73643
7290115180688,false,יחידות טבק לחימום סג,,,יחידות טבק לחימום סגול PPבודד,יחידה,1.00,יחידה,false,1,27.90,27.9000,false,1,73529
7290115181500,false,הייטס לגונה סוויפט P,פיליפ מוריס,,הייטס לגונה סוויפט PP בודד,יחידה,1.00,יחידה,false,10,27.90,27.9000,false,1,76114
7290115190014,false,סיגריות PPמרלבורו רד,פיליפ מוריס,,סיגריות PPמרלבורו רד חפיסה,יחידה,1.00,יחידה,false,1,35.50,35.5000,false,1,73388
7290115190038,false,סיגריות PPמרלבורו רד,פיליפ מוריס,,סיגריות PPמרלבורו רד סופט חפיסה,יחידה,1.00,יחידה,false,1,33.20,33.2000,false,1,73374
7290115190052,false,סיגריות מרלבורו פליי,פיליפ מוריס,,סיגריות מרלבורו פלייבור מיקסPP חפיסה בוד,יחידה,1.00,יחידה,false,1,35.50,35.5000,false,1,73291
7290115190076,false,סיגריות מרלבורו גולד,פיליפ מוריס,,סיגריות מרלבורו גולד 100בודד,יחידה,1.00,יחידה,false,1,35.50,35.5000,false,1,73649
7290115190090,false,סיגריות מרלבורו גולד,פיליפ מוריס,,סיגריות מרלבורו גולדPP חפיסה,יחידה,1.00,יחידה,false,1,35.50,35.5000,false,1,73363
7290115190113,false,סיגריות מרלבורו גולד,פיליפ מוריס,,סיגריות מרלבורו גולד סופטPP חפיסה,יחידה,1.00,יחידה,false,1,33.20,33.2000,false,1,73382
7290115190137,false,סיגריות מרלבורו פיין,פיליפ מוריס,,סיגריות מרלבורו פיין טאץPP חפיסה,יחידה,1.00,יחידה,false,1,31.50,31.5000,false,1,73384
7290115190151,false,סיגריות מרלבורו טאץP,פיליפ מוריס,,סיגריות מרלבורו טאץPP חפיסה,יחידה,1.00,יחידה,false,1,31.50,31.5000,false,1,73376
7290115190175,false,סיגריות פרלמנט סופר,פיליפ מוריס,,סיגריות פרלמנט סופר סלימסPP חפיסה בודד,יחידה,1.00,יחידה,false,1,40.40,40.4000,false,1,73287
7290115190199,false,פרלמנט נייט 100PP חפ,פיליפ מוריס,,פרלמנט נייט 100PP חפיסה,יחידה,1.00,יחידה,false,1,40.40,40.4000,false,1,74371
7290115190212,false,סיגריות פרלמנט בלו 1,פיליפ מוריס,,סיגריות פרלמנט בלו 100PPחפיסה,יחידה,1.00,יחידה,false,1,40.40,40.4000,false,1,73367
7290115190236,false,סיגריות פרלמנט בלוPP,פיליפ מוריס,,סיגריות פרלמנט בלוPP חפיסה,יחידה,1.00,יחידה,false,1,40.40,40.4000,false,1,73365
7290115190250,false,סיגריות פרלמנט נייטP,פיליפ מוריס,,סיגריות פרלמנט נייטPP חפיסה בודד,יחידה,1.00,יחידה,false,1,40.40,40.4000,false,1,73293
7290115190274,false,סיגריות פרלמנט סילבר,פיליפ מוריס,,סיגריות פרלמנט סילברPP חפיסה,יחידה,1.00,יחידה,false,1,40.40,40.4000,false,1,73378
7290115190335,false,ל.מ בלו 100PP חפיסה,פיליפ מוריס,,ל.מ בלו 100PP חפיסה,יחידה,1.00,יחידה,false,1,31.50,31.5000,false,1,74407
7290115190359,false,סיגריות ל.מ בלוPP חפ,פיליפ מוריס,,סיגריות ל.מ בלוPP חפיסה בודד,יחידה,1.00,יחידה,false,1,31.50,31.5000,false,1,73289
7290115190373,false,סיגריות ל.מ. קפסולהP,פיליפ מוריס,,סיגריות ל.מ. קפסולהPP חפיסה,יחידה,1.00,יחידה,false,1,31.50,31.5000,false,1,73380
7290115190397,false,ל.מ רדPP חפיסה בודד,פיליפ מוריס,,ל.מ רדPP חפיסה בודד סיגריות,יחידה,1.00,יחידה,false,1,31.50,31.5000,false,1,73284
7290115190410,false,סיגריות ל.מ סילברPP,פיליפ מוריס,,סיגריות ל.מ סילברPP חפיסה,יחידה,1.00,יחידה,false,1,31.50,31.5000,false,1,73369
7290115190434,false,סיגריות ל.מ וייבPP ח,פיליפ מוריס,IL,סיגריות ל.מ וייבPP חפיסה בודד,יחידה,1.00,יחידה,false,1,31.50,31.5000,false,1,73295
7290115190458,false,סיגריות נקסט אדג בוד,פיליפ מוריס,,סיגריות נקסט אדג בודד,יחידה,1.00,יחידה,false,1,25.00,25.0000,false,1,73605
7290115190472,false,סיגריות נקסט פיין אד,פיליפ מוריס,,סיגריות נקסט פיין אדגPP חפיסה,יחידה,1.00,יחידה,false,1,25.00,25.0000,false,1,73844
7290115190496,false,סיגריות נקסט פיין 10,פיליפ מוריס,IL,סיגריות נקסט פיין 100PP חפיסה,יחידה,1.00,יחידה,false,1,30.20,30.2000,false,1,74105
7290115190519,false,סיגריות נקסט פיין חפ,פיליפ מוריס,,סיגריות נקסט פיין חפיסה,יחידה,1.00,יחידה,false,1,30.20,30.2000,false,1,73371
7290115190533,false,סיגריות נקסט ריסס 10,פיליפ מוריס,,סיגריות נקסט ריסס 100בודד,יחידה,1.00,יחידה,false,1,26.00,26.0000,false,1,73646
7290115190557,false,סיגריות נקסט ריסס קצ,פיליפ מוריס,,סיגריות נקסט ריסס קצרPP חפיסה,יחידה,1.00,יחידה,false,1,26.00,26.0000,false,1,73372
7290115190571,false,סיגריות נקסט לילךPP,פיליפ מוריס,,סיגריות נקסט לילךPP חפיסה בודד,יחידה,1.00,יחידה,false,1,30.20,30.2000,false,1,73286
7290115190595,false,סיגריות נקסט אוריגינ,פיליפ מוריס,,סיגריות נקסט אוריגינלPP חפיסה,יחידה,1.00,יחידה,false,1,30.20,30.2000,false,1,73361
7290115190618,false,טבק מרלבורו רדPP חפי,,,טבק מרלבורו רדPP חפיסה,יחידה,1.00,יחידה,false,1,91.30,91.3000,true,1,73881
7290115190632,false,טבק מרלבורו גולד חפ,פיליפ מוריס,,טבק מרלבורו גולד חפיסה 30 גרם,גרמים,30.00,100 גרם,false,1,91.30,3.0433,false,1,73846
7290115190656,false,טבק נקסט פייןPP חפי,פיליפ מוריס,,טבק נקסט פייןPP חפיסה,יחידה,1.00,יחידה,false,1,87.30,87.3000,true,1,73682
7290115190731,false,טבק צסטרפילד אוריגינ,,,טבק צסטרפילד אוריגינל 30PP חפיסה,יחידה,1.00,יחידה,false,1,68.30,68.3000,true,1,73386
7290115190892,false,סיגריות מרלבורו פיוז,פיליפ מוריס,IL,סיגריות מרלבורו פיוזן קפסולה בודד,יחידה,1.00,יחידה,false,1,27.00,27.0000,false,1,74610
7290115190939,false,סיגריות ל.מ קליק קפס,פיליפ מוריס,,סיגריות ל.מ קליק קפסולה בודד,יחידה,1.00,יחידה,false,1,25.00,25.0000,false,1,75646
7290115190977,false,מרלבורו טאץ אדום חפי,פיליפ מוריס,TR,מרלבורו טאץ אדום חפיסה,יחידה,20.00,יחידה,false,1,29.00,1.4500,false,1,77022
7290115191035,false,מרלבורו סאמר ספלאש ח,פיליפ מוריס,RS,מרלבורו סאמר ספלאש חפיסה בודד,יחידה,1.00,יחידה,false,1,29.00,29.0000,false,1,76670
7290115191073,false,נקסט ריץ ריסס חפיסה,פיליפ מוריס,RS,נקסט ריץ ריסס חפיסה,יחידה,1.00,יחידה,false,1,26.00,26.0000,true,1,77560
7290115200003,false,אסם פתי בר פינוקי ונ,תאי פרזידנט פוד פאבל,PL,אסם פתי בר פינוקי וניל 220 גרם,גרמים,220.00,100 גרם,false,1,13.90,0.0632,true,1,72855
7290115201703,false,בסלי ברביקיו 200גרם,מיוצר עי קונדיטוריית,IL,בסלי ברביקיו 200גרם,גרמים,200.00,100 גרם,false,1,10.90,0.0545,true,1,73567
7290115201727,false,בסלי בצל 200גרם,מיוצר עי קונדיטוריית,IL,בסלי בצל 200גרם,גרמים,200.00,100 גרם,false,1,10.90,0.0545,true,1,73566
7290115202236,false,טבעול טופו קרנצים 47,כצט,IL,טבעול טופו קרנצים 470גרם,גרמים,470.00,100 גרם,false,1,31.90,0.0679,true,1,75758
7290115202434,false,צבר חומוס עם זעתר 37,צבר,IL,צבר חומוס עם זעתר 375 גרם,גרמים,375.00,100 גרם,false,1,12.90,0.0344,true,1,74200
7290115202687,false,צבר חומוס עם חריף 37,צבר,IL,צבר חומוס עם חריף 375 גרם,גרמים,375.00,100 גרם,false,1,12.90,0.0344,true,1,74201
7290115203134,false,פופקו פופקורן במבה 8,"אסם השקעות בע""מ",IL,פופקו פופקורן במבה 80 גרם,גרמים,80.00,100 גרם,false,1,5.90,0.0738,true,1,74545
7290115203172,false,במבה פרו 80גרם,אסם,IL,במבה פרו 80גרם,גרמים,80.00,100 גרם,false,1,6.90,0.0863,true,1,77141
7290115204056,false,אסם קטשופ פחות 56% ס,אסם,IL,אסם קטשופ פחות 56% סוכר 690 גרם,גרמים,690.00,100 גרם,false,1,11.90,0.0172,true,1,74071
7290115204995,false,לחמית ים תיכונית 160,"אסם השקעות בע""מ",IL,לחמית ים תיכונית 160 גרם,גרמים,160.00,100 גרם,false,1,11.90,0.0744,true,1,76546
7290115205176,false,פיטנס קרקר דק כפרי 1,אסם יקנעם,IL,פיטנס קרקר דק כפרי 150 גרם,גרמים,150.00,100 גרם,false,1,13.90,0.0927,true,1,76117
7290115205312,false,קרקר דק פיטנס זיתים,"אסם השקעות בע""מ",IL,קרקר דק פיטנס זיתים 140 גרם,גרמים,140.00,100 גרם,false,1,13.90,0.0993,true,1,76547
7290115205978,false,אסם פתי בר אצבעות שו,"ד""ר ג'רארד בע""מ",PL,אסם פתי בר אצבעות שוקולד 180גרם,גרמים,180.00,100 גרם,false,1,13.90,0.0772,true,1,76263
7290115207460,false,צבר חציל פיקנטי 360,צבר,IL,צבר חציל פיקנטי 360גרם,גרמים,360.00,100 גרם,false,1,18.90,0.0525,true,1,76072
7290115207484,false,צבר חציל על האש 400,צבר,IL,צבר חציל על האש 400גרם,גרמים,360.00,100 גרם,false,1,18.90,0.0525,true,1,76073
7290115207507,false,צבר סלט טורקי 360גרם,צבר,IL,צבר סלט טורקי 360גרם,גרמים,360.00,100 גרם,false,1,18.90,0.0525,true,1,76071
7290115207774,false,טבעול המבורגר פטריות,טבעול,IL,טבעול המבורגר פטריות 480גרם,גרמים,480.00,100 גרם,false,1,34.90,0.0727,true,1,77045
7290115208009,false,סירופ ויטמינציק ענבי,בית-השיטה עסיס תעשיו,IL,סירופ ויטמינציק ענבים 1 ליטר,ליטרים,1.00,ליטר,false,1,23.90,23.9000,true,1,76159
7290115208047,false,סירופ ויטמינציק פטל,בית-השיטה עסיס תעשיו,IL,סירופ ויטמינציק פטל 1 ליטר,ליטרים,1.00,ליטר,false,1,23.90,23.9000,true,1,76158
7290115208566,false,אסם קרמוגית מיניס קר,אסם,IL,אסם קרמוגית מיניס קרם בייגלה 200 גרם,גרמים,200.00,100 גרם,false,1,14.50,0.0725,true,1,77082
7290115208597,false,אסם קרמוגית מיניס קר,אסם,IL,אסם קרמוגית מיניס קרמל מלוח 200 גרם,גרמים,200.00,100 גרם,false,1,14.50,0.0725,true,1,77081
7290115209174,false,במבה אורירית 60גרם,אסם,IL,במבה אורירית 60גרם,גרמים,60.00,100 גרם,false,1,4.90,0.0817,true,1,77142
7290115209358,false,במבה במילוי בראוניז,אסם,IL,במבה במילוי בראוניז 60גרם,גרמים,60.00,100 גרם,false,1,5.90,0.0983,true,1,77504
7290115209372,false,במבה במילוי בראוניז,אסם,IL,במבה במילוי בראוניז 150גרם,גרמים,150.00,100 גרם,false,1,11.90,0.0793,true,1,77505
7290115250503,false,קרקר כוסמין שום ועשב,פת במלח,IL,קרקר כוסמין שום ועשבי תיבול 225 גרם,גרמים,225.00,100 גרם,false,1,22.90,0.1018,true,1,72577
7290115252484,false,פאי פצוחים 400גרם,פתפותים,IL,פאי פצוחים 400גרם,גרמים,400.00,100 גרם,false,1,44.90,0.1122,true,1,74535
7290115252491,false,פאי שקדים 400גרם,פתפותים,IL,פאי שקדים 400גרם,גרמים,400.00,100 גרם,false,1,44.90,0.1122,true,1,74534
7290115671339,false,מיני פינוקיות בראוני,תות תעשיות מזון (201,IL,מיני פינוקיות בראוניז בייגל בוטן 180 ג,גרמים,180.00,100 גרם,false,1,11.90,0.0661,true,1,75175
7290115671346,false,מיני פינוקיות טופי ק,תות תעשיות מזון (201,IL,מיני פינוקיות טופי קרמל מלוח 180 ג,גרמים,180.00,100 גרם,false,1,11.90,0.0661,true,1,75176
7290115673555,false,בפלות אחת אחת בטעם א,דולפין ספא,IL,בפלות אחת אחת בטעם אגוזים 240 גרם,גרמים,240.00,100 גרם,false,1,17.90,0.0746,true,1,75626
7290115673562,false,בפלות אחת אחת בטעם ק,דולפין ספא,IL,בפלות אחת אחת בטעם קפה נמס 240 גרם,גרמים,240.00,100 גרם,false,1,17.90,0.0746,true,1,75625
7290115674712,false,BREADZ קרקר סריראצה,סנו מפעלי ברונוס.,US,BREADZ קרקר סריראצה 170 גרם,גרמים,170.00,100 גרם,false,1,14.90,0.0876,true,1,75941
7290115674774,false,BREADZ קרקר קינואה ו,סנו מפעלי ברונוס.,US,BREADZ קרקר קינואה וציה 170 גרם,גרמים,170.00,100 גרם,false,1,14.90,0.0876,true,1,75940
7290115675580,false,חטיף קוואקר ובוטנים,"שטראוס פריטו ליי בע""",IL,חטיף קוואקר ובוטנים 50 ג 48 יח,גרמים,50.00,100 גרם,false,1,3.90,0.0780,true,1,75666
7290115675696,false,קוואקר אגוזים 375 גר,שטראוס,IL,קוואקר אגוזים 375 גרם Cruesli,גרמים,375.00,100 גרם,false,1,22.70,0.0605,true,1,74778
7290115675702,false,קוואקר פירות 375 גרם,שטראוס,IL,קוואקר פירות 375 גרם Cruesli,גרמים,375.00,100 גרם,false,1,22.70,0.0605,true,1,74779
7290115675764,false,קפסולות מס 8 אתיופיה,הנסיך- מפעל לייצור ט,IL,קפסולות 08 אתיופיה למכונות NESPRESSO,גרמים,55.00,100 גרם,false,1,18.90,0.3436,true,1,75938
7290115675986,false,דנונה בר עם אגוזים מ,"שטראוס בריאות בע""מ",IL,דנונה בר עם אגוזים מקורמלים,גרמים,173.00,100 גרם,false,1,4.90,0.0283,true,1,73875
7290115676044,false,דנונה ריפרש אפרסק מנ,מיוצר עי קונדיטוריית,IL,"דנונה ריפרש אפרסק מנגו 250 מ""ל",מיליליטרים,250.00,"100 מ""ל",false,1,5.90,0.0236,true,1,74505
7290115676082,false,משקה דנונה פרו 20 תו,"שטראוס בריאות בע""מ.",IL,משקה דנונה פרו 20 תות,מיליליטרים,255.00,"100 מ""ל",false,1,7.50,0.0294,true,1,74508
7290115676099,false,משקה דנונה פרו 20 ונ,"שטראוס בריאות בע""מ.",IL,משקה דנונה פרו 20 וניל,מיליליטרים,255.00,"100 מ""ל",false,1,7.50,0.0294,true,1,74507
7290115676693,false,תפוציפס מלח חומץ 50,"שטראוס פריטו ליי בע""",IL,תפוציפס מלח חומץ 50 גרם,גרמים,50.00,100 גרם,false,1,4.90,0.0980,true,1,76857
7290115676990,false,תפוציפס מלח חומץ 50,"שטראוס פריטו ליי בע""",IL,תפו SALT & VINEGAR י50 גר 48 יח,גרמים,50.00,100 גרם,false,1,5.50,0.1100,true,1,74291
7290115677140,false,תפוציפס פפריקה 200 ג,שטראוס,IL,תפוציפס פפריקה 200 גרם wavy,גרמים,200.00,100 גרם,false,1,11.90,0.0595,true,1,77499
7290115677409,false,אורז קארי צהוב דלישס,שטראוס,IL,אורז קארי צהוב דלישס 350גרם,גרמים,350.00,100 גרם,false,1,26.90,0.0769,true,1,76265
7290115677423,false,אורז קארי ירוק חריף,"טרופיקל דגיל בע""מ אז",IL,אורז קארי ירוק חריף,גרמים,350.00,100 גרם,false,1,26.90,0.0769,true,1,75511
7290115677959,false,גוואקמולי אחלה 220,שטראוס,IL,גוואקמולי אחלה 220 גרם,גרמים,220.00,100 גרם,false,1,17.90,0.0814,true,1,75743
7290115678376,false,מעדן הגולן שוקולד 1,"שטראוס בריאות בע""מ",IL,מעדן הגולן שוקולד,גרמים,125.00,100 גרם,false,1,3.20,0.0256,true,1,75214
7290115678383,false,מעדן הגולן שוקולד מר,מיוצר עי קונדיטוריית,IL,מעדן הגולן שוקולד מריר 125גרם,גרמים,125.00,100 גרם,false,1,3.20,0.0256,true,1,75213
7290115678550,false,דנונה פרו 20 גרם בטע,"שטראוס בריאות בע""מ",IL,דנונה פרו 20 גרם בטעם פיסטוק 200 גרם,גרמים,200.00,100 גרם,false,1,6.50,0.0325,true,1,75488
7290116530147,false,תחליב רחצה פינוק פיר,יוניליוור ישראל טיפו,IL,תחליב רחצה פינוק פירות יער שייק 700 מל,מיליליטרים,700.00,"100 מ""ל",false,1,14.90,0.0213,true,1,75224
7290116530185,false,דגני בוקר דלישקד קרמ,יוניליוור שפע ישראל,IL,תלמה דגני בוקר דלישקד קרמל מלוח 400 גרם,גרמים,400.00,100 גרם,false,1,26.90,0.0672,true,1,76260
7290116531069,false,קנור אבקת מרק בצל רכ,יוניליוור ישראל מזון,IL,קנור מרק בצל 100% רכיבים טבעיים 225 גרם,גרמים,235.00,100 גרם,false,1,19.90,0.0847,true,1,76031
7290116531076,false,קנור אבקת מרק פטריות,יוניליוור ישראל מזון,IL,קנור מרק פטריות 100% רכיבים טבעיים 225 גרם,גרמים,235.00,100 גרם,false,1,19.90,0.0847,true,1,76032
7290116531281,false,קליק מיקס 65 גרם,יוניליוור ישראל מזון,IL,קליק קליק מיקס 65 גרם,גרמים,65.00,100 גרם,false,1,7.90,0.1215,true,1,75698
7290116531311,false,חטיף קליק בלאק&וויט,יוניליוור ישראל מזון,IL,קליק חטיף קליק בלאק&וויט בציפוי שוקולד לבן 35 גרם,גרמים,35.00,100 גרם,false,1,5.90,0.1686,true,1,76762
7290116531328,false,חטיף קליק בלאק&וויט,יוניליוור ישראל מזון,IL,קליק חטיף קליק בלאק&וויט בציפוי שוקולד חלב 35 גרם,גרמים,35.00,100 גרם,false,1,5.90,0.1686,true,1,76761
7290116531762,false,בדין דפי מרכך למייבש,,US,בדין דפי מרכך למייבש כביסה ורוד 40 יחידות,יחידה,1.00,יחידה,false,1,21.90,21.9000,true,1,76658
7290116531779,false,בדין דפי מרכך למייבש,,US,בדין דפי מרכך למייבש כביסה כחול 40 יחידות,יחידה,1.00,יחידה,false,1,21.90,21.9000,true,1,76659
7290116531793,false,הלמנס רוטב קיסר 295,יוניליוור ישראל מזון,IL,הלמנס רוטב לסלט קיסר 295 גרם,גרמים,295.00,100 גרם,false,1,13.90,0.0471,true,1,76033
7290116531830,false,כריות קינמון 686גרם,יוניליוור שפע ישראל,IL,תלמה כריות קינמון 686 גרם,גרמים,686.00,100 גרם,false,1,31.90,0.0465,true,1,75792
7290116531885,false,ממרח טבעוני ויגן 500,יוניליוור ישראל מזון,IL,הלמנס ממרח טבעוני ויגן 500 גרם,גרמים,500.00,100 גרם,false,1,15.90,0.0318,true,1,77203
7290116531939,false,גלידונית תות שדה 638,"גלידת שטראוס בע""מ, ר",IL,קרמיסימו גלידונית גלידה בטעם תות שדה 60 יחידות,גרמים,638.00,100 גרם,false,1,52.90,0.0829,true,1,76456
7290116532011,false,קליק חטיף נוגט 35 גר,אזור התעשייה רמת גבר,IL,קליק חטיף נוגט 35 גרם,גרמים,35.00,100 גרם,false,1,5.90,0.1686,true,1,76333
7290116532271,false,גודיז סנדוויץ 270 גר,שטראוס גרופ גלידות,IL,גודיז סנדוויץ 270 גרם,גרמים,270.00,100 גרם,false,1,33.90,0.1256,true,1,76463
7290116532462,false,פיינט קליק שוקולד בנ,"גלידת שטראוס בע""מ, ר",IL,פיינט קליק שוקולד בננה,מיליליטרים,520.00,"100 מ""ל",false,1,26.90,0.0517,true,1,76639
7290116532486,false,פיינט קליק וניל קרמל,"גלידת שטראוס בע""מ, ר",IL,פיינט קליק וניל קרמל מלוח,מיליליטרים,520.00,"100 מ""ל",false,1,26.90,0.0517,true,1,76640
7290116532585,false,ברנפלקס קרנצים דבש,יוניליוור שפע ישראל,IL,ברנפלקס קרנצים דבש וקינמון 375גרם,גרמים,375.00,100 גרם,false,1,25.90,0.0691,true,1,77416
7290116930015,false,GO חטיף חלבון קרמל,תנובה,IL,GO חטיף חלבון קרמל מלוח חמאת בוטנים 60ג,גרמים,60.00,100 גרם,false,1,13.90,0.2317,true,1,76720
7290116930022,false,GO חטיף חלבון בטעם ק,תנובה,IL,GO חטיף חלבון בטעם קרם עוגיות 60גרם,גרמים,60.00,100 גרם,false,1,13.90,0.2317,true,1,76721
7290116930282,false,ארוחה בקטנה לאבנה עם,תנובה,IL,ארוחה בקטנה לאבנה עם קרקרים 150 גרם,גרמים,150.00,100 גרם,false,1,7.90,0.0527,true,1,77104
7290116930435,false,יוגורט גו סמיך 0% דו,תנובה,IL,יוגורט גו סמיך 0% דובדבן,גרמים,150.00,100 גרם,false,1,6.50,0.0433,true,1,76570
7290116930442,false,SHAKE יופלה בננה מנג,תנובה בעמ,IL,SHAKE יופלה בננה מנגו תפוז גזר וציה 230,מיליליטרים,230.00,"100 מ""ל",false,1,8.90,0.0387,true,1,76886
7290116930459,false,SHAKE יופלה בננה אננ,תנובה,IL,SHAKE יופלה בננה אננס וקוקוס 230 מל,מיליליטרים,230.00,"100 מ""ל",false,1,8.90,0.0387,true,1,76889
7290116930466,false,SHAKE יופלה מנגו בננ,תנובה,IL,SHAKE יופלה מנגו בננה פסיפלורה והל 230 מ,מיליליטרים,230.00,"100 מ""ל",false,1,8.90,0.0387,true,1,76888
7290116930480,false,SHAKE יופלה בננה קיו,תנובה,IL,SHAKE יופלה בננה קיווי תפוח 230 מל,מיליליטרים,230.00,"100 מ""ל",false,1,8.90,0.0387,true,1,76887
7290116930497,false,פלח גבינה כחולה קולק,פיקוס דה אירופה ס.ל.,ES,פלח גבינה כחולה קולקשיין 100 גרם,גרמים,100.00,100 גרם,false,1,16.90,0.1690,true,1,76512
7290116930558,false,משקה תה קר עם חלב בט,תנובה,IL,משקה תה קר עם חלב בטעם צאי קרמל 230מל,מיליליטרים,230.00,"100 מ""ל",false,1,7.90,0.0343,true,1,76893
7290116930565,false,משקה תה קר עם חלב בט,תנובה בעמ,IL,משקה תה קר עם חלב בטעם צאי מסאלה 230מל,מיליליטרים,230.00,"100 מ""ל",false,1,7.90,0.0343,true,1,76894
7290116930572,false,משקה תה קר עם חלב בט,תנובה,IL,משקה תה קר עם חלב בטעם צאי ורדים 230מל,מיליליטרים,230.00,"100 מ""ל",false,1,7.90,0.0343,true,1,76895
7290116930589,false,יופלה דיאט בטעם מרנג,"תנובה בע""מ",IL,יופלה דיאט בטעם מרנג לימון 0% 150גרם,גרמים,150.00,100 גרם,false,1,5.50,0.0367,true,1,77100
7290116930626,false,ארוחה בקטנה ציזיקי ע,תנובה,IL,ארוחה בקטנה ציזיקי עם קרקרים 150 גרם,גרמים,150.00,100 גרם,false,1,7.90,0.0527,true,1,77105
7290116930633,false,יולו שוקולד בלונדי ע,תנובה,IL,יולו שוקולד בלונדי עם שברי בייגלה 120 גרם,גרמים,120.00,100 גרם,false,1,5.50,0.0458,true,1,76892
7290116930640,false,יולו שוקולד חלב עם ש,תנובה,IL,יולו שוקולד חלב עם שברי בייגלה 120 גרם,גרמים,120.00,100 גרם,false,1,5.50,0.0458,true,1,76891
7290116930701,false,GOמעדן חלב בטעם קרמל,תנובה,IL,GOמעדן חלב בטעם קרמל מלוח 120גרם,גרמים,120.00,100 גרם,false,1,5.20,0.0433,true,1,76890
7290116930718,false,מעדן תנובה דיאט בטעם,תנובה,IL,מעדן תנובה דיאט בטעם שוקולד וקרמל מלוח 0%,גרמים,150.00,100 גרם,false,1,4.20,0.0280,true,1,77106
7290116930725,false,BIO מעדן סויה קוקוס,תנובה,IL,מעדן סויה BIO קוקוס אלטרנטיב 150 גרם,גרמים,150.00,100 גרם,false,1,4.90,0.0327,true,1,77213
7290116931081,false,מעדן סויה בטעם טופי,תנובה,IL,מעדן סויה בטעם טופי קרמל 125 גרם,גרמים,125.00,100 גרם,false,1,4.70,0.0376,true,1,77212
7290116931104,false,יופלה גו במרקם סמיך,תנובה,IL,יופלה גו במרקם סמיך עם אננס 0% 200גרם,גרמים,200.00,100 גרם,false,1,6.50,0.0325,true,1,77214
7290117261354,false,גבינת ריקוטה יורו 20,באלבן גידה סנאי,TR,גבינת ריקוטה יורו 200 גרם 5%שומן,גרמים,200.00,100 גרם,false,1,10.90,0.0545,true,1,76781
7290117261378,false,גבינת קשקבל לייט 8%,באלבן גידה סנאי,TR,גבינת קשקבל לייט 8% יורו 250גרם,גרמים,250.00,100 גרם,false,1,16.90,0.0676,true,1,76782
7290117261705,false,חמאת עיזים יורו 200,באלבן גידה סנאי,TR,חמאת עיזים יורו 200 גרם,גרמים,200.00,100 גרם,false,1,13.90,0.0695,true,1,76780
7290117380154,false,רוטב לסלט אסיאתי עם,Remia CV,NL,"רוטב לסלט אסיאתי עם סויה ושומשום, 264 גר",גרמים,264.00,100 גרם,false,1,10.90,0.0413,true,1,77134
7290117380178,false,סוויט פוף שוקולד חלב,"טחנת האבן תעשיות בע""",IL,סוויט פוף שוקולד חלב 50 גרם,גרמים,50.00,100 גרם,false,1,5.90,0.1180,true,1,77565
7290117380185,false,סוויט פוף שוקולד חלב,"טחנת האבן תעשיות בע""",IL,סוויט פוף שוקולד חלב ולבן 50 גרם,גרמים,50.00,100 גרם,false,1,5.90,0.1180,true,1,77566
7290117382318,false,חטיף סלים דליס פרו,andros snc,IT,חטיף סלים דליס פרו מצופה שוקולד מריר 6,גרמים,60.00,100 גרם,false,1,13.90,0.2317,true,1,77108
7290117382325,false,חטיף סלים דליס פרו,andros snc,IT,חטיף סלים דליס פרו מצופה שוקולד חלב 6,גרמים,60.00,100 גרם,false,1,13.90,0.2317,true,1,77107
7290117382332,false,חטיף סלים דליס פרו,andros snc,IT,חטיף סלים דליס פרו מצופה שוקולד עוגיות,גרמים,60.00,100 גרם,false,1,13.90,0.2317,true,1,77109
7291074004060,false,סכין משולבת,,,סכין משולבת,יחידה,1.00,יחידה,false,1,24.00,24.0000,true,1,73311
7296150000028,false,עלי גפן ממולאים באור,אקמר,,עלי גפן ממולאים באורז 425 גרם,גרמים,425.00,100 גרם,false,1,14.90,0.0351,true,1,3689
7297488097995,false,גרנולה דבש דגש 250 ג,תגלית הטעם,IL,בריאות וטבע גרנולה דבש 250 גרם,גרמים,250.00,100 גרם,false,1,16.90,0.0676,true,1,9750
7297488098152,false,קמח חומוס דגש 500 גר,אף. סי תבליני הגליל,IL,דוכן גן שמואל קמח חומוס 500 גרם,גרמים,500.00,100 גרם,false,1,17.90,0.0358,true,1,9068
7297488098299,false,קמח טפיוקה ללא גלוטן,אף סי תבליני הגליל ב,IL,דוכן גן שמואל קמח טפיוקה 500 גרם,גרמים,500.00,100 גרם,false,1,10.90,0.0218,true,1,9603
7297488098305,false,קמח שקדים דגש 250 גר,תבליני העליון 2007 ב,IL,דוכן גן שמואל קמח שקדים 500 גרם,גרמים,250.00,100 גרם,false,1,28.90,0.1156,true,1,9678
7297488099753,false,עוגיות בטעם שוקולד ו,תגלית הטעם,IL,עוגיות בטעם שוקולד וקוקוס 250 גרם,גרמים,250.00,100 גרם,false,1,29.90,0.1196,true,1,18098
7297488099760,true,עוגיות בטעם חלבה 250,תגלית הטעם,IL,בריאות וטבע עוגיות מובחרות עם חלווה 250 גרם,גרמים,250.00,100 גרם,false,1,29.90,0.1196,true,1,18580
7297488099777,true,עוגיות בטעם קאשיו 25,תגלית הטעם,IL,בריאות וטבע עוגיות מובחרות עם קשיו 250 גרם,גרמים,250.00,100 גרם,false,1,29.90,0.1196,true,1,18581
7297488099821,false,גרנולה ללא תוספת סוכ,תגלית הטעם,IL,בריאות וטבע גרנולה 250 גרם,גרמים,250.00,100 גרם,false,1,16.90,0.0676,true,1,18100
7298074501995,false,בליסטקס הגנה מוגברת,,,בליסטקס הגנה מוגברת spf50,יחידה,1.00,יחידה,false,1,9.90,9.9000,true,1,70879
7312040017683,false,וודקה אבסולוט בקבוק,"איי, בי, אינבוו",SE,"אבסולוט וודקה, 700 מ''ל",מיליליטרים,700.00,"100 מ""ל",false,1,69.90,0.0999,true,1,10612
7394376123337,false,משקה שיבולת שועל אור,טרנסומס פוד איי.בי,SE,משקה שיבולת שועל אורגני אוטלי 1 ליטר,ליטרים,1.00,ליטר,false,1,15.90,15.9000,true,1,72693
7394376615825,false,אוטלי משקה שבולת שוע,,SE,אוטלי משקה שבולת שועל מועשר 1 ליטר,ליטרים,1.00,ליטר,false,1,15.90,15.9000,true,1,72692
7394376615832,false,משקה שיבולת שועל בטע,,SE,משקה שיבולת שועל בטעם שוקולד אוטלי 1 לי,ליטרים,1.00,ליטר,false,1,16.90,16.9000,true,1,72691
7394376616778,false,משקה שיבולת שועל  לה,,SE,משקה שיבולת שועל  להקצפה בריסטה אוטלי 1,ליטרים,1.00,ליטר,false,1,16.90,16.9000,true,1,72690
7394376620294,false,משקה שיבולת שועל וני,איי אם פי אס איי תעש,NL,משקה שיבולת שועל וניל אוטלי 1 ליטר,ליטרים,1.00,ליטר,false,1,16.90,16.9000,true,1,77417
7441000720599,false,לבבות דקל פח 400 גרם,אינקופלמיטו,EC,שימורי לבבות דקל שלמים(פחית),גרמים,400.00,100 גרם,false,1,14.90,0.0373,true,1,16523
7441000720605,false,לבבות דקל בצנצנת 410,אינקופלמיטו אס. אי,EC,לה קימה שימורי לבבות דקל שלמים 410 גרם,גרמים,410.00,100 גרם,false,1,19.90,0.0485,true,1,16524
7465603183797,false,סיגר פרינסיפס נטורל,,DO,סיגר פרינסיפס נטורל 5 יחידות,יחידה,5.00,יחידה,false,5,44.90,8.9800,false,1,76972
7500162900000,false,בירה סול בודד בקבוק,פארייפאבה אגרואינדוס,NL,"סול ח""פ 330 בקבוק בודד",מיליליטרים,330.00,"100 מ""ל",false,1,9.90,0.0300,true,1,72345
7501013101348,false,גומקס מנגו בקבוק 473,חומקס קומר קומרסאליז,MX,"גומקס מנגו בקבוק 473 מ""ל",מיליליטרים,473.00,"100 מ""ל",false,1,9.50,0.0201,true,1,70195
7501013101355,false,גומקס אפרסק בקבוק 47,פארייפאבה אגרואינדוס,MX,"ג'ומקס אפרסק בקבוק 473 מ""ל תריסר",מיליליטרים,473.00,"100 מ""ל",false,1,9.50,0.0201,true,1,70194
7501013101362,false,גומקס קוקוס אננס בקב,פארייפאבה אגרואינדוס,MX,"ג'ומקס קוקוס אננס בקבוק 473 מ""ל תריסר",מיליליטרים,473.00,"100 מ""ל",false,1,9.50,0.0201,true,1,70196
7501013101393,false,גומקס אננס בקבוק 473,פארייפאבה אגרואינדוס,MX,"ג'ומקס אננס  בקבוק 473 מ""ל תריסר",מיליליטרים,473.00,"100 מ""ל",false,1,9.50,0.0201,true,1,70193
7501013101430,false,גומקס יוניקו פרסקו ח,חומקס קומר קומרסאליז,MX,יוניקו פרסקו חמוציות בק' 473 תריסר,מיליליטרים,473.00,"100 מ""ל",false,1,9.50,0.0201,true,1,70197
7501013122039,false,גומקס מיץ מנגו קרטונ,חומקס קומר קומרסאליז,MX,ג'ומקס מנגו קרטונית ליטר תריסר,ליטרים,1.00,ליטר,false,1,12.90,12.9000,true,1,70190
7501013122114,false,גומקס מיץ אננס קרטונ,חומקס קומר קומרסאליז,MX,ג'ומקס אננס קרטונית ליטר תריסר,ליטרים,1.00,ליטר,false,1,12.90,12.9000,true,1,70188
7501013122992,false,גומקס מיץ קוקוס אננס,חומקס קומר קומרסאליז,MX,ג'ומקס קוקוס אננס קרטונית ליטר תריסר,ליטרים,1.00,ליטר,false,1,12.90,12.9000,true,1,70191
7501064191398,false,שישיית בירה קורונה ב,קריניציה ויטמינה אס,MX,בשישיית בירה קורונה אקסטרה 2.13 ל',ליטרים,2.13,ליטר,false,6,44.90,21.0798,true,1,67281
7501064196690,false,פחית בירה קורונה 355,סרבסריה מידלו,MX,"פחית בירה קורונה 355 מ""ל",מיליליטרים,355.00,"100 מ""ל",false,1,12.90,0.0363,true,1,71837
7503012779306,false,סירופ אגבה כחולה – נ,נוטריגבאס דה מקסיקו,MX,נטור פוד סירופ אגבה כחולה אורגני 330 גרם,גרמים,330.00,100 גרם,false,1,22.90,0.0694,true,1,9618
7509546678702,false,קולגייט משחת שיניים,קולגייט-פלמוליב,BR,קולגייט משחת שיניים טוטאל אנטי טרטר 100,מיליליטרים,100.00,"100 מ""ל",false,1,18.90,0.1890,true,1,77123
7610113011652,false,בקרדי בריזר תפוח 275,בקרדי בעמ,BE,"בריזר - משקה כוהלי מוגז בטעם תפוח 275 מ""ל",מיליליטרים,275.00,"100 מ""ל",false,1,16.90,0.0615,true,1,72653
7610113013250,false,פחית בקרדי מוחיטו 25,בקרדי מרטיני,BE,פחית בקרדי מוחיטו 250 מל,מיליליטרים,250.00,"100 מ""ל",false,1,16.90,0.0676,true,1,74667
7610113015780,false,בריזר סלצזר לימון לי,"איי, בי, אינבוו",BE,בריזר סלצזר לימון ליים 250 מל פחית,מיליליטרים,250.00,"100 מ""ל",false,1,15.90,0.0636,true,1,75700
7610113015797,false,בריזר סלצזר פטל ליים,"איי, בי, אינבוו",BE,בריזר סלצזר פטל ליים 250 מל פחית,מיליליטרים,250.00,"100 מ""ל",false,1,15.90,0.0636,true,1,75701
7610400014649,false,שוקולד לינדור חלב 10,לינדט ושפרונגלי,,שוקולד לינדור חלב 100 גרם,גרמים,100.00,100 גרם,false,1,16.90,0.1690,true,1,2355
7610400068505,false,בונבוניירה לינדור מי,לינדט ושפרונגלי,,בונבוניירה לינדור מילק 200 גרם,גרמים,200.00,100 גרם,false,1,35.50,0.1775,true,1,7351
7610400068529,false,בונבוניירה לינדור קו,לינדט ושפרונגלי,,בונבוניירה לינדור קורנה 200 גרם,גרמים,200.00,100 גרם,false,1,35.50,0.1775,true,1,5547
7610400074155,false,שוקולד לינדור מריר 6,"לינדט ושפרונגלי, CH-",,שוקולד לינדור מריר 60% 100 גרם,גרמים,100.00,100 גרם,false,1,16.90,0.1690,true,1,7197
7610400075770,false,לינדט לגרנד דארק הזל,לינדט ושפרונגלי,CH,לינדט לגרנד דארק הזלנט 150 גרם,גרמים,150.00,100 גרם,false,1,24.90,0.1660,true,1,51843
7610400075787,false,לינדט לגרנד מילק הזל,"לינדט ושפרונגלי, קיל",CH,לינדט לה גרנד - שוקולד חלב עם אגוזי לוז 150 גר',גרמים,150.00,100 גרם,false,1,24.90,0.1660,true,1,66600
7610400091060,false,שוקולד לינדט אקסלנס,לינדט ושפרונגלי,,שוקולד לינדט אקסלנס תפוז 100 גרם,גרמים,100.00,100 גרם,false,1,16.90,0.1690,true,1,72421
7610700012642,false,ריקולה שקית בטעם לימ,ריקולה,CH,ריקולה שקית בטעם לימון 70גרם,גרמים,70.00,100 גרם,false,1,15.90,0.2271,true,1,76550
7613030979647,false,דגני בוקר טריקס 480,ג'נרל מילס סאן אדריא,IL,טריקס 12*480גרם 2018,גרמים,480.00,100 גרם,false,1,27.90,0.0581,true,1,18390
7613032045753,false,דגני פיטנס שוקולד 37,הנסיך- מפעל לייצור ט,FR,פיטנס שוקולד 16*375גרם 2017,גרמים,375.00,100 גרם,false,1,22.90,0.0611,true,1,6348
7613034146656,false,ONE מיני אקטיב בקר 1,פורינה,US,ONE מיני אקטיב בקר 1.5קג,קילוגרמים,1.50,"ק""ג",false,1,54.90,36.6000,true,1,70821
7613035378643,false,דנטלייף גזע גדול142ג,פורינה,US,דנטלייף גזע גדול142גרם,גרמים,142.00,100 גרם,false,1,15.90,0.1120,true,1,75562
7613035379794,false,דנטלייף גזע בינוני11,פורינה,US,דנטלייף גזע בינוני115גרם,גרמים,115.00,100 גרם,false,1,15.90,0.1383,true,1,75561
7613035379817,false,דנטלייף גזע קטן115גר,פורינה,US,דנטלייף גזע קטן115גרם,גרמים,115.00,100 גרם,false,1,15.90,0.1383,true,1,75560
7613035614482,false,ONE חתול גור800גרם,פורינה,US,ONE חתול גור800גרם,גרמים,800.00,100 גרם,false,1,37.90,0.0474,true,1,70810
7613035619050,false,חמשושים מפלצות,שוורצקוף& הנקל דיסלד,ES,חמשושים מפלצות 18*75מל,גרמים,80.00,100 גרם,false,1,9.90,0.1238,true,1,15415
7613035622623,false,פיטנס גרנולה שקדים ו,שוורצקוף& הנקל דיסלד,LT,פיטנס גרנולה שקדים ודבש 300 גרם,גרמים,300.00,100 גרם,false,1,15.90,0.0530,true,1,15098
7613035635845,false,גרנולה פיטנס שוקולד,שוורצקוף& הנקל דיסלד,LT,גרנולה פיטנס שוקולד 300 גרם,גרמים,300.00,100 גרם,false,1,15.90,0.0530,true,1,15099
7613035758834,false,גרנולה פיטנס חמוציות,TASTY FOODS,LT,פיטנס גרנולה חמוציות 14*300גרם,גרמים,300.00,100 גרם,false,1,15.90,0.0530,true,1,15852
7613036280327,false,פחית פרייה גוס א דוב,נסטלה ווטרס ספלאי,FR,פרייבה אנד ג'וס אפרסק דובדבן פחית,מיליליטרים,250.00,"100 מ""ל",false,1,9.00,0.0360,true,1,73601
7613036286008,false,פחית פרייה גוס א מנג,נסטלה ווטרס ספלאי,FR,"משקה אננס מנגו מוגז - פחית 250 מ""ל",מיליליטרים,250.00,"100 מ""ל",false,1,9.00,0.0360,true,1,73600
7613036576734,false,חמישייה קרחוני שרבט,פרונרי איבריה ס.ל,ES,נסטלה חמשושים חדש 18*60גרם,גרמים,60.00,100 גרם,false,1,9.90,0.1650,true,1,19265
7613036725286,false,דנטלייף חתול סלמון 4,פורינה,US,דנטלייף חתול סלמון 40 גרם,גרמים,40.00,100 גרם,false,1,10.90,0.2725,true,1,75564
7613036725309,false,דנטלייף חתול עוף 40,פורינה,US,דנטלייף חתול עוף 40 גרם,גרמים,40.00,100 גרם,false,1,10.90,0.2725,true,1,75563
7613036880534,false,גרבר מחית מרק ירקות,נסטלה פולסקה אס.איי,PL,גרבר מחית מרק ירקות מעורבים 12*190גרם,גרמים,190.00,100 גרם,false,1,7.90,0.0416,true,1,71851
7613037012200,false,גרבר מחית תפוח מנגו,כלורוקס אוקלנד,ES,גרבר מחית תפוח מנגו גזר פאוץ 16*90גרם,גרמים,90.00,100 גרם,false,1,6.90,0.0767,true,1,73622
7613037276091,false,נסטלה מיקס מיני אריז,SPI SAS,FR,נסטלה מיקס מיני אריזות דגני בוקר *200גרם,גרמים,200.00,100 גרם,false,1,20.90,0.1045,true,1,68008
7613037686906,false,פיטנס שקדים ודבש 14*,הנסיך- מפעל לייצור ט,FR,פיטנס שקדים ודבש 14*355גרם,גרמים,355.00,100 גרם,false,1,22.90,0.0645,true,1,71864
7613038268262,false,דגני האני נאט ציריוס,סי. פי. צרפת,FR,דגני האני נאט ציריוס מופחת סוכר 410ג N9L,גרמים,410.00,100 גרם,false,1,21.90,0.0534,true,1,71802
7613039547731,false,גרבר מחית תפוח משמש,אסם,IL,"גרבר מחית תפוח משמש פאוץ, 90 גרם",גרמים,90.00,100 גרם,false,1,6.90,0.0767,true,1,75194
7613039770450,false,בורגר טבעול סנסשיונל,ג'נרל מילס סאן אדריא,IL,בורגר טבעול סנסשיונל 226גרם,גרמים,226.00,100 גרם,false,1,36.90,0.1633,true,1,73448
7613039771174,false,טבעול סנשיונל טחון צ,ג'נרל מילס סאן אדריא,IL,טבעול סנשיונל טחון צמחוני 400גרם,גרמים,400.00,100 גרם,false,1,36.90,0.0922,true,1,73449
7613287155832,false,גרבר מחית תפוחי עץ 1,אסם,IL,גרבר מחית תפוח פאוץ 90 גרם,גרמים,90.00,100 גרם,false,1,6.90,0.0767,true,1,75193
7613287476678,false,סינימיניס צורוס 360,נסטלה אוונקה,PT,סינימיניס צורוס 360גרם,גרמים,360.00,100 גרם,false,1,27.90,0.0775,true,1,75104
7613287821348,false,נתחוני עוף טבעוני סנ,טבעול,CZ,נתחוני עוף טבעוני סנסשיונל 350גרם,גרמים,350.00,100 גרם,false,1,36.90,0.1054,true,1,75331
7616500553460,false,פריי שוקולד מריר תפו,פריי,CH,פריי שוקולד מריר תפוז 100 גרם,גרמים,100.00,100 גרם,false,1,11.90,0.1190,true,1,54430
7616500553484,false,פריי שוקולד מריר 78%,פריי,CH,פריי שוקולד מריר 78% 100 גרם,גרמים,100.00,100 גרם,false,1,11.90,0.1190,true,1,24489
7616500630161,false,פריי שוקולד מריר 85%,פריי,CH,פריי שוקולד מריר 85% 100 גרם,גרמים,100.00,100 גרם,false,1,11.90,0.1190,true,1,27927
7616500646087,false,פריי שוקולד עם שברי,פריי,CH,פריי שוקולד עם שברי אגוזים 100 גרם,גרמים,100.00,100 גרם,false,1,11.90,0.1190,true,1,34482
7616500647251,false,פריי 180 ג אגוזים,פריי,CH,פריי שוקולד חלב אגוז 180 גרם,גרמים,180.00,100 גרם,false,1,19.90,0.1106,true,1,51879
7616500666092,false,פריי חלב פיסטוק 200,פריי,CH,פריי חלב פיסטוק 200 גרם,גרמים,200.00,100 גרם,false,1,19.90,0.0995,true,1,76764
7622010001858,false,עוגיות אוראו ממולאות,פי אר ג'יי אס אי מנד,UA,עוגיות אוראו ממולאות קרם וניל 176 גר',גרמים,176.00,100 גרם,false,1,10.90,0.0619,true,1,14988
7622201120931,false,מילקה אוראו לבן 100ג,מונדלז אוקראינה,UA,מילקה אוראו לבן 100 גרם,גרמים,100.00,100 גרם,false,1,7.90,0.0790,true,1,76302
7622201127206,false,ממרח שוקולד מילקה 3,"נטרה מלה אנ.וי,",BE,ממרח שוקולד מילקה 350 גרם,גרמים,350.00,100 גרם,false,1,19.90,0.0569,true,1,74584
7622201127367,false,מילקה אוריאו מיניס ל,"נארז ע""י : א.ג. גילר",UA,מילקה אוריאו מיניס לבן 153 גרם,גרמים,153.00,100 גרם,false,1,18.90,0.1235,true,1,74366
7622201137052,false,מילקה מיני קוקיז 110,מנדלז סי.אר. פרודקשן,ES,מילקה מיני קוקיז 110 גרם,גרמים,110.00,100 גרם,false,1,9.90,0.0900,true,1,74212
7622201401900,false,עוגיות מילקה סנסיישן,גוד פוד פרודקטס S.p,PL,עוגיות מילקה סנסיישן אוראו 156 גרם,גרמים,156.00,100 גרם,false,1,12.90,0.0827,true,1,73518
7622201502515,false,מילקה קוקי לופ 132 ג,מונדלייז,,מילקה קוקי לופ 132 גרם,גרמים,132.00,100 גרם,false,1,12.90,0.0977,true,1,75702
7622201801809,false,שוקולד חלב אגוזים מי,מנדלז דויצ'לנד סנקס,DE,מילקה שוקוד חלב עם אגוזי לוז 100 גרם,גרמים,100.00,100 גרם,false,1,7.90,0.0790,true,1,75062
7622201802394,false,שוקולד חלב מילקה 100,מנדלז דויצ'לנד סנקס,DE,מילקה חלב מסרונים 100 גרם,גרמים,100.00,100 גרם,false,1,7.90,0.0790,true,1,75060
7622201808631,false,אוראו מיני כוסות בטע,"איטיליאן פוד, אס.פי.",ID,אוראו מיני כוסות בטעם וניל 67 גרם,גרמים,67.00,100 גרם,false,1,7.90,0.1179,true,1,75064
7622201809188,false,מילקה ביסקויט 150 גר,מונדלז פרנס ביסקוויט,FR,מילקה ביסקויט 150 גרם,גרמים,150.00,100 גרם,false,1,12.90,0.0860,true,1,75109
7622201813390,false,מילקה וואפל במילוי ק,מונדליז סי.אר. ביסקו,,מילקה וואפל במילוי קרם קקאו 150 גרם,גרמים,150.00,100 גרם,false,1,12.90,0.0860,true,1,76717
7622210163899,false,מילקה שוקולד חלב עם,מונדלז דויצ'לנד סנקס,DE,מילקה שוקולד חלב עם עדשים 100 גר',גרמים,100.00,100 גרם,false,1,7.90,0.0790,true,1,20195
7622210453327,false,עוגיות מילקה סנסיישן,מנדלז פולסקה פרודקשן,PL,עוגיות מילקה סנסיישן 156 גרם,גרמים,156.00,100 גרם,false,1,18.90,0.1212,true,1,76716
7622210597915,false,מילקה לבבות פרלינים,"איטיליאן פוד, אס.פי.",BG,מילקה לבבות פרלינים 110 גרם,גרמים,110.00,100 גרם,false,1,12.90,0.1173,true,1,72737
7622210635105,false,אוראו תות 154 גרם,מונדלז אספנה גאלטס פ,ES,אוראו תות 154 גרם,גרמים,154.00,100 גרם,false,1,8.90,0.0578,true,1,71569
7622210637994,false,אוראו ביס קראנצי אור,"איטיליאן פוד, אס.פי.",ES,אוראו קראנצי בייטס 110 גרם,גרמים,110.00,100 גרם,false,1,9.90,0.0900,true,1,73944
7622210638021,false,אוראו ביס קראנצי בצי,"איטיליאן פוד, אס.פי.",ES,אוראו קראנצ'י בייטס מצופים 110 גרם,גרמים,110.00,100 גרם,false,1,9.90,0.0900,true,1,73945
7622210826053,false,ט שוקולד מילקה אוראו,גיאורי קאקסז קייאףטי,HU,שוקולד מילקה אוראו סנדביץ 92 גרם,גרמים,92.00,100 גרם,false,1,7.90,0.0859,true,1,73700
7622210835338,false,עוגיות אוראו בראוניז,"איטיליאן פוד, אס.פי.",ES,עוגיות אוראו בראוניז 176 גרם,גרמים,176.00,100 גרם,false,1,10.90,0.0619,true,1,18809
7622300200237,false,מילקה שוקולד חלב 250,תאי פרזידנט פוד פאבל,AT,מילקה שוקולד חלב 250 גר',גרמים,250.00,100 גרם,false,1,16.90,0.0676,true,1,75187
7622300270506,false,עוגיות שיבולת שועל מ,"איטיליאן פוד, אס.פי.",PL,עוגיות שיבולת שועל מצופות 168 גרם,גרמים,168.00,100 גרם,false,1,12.90,0.0768,true,1,9105
7622300315283,false,"אוראו וניל בד""צ 154","מונדלז CR פרודקשיין,",UA,"אוראו וניל בד""צ 154 גרם",גרמים,154.00,100 גרם,false,1,8.90,0.0578,true,1,75063
7622300340285,false,פילדלפיה 22% שומן 17,דולפין ספא,DE,גבינת שמנת 21% שומן,גרמים,175.00,100 גרם,false,1,16.90,0.0966,true,1,18717
7622300340292,false,פילדלפיה מופחת שומן,דולפין ספא,DE,גבינת שמנת מופחתת שומן 11% שומן,גרמים,175.00,100 גרם,false,1,16.90,0.0966,true,1,18718
7622300356767,false,עוגיות שוקולד ציפס ע,"איטיליאן פוד, אס.פי.",PL,מילקה עוגיות שוקולד ציפס 168 גרם,גרמים,168.00,100 גרם,false,1,12.90,0.0768,true,1,8332
7622300489427,false,עוגיות אוראו פאדג שו,"איטיליאן פוד, אס.פי.",ES,עוגיות אוראו בציפוי בטעם שוקולד לבן 246 גר',גרמים,246.00,100 גרם,false,1,23.90,0.0972,true,1,14142
7622300489434,false,עוגיות אוראו פאדג שו,"איטיליאן פוד, אס.פי.",ES,עוגיות אוראו פאדג שוקולד חלב 246 גרם,גרמים,246.00,100 גרם,false,1,23.90,0.0972,true,1,15916
7622300495046,false,שוקולד חלב אקסטרא קק,מנדלז דויצ'לנד סנקס,DE,מילקה שוקולד חלב עם אקסטרה קקאו 100 גרם,גרמים,100.00,100 גרם,false,1,7.90,0.0790,true,1,10266
7622300503079,false,ביסקוויט מצופה שוקול,"איטיליאן פוד, אס.פי.",PL,מילקה מו עוגיות ביסקוויט בציפוי שוקולד 200 גר',גרמים,200.00,100 גרם,false,1,12.90,0.0645,true,1,9003
7622300617820,false,שוקולד חלב אוראו מיל,מנדלז דויצ'לנד סנקס,DE,שוקולד חלב אוראו מילקה 100 גרם,גרמים,100.00,100 גרם,false,1,7.90,0.0790,true,1,10184
7622300756383,false,ממרח גבינה פילדלפיה,מונדלייז,DE,ממרח גבינה פילדלפיה עם ממרח שוקולד מילקה,גרמים,175.00,100 גרם,false,1,0.00,0.0000,true,1,77237
7622300756413,false,פילדלפיה 20% שומן עם,דולפין ספא,DE,פילדלפיה גבינת שמנת עם עשבי תיבול 20% שומן 175 גרם,גרמים,175.00,100 גרם,false,1,16.90,0.0966,true,1,18719
7622300761363,false,עוגיות אוראו מיני קר,"איטיליאן פוד, אס.פי.",ID,אוראו מיני כוסות בטעם שוקולד 61.3 גרם,גרמים,67.00,100 גרם,false,1,7.90,0.1179,true,1,13013
7630477891592,false,סטארבקס קפסולות האוס,נסטלה נספרסו,CH,סטארבקס קפסולות האוס בלנד 57 גרם,גרמים,57.00,100 גרם,false,1,22.90,0.4018,true,1,75072
7630477891639,false,סטארבקס קפסולות ורונ,נסטלה נספרסו,CH,סטארבקס קפסולות ורונה 55 גרם,גרמים,55.00,100 גרם,false,1,22.90,0.4164,true,1,75074
7630477891714,false,סטארבקס קפסולות אספר,נסטלה נספרסו,CH,סטארבקס קפסולות אספרסו 57 גרם,גרמים,57.00,100 גרם,false,1,22.90,0.4018,true,1,75073
7630477891738,false,סטארבקס קפסולות אספר,נסטלה נספרסו,CH,סטארבקס קפסולות אספרסו בלונד 53 גרם,גרמים,53.00,100 גרם,false,1,22.90,0.4321,true,1,75071
7640103867013,false,שערות סבתא בטעם תות,אסאבא פוד,ID,שערות סבתא בטעם תות 15 גרם,גרמים,15.00,100 גרם,false,1,5.90,0.3933,true,1,76549
7640175742614,false,גין בומביי 200 מל,הממלכה המאוחדת,בוטן,גין בומביי 200 מל,מיליליטרים,200.00,"100 מ""ל",false,1,39.90,0.1995,true,1,75178
7702018462032,false,גילט מאך 3 רביעיות ס,פרוקטור אנד גמבל,DE,גילט מאך 3 רביעיות סטארט,יחידה,1.00,יחידה,false,1,29.90,29.9000,true,1,71293
7702018471423,false,גילט פיוזן רביעיות ס,פרןקטר אנד גמבל ברלי,PL,גילט פיוזן רביעיות סטארט,יחידה,1.00,יחידה,false,1,44.90,44.9000,true,1,71294
7702018978106,false,Gillette Clear Gel A,פרוקטר אנד גמבל,PL,Gillette Clear Gel AP Deo Stick Arctic I,ליטרים,70.00,ליטר,false,1,17.90,0.2557,true,1,7069
7702018978120,false,Gillette Clear Gel A,פרוקטר אנד גמבל,PL,Gillette Clear Gel AP Deo Stick Cool Wav,מיליליטרים,70.00,"100 מ""ל",false,1,17.90,0.2557,true,1,7070
7792860006218,false,סוכריות לקקן בייבי ד,לריטייר,AR,"סוכריות בייבי דול, 24 גרם",גרמים,20.00,100 גרם,false,1,2.90,0.1450,true,1,2366
7798141877829,false,גאטו נגרו פינו גריגי,,AR,גאטו נגרו פינו גריגיו 750 מל,מיליליטרים,750.00,"100 מ""ל",false,1,39.90,0.0532,true,1,75604
7798141877836,false,גאטו נגרו סוביניון ב,,AR,גאטו נגרו סוביניון בלאן 750 מל,מיליליטרים,750.00,"100 מ""ל",false,1,39.90,0.0532,true,1,75605
7798304600042,false,אוכמניות ארוז,מרינה,IL,אוכמניות ארוז,גרמים,125.00,100 גרם,false,1,19.90,0.1592,true,1,73458
7804414000860,false,יין דון חוליו קברנה,,,דון חוליו יין 13.5% אדום יבש קברנה סובניון 2016,מיליליטרים,750.00,"100 מ""ל",false,1,32.90,0.0439,true,1,2367
7804414000877,false,יין דון חוליו מרלו 7,,,דון חוליו יין אדום יבש מרלו 2019,מיליליטרים,750.00,"100 מ""ל",false,1,32.90,0.0439,true,1,74834
7804414000884,false,יין דון חוליו שרדונה,יקב,,דון חוליו יין 12% לבן יבש שרדונה 2017,מיליליטרים,750.00,"100 מ""ל",false,1,32.90,0.0439,true,1,2369
7804414001614,false,יין דון חוליו שיראז,,,דון חוליו יין 13% אדום חצי יבש שיראז 2017,מיליליטרים,750.00,"100 מ""ל",false,1,32.90,0.0439,true,1,74859
7804414001621,false,יין קאזה די לואיגי ש,יקב,,"יין קאזה די לואיגי שיראז 750 מ""ל",מיליליטרים,750.00,"100 מ""ל",false,1,39.50,0.0527,true,1,4509
7804414012344,false,יין דון חוליו סובניו,,,דון חוליו סוביניון בלאן 750 מל,מיליליטרים,750.00,"100 מ""ל",false,1,32.90,0.0439,true,1,17308
7804414012351,false,יין דון חוליו מלבק 7,,,דון חוליו מלבק 750 מל,מיליליטרים,750.00,"100 מ""ל",false,1,32.90,0.0439,true,1,74902
7804414014270,false,קזה די לואיגי רוזה 7,לואיס פליפה אדוארדס,צ'ילה (AACR),"קזה די לואיגי רוזה 750 מ""ל",מיליליטרים,750.00,"100 מ""ל",false,1,39.50,0.0527,true,1,76864
7804414017110,false,יין דון חוליו פינו נ,,צ'ילה (AACR),"דון חוליו יין אדום יבש פינו נואר 2019, 750 מל",מיליליטרים,750.00,"100 מ""ל",false,1,32.90,0.0439,true,1,74975
7891024179482,false,שטיפת פה אופטיק וייט,קולגייט- פלמוליב,PL,קולגייט מי פה אופטיק וייט 500 מל,מיליליטרים,500.00,"100 מ""ל",false,1,36.50,0.0730,true,1,10215
8000070019911,false,קפה לווצה אורו זהב 2,לוואצה,,קפה לווצה אורו זהב 250 גרם,גרמים,250.00,100 גרם,false,1,36.90,0.1476,true,1,67710
8000070035805,false,לווצה רוסה אדום 250,קפה לוואצה,IT,קפה לווצה רוסה אדום 250 גרם,גרמים,250.00,100 גרם,false,1,32.90,0.1316,true,1,66954
8000070081000,false,קפסולות קפה הרמוניקו,לאוג'י לוואצה אס.פי.,IT,קפסולות קפה הרמוניקו 50 גרם,גרמים,50.00,100 גרם,false,1,18.90,0.3780,true,1,76976
8000070081017,false,קפסולות דיצו 50 גרם,לאוג'י לוואצה אס.פי.,IT,קפסולות דיצו 50 גרם,גרמים,50.00,100 גרם,false,1,18.90,0.3780,true,1,76977
8000215202406,false,מעדן אורז אורגני ויט,בטר אנד דיפרנט,IT,מעדן אורז אורגני ויטריז שוקו 400 גרם,גרמים,400.00,100 גרם,false,1,16.90,0.0422,true,1,19984
8000215204219,false,משקה אורז אורגני ויט,אלינור,IT,משקה אורז אורגני 1 ליטר,ליטרים,1.00,ליטר,false,1,14.90,14.9000,true,1,8333
8000215204240,false,משקה שקדים ואורז אור,אלינור,IT,משקה שקדים ואורז אורגני 1 ליטר,ליטרים,1.00,ליטר,false,1,14.90,14.9000,true,1,8334
8000215204271,false,משקה אורז ושקדים ויט,"נטורפוד בע""מ",IT,"משקה אורז ושקדים ויטריז 200 מ""ל",מיליליטרים,200.00,"100 מ""ל",false,1,5.90,0.0295,true,1,12575
8000215204387,true,רוטב בשמל צמחי לבישו,ויטריז,IT,רוטב בשמל צמחי אורגני,מיליליטרים,500.00,"100 מ""ל",false,1,14.50,0.0290,true,1,18584
8000215204394,false,משקה אגוזי לוז ואורז,אלינור,US,משקה אגוזי לוז ואורז אורגני 1 ליטר,ליטרים,1.00,ליטר,false,1,16.90,16.9000,true,1,12017
8000215204554,true,משקה אורז קוקוס אורג,אלינור,IT,ויטאריז אורז עם קוקוס אורגני 1 ליטר,ליטרים,1.00,ליטר,false,1,14.90,14.9000,true,1,15796
8000215204561,false,משקה שקדים אורגני VI,אלינור,IT,ויטאסי משקה שקדים אורגני 1 ליטר,ליטרים,1.00,ליטר,false,1,17.90,17.9000,true,1,19990
8000215204653,false,ויטסי - משקה סויה או,אלינור,IT,ויטסי - משקה סויה אורגני 1 ליטר,ליטרים,1.00,ליטר,false,1,12.90,12.9000,true,1,70844
8000215204677,false,ויטריז משקה שיבולת ש,ויטריז,IT,ויטריז משקה שיבולת שועל בריסטה אורגני 1ל,ליטרים,1.00,ליטר,false,1,14.90,14.9000,true,1,76087
8000215204714,false,משקה שיבולת שועל אור,אלינור,IT,פרימאבנה משקה שיבולת שועל אורגני 1 ליטר,ליטרים,1.00,ליטר,false,1,14.90,14.9000,true,1,12018
8000300367836,false,שלגון קראנץ פופס,תאי פרזידנט פוד פאבל,IT,פופ קראנץ וניל 12*82גרם,גרמים,82.00,100 גרם,false,1,9.90,0.1207,true,1,16552
8000380003723,false,ופל גרנד פטיסרי אגוז,קריניציה ויטמינה אס,IT,ופל גרנד פטיסרי אגוזים 100 גרם,גרמים,100.00,100 גרם,false,1,13.90,0.1390,true,1,2379
8000380003761,false,ופל גרנד פטיסרי קוקו,קריניציה ויטמינה אס,IT,לואקר גרנד פטיסרי קוקוס 100 גרם,גרמים,100.00,100 גרם,false,1,13.90,0.1390,true,1,2380
8000380004676,false,ופל סנדויץ קרם וניל,"א. לואקר, קונפקט ג'י",AT,ופל סנדויץ קרם וניל לואקר 200 גרם,גרמים,200.00,100 גרם,false,1,15.90,0.0795,true,1,2381
8000380004881,false,ופל קואדרטיני טירמיס,קריניציה ויטמינה אס,IT,ופל קואדרטיני טירמיסו 220 גרם,גרמים,220.00,100 גרם,false,1,17.50,0.0795,true,1,3712
8000380004911,false,ופל קואדרטיני אגוז 2,א. לואקר,AT,קוארדטיני אגוז 250 גר',גרמים,250.00,100 גרם,false,1,14.90,0.0596,true,1,2382
8000380004966,false,ופל קואדרטיני קקאו 2,קריניציה ויטמינה אס,AT,קוארדטיני שוקולד 250 גר',גרמים,250.00,100 גרם,false,1,14.90,0.0596,true,1,2383
8000380007219,false,ופל אגוזים לואקר 175,א. לואקר,AT,לואקר קלאסיק אגוז 175 גרם,גרמים,175.00,100 גרם,false,1,12.90,0.0737,true,1,2384
8000380007257,false,ופל מצופה שוקולד גרד,א. לואקר,IT,לואקר גרנדה אגוז 200 גר',גרמים,200.00,100 גרם,false,1,14.90,0.0745,true,1,2385
8000380007264,false,ופל קקאו לואקר 175 ג,קריניציה ויטמינה אס,AT,לואקר קלאסיק קקאו 175 גרם,גרמים,175.00,100 גרם,false,1,12.90,0.0737,true,1,2946
8000380106028,false,טורטינה אורגינל שישי,קריניציה ויטמינה אס,IT,טורטינה 1/6 חדש,גרמים,125.00,100 גרם,false,1,18.50,0.1480,true,1,5745
8000380142484,false,וופל קוואדרטיני מריר,"אינסטנטה בע""מ",AT,ופל קואדרטיני שוקולד מריר 250 גרם,גרמים,250.00,100 גרם,false,1,14.90,0.0596,true,1,7367
8000380144044,false,ופל שוקולד גרדנה 200,לואקר,IT,וופל במילוי קרם שוקולד מצופה שוקולד חלב,גרמים,200.00,100 גרם,false,1,14.90,0.0745,true,1,5746
8000380153442,false,ופל אגוז לואקר 90 גר,לואקר,,ופל אגוז לואקר 90 גרם,גרמים,90.00,100 גרם,false,1,7.90,0.0878,true,1,10363
8000380153466,false,ופל שוקולד לואקר 90,קריניציה ויטמינה אס,IT,ופל שוקולד לואקר 90 גרם,גרמים,90.00,100 גרם,false,1,7.90,0.0878,true,1,10361
8000380180721,false,ופל לואקר קלאסיק שוק,א. לואקר,AT,לואקר קלאסיק שוקו-חלב 175 גרם,גרמים,175.00,100 גרם,false,1,12.90,0.0737,true,1,15079
8000380187119,false,עוגיות לואקר אגוזי ל,לואקר,AT,עוגיות לואקר אגוזי לוז,גרמים,100.00,100 גרם,false,1,15.90,0.1590,true,1,73413
8000380187249,false,עוגיות לואקר שקדים,לואקר,AT,עוגיות לואקר שקדים 100גרם,גרמים,100.00,100 גרם,false,1,15.90,0.1590,true,1,73414
8000380187300,false,עוגיות לואקר פתיתי ש,לואקר,AT,עוגיות לואקר פתיתי שלג 120גרם,גרמים,120.00,100 גרם,false,1,15.90,0.1325,true,1,73415
8000380205400,false,קוואדרטיני חמאת בוטנ,לואקר,IT,קוואדרטיני חמאת בוטנים 250 גרם,גרמים,250.00,100 גרם,false,1,14.90,0.0596,true,1,76967
8000380205523,false,לואקר חמאת בוטנים 17,לואקר,IT,לואקר חמאת בוטנים 175 גרם,גרמים,175.00,100 גרם,false,1,12.90,0.0737,true,1,76966
8000500009673,false,בונבוניירה רושר 300,פררו,IT,בונבוניירה רושר 300 גרם,גרמים,300.00,100 גרם,false,1,55.50,0.1850,true,1,4274
8000500023624,false,קינדר הפי היפו קקאו,קדבורי,DE,קינדר הפי היפו קקאו 105 גר,גרמים,102.00,100 גרם,false,1,18.90,0.1853,true,1,5781
8000500023976,false,בונבוניירה רפאלו 150,פררו,PL,כדור וופל בציפוי קוקוס פריך במילוי קרם ושקד שלם,גרמים,150.00,100 גרם,false,1,24.90,0.1660,true,1,2386
8000500026731,false,ביצי הפתעה מצופה שוק,פררו,IT,ביצת הפתעה קינדר שלישייה,גרמים,64.00,100 גרם,false,1,16.00,0.2500,true,1,2387
8000500037874,false,בונבוניירה רושר אריז,פררו,IT,בונבוניירה רושר אריזה דקורטיבית 200 גרם,גרמים,200.00,100 גרם,false,1,29.90,0.1495,true,1,2390
8000500071083,false,שוקולד קינדר אריזה ד,קדבורי,IT,אצבעות שוקולד קינדר 200 גר,גרמים,200.00,100 גרם,false,1,15.90,0.0795,true,1,2391
8000500075708,false,שלישיית קינדר גוי כח,פררו,ZA,שלישיית קינדר גוי כחול 60 גרםT3X32,גרמים,60.00,100 גרם,false,1,18.90,0.3150,true,1,11853
8000500094976,false,בונב.רושה קונוס 212,פררו,IT,בונב.רושה קונוס 212 גרם,גרמים,212.00,100 גרם,false,1,39.90,0.1882,true,1,75188
8000500126325,false,שלישיית קינדר גוי ור,פררו,ZA,קינדר ג'וי ורוד שלישייה,גרמים,60.00,100 גרם,false,1,18.90,0.3150,true,1,11854
8000500227848,true,נוטלה בי רדי שישיה 1,קדבורי,IT,נוטלה בי רדי שישיה 132 גרם,גרמים,132.00,100 גרם,false,1,14.90,0.1129,true,1,19920
8000500247150,true,פררו קולקשיין 172 ג,קדבורי,DE,פררו קולקשיין 172 גרי,גרמים,172.00,100 גרם,false,1,29.90,0.1738,true,1,75189
8000500249352,false,חטיפי בואנו מיני מיק,פררו,PL,קינדר בואנו מיני מיקס,גרמים,205.00,100 גרם,false,1,24.90,0.1215,true,1,19919
8000500267103,true,קינדר דליס עשיריה,פררו,IT,קינדר דליס עוגת ספוג קקאו במילוי חלבי 390 גרם,גרמים,390.00,100 גרם,false,1,26.90,0.0690,true,1,19918
8000500269169,false,קינדר קארדס חמישיה 1,פררו,IT,קינדר קארדס חמישיה 128 גרם,גרמים,128.00,100 גרם,false,1,14.90,0.1164,true,1,77297
8000500374429,false,מעטפת שוקולד חלב אגו,פררו,IT,מעטפת שוקולד חלב אגוזי לוז 100 גר,גרמים,100.00,100 גרם,false,1,17.90,0.1790,true,1,75181
8000700000050,false,סבון מוצק לבן דאב ר,יוניליוור גרמניה (מנ,DE,סבון מוצק לבן דאב רביעייה,גרמים,400.00,100 גרם,false,1,14.90,0.0373,true,1,2392
8000920704967,false,גלידה שורטי צאנקי מא,מוצרי איכות אמריקאיי,,"גלידה שורטי צאנקי מאנקי 150 מ""ל",מיליליטרים,150.00,"100 מ""ל",false,1,9.90,0.0660,true,1,4155
8001090510419,false,נוזל כלים פיירי הדרי,פרוקטר,GB,נוזל כלים פיירי הדרים כתום 450 מל,מיליליטרים,450.00,"100 מ""ל",false,1,8.90,0.0198,true,1,77474
8001090810083,false,פנטן קונדישנר נוסחה,פרוקטר אנד גמבל,,"פנטן קונדישנר נוסחה קלאסית 500 מ""ל",מיליליטרים,500.00,"100 מ""ל",false,1,19.90,0.0398,true,1,19321
8001090810120,false,פנטן קונדישנר מרוקאי,פרוקטר אנד גמבל,,"פנטן קונדישנר מרוקאי משקם 500 מ""ל",מיליליטרים,500.00,"100 מ""ל",false,1,19.90,0.0398,true,1,19327
8001090810205,false,פנטן שמפו נוסחה קלאס,פרוקטר אנד גמבל,,"פנטן שמפו נוסחה קלאסית 500 מ""ל",מיליליטרים,500.00,"100 מ""ל",false,1,19.90,0.0398,true,1,19320
8001090810281,false,פנטן שמפו שמן מרוקאי,פרוקטר אנד גמבל,,"פנטן שמפו שמן מרוקאי משקם 500 מ""ל",מיליליטרים,500.00,"100 מ""ל",false,1,19.90,0.0398,true,1,19326
8001090810403,false,פנטן שמפו למגע רך כמ,פרוקטר אנד גמבל,,"פנטן שמפו למגע רך כמשי 500 מ""ל",מיליליטרים,500.00,"100 מ""ל",false,1,19.90,0.0398,true,1,19318
8001090833167,false,אריאל גל כביסה ניחוח,פרוקטור אנד גמבל,FR,אריאל גל כביסה ניחוח הרים 2.365 ליטר,ליטרים,2.37,ליטר,false,1,39.90,16.8354,true,1,74916
8001090833198,false,אריאל גל כביסה ניחוח,פרוקטור אנד גמבל,FR,אריאל ג'ל כביסה ניחוח מרענן 2.365 ליטר,ליטרים,2.37,ליטר,false,1,39.90,16.8354,true,1,19961
8001090891273,false,לנור כדוריות הבושם ב,פרוקטר אנד גמבל,US,לנור כדוריות הבושם בניחוח סחלב 210 גרם,גרמים,210.00,100 גרם,false,1,35.90,0.1710,true,1,73232
8001090988362,false,פנטן שמפו לחות מוגבר,מנדלז סי.אר. פרודקשן,RO,"פנטן שמפו לחות מוגברת 500 מ""ל",מיליליטרים,500.00,"100 מ""ל",false,1,19.90,0.0398,true,1,19316
8001090988881,false,פנטן קונדישנר למגע ר,פרוקטר אנד גמבל,,"פנטן קונדישנר למגע רך כמשי 500 מ""ל",מיליליטרים,500.00,"100 מ""ל",false,1,19.90,0.0398,true,1,19319
8001160001786,false,משקה גטורייד ספורט כ,פארייפאבה אגרואינדוס,IT,"משקה גטורייד ספורט כחול 500 מ""ל",מיליליטרים,500.00,"100 מ""ל",false,1,10.50,0.0210,true,1,10034
8001160001892,false,משקה גטורייד ספורט ת,פארייפאבה אגרואינדוס,IT,גטורייד ספורט תפוז אדום בקבוק 500 תריסר,מיליליטרים,500.00,"100 מ""ל",false,1,10.50,0.0210,true,1,10035
8001505000313,false,ממרח אגוזי לוז אורגנ,ריג'וני דה אסינו,IT,ממרח אגוזי לוז אורגני 270 גרם ניקולטה,גרמים,270.00,100 גרם,false,1,23.90,0.0885,true,1,11766
8001620015612,false,סן בנדטו גזר תפוז לי,"איי, בי, אינבוו",IT,"סן בנדטו גזר תפוז לימון 400 מ""ל",מיליליטרים,400.00,"100 מ""ל",false,1,8.50,0.0213,true,1,74321
8001620015629,false,סן בנדטו תפוז תפוז א,"איי, בי, אינבוו",IT,משקה פירות פרוטה בטעם תפוז ותפוז אדום,מיליליטרים,400.00,"100 מ""ל",false,1,8.50,0.0213,true,1,76188
8001620015636,false,סן בנדטו מיקס פירות,"איי, בי, אינבוו",IT,משקה פירות פרוטה בטעם מיקס פירות,מיליליטרים,400.00,"100 מ""ל",false,1,8.50,0.0213,true,1,74322
8001620018408,false,סן בנדטו מנגו תפוח 4,טמפו,IL,"סן בנדטו מנגו תפוח 400 מ""ל",מיליליטרים,400.00,"100 מ""ל",false,1,8.50,0.0213,true,1,76189
8001620019160,false,סן בנדטו אפרסק 400 מ,טמפו,IL,"סן בנדטו אפרסק 400 מ""ל",מיליליטרים,400.00,"100 מ""ל",false,1,8.50,0.0213,true,1,77223
8001620019177,false,סן בנדטו ענבים 400 מ,טמפו,IL,"סן בנדטו ענבים 400 מ""ל",מיליליטרים,400.00,"100 מ""ל",false,1,8.50,0.0213,true,1,77224
8001841041421,false,פמפרס מגבונים בודד ע,פרוקטר & גמבל,DE,פמפרס מגבונים בודד עם בישום,יחידה,1.00,יחידה,false,1,6.90,6.9000,true,1,77631
8001841062624,false,פמפרס מגבונים רביעיי,פרוקטר אנד גמבל.,DE,פמפרס מגבונים רביעייה ללא בישום,יחידה,4.00,יחידה,false,4,19.90,4.9750,true,1,77629
8001841237657,false,מגן תחתון אולוויז פר,פרוקטר & גמבל,DE,מגן תחתון אולוויז פרש נורמל 72 יח,יחידה,72.00,יחידה,false,1,19.90,0.2764,true,1,77162
8001841669465,false,אריאל קפסולות 24 יח,קדבורי,FR,אריאל קפסולות 24 יח בניחוח לנור,יחידה,1.00,יחידה,false,1,39.90,39.9000,true,1,74653
8001841715957,false,שולדרס גל רחצה ושמפו,פרוקטר & גמבל,FR,שולדרס גל רחצה ושמפו ניקוי אינטנסיבי 3,מיליליטרים,360.00,"100 מ""ל",false,1,21.90,0.0608,true,1,75115
8001841716312,false,שולדרס גל רחצה ושמפו,פרוקטר & גמבל,FR,"שולדרס גל רחצה ושמפו ספורט, 360 מ""ל",מיליליטרים,360.00,"100 מ""ל",false,1,21.90,0.0608,true,1,75116
8001841716435,false,שולדרס גל רחצה ושמפו,פרוקטר & גמבל,FR,"שולדרס גל רחצה ושמפו לעור רגיש, 360 מ""ל",מיליליטרים,360.00,"100 מ""ל",false,1,21.90,0.0608,true,1,75117
8001841716596,false,הד שולדרס גל רחצה וש,"נארז ע""י : א.ג. גילר",FR,"הד שולדרס גל רחצה ושמפו מרענן 360 מ""ל",מיליליטרים,360.00,"100 מ""ל",false,1,21.90,0.0608,true,1,75118
8001841722481,false,מגן תחתון אולוויז פר,פרוקטר & גמבל,DE,מגן תחתון אולוויז פרש נורמל 54 יח,יחידה,54.00,יחידה,false,1,15.90,0.2944,true,1,77163
8002205319835,false,ONE חתול בוגר סלמון,פורינה,US,ONE חתול בוגר סלמון 800,גרמים,800.00,100 גרם,false,1,37.90,0.0474,true,1,70812
8002205319903,false,ONE חתול בוגר עוף 80,פורינה,US,ONE חתול בוגר עוף 800גרם,גרמים,800.00,100 גרם,false,1,37.90,0.0474,true,1,70811
8002270015649,false,מים סן פלגרינו מוגז,פארייפאבה אגרואינדוס,IT,"סן פלגרינו 250 מ""ל 24 יח",מיליליטרים,250.00,"100 מ""ל",false,1,6.50,0.0260,true,1,6007
8002270015656,false,מים מינרלים סן פלגרי,סן פלגרינו ס.פ.א לוק,IT,"מים מינרלים סן פלגרינו מוגז 750 מ""ל",מיליליטרים,750.00,"100 מ""ל",false,1,10.20,0.0136,true,1,4605
8002270846472,false,סן פלגרינו פלאסטיק ב,"איי, בי, אינבוו",IT,"סן פלגרינו מוגז פלסטיק 500 מ""ל 24 יחידות",מיליליטרים,500.00,"100 מ""ל",false,1,5.90,0.0118,true,1,10226
8002450006559,false,יין קאזה די לואיגי ש,יקב,,"יין קאזה די לואיגי שרדונה 750 מ""ל",מיליליטרים,750.00,"100 מ""ל",false,1,39.50,0.0527,true,1,2393
8002450206003,false,יין מוגז ורדי רימוני,"איי, בי, אינבוו",IT,ורדי ספרקלטיני רימונים 750 מל,מיליליטרים,750.00,"100 מ""ל",false,1,34.90,0.0465,true,1,7199
8002450206522,false,יין קאזה די לואיגי מ,יקב,,"יין קאזה די לואיגי מרלו 750 מ""ל",מיליליטרים,750.00,"100 מ""ל",false,1,39.50,0.0527,true,1,2395
8002920016903,false,LADORIA עגבניות מרוס,,IT,LADORIA עגבניות מרוסקות שלישיה 400גרם,גרמים,400.00,100 גרם,false,3,16.90,0.0422,true,1,76455
8003340091280,false,בונבוניירה לינדור 60,לינדוט ושופרונגלי אי,IT,לינדט לינדור כדורי שוקולד מריר 200 ג',גרמים,200.00,100 גרם,false,1,35.50,0.1775,true,1,7352
8003385312104,false,עגבניות קוביות אנטונ,אנטונלה,IT,עגבניות קוביות אנטונלה שלישייה 400גרם,גרמים,400.00,100 גרם,false,3,15.90,0.0398,true,1,75753
8003753158556,false,קפסולות אספרסו קלאסי,ג'ייקובס דאו אגרבטס,FR,קפסולות אספרסו קלאסיקו ILLY 10יח 57גרם,גרמים,57.00,100 גרם,false,1,19.90,0.3491,true,1,71959
8003753158587,false,קפסולות אספרסו פורטה,ג'ייקובס דאו אגרבטס,FR,קפסולות קפה פורטה,גרמים,57.00,100 גרם,false,1,19.90,0.3491,true,1,71961
8004030022010,false,טונה אינסלטיסימי ירק,"בולטון אלימנטרי בע""מ",IT,ריו מר ירקות גינה עם טונה 160 גרם,גרמים,160.00,100 גרם,false,1,19.50,0.1219,true,1,14698
8004030026018,false,טונה אינסלטיסימי מקס,"בולטון אלימנטרי בע""מ",IT,ריו מרה ירקות בנוסח מקסיקני עם טונה 160 גרם,גרמים,160.00,100 גרם,false,1,19.50,0.1219,true,1,14697
8004030044005,false,טונה בשמן זית ריו מר,"איטיליאן פוד, אס.פי.",IT,ריו מרה טונה בשמן זית 160 ג,גרמים,160.00,100 גרם,false,1,18.90,0.1181,true,1,2400
8004030081024,false,טונה בשמן זית שום ופ,"איטיליאן פוד, אס.פי.",IT,ריו מר נתחי טונה בהירה בשמן זית ופלפל 160 גרם,גרמים,160.00,100 גרם,false,1,18.90,0.1181,true,1,2401
8004030344938,false,טונה בשמן ריו מרה מא,"איטיליאן פוד, אס.פי.",IT,ריו מרה נתחי טונה בהירה בשמן זית 240 גרם,גרמים,240.00,100 גרם,false,1,29.90,0.1246,true,1,16165
8004030845046,false,טונה ריו מרה ירקות ו,בולטון אלימנטרי,IT,טונה ריו מרה ירקות ו אינסלטיסימי 160 גרם,גרמים,160.00,100 גרם,false,1,19.50,0.1219,true,1,67890
8004030860001,false,טונה ריו מרה אינסלטי,"בולטון אלימנטרי בע""מ",IT,ריו מר ירקות עם קוסקוס וטונה 160 גרם,גרמים,160.00,100 גרם,false,1,19.50,0.1219,true,1,16085
8004690050507,false,פסטה איטלקית פטוציני,למוליזנה,IT,פסטה איטלקית פטוציני 500 גרם LM,גרמים,500.00,100 גרם,false,1,8.90,0.0178,true,1,69979
8004690050620,false,למוליזנה לינגווין,למוליזנה,IT,פסטה איטלקית לינגוויני 500 גרם LM,גרמים,500.00,100 גרם,false,1,8.90,0.0178,true,1,12020
8004690052044,false,פסטה פנה למוליזנה,למוליזנה,IT,פסטה איטלקית פנה זיטי ריגטה 500 גרם LM,גרמים,500.00,100 גרם,false,1,8.90,0.0178,true,1,12022
8004690052846,false,פסטה פוסילי למוליזנה,למוליזנה,IT,פסטה איטלקית פוזילי 500 גרם LM,גרמים,500.00,100 גרם,false,1,8.90,0.0178,true,1,12023
8004690053195,false,למוליזנה ריגאטוני,למוליזנה,IT,פסטה איטלקית ריגטוני 500 גרם LM,גרמים,500.00,100 גרם,false,1,8.90,0.0178,true,1,12024
8004690057308,false,פסטה איטלקית רדיאטור,למוליזנה,IT,פסטה איטלקית רדיאטורי 500 גרם LM,גרמים,500.00,100 גרם,false,1,8.90,0.0178,true,1,69981
8004690106600,false,למוליזנה פארפאליה,למוליזנה,IT,פסטה איטלקית פרפאלה 500 גרם LM,גרמים,500.00,100 גרם,false,1,8.90,0.0178,true,1,12144
8004690203002,false,פסטה איטלקית ניוקי ת,למוליזנה,IT,פסטה איטלקית ניוקי תפוחי אדמה 500 גרם,גרמים,500.00,100 גרם,false,1,7.90,0.0158,true,1,69973
8004690470022,false,פסטה ספגטי ללג LM ג,למוליזנה,IT,פסטה ספגטי ללג LM גרם401,גרמים,400.00,100 גרם,false,1,13.90,0.0348,true,1,73313
8004690470039,false,פסטה פנה ללג LM גרם,למוליזנה,IT,פסטה פנה ללג LM גרם400,גרמים,400.00,100 גרם,false,1,13.90,0.0348,true,1,73312
8004800005519,false,לאגו מיני רול גלילי,לאגו,IT,לאגו מיני רול גלילי ופל במילוי קרם אגוזי,גרמים,125.00,100 גרם,false,1,12.90,0.1032,true,1,77299
8004800005526,false,לאגו מיני רול גלילי,לאגו,IT,לאגו מיני רול גלילי ופל במילוי קרם קוקוס,גרמים,125.00,100 גרם,false,1,12.90,0.1032,true,1,77300
8005110002243,false,רכז עגבניות בשפורפרת,Mutti,IT,רכז עגבניות בשפורפרת Doppio MUTTI 185,גרמים,185.00,100 גרם,false,1,9.90,0.0535,true,1,73230
8005110170300,false,שלישיית עגבניות מרוס,Mutti,IT,שלישיית עגבניות מרוסקות 400 גר MUTTI,גרמים,400.00,100 גרם,false,1,19.90,0.0497,true,1,40778
8005110171215,false,עגבניות חתוכות MUTTI,"איי, בי, אינבוו",IT,קוביות עגבניות מקולפות במיץ,גרמים,690.00,100 גרם,false,1,16.90,0.0245,true,1,43879
8005110200014,false,רכז עגבניות 210 גרםm,"איי, בי, אינבוו",IT,רסק עגבניות בתוספת מלח 22Bx ללא תוספת סוכר,גרמים,210.00,100 גרם,false,1,7.90,0.0376,true,1,41133
8005110550508,true,שימורי עגבניות שרי,,,שימורי עגבניות שרי,Unknown,0.00,Unknown,false,1,10.90,0.0000,true,1,52107
8005110551253,false,רוטב לפיצה MUTTI 400,Mutti,IT,רוטב לפיצה 400 גרם MUTTI,גרמים,400.00,100 גרם,false,1,9.90,0.0248,true,1,72434
8005469981602,false,פילה אנשובי איטלקי ש,,,פילה אנשובי איטלקי שמן חמניות 75 גרם,גרמים,75.00,100 גרם,false,1,15.90,0.2120,true,1,14578
8005803010586,false,גריסיני פיצה 125 גרם,"אינסטנטה בע""מ",IT,מקלות אפויים בטעם פיצה,גרמים,125.00,100 גרם,false,1,9.90,0.0792,true,1,16227
8006050090239,false,חומץ בלסמי ממודנה מא,יבואן ומשווק: ש. שסט,IT,מאצטי אורגינל חומץ בלסמי ממודנה 500 מל,מיליליטרים,500.00,"100 מ""ל",false,1,29.90,0.0598,true,1,18667
8006227001372,false,סמנצאטו לחם מחמצת לב,רו. מאר ס.ר.ל,IT,סמנצאטו לחם מחמצת לבן משמן זית 400 גרם ל,גרמים,250.00,100 גרם,false,1,19.90,0.0796,true,1,75552
8006227001389,false,סמנצאטו לחם מחמצת קמ,רו. מאר ס.ר.ל,IT,סמנצאטו לחם מחמצת קמח לבן משמן זית 400 ג,גרמים,250.00,100 גרם,false,1,19.90,0.0796,true,1,75553
8006540019672,false,נוזל כלים פיירי פלטי,פרוקטר & גמבל,GB,נוזל כלים פיירי פלטינום 700 מל,מיליליטרים,700.00,"100 מ""ל",false,1,11.90,0.0170,true,1,77279
8006540221068,false,מגן תחתון אולוויז לו,פרוקטר,DE,מגן תחתון אולוויז וליופק לונג פלוס 40 יחידות,יחידה,40.00,יחידה,false,1,21.90,0.5475,true,1,77364
8006540221341,false,מגן תחתון אולוויז לא,,DE,מגן תחתון אולוויז לארג 48 יח,יחידה,1.00,יחידה,false,1,21.90,21.9000,true,1,76420
8006540592496,false,תחבושות אולוייז כפול,פרוקטר,DE,תחבושות אולוייז כפול לילה 20,יחידה,20.00,יחידה,false,1,19.90,0.9950,true,1,76838
8007227000570,false,סליל סרט קשירה דק כס,STAR PENNSYLVANIA,,סליל סרט קשירה דק כסוף,Unknown,0.00,Unknown,false,1,24.90,0.0000,true,1,14011
8007227053460,false,סליל סרט קשירה דק ור,STAR PENNSYLVANIA,,סליל סרט קשירה דק ורוד,Unknown,0.00,Unknown,false,1,24.90,0.0000,true,1,14014
8007270999012,false,שמן גרעיני ענבים 1 ל,קרלו,IT,שמן גרעיני ענבים 1 ליטר קוסטה דאורו,ליטרים,1.00,ליטר,false,1,44.90,44.9000,true,1,17195
8008698002049,false,קרקרים עגולים ללא גל,דר שר,IT,קרקר ללא גלוטן ללא לקטוז,גרמים,175.00,100 גרם,false,1,24.90,0.1423,true,1,11774
8008698003503,false,קרקר אפוי ללא גלוטן,"דר שר ס.ר.ל פוסטל, א",IT,"ליב, קרקר ללא גלוטן",גרמים,210.00,100 גרם,false,1,26.90,0.1281,true,1,9649
8008698005231,false,עוגיות שוקולד שר ללג,ליב,IT,עוגיות שוקולד שר ללג 165גרם,גרמים,165.00,100 גרם,false,1,22.90,0.1388,true,1,72505
8008698005347,false,ביסקוטי שוקולד שר לל,ליב,IT,ביסקוטי שוקולד שר ללג 150גרם,גרמים,150.00,100 גרם,false,1,16.90,0.1127,true,1,72506
8008698008157,false,עוגיות ממולאות קרם ו,דר שר ס.ר.ל פוסטל,IT,עוגיות ממולאות קרם וניל ללא גלוטן 100 גר,גרמים,100.00,100 גרם,false,1,12.90,0.1290,true,1,9651
8008698013021,false,עוגיות שוקולד ציפס פ,דר שר,IT,עוגיות ללא גלוטן עם שבבי שוקולד מריר,גרמים,100.00,100 גרם,false,1,13.90,0.1390,true,1,16282
8008698024065,false,"פאן בלנקו לחם לל""ג 2",schar,IT,"פאן בלנקו לחם לל""ג 250 גרם שר",גרמים,250.00,100 גרם,false,1,19.90,0.0796,true,1,20228
8009149000119,false,"קמח תירס פולנטה 1 ק""",פוקולוקו,,"קמח תירס פולנטה 1 ק""ג",קילוגרמים,1.00,"ק""ג",false,1,16.90,16.9000,true,1,10163
8010024006010,false,חמאת שקדים 100% השקד,תות תעשיות מזון (201,IT,חמאת שקדים,גרמים,350.00,100 גרם,false,1,39.90,0.1140,true,1,16363
8017938005122,false,חומץ תפוחים אורגני,מריה לוצ'יה מלצ'יורי,IT,חומץ תפוחים אורגני 750 מל,מיליליטרים,750.00,"100 מ""ל",false,1,19.90,0.0265,true,1,11773
8024985002783,true,מחית סמוזי גזר דלעת,נטורה נובה,IT,מחית סמוזי גזר דלעת 100 גרם,גרמים,100.00,100 גרם,false,1,6.50,0.0650,true,1,18668
8024985002912,false,סמוזי תפוח אגס בטטה,נטורה נובה,IT,סמוזי תפוח אגס בטטה אורגני נטורה 100 גרם,גרמים,100.00,100 גרם,false,1,6.20,0.0620,true,1,19994
8024985002950,false,נטורה נובה סמוזי שזי,כפרי בריא,IT,סמוצ'י תפוח בננה תרד אורגניים,גרמים,100.00,100 גרם,false,1,6.20,0.0620,true,1,68321
8024985002967,false,נטורה נובה סמוזי בננ,כפרי בריא,IT,נטורה נובה סמוזי בננה תרד 100 גרם,גרמים,100.00,100 גרם,false,1,6.20,0.0620,true,1,68323
8024985004305,false,סמוזי תפוח - רביעייה,כפרי בריא,IT,נטורה נובה מארז סמוצ'י תפוחים אורגניים 400 גרם,גרמים,400.00,100 גרם,false,1,22.90,0.0572,true,1,52303
8024985004695,false,סמוזי בננה - רביעייה,כפרי בריא,IT,מארז סמוצ'י תפוח בננה אורגניים,גרמים,400.00,100 גרם,false,1,22.90,0.0572,true,1,52304
8024985005234,false,מחית סמוזי תפוח אפרס,נטורה נובה,IT,סמוצ'י תפוח אפרסק מנגו אורגניים 100 גרם,גרמים,100.00,100 גרם,false,1,6.20,0.0620,true,1,15813
8024985005296,true,מחית סמוזי אגס בננה,נטורה נובה,IT,סמוצ'י אגס בננה תפוח וקינואה 120 גרם,גרמים,120.00,100 גרם,false,1,7.20,0.0600,true,1,18598
8024985005302,true,נטורה נובה סמוזי תפ,נטורה נובה,IT,סמוצ'י תפוח רימון פטל אוכמניות ואסאי 120 גרם,גרמים,120.00,100 גרם,false,1,7.20,0.0600,true,1,18599
8024985008037,false,מחית סמוזי תפוח נטור,כפרי בריא,IT,סמוצ'י תפוחים אורגניים 100 גרם,גרמים,100.00,100 גרם,false,1,6.50,0.0650,true,1,12636
8024985008044,false,מחית סמוזי אגס נטורה,כפרי בריא,IT,סמוצ'י אגסים אורגניים 100 גרם,גרמים,100.00,100 גרם,false,1,6.50,0.0650,true,1,12635
8024985008051,false,מחית סמוזי פירות אדו,נטורה נובה,IT,סמוצ'י פירות אדומים אורגניים 100 גרם,גרמים,100.00,100 גרם,false,1,6.50,0.0650,true,1,12634
8024985011204,false,נטורה נובה סמוזי תפ,B&D,IL,נטורה נובה - סמוזי תפוח תות בננה 100 גרם,גרמים,350.00,100 גרם,false,1,6.20,0.0177,true,1,76424
8032804430471,false,פסטה מקמח עדשים אדומ,אף.סי תבליני בגליל ב,IT,פסטה מקמח עדשים אדומות פליסיה 250 גרם,גרמים,250.00,100 גרם,false,1,13.90,0.0556,true,1,17150
8032804430501,false,פסטה מקמח אפונה ירוק,מולינו אנדריאני,IT,פסטה מקמח אפונה ירוקה פליסיה 250 גרם,גרמים,250.00,100 גרם,false,1,13.90,0.0556,true,1,17149
8032804432024,true,לזניה אורז תירס אורג,אף.סי תבליני בגליל ב,IT,לזניה אורז תירס אורגני 250 גרם,גרמים,250.00,100 גרם,false,1,20.90,0.0836,true,1,18601
8076800195033,false,ספגטי ברילה מס 3 50,ברילה גי.אי.אר פרטלי,IT,ברילה ספגטי מספר 3 500 גרם,גרמים,500.00,100 גרם,false,1,7.90,0.0158,true,1,2457
8076800195057,false,פסטה ברילה ספגטיני מ,"איטיליאן פוד, אס.פי.",IT,ברילה ספגטי מס' 5 500 גרם,גרמים,500.00,100 גרם,false,1,7.90,0.0158,true,1,2458
8076802085738,false,פסטה ברילה פנה רגטה,"איטיליאן פוד, אס.פי.",IT,ברילה פנה רגטה מס 73 500 גרם,גרמים,500.00,100 גרם,false,1,7.90,0.0158,true,1,2461
8076802085837,false,פסטה ברילה טורטיליונ,"ש. שסטוביץ בע""מ",IT,פסטה ברילה טורטיליוני מס 83 500 גרם,גרמים,500.00,100 גרם,false,1,7.90,0.0158,true,1,2462
8076808060654,false,פסטה ברילה פרפלה מס,"איטיליאן פוד, אס.פי.",IL,ברילה פסטה פתיתים פרפלה 500 גרם,גרמים,500.00,100 גרם,false,1,7.90,0.0158,true,1,2466
8076808070882,false,פסטה ברילה קנלוני מס,פאסטיפיקו ריגו אס.אר,IT,פסטה ברילה קנלוני מס 88 250 גרם,גרמים,250.00,100 גרם,false,1,15.90,0.0636,true,1,2467
8076808150072,false,ספגטי ברילה מס 7 500,"איטיליאן פוד, אס.פי.",IT,ברילה ספגטי מספר 7 500 גרם,גרמים,500.00,100 גרם,false,1,7.90,0.0158,true,1,2468
8076809513395,false,רוטב פסטה ברילה פומו,BARILLA G.E.R.,IT,ברילה רוטב עגבניות קלאסי 400 גרם,גרמים,400.00,100 גרם,false,1,15.90,0.0398,true,1,2471
8076809513654,false,בסיס רוטב ברילה עגבנ,ברילה גי.אי.אר פרטלי,IT,ברילה רוטב בסיס לפסטה בולונז 400 גרם,גרמים,400.00,100 גרם,false,1,15.90,0.0398,true,1,3888
8076809513692,false,רוטב פסטה ברילה נפול,ברילה גי.אי.אר פרטלי,IT,ברילה רוטב עגבניות עם ירקות שורש לפסטה 400 גרם,גרמים,400.00,100 גרם,false,1,15.90,0.0398,true,1,2472
8076809513739,false,רוטב פסטה ברילה בזיל,ברילה גי.אי.אר פרטלי,IT,ברילה רוטב עגבניות עם בזיליקום לפסטה 400 גרם,גרמים,400.00,100 גרם,false,1,15.90,0.0398,true,1,4803
8076809514774,false,פסטה ברילה פרפנדלה,ברילה גי.אי.אר פרטלי,IT,"פסטה ברילה פרפנדלה 250 גר """,גרמים,250.00,100 גרם,false,1,18.90,0.0756,true,1,2473
8076809523561,false,רוטב פסטה ברילה בטעם,"איטיליאן פוד, אס.פי.",IT,ברילה רוטב טוסקנה לפסטה 400 גרם,גרמים,400.00,100 גרם,false,1,15.90,0.0398,true,1,7098
8076809523738,false,לזניה ברילה,ברילה גי.אי.אר פרטלי,IT,לזניה ברילה 500 גרם,גרמים,500.00,100 גרם,false,1,25.90,0.0518,true,1,3152
8076809545464,false,פסטה ספרילי ללא גלוט,מולינו אנדריאני אס.א,IT,ברילה פוזילי על בסיס קמח תירס ללא גלוטן 400 גרם,גרמים,400.00,100 גרם,false,1,15.90,0.0398,true,1,14366
8076809576352,false,ברילה לזניה ללא גלוט,ברילה גי.אי.אר פרטלי,IT,ברילה לזניה ללא גלוטן 250 גרם,גרמים,250.00,100 גרם,false,1,23.90,0.0956,true,1,76623
8232521301232,false,קונוס 40,,,קונוס 40,יחידה,1.00,יחידה,false,1,29.90,29.9000,false,1,68448
8410076601865,false,מארז חטיפי נייטצר וא,סאן אדריאן,ES,מארז חטיפי נייטצר ואלי דבש 420גרם 20,גרמים,420.00,100 גרם,false,20,29.90,0.0712,true,1,77129
8410076601872,false,מארז חטיפי נייטצר וא,סאן אדריאן,ES,מארז חטיפי נייטצר ואלי שוקולד 420 גרם,גרמים,420.00,100 גרם,false,20,24.90,0.0593,true,1,77130
8410076610379,false,מאג חטיף פרוטאין בוט,סריילטו ספיין פודס,ES,מאג חטיף פרוטאין בוטנים ושבבי שוקולד120,גרמים,120.00,100 גרם,false,1,18.90,0.1575,true,1,15429
8410076610386,false,מאגדת חטיף פרוטאין ב,סריילטו ספיין פודס,ES,נייטשר ואלי פרוטאין בוטנים בטעם קרמל מלוח,גרמים,120.00,100 גרם,false,1,18.90,0.1575,true,1,15607
8410076800633,false,קראנצי שיבולת שועל ו,ג'נרל מילס,,קראנצי שיבולת שועל ושוקולד מריר,גרמים,42.00,100 גרם,false,1,5.30,0.1262,true,1,13312
8410076801067,false,חטיף נייטצר ואלי דבש,סאן אדריאן,ES,חטיף נייטצר ואלי דבש 21 גרם,גרמים,21.00,100 גרם,false,1,2.90,0.1381,true,1,77131
8410076801074,false,חטיף נייטצר ואלי שוק,סאן אדריאן,ES,חטיף נייטצר ואלי שוקולד 21 גרם,גרמים,21.00,100 גרם,false,1,2.90,0.1381,true,1,77132
8410104039134,false,פיניש ניקוי וחידוש,רקיט בנקיזר,PL,"מנקה מדיח כלים פיניש 250 מ""ל",מיליליטרים,250.00,"100 מ""ל",false,1,17.90,0.0716,true,1,2529
8410104045111,false,פיניש מלח למדיח,מלח הארץ,IL,פיניש מלח למדיח כלים 2 קג,קילוגרמים,2.00,"ק""ג",false,1,16.90,8.4500,true,1,2530
8410179100043,false,BORGES שמן זית כתית,פוד טים,ES,"BORGES שמן זית כתית מעולה 750 מ""ל",מיליליטרים,750.00,"100 מ""ל",false,1,37.90,0.0505,true,1,52371
8410182420114,false,בצלצלי פנינה בחומץ 3,דליסיאס,,בצלצלי פנינה בחומץ 370 גרם,גרמים,370.00,100 גרם,false,1,12.90,0.0349,true,1,8113
8420708012822,false,קשקבל צאן בשלה 200 ג,מיוצר עי קונדיטוריית,ES,קשקבל צאן בשלה 200 גר נני,גרמים,200.00,100 גרם,false,1,27.90,0.1395,true,1,36114
8423207206488,false,חטיף דגנים סלים דליס,אף.סי תבליני בגליל ב,ES,חטיף דגנים סלים דליס שוקולד חלב 120 גרם,גרמים,120.00,100 גרם,false,1,14.90,0.1242,true,1,12456
8423207206495,false,חטיף דגנים סלים דליס,אף.סי תבליני בגליל ב,ES,חטיף דגנים סלים דליס שוקולד מריר 120 גרם,גרמים,120.00,100 גרם,false,1,14.90,0.1242,true,1,12457
8423207207362,false,סלים דליס,ביסנצ'ורי אס.אל.יו,ES,סלים דליס שוקולד לבן 120 גרם,גרמים,120.00,100 גרם,false,1,14.90,0.1242,true,1,76931
8423207210928,false,מאגדת סלים דליס טופי,ביסנצ'ורי אס.אל.יו,ES,מאגדת סלים דליס טופינג אגוזי לוז 90 גרם,גרמים,90.00,100 גרם,false,1,14.90,0.1656,true,1,72988
8423371002312,false,סאליסול פיצוחים בפחי,סאליסול,ES,סאליסול פיצוחים בפחית בוטנים צילי 150 ג,גרמים,150.00,100 גרם,false,1,11.90,0.0793,true,1,76575
8423371002725,false,בוטנים קוקטייל מיקס,,ES,סאליסול משפחתי קוקטיל מיקס,גרמים,100.00,100 גרם,false,1,11.90,0.1190,true,1,76571
8423371002749,false,פיצוחים בפחית בוטנים,סאליסול,ES,סאליסול משפחתי בוטנים ושקדים מקורמלים,גרמים,135.00,100 גרם,false,1,11.90,0.0881,true,1,77510
8423371005085,false,בוטנים מיקס פיקנטי ס,,ES,סאליסול טו גו מיקס פיקנטי,גרמים,100.00,100 גרם,false,1,11.90,0.1190,true,1,76572
8423371007089,false,בוטנים מלוחים בדבש ס,,ES,סאליסול משפחתי בוטנים עם דבש ומלח,גרמים,150.00,100 גרם,false,1,11.90,0.0793,true,1,76573
8436575292205,false,נסטלה חמשושים מאגדת,שוורצקוף& הנקל דיסלד,IL,נסטלה חמשושים מאגדת חדש 6 15*12גרם,לא מנהל יחידת מידה,0.00,לא מנהל יחידת מידה,false,1,24.90,0.0000,true,1,66531
8445290341587,false,פנסי פיסט פטה דג לבן,פורינה,US,פנסי פיסט פטה דג לבן ועוף 24*85גרם,גרמים,85.00,100 גרם,false,1,5.90,0.0694,true,1,77226
8445290341617,false,פנסי פיסט פטה עוף וס,פורינה,US,פנסי פיסט פטה עוף וסלמון 85 גרם,גרמים,85.00,100 גרם,false,1,5.90,0.0694,true,1,77225
8445290341655,false,פנסי פיסט פטה עוף 8,פורינה,US,פנסי פיסט פטה עוף 24*85גרם,גרמים,85.00,100 גרם,false,1,5.90,0.0694,true,1,77227
8593868006014,false,בירה בלו מון פחית 50,"איי, בי, אינבוו",CZ,"בירה בלומון 5.4% כוהל בפחית 500 מ""ל",מיליליטרים,500.00,"100 מ""ל",false,1,14.90,0.0298,true,1,73970
8595134503302,false,פילטר 6 ארוך,,,פילטר 6 ארוך,Unknown,0.00,Unknown,false,1,4.90,0.0000,false,1,59768
8595134503975,false,נייר בינוני כולל פיל,,,נייר בינוני כולל פילטר,לא מנהל יחידת מידה,0.00,לא מנהל יחידת מידה,false,1,6.00,0.0000,false,1,72893
8606018615827,false,פיינט אוראו 480גרם,נסטלה,IL,פיינט אוראו 480גרם,גרמים,480.00,100 גרם,false,1,23.90,0.0498,true,1,76325
8606018615841,false,פיינט מילקה וניל ליב,נסטלה,IL,פיינט מילקה וניל ליבת שוקולד 480גרם,גרמים,480.00,100 גרם,false,1,23.90,0.0498,true,1,76326
8606018615865,false,פיינט מילקה קרמל ליב,נסטלה,IL,פיינט מילקה קרמל ליבת שוקולד 480גרם,גרמים,480.00,100 גרם,false,1,23.90,0.0498,true,1,76327
8606109023593,false,מיץ פרוויטה תפוחי עץ,,IL,מיץ פרוויטה תפוחי עץ ואגסים 750 מל,מיליליטרים,750.00,"100 מ""ל",false,1,14.90,0.0199,true,1,72752
8606109023609,false,מיץ פרוויטה תפוחי עץ,,IL,מיץ פרוויטה תפוחי עץ ודובדבנים 750 מל,מיליליטרים,750.00,"100 מ""ל",false,1,14.90,0.0199,true,1,72753
8606109023623,false,מיץ פרוויטה תפוחי עץ,,IL,מיץ פרוויטה תפוחי עץ ולימון ליים 750 מל,מיליליטרים,750.00,"100 מ""ל",false,1,14.90,0.0199,true,1,72755
8606109023630,false,מיץ פרוויטה תפוחי עץ,,IL,מיץ פרוויטה תפוחי עץ ופטל שחור 750 מל,מיליליטרים,750.00,"100 מ""ל",false,1,14.90,0.0199,true,1,72754
8606109023647,false,מיץ פרוויטה סלק ותפו,,IL,מיץ פרוויטה סלק ותפוחי עץ 750 מל,מיליליטרים,750.00,"100 מ""ל",false,1,14.90,0.0199,true,1,72756
8683130008355,false,מיונז הלמנס שום לחיץ,יוניליוור ישראל שיוו,TR,הלמנס מיונז עם שום 400 גרם,גרמים,400.00,100 גרם,false,1,17.90,0.0447,true,1,75591
8683130012666,false,מגנום דאבל לבן עוגיו,שטראוס גרופ גלידות,IL,מגנום דאבל לבן עוגיות 74 גרם,גרמים,74.00,100 גרם,false,1,12.90,0.1743,true,1,76457
8690504081913,false,עוגיות טינס מצופה שו,שוורצקוף& הנקל דיסלד,TR,עוגיות טינס מצופה שוקולד חלב 150 גרם,גרמים,150.00,100 גרם,false,1,14.90,0.0993,true,1,18350
8690504081920,false,טינס מצופה שוקולד מר,שוורצקוף& הנקל דיסלד,TR,טינס מצופה שוקולד מריר 150 גרם,גרמים,150.00,100 גרם,false,1,14.90,0.0993,true,1,18349
8690504081937,false,טינס חלב וקפוצינו,שוורצקוף& הנקל דיסלד,TR,טינס חלב וקפוצינו,גרמים,150.00,100 גרם,false,1,14.90,0.0993,true,1,18351
8690504153740,false,שוקולד מריר במילוי ק,שוורצקוף& הנקל דיסלד,TR,שוקולד מריר במילוי קרם בטעם גנאש שוקולד מריר,גרמים,86.00,100 גרם,false,1,15.90,0.1849,true,1,19168
8690637007705,false,שלגון מסטיגם 80 גרם,"מיוצר ע""י יוניליוור",TR,שלגון מסטיגם 80 גרם,גרמים,80.00,100 גרם,false,1,7.90,0.0988,true,1,20064
8690637073373,false,תה ארל גריי טעם ברגמ,,TR,"תה ליפטון תה שחור ארל גריי 2 גרם, 25 יחידות",גרמים,50.00,100 גרם,false,1,9.90,0.1980,true,1,6737
8690637505607,false,מרכך בדין אקסטרה פינ,יוניליוור סנאיי וי ט,TR,"מרכך בדין אקסטרה פינוק קלאסי960 מ""ל",מיליליטרים,960.00,"100 מ""ל",false,1,22.90,0.0239,true,1,75070
8690637555084,false,מרכך כביסה בדין אקסט,יוניליוור סנאיי וי ט,TR,בדין מרכך כביסה אקסטרה פריחת התפוז,מיליליטרים,960.00,"100 מ""ל",false,1,22.90,0.0239,true,1,7686
8690637835643,false,תה ירוק לואיזה ולימו,יוניליוור,TR,תה ליפטון תה ירוק לואיזה ולימונית 30 גרם,גרמים,30.00,100 גרם,false,1,21.50,0.7167,true,1,17618
8690637842382,false,מגנום וניל פירות יער,שטראוס גרופ גלידות,,מגנום וניל פירות יער,גרמים,85.00,100 גרם,false,1,12.90,0.1518,true,1,18143
8690637842399,false,מאגדת מיני מגנום 1/6,שטראוס גרופ גלידות,TR,מאגדת מיני מגנום 1/6 329 גרם דאבל פרי יע,גרמים,379.00,100 גרם,false,1,34.90,0.0921,true,1,18144
8690637858734,false,"אקונומיקה פנטסטיק ג""",יונילוור טורקיה,TR,"אקונומיקה פנטסטיק ג""ל 750 מ""ל",מיליליטרים,750.00,"100 מ""ל",false,1,14.90,0.0199,true,1,19479
8690637865596,false,דאב תחליב רחצה מזין,קוסטר אירוסול ולף סנ,TR,דאב תחליב רחצה לידיים מזין 500 מל,מיליליטרים,500.00,"100 מ""ל",false,1,18.90,0.0378,true,1,72369
8690637871245,true,הלמנס מיונז אמיתי לח,יוניליוור גידה סאנ.,TR,הלמנס מיונז אמיתי לחיץ 395 גר,גרמים,395.00,100 גרם,false,1,15.90,0.0403,true,1,69677
8690637946318,false,מרכך כביסה בדין בייב,יוניליוור סנאיי וי ט,TR,Badin מרכך כביסה 960 ML,מיליליטרים,960.00,"100 מ""ל",false,1,22.90,0.0239,true,1,72375
8690637989612,false,מגנום מיני דאבל דולצ,יוניליוור,TR,מגנום מיני דאבל דולצה גולד 246גרם,גרמים,246.00,100 גרם,false,1,34.90,0.1419,true,1,74326
8690637989629,false,מגנום דאבל דולצה גול,יוניליוור,TR,מגנום שלגון מגנום דאבל דולצ'ה גולד 63 גרם,גרמים,63.00,100 גרם,false,1,12.90,0.2048,true,1,74228
8690637997921,false,מגנום כוס אישי שמנת,יונילוור,IL,מגנום כוס אישי שמנת וניל 81 גרם,גרמים,81.00,100 גרם,false,1,9.90,0.1222,true,1,75185
8690766156367,false,טבלאת שוקולד גודאייב,"אולקר מקבוצת פלאדיס,",TR,טבלת שוקולד חלב מעולה,גרמים,90.00,100 גרם,false,1,15.90,0.1767,true,1,72108
8690766156374,false,טבלאת שוקולד מריר 72,"אולקר מקבוצת פלאדיס,",TR,טבלת שוקולד מריר מעולה 72% מוצקי קקאו,גרמים,90.00,100 גרם,false,1,15.90,0.1767,true,1,72111
8690766156381,false,טבלאת שוקולד גודאייב,"אולקר מקבוצת פלאדיס,",TR,טבלת שוקולד מריר מעולה 90% מוצקי קקאו,גרמים,90.00,100 גרם,false,1,15.90,0.1767,true,1,72109
8690766156398,false,שוקולד חלב מעולה בתו,"אולקר מקבוצת פלאדיס,",TR,שוקולד חלב מעולה בתוספת שברי שקדים קלויי,גרמים,90.00,100 גרם,false,1,15.90,0.1767,true,1,73697
8690766156411,false,טבלאת שוקולד גודאייב,"אולקר מקבוצת פלאדיס,",TR,טבלאת שוקולד גודאייבה מריר בטעם פלפל 90,גרמים,90.00,100 גרם,false,1,15.90,0.1767,true,1,72110
8690777206051,false,חציל קלוי על האש 650,קוראהן פזלרמה וי דיס,TR,סרה חציל קלוי על האש 650 גרם,גרמים,650.00,100 גרם,false,1,13.90,0.0214,true,1,6547
8691530924670,false,סירופ רימונים נטורסא,רמירז,,סירופ רימונים נטורסאן 345 גרם,גרמים,345.00,100 גרם,false,1,21.90,0.0635,true,1,9784
8697418280111,false,"עלי טורטייה 25 ס""מ 8",רמירז,,"עלי טורטייה 25 ס""מ 840 גרם",גרמים,840.00,100 גרם,false,1,27.90,0.0332,true,1,4768
8697418280128,false,"עלי טורטייה 20 ס""מ",רמירז,,"עלי טורטייה 20 ס""מ 540 גרם",גרמים,540.00,100 גרם,false,1,22.90,0.0424,true,1,4885
8697530910743,false,סיגריות פאל מל כחול,BAT,,סיגריות פאל מל כחול חפיסה בודד,יחידה,1.00,יחידה,false,1,30.50,30.5000,false,1,5930
8697530910781,false,סיגריות פאל מל אדום,BAT,,סיגריות פאל מל אדום חפיסה בודד,יחידה,1.00,יחידה,false,1,30.50,30.5000,false,1,5932
8697530911276,false,סיגריות קנט קצר חפיס,BAT,,סיגריות קנט קצר חפיסה בודד,יחידה,1.00,יחידה,false,1,37.80,37.8000,false,1,6196
8697826469092,false,עלי טורטייה 540 גרם,מוטלוקל,TR,עלי טורטייה 540 גרם,גרמים,540.00,100 גרם,false,1,11.90,0.0220,true,1,8259
8710447320662,false,דאב דאודורנט ספריי א,"פרמול איטליה, קומון",IT,DOVE דאו ספריי 50 ML,מיליליטרים,150.00,"100 מ""ל",false,1,19.90,0.1327,true,1,72368
8710502100864,false,מרבה פטיסרי עוגיות ד,מרבה,NL,מרבה פטיסרי עוגיות דאבל שוקולד 200 גרם,גרמים,200.00,100 גרם,false,1,12.90,0.0645,true,1,77151
8710502139017,false,עוגיות שוקולד ציפס ט,קרלו,NL,מרבה עוגיות טריפל שוקולד ציפס,גרמים,180.00,100 גרם,false,1,10.90,0.0606,true,1,8325
8710502194801,false,עוגיות שוקולד ציפס פ,קרלו,NL,מרבה עוגיות שוקולד צ'יפס במרקם רך עם פירות יער,גרמים,175.00,100 גרם,false,1,10.90,0.0623,true,1,15571
8710502231018,false,מיני עוגיות מרבה ש צ,"מרבה בע""מ",NL,מיני עוגיות מרבה ש ציפס 175 גרם,גרמים,175.00,100 גרם,false,1,10.90,0.0623,true,1,74211
8710502279010,false,מרבה עוגיות מצופות ש,"מרבה בע""מ",NL,מרבה עוגיות שוקולד ציפס מצופות שוקולד,גרמים,175.00,100 גרם,false,1,10.90,0.0623,true,1,73848
8710502405204,false,עוגיות שוקולד ציפס מ,קריניציה ויטמינה אס,NL,מרבה עוגיות ממולאות קרם שוקולד,גרמים,175.00,100 גרם,false,1,10.90,0.0623,true,1,9539
8710502470028,false,עוגיות שוקולד ציפס נ,קריניציה ויטמינה אס,NL,עוגיות שוקולד ציפס נוגטלי מרבה 160 גרם,גרמים,160.00,100 גרם,false,1,10.90,0.0681,true,1,8327
8710908404184,false,דאב דאודורנט ספריי א,"פרמול איטליה, קומון",IT,DOVE דאו ספריי 150 ML,מיליליטרים,150.00,"100 מ""ל",false,1,19.90,0.1327,true,1,72367
8711327475618,false,פיינט מגנום וניל קלא,יוניליוור,HU,מגנום גלידת שמנת בטעם וניל 440 מל,גרמים,260.00,100 גרם,false,1,27.90,0.1073,true,1,73865
8711327475663,false,פיינט מגנום וניל שוק,יוניליוור,HU,גלידת שמנת בטעם וניל עם שוקולד לבן,גרמים,260.00,100 גרם,false,1,27.90,0.1073,true,1,73864
8711327475717,false,פיינט מגנום וניל שקד,יוניליוור,HU,מגנום גלידת שמנת בטעם וניל עם שקדים 440 מל,גרמים,260.00,100 גרם,false,1,27.90,0.1073,true,1,73866
8711327475762,false,פיינט מגנום שוקולד ל,יוניליוור,HU,מגנום גלידת שמנת שוקולד לבן ועוגיות 440 מל,גרמים,260.00,100 גרם,false,1,27.90,0.1073,true,1,73867
8711351010113,false,גלידה רפאלו סורבה קו,יעקב בן יקר ובניו.,,"גלידה רפאלו סורבה קוקוס 500 מ""ל",מיליליטרים,500.00,"100 מ""ל",false,1,42.50,0.0850,true,1,2964
8711351010137,false,גלידה רפאלו סורבה מנ,יעקב בן יקר ובניו.,,"גלידה רפאלו סורבה מנגו 500 מ""ל",מיליליטרים,500.00,"100 מ""ל",false,1,42.50,0.0850,true,1,2966
8712000050146,false,בירה הייניקן בקבוק 3,טמפו,IL,"בירה הייניקן ללא אלכוהול בקבוק 330 מ""ל",מיליליטרים,330.00,"100 מ""ל",false,1,7.90,0.0239,true,1,67625
8712000051099,false,בירה הייניקן שישייה,פארייפאבה אגרואינדוס,NL,היינקן בירה לאגר ללא אלכוהול מארז שישייה,ליטרים,1.98,ליטר,false,1,39.90,20.1515,true,1,67624
8712561594240,false,תחליב רחצה דאב להזנה,"יוניליוור גרמניה, Gm",DE,דאב תחליב רחצה להזנה עמוקה 500 מל,מיליליטרים,500.00,"100 מ""ל",false,1,19.90,0.0398,true,1,13661
8712561611183,false,תחליב רחצה דאב מלפפו,"יוניליוור גרמניה, Gm",DE,דאב תחליב רחצה מלפפון ותה ירוק 500 מל,מיליליטרים,500.00,"100 מ""ל",false,1,19.90,0.0398,true,1,13660
8714443620030,false,מרק ירקות אורגני,תות תעשיות מזון (201,NL,מרק ירקות,גרמים,200.00,100 גרם,false,1,32.90,0.1645,true,1,52649
8714599512159,false,גייקובס מגורען 190 ג,"אל.אל.סי ""גייקובס דא",RU,גייקובס מגורען 190 גרם,גרמים,190.00,100 גרם,false,1,28.90,0.1521,true,1,76772
8714789218465,false,מברשת שיניים קולגייט,קולגייט פלמוליב,CN,זוג מברשות שיניים קולגייט 360 סופט,לא מנהל יחידת מידה,0.00,לא מנהל יחידת מידה,false,1,33.90,0.0000,true,1,4725
8714789582764,false,אגקס לניקוי חלונות ט,"ש. שסטוביץ בע""מ",GR,"אגקס לניקוי חלונות טריגר 750 מ""ל",מיליליטרים,750.00,"100 מ""ל",false,1,16.90,0.0225,true,1,9434
8714789740058,false,מברשת שיניים קולגייט,"ש. שסטוביץ בע""מ",CN,קולגייט מברשת טוויסטר זוג סופט,יחידה,1.00,יחידה,false,1,19.90,19.9000,true,1,10038
8715035520301,false,רוטב סויה ולימון פונ,קיקומן פודז יורופ בי,NL,קיקומן פונזו רוטב יפני על בסיס סויה ולימן,מיליליטרים,250.00,"100 מ""ל",false,1,23.90,0.0956,true,1,67431
8715300238306,false,חמאה הולנדית פריקו,מחלבת אחיהוד,IL,חמאה הולנדית פריקו 200גרם,גרמים,200.00,100 גרם,false,1,14.90,0.0745,true,1,77428
8715700115344,false,מתבל עגבניות היינץ 4,אייץ'. ג'יי. היינץ פ,ES,מתבל עגבניות היינץ 460 גרם,גרמים,460.00,100 גרם,false,1,8.90,0.0193,true,1,16471
8715700419695,true,רוטב ברביקיו מתוק,יוניליוור גרמניה Gm,NL,היינץ רוטב ברביקיו מתוק 500 גרם,גרמים,500.00,100 גרם,false,1,21.90,0.0438,true,1,69072
8715700419732,false,מתבל עגבניות היינץ 7,ה.י. היינץ,NL,היינץ מתבל עגבניות 700 גרם,גרמים,700.00,100 גרם,false,1,13.90,0.0199,true,1,11814
8715700422473,false,מיונז היינץ ללא חומר,ה.י.היינץ,NL,היינץ ממרח לחיץ ללא חומרים משמרים,גרמים,395.00,100 גרם,false,1,15.90,0.0403,true,1,76875
8715700423906,false,מתבל עגבניות 50% פחו,היינץ צפון אמריקה מק,NL,היינץ מתבל עגבניות 50/50 550 גרם,גרמים,555.00,100 גרם,false,1,11.90,0.0214,true,1,18498
8717038900562,false,וודקה פורטי בקבוק 75,מפעל משקאות,,"וודקה פורטי בקבוק 750 מ""ל",מיליליטרים,750.00,"100 מ""ל",false,1,99.90,0.1332,true,1,12887
8717163647240,false,דאודורנט ספריי AXE ש,ארנסט. רחוב קומבינצק,TR,אקס דאודורנט ספריי גוף שוקולד 150 מל,מיליליטרים,150.00,"100 מ""ל",false,1,13.90,0.0927,true,1,67873
8717163658314,true,תחליב רחצה דאב sensi,יוניליוור גרמניה Gmb,DE,תחליב רחצה דאב sensitive skin עם מים מיס,Unknown,0.00,Unknown,false,1,19.90,0.0000,true,1,67487
8717163842669,false,תחליב רחצה דאב חימר,יוניליוור,DE,DOVE ג'ל רחצה 500 ML,מיליליטרים,500.00,"100 מ""ל",false,1,19.90,0.0398,true,1,71812
8717163842676,false,תחליב רחצה דאב חימר,יוניליוור גרמניה Gmb,DE,DOVE ג'ל רחצה 500 ML,מיליליטרים,500.00,"100 מ""ל",false,1,19.90,0.0398,true,1,71650
8717644390566,false,סבון מוצק תמצית מלפפ,HIQ FOOD PRODUCTS,DE,סבון מוצק תמצית מלפפון דאב רביעייה,גרמים,400.00,100 גרם,false,1,21.90,0.0547,true,1,6536
8717677336616,false,שוקולד מריר עם שקדים,אלפרד ריטר,NL,שוקולד מריר עם שקדים ומלח טוניס,גרמים,180.00,100 גרם,false,1,19.90,0.1106,true,1,76108
8717677336630,false,שוקולד חלב עם שקדים,אלפרד ריטר,NL,שוקולד חלב עם שקדים ודבש טוניס,גרמים,180.00,100 גרם,false,1,19.90,0.1106,true,1,76106
8717677336654,false,שוקולד חלב מעולה עם,,NL,שוקולד חלב מעולה עם שברי קרמל מלוח 180 ג,גרמים,180.00,100 גרם,false,1,19.90,0.1106,true,1,77302
8717677336661,false,שוקולד מריר 70% 180,אלפרד ריטר,NL,טוניס' שוקולונלי - שוקולד מריר מעולה 70%,גרמים,180.00,100 גרם,false,1,19.90,0.1106,true,1,76107
8717677338436,false,שוקולד חלב עם אגוזי,אלפרד ריטר,NL,שוקולד חלב עם אגוזי לוז קצוצים טוניס,גרמים,180.00,100 גרם,false,1,19.90,0.1106,true,1,76105
8718114724485,false,מיונז הלמנס לחיץ 750,יוניליוור,GB,מיונז הלמנס לחיץ 750 גרם,גרמים,750.00,100 גרם,false,1,24.90,0.0332,true,1,77678
8718951236790,false,משחת שיניים קולגייט,Colgate (Euro)-Palmo,PL,"משחת שיניים קולגייט טוטל משפחתי 100 מ""ל",מיליליטרים,100.00,"100 מ""ל",false,1,18.90,0.1890,true,1,67138
8718951264618,false,קולגייט אופטיק וייט,קולגייט-פלמוליב,PL,"קולגייט אופטיק וייט פחם פעיל 75 מ""ל",מיליליטרים,75.00,"100 מ""ל",false,1,29.90,0.3987,true,1,72293
8718951313927,false,פלמוליב סבון ידיים ח,CP UK,TR,"פלמוליב סבון ידיים חימר טונוס 300 מ""ל",מיליליטרים,300.00,"100 מ""ל",false,1,11.90,0.0397,true,1,73301
8718951333048,false,פלמוליב סבון ידיים ל,"ש. שסטוביץ בע""מ",IT,פלמוליב סבון ידיים למנרטל ריחות למטבח 300 מל,מיליליטרים,300.00,"100 מ""ל",false,1,11.90,0.0397,true,1,74299
8718951385290,false,אגקס נוזל לניקוי רצפ,קולגייט פלמוליב,GR,נוזל לניקוי כללי ורצפות אג'קס 2 ליטר,ליטרים,2.00,ליטר,false,1,22.90,11.4500,true,1,73988
8720181114489,false,ספריי אקס שחור 150 מ,יוניליוור,GB,"ספריי אקס שחור 150 מ""ל",מיליליטרים,150.00,"100 מ""ל",false,1,13.90,0.0927,true,1,76929
8720181114496,false,ספרי גוף אקס שוקולד,יוניליוור,GB,"ספרי גוף אקס שוקולד 150 מ""ל",מיליליטרים,150.00,"100 מ""ל",false,1,13.90,0.0927,true,1,76930
8720182990396,false,תה ליפטון שחור קלאסי,ליפטון,GB,"תה ליפטון שחור קלאסיק, 180 גרם",גרמים,180.00,100 גרם,false,1,14.90,0.0828,true,1,77512
8801055707010,false,נס קפה קפוצינו קלאסי,לוטה נסטלה קוריאה,,נסקפה קפוצ'ינו קלאסיק 12 10*12.5גרם,גרמים,125.00,100 גרם,false,1,20.00,0.1600,true,1,10177
8801055707966,false,נסקפה טייסטר צויס בר,לוטה נסטלה קוריאה,,נסקפה טייסטרס צ'ויס בריסטה 12*180גרם,גרמים,180.00,100 גרם,false,1,35.90,0.1994,true,1,15450
8801055708772,false,נסקפה טייסטרס צויס מ,לוטה נסטלה קוריאה,IL,טייסטרס צויס מארז 8*200ג'+50ג',גרמים,250.00,100 גרם,false,1,34.90,0.1396,true,1,71716
8801055709465,false,אבקה להכנת משקה קפה,לוטה נסטלה קוריאה,DE,אבקה להכנת משקה קפה בטעם וניל 18.5 גרם,גרמים,19.00,100 גרם,false,1,21.90,1.1526,true,1,76660
8801055709472,false,אבקה להכנת משקה קפה,לוטה נסטלה קוריאה,DE,אבקה להכנת משקה קפה בטעם קפוצינו 125 גר,גרמים,125.00,100 גרם,false,1,21.90,0.1752,true,1,76661
8802241132821,false,חטיף אצות 3 יח,"מאן גו'ן פוד בע""מ",,חטיף אצות 3 יח,גרמים,14.00,100 גרם,false,1,12.90,0.9214,true,1,18033
8850161160851,false,מי קוקוס קוקו מקס 35,פארייפאבה אגרואינדוס,TH,"קוקו מקס 100% מי קוקוס 350 מ""ל",מיליליטרים,350.00,"100 מ""ל",false,1,9.50,0.0271,true,1,68188
8850161167041,false,חלב קוקוס קוקו וואי,פארייפאבה אגרואינדוס,TH,"קוקו וואי משקה קוקוס 270 מ""ל",מיליליטרים,270.00,"100 מ""ל",false,1,9.50,0.0352,true,1,68189
8850206250592,false,רוטב צילי סריראצה 54,Yantai Yinsida Longk,TH,רוטב צילי סריראצה 540 גרם,גרמים,540.00,100 גרם,false,1,19.90,0.0369,true,1,76939
8850367994021,false,רוטב צילי מתוק ללא ס,Flavor full foods in,TW,"רוטב צילי מתוק ללא סוכר 280 מ""ל (כ)(ללא גלוטן)",מיליליטרים,280.00,"100 מ""ל",false,1,11.90,0.0425,true,1,76292
8850389103111,false,משקה סאפה אלוורה ענב,פארייפאבה אגרואינדוס,TH,"סאפה אלוורה ענבים בקבוק 300 מ""ל",מיליליטרים,300.00,"100 מ""ל",false,1,7.90,0.0263,true,1,5610
8850389103128,false,משקה סאפה אלוורה תפו,פארייפאבה אגרואינדוס,TH,"סאפה תפוח בקבוק 300 מ""ל 24 יח",מיליליטרים,300.00,"100 מ""ל",false,1,7.90,0.0263,true,1,5611
8850389103159,false,משקה ליצי עם חתיכות,סאפה פובליק קומפני ל,TH,"משקה ליצי עם חתיכות גלי קוקוס 320 מ""ל",מיליליטרים,320.00,"100 מ""ל",false,1,7.90,0.0247,true,1,76204
8850389104637,false,משקה סאפה אלוורה אפר,פארייפאבה אגרואינדוס,TH,"סאפה אלוורה אפרסק בקבוק 300 מ""ל",מיליליטרים,300.00,"100 מ""ל",false,1,7.90,0.0263,true,1,7471
8850389105825,false,משקה סאפה אלוורה ענב,פארייפאבה אגרואינדוס,TH,סאפה משקה אלוורה בטעם ענבים,ליטרים,1.00,ליטר,false,1,15.90,15.9000,true,1,8309
8850389105832,false,משקה סאפה אלוורה תפו,פארייפאבה אגרואינדוס,TH,סאפה תפוח אלוורה בקבוק ליטר,ליטרים,1.00,ליטר,false,1,15.90,15.9000,true,1,8527
8850389105849,false,משקה סאפה אלוורה אפר,פארייפאבה אגרואינדוס,TH,סאפה אפרסק אלוורה בקבוק ליטר,ליטרים,1.00,ליטר,false,1,15.90,15.9000,true,1,8310
8850389111352,false,מוגו מוגו ליצי 320 מ,סאפה פובליק קומפני ל,TH,"מוגו מוגו ליצי 320 מ""ל",מיליליטרים,320.00,"100 מ""ל",false,1,7.90,0.0247,true,1,76205
8850632604259,false,ממתק תות שדה בצורת מ,ג'נרל קנדי בעמ,TH,ממתק תות שדה בצורת מקלות יוגטה 50 גרם,גרמים,50.00,100 גרם,false,1,5.90,0.1180,true,1,7979
8850632604266,false,ממתק קולה בצורת מקלו,ג'נרל קנדי בעמ,TH,"יוגטה, ממתק חמוץ בצורת מקלות בטעם קולה, 50 גרם",גרמים,50.00,100 גרם,false,1,5.90,0.1180,true,1,7980
8850632604372,false,ממתק תות שדה בצורת ש,ג'נרל קנדי בעמ,TH,ממתק תות שדה בצורת שטיח יוגטה 50 גרם,גרמים,50.00,100 גרם,false,1,5.90,0.1180,true,1,7981
8850632604402,false,ממתק תות ענבים בצורת,"ג'נרל קנדי בע""מ",TH,ממתק תות ענבים בצורת שטיח יוגטה 50 גרם,גרמים,50.00,100 גרם,false,1,5.90,0.1180,true,1,7982
8852633020403,false,פניני טפיוקה 500 ג,Super J Internationa,TH,פניני טפיוקה 500 ג,גרמים,500.00,100 גרם,false,1,12.90,0.0258,true,1,76287
8858271002870,false,רוטב פאד תאי,"ייאן וואל יון בע""מ",TH,מזרח ומערב רוטב פאד תאי 250 מל,מיליליטרים,250.00,"100 מ""ל",false,1,13.90,0.0556,true,1,76270
8858271002887,false,רוטב טריאקי,Yan Wal Yun Corpora,TH,מזרח ומערב רוטב טריאקי 250 מל,מיליליטרים,250.00,"100 מ""ל",false,1,12.90,0.0516,true,1,76274
8858271003921,false,רוטב קארי אדום,יאן וואל יאן,,רוטב קארי אדום 250 מל,מיליליטרים,250.00,"100 מ""ל",false,1,13.90,0.0556,true,1,76289
8858271003938,false,רוטב קארי ירוק,"ייאן וואל יון בע""מ",TH,מזרח ומערב רוטב קארי ירוק 250 מל,מיליליטרים,250.00,"100 מ""ל",false,1,13.90,0.0556,true,1,76288
8858271004300,false,רוטב טריאקי 700 מל מ,Fujian fuzhou tian s,CN,רוטב טריאקי 700 מל מקסצאפ,מיליליטרים,700.00,"100 מ""ל",false,1,21.90,0.0313,true,1,76284
8858271004799,false,רוטב צילי מתוק700 מל,Yan Wal Yun Corpora,TH,מזרח ומערב רוטב צ'ילי מתוק 700 מל,מיליליטרים,700.00,"100 מ""ל",false,1,13.90,0.0199,true,1,76271
8858271005451,false,רוטב סויה פורמולה 1,Yan Wal Yun Corpora,TH,"רוטב סויה פורמולה 1 - 250 מ""ל מקסצאפ",מיליליטרים,250.00,"100 מ""ל",false,1,12.90,0.0516,true,1,76467
8888021200256,false,"סוללות אנרג""יזר AA",,SG,סוללת אנרג'ייזר AA,Unknown,0.00,Unknown,false,1,28.90,0.0000,true,1,4136
8888021200720,false,סוללות AAA שמיניה,,SG,סוללת אנרג'ייזר AAA,Unknown,0.00,Unknown,false,1,28.90,0.0000,true,1,3120
8901537024014,false,אורז בסמטי מובחר דוו,אל.טי.פודס בעמ,IN,אורז בסמטי 1 DAAWAT קג,קילוגרמים,1.00,"ק""ג",false,1,14.90,14.9000,true,1,7605
8934878081811,false,דפי אורז 22 סמ 400 ג,Chanh Khang Company,CN,מזרח ומערב דפים על בסיס קמח טפיוקה ואורז 400 גרם,גרמים,400.00,100 גרם,false,1,14.90,0.0373,true,1,76272
9002975393836,false,הריבו האפי קולה 70 ג,"האריבו , ג'י.אם.בי.א",AT,סוכריות גומי בטעם קולה 70 גרם,גרמים,70.00,100 גרם,false,1,8.90,0.1271,true,1,74425
9002975393843,false,הריבו גולדברס 70 גרם,"האריבו , ג'י.אם.בי.א",AT,סוכריות גומי בטעמי פירות דובונים 70 גרם,גרמים,70.00,100 גרם,false,1,8.90,0.1271,true,1,74426
9002975393850,false,הריבו וורמס 70 גרם,"האריבו , ג'י.אם.בי.א",AT,סוכריות גומי בטעמי פירות נחשים 70 גרם,גרמים,70.00,100 גרם,false,1,8.90,0.1271,true,1,74427
9044400841000,false,סוכריות פז בליסטר,פז,HU,סוכריות פז בובה,גרמים,26.00,100 גרם,false,1,13.90,0.5346,true,1,2720
9044400851672,false,סוכריות פז בובה,פז,HU,סוכריות פז בובה,גרמים,26.00,100 גרם,false,1,13.90,0.5346,true,1,76634
9120025834723,false,חטיפי אוראו מצונן 12,בובארד איטליה אס.פי.,IT,חטיפי אוראו מצונן 120גרם מאגדת,גרמים,120.00,100 גרם,false,1,15.90,0.1325,true,1,77290
9120025839896,false,חטיפי מילקה מצונן 12,בובארד איטליה אס.פי.,IT,חטיפי מילקה מצונן 128גרם מאגדת,גרמים,128.00,100 גרם,false,1,15.90,0.1242,true,1,77291
9310072028743,false,טים טם מצופה שוקולד,"ארנוטס ביסקוויטס בע""",AU,טים טם אורגינל 200 גר,גרמים,200.00,100 גרם,false,1,21.90,0.1095,true,1,15033
9310072028750,false,טים טם מצופה שוקולד,"ארנוטס ביסקוויטס בע""",AU,טים טם דאבל 200 גר,גרמים,200.00,100 גרם,false,1,21.90,0.1095,true,1,14837
9322969000015,false,פריכיות תירס טעם טבע,אף.סי תבליני בגליל ב,AU,רילפוד- פריכיות תירס בטעם טבעי 150 גר',גרמים,150.00,100 גרם,false,1,14.90,0.0993,true,1,3341
9322969000022,false,פריכיות תירס עם סויה,אף.סי תבליני בגליל ב,AU,פריכיות תירס עם סויה וזרעי פשת 150 גרם,גרמים,150.00,100 גרם,false,1,14.90,0.0993,true,1,8280
9322969000039,true,פריכיות תירס עם 4 דג,אף.סי תבליני בגליל ב,AU,פריכיות תירס עם 4 דגנים מלאים,גרמים,150.00,100 גרם,false,1,14.90,0.0993,true,1,19389
9322969000046,false,פריכיות תירס אורגניו,אף.סי תבליני בגליל ב,AU,ריל פוד פריכיות תירס עם שומשום 150 גרם,גרמים,150.00,100 גרם,false,1,14.90,0.0993,true,1,8281
