code,internal_code,name,manufacturer_name,manufacture_country,manufacturer_item_description,unit_qty,quantity,unit_of_measure,weighted,qty_in_package,price,unit_of_measure_price,allow_discount,status,item_id
40111216,false,באונטי חטיף בודד 57,מרס,NL,מרס,גרמים,57.00,100 גרם,false,,3.90,0.0684,true,1,3427
40173351,false,בירה מייסלס 0.5 ליטר,שטיגל,AT,שטיגל,מיליליטרים,500.00,"100 מ""ל",false,,10.90,0.0218,true,1,70152
40267272,false,דבק UHU סטיק 8 גרם,,,דבק UHU סטיק 8 גרם,יחידה,0.00,יחידה,false,,5.00,0.0000,true,1,80010
42299363,false,ניוואה דאו רול און פ,ביירסדורף,DE,ניוואה,מיליליטרים,200.00,"100 מ""ל",false,,19.90,0.0995,true,1,31443
50398904,false,קרם חמצן 6% בקבוק 60,גדעון קוסמטיקס,IL,אינדולה,מיליליטרים,60.00,"100 מ""ל",false,,4.90,0.0817,true,1,5037
54051140,false,אלפרו מעדן סויה בטעם,ALPRO,BE,אלפרו,מיליליטרים,500.00,"100 מ""ל",false,,16.90,0.0338,true,1,18006
59082637,false,דאו רקסונה רול און,יוניליוור  פיליפינים,PH,REXONA,מיליליטרים,50.00,"100 מ""ל",false,,11.90,0.2380,true,1,59513
59092513,false,דאו רקסונה רול און א,יוניליוור HPC,PH,REXONA,מיליליטרים,50.00,"100 מ""ל",false,,11.90,0.2380,true,1,84438
72940754,false,מילקי בטעם וניל,שטראוס גרופ,IL,שטראוס,גרמים,134.00,100 גרם,false,,2.80,0.0209,true,1,14960
72940761,false,מילקי בטעם שוקולד,שטראוס גרופ,IL,שטראוס,גרמים,134.00,100 גרם,false,,2.80,0.0209,true,1,14961
72940952,false,מילקי אקסטרה קצפת,שטראוס גרופ,IL,שטראוס,גרמים,111.00,100 גרם,false,,3.50,0.0315,true,1,14962
72940976,false,כרוב אדום 250,שטראוס גרופ,IL,שטראוס,גרמים,250.00,100 גרם,false,,7.50,0.0300,true,1,14963
72940983,false,חומוס אחלה 250,שטראוס גרופ,IL,שטראוס,גרמים,250.00,100 גרם,false,,6.90,0.0276,true,1,14964
72941041,false,מיני מילקי בטעם שוקו,שטראוס גרופ,IL,שטראוס,גרמים,71.00,100 גרם,false,,2.00,0.0282,true,1,14965
72945308,false,שמרים טריים בקוביה 2,"פאקא תעשיות בע""מ",IL,תוצרת מסחרית,גרמים,50.00,100 גרם,false,,3.40,0.0680,true,1,14966
72961209,false,שמנית 15% 200מל בדצ,תנובה,IL,תנובה,מיליליטרים,200.00,"100 מ""ל",false,,2.40,0.0120,true,1,17224
72961223,false,גיל 3% 200מל בדצ,תנובה,IL,תנובה,מיליליטרים,200.00,"100 מ""ל",false,,1.51,0.0076,true,1,17226
72961506,false,פרילי תות גביע 125 ג,תנובה,IL,פרילי,גרמים,125.00,100 גרם,false,,3.30,0.0264,true,1,17227
72961520,false,פרילי אננס גביע 125,תנובה,IL,פרילי,גרמים,125.00,100 גרם,false,,3.30,0.0264,true,1,17229
72961544,false,באדי יוגרט תות גביע,תנובה,IL,באדי,גרמים,125.00,100 גרם,false,,2.90,0.0232,true,1,17230
72986233,false,באדי מעדן וניל גביע,תנובה,IL,באדי,גרמים,125.00,100 גרם,false,,2.90,0.0232,true,1,17237
72986240,false,באדי מעדן שוקו גביע,תנובה,IL,באדי,גרמים,125.00,100 גרם,false,,2.90,0.0232,true,1,17238
72986370,false,*מבצע* פיינט גלידה ב,מוצרי איכות אמריקאיי,IL,בן & ג'ריס,מיליליטרים,500.00,"100 מ""ל",false,,18.90,0.0378,true,1,18897
72986424,false,*מבצע* פיינט גלידה ב,מוצרי איכות אמריקאיי,IL,בן & ג'ריס,מיליליטרים,500.00,"100 מ""ל",false,,18.90,0.0378,true,1,18898
72986448,false,*מבצע* פיינט גלידה ב,מוצרי איכות אמריקאיי,IL,בן & ג'ריס,מיליליטרים,500.00,"100 מ""ל",false,,18.90,0.0378,true,1,18899
72986455,false,*מבצע* פיינט גלידה ב,מוצרי איכות אמריקאיי,IL,בן & ג'ריס,מיליליטרים,500.00,"100 מ""ל",false,,18.90,0.0378,true,1,18900
72986479,false,*מבצע* פיינט צאנקי מ,מוצרי איכות אמריקאיי,IL,בן & ג'ריס,גרמים,500.00,100 גרם,false,,18.90,0.0378,true,1,18901
72989425,false,*מבצע* פיינט גלידה ב,מוצרי איכות אמריקאיי,IL,בן & ג'ריס,מיליליטרים,500.00,"100 מ""ל",false,,18.90,0.0378,true,1,18902
72991886,false,*מבצע* פיינט דולצ`ה,מוצרי איכות אמריקאיי,IL,בן & ג'ריס,גרמים,500.00,100 גרם,false,,18.90,0.0378,true,1,18903
72993637,false,דני שוקולד,שטראוס גרופ,IL,שטראוס,גרמים,125.00,100 גרם,false,,2.60,0.0208,true,1,14971
80050124,false,טיק טק מנטה,פררו,ZA,פררו,גרמים,16.00,100 גרם,false,,2.90,0.1812,true,1,11708
80050278,false,פררו רושה שלישיה,פררו,IT,פררו,גרמים,37.50,100 גרם,false,,4.90,0.1307,true,1,11709
80052760,false,קינדר בואנו שוקולד,פררו,PL,פררו,גרמים,43.00,100 גרם,false,,3.70,0.0860,true,1,11713
80136194,false,קינדר הפי-היפו חמישי,פררו,IT,פררו,גרמים,103.00,100 גרם,false,,11.90,0.1155,true,1,35398
80176800,false,ממרח נוטלה 750 גרם,פררו,IT,פררו,גרמים,750.00,100 גרם,false,,24.90,0.0332,true,1,11715
80177173,false,ממרח נוטלה 350 גרם,פררו,IT,פררו,גרמים,350.00,100 גרם,false,,13.90,0.0397,true,1,11716
80177609,false,קינדר 50 גרם,פררו,IT,פררו,גרמים,50.00,100 גרם,false,,3.70,0.0740,true,1,11719
80177616,false,קינדר 100,פררו,IT,פררו,גרמים,100.00,100 גרם,false,,6.90,0.0690,true,1,43461
80761761,false,קינדר בואנו לבן,פררו,PL,פררו,גרמים,39.00,100 גרם,false,,3.70,0.0949,true,1,11722
80773429,false,מנטוס פיור פרש תות ב,פרפטי ואן מלה,TR,מנטוס,גרמים,60.00,100 גרם,false,,9.90,0.1650,true,1,36418
80773443,false,מנטוס פיור פרש מנטה,פרפטי ואן מלה,TR,מנטוס,גרמים,60.00,100 גרם,false,,9.90,0.1650,true,1,32666
80776307,false,מנטוס פיור פרש פירות,פרפטי ואן מלה,TR,מנטוס,גרמים,90.00,100 גרם,false,,16.90,0.1878,true,1,32667
80790990,false,מנטוס פיור פרש פירות,פרפטי ואן מלה,TR,מנטוס,גרמים,60.00,100 גרם,false,,9.90,0.1650,true,1,32669
80794233,false,מנטוס פיור פרש מנטה,פרפטי ואן מלה,TR,מנטוס,גרמים,90.00,100 גרם,false,,16.90,0.1878,true,1,32670
80831402,false,סוכריות מנטוס מרעננו,פרפטי ואן מלה,TR,מנטוס,גרמים,21.00,100 גרם,false,,6.90,0.3286,true,1,63366
80832560,false,סוכריות מנטוס מרעננו,פרפטי ואן מלה,TR,מנטוס,גרמים,21.00,100 גרם,false,,6.90,0.3286,true,1,83628
80843184,false,מנטוס פיור פרש טעם ע,פרפטי ואן מלה,TR,מנטוס,גרמים,60.00,100 גרם,false,,9.90,0.1650,true,1,68470
80854753,false,סוכריות מנטוס מנטה ל,פרפטי ואן מלה,TR,מנטוס,גרמים,21.00,100 גרם,false,,6.90,0.3286,true,1,63367
80862130,false,מסטיק פיור פרש בטעם,פרפטי ואן מלה,NL,מסטיק פיור פרש בטעם,גרמים,28.00,100 גרם,false,,4.50,0.1607,true,1,66239
80862260,false,מסטיק פיור וויט XXL,פרפטי ואן מלה,TR,מסטיק פיור וויט XXL,גרמים,150.00,100 גרם,false,,16.90,0.1127,true,1,80475
80864295,false,מנטוס וויט מנטה עדינ,פרפטי ואן מלה,TR,מנטוס,גרמים,60.00,100 גרם,false,,9.90,0.1650,true,1,68581
80896081,false,מנטוס פיור פרש אבטיח,פרפטי ואן מלה,TR,מנטוס,גרמים,60.00,100 גרם,false,,9.90,0.1650,true,1,36419
80913467,false,מנטוס פיור פרש מנטה,פרפטי ואן מלה,TR,מנטוס,גרמים,60.00,100 גרם,false,,9.90,0.1650,true,1,32671
80945468,false,מנטוס וויט מנטה מתוק,פרפטי ואן מלה,TR,מנטוס,גרמים,60.00,100 גרם,false,,9.90,0.1650,true,1,68582
80957706,false,מסטיק פיור וויט XXL,פרפטי ואן מלה,TR,מסטיק פיור וויט XXL,גרמים,150.00,100 גרם,false,,16.90,0.1127,true,1,80477
80974215,false,מנטוס פיור פרש תות ב,פרפטי ואן מלה,TR,מנטוס,גרמים,90.00,100 גרם,false,,16.90,0.1878,true,1,54580
80979128,false,מנטוס פיור פרש טעם ד,פרפטי ואן מלה,TR,מנטוס,גרמים,60.00,100 גרם,false,,9.90,0.1650,true,1,68471
80982470,false,מנטוס פיור פרוסט בטע,פרפטי ואן מלה,TR,מנטוס,גרמים,60.00,100 גרם,false,,9.90,0.1650,true,1,67412
80986348,false,מנטוס וויט טעם מנטה,פרפטי ואן מלה,TR,מנטוס,גרמים,60.00,100 גרם,false,,9.90,0.1650,true,1,68583
80995128,false,מנטוס מסטיק בטעם הדר,פרפטי ואן מלה,TR,מנטוס,גרמים,60.00,100 גרם,false,,9.90,0.1650,true,1,86011
87108538,false,מנטוס תות,פרפטי ואן מלה,NL,מנטוס,גרמים,37.50,100 גרם,false,,2.90,0.0773,true,1,11746
87108651,false,מנטוס רביעייה,פרפטי ואן מלה,NL,מנטוס,גרמים,160.00,100 גרם,false,,10.90,0.0681,true,1,11747
87108712,false,מנטוס רביעייה,פרפטי ואן מלה,NL,מנטוס,גרמים,160.00,100 גרם,false,,10.90,0.0681,true,1,11748
87311396,false,מנטוס פירות ריינבואו,פרפטי ואן מלה,NL,מנטוס,גרמים,38.00,100 גרם,false,,2.90,0.0763,true,1,11753
88888000,true,Temp SuperDept,,,Temp SuperDept,,0.00,,false,,0.00,0.0000,true,1,60505
88888001,true,מכולת,,,מכולת,,0.00,,false,,0.00,0.0000,true,1,60506
88888002,true,פירות וירקות,,,פירות וירקות,,0.00,,false,,0.00,0.0000,true,1,60507
88888003,true,קצביה,,,קצביה,,0.00,,false,,0.00,0.0000,true,1,60508
88888004,true,קפואים,,,קפואים,,0.00,,false,,0.00,0.0000,true,1,60509
88888005,true,מעדניה,,,מעדניה,,0.00,,false,,0.00,0.0000,true,1,60510
88888006,true,משקאות,,,משקאות,,0.00,,false,,0.00,0.0000,true,1,60511
88888007,true,תינוקות,,,תינוקות,,0.00,,false,,0.00,0.0000,true,1,60512
88888008,true,חומרי ניקוי,,,חומרי ניקוי,,0.00,,false,,0.00,0.0000,true,1,60513
88888009,true,טיפוח והגינה,,,טיפוח והגינה,,0.00,,false,,0.00,0.0000,true,1,60514
88888011,true,קופונים/מבצעים,,,קופונים/מבצעים,,0.00,,false,,0.00,0.0000,true,1,60515
88888013,true,מאפית,,,מאפית,,0.00,,false,,0.00,0.0000,true,1,60516
88888014,true,דין שיווק זכיינות,,,דין שיווק זכיינות,,0.00,,false,,0.00,0.0000,true,1,60517
88888015,true,"ווק זכיינות ללא מע""מ",,,"ווק זכיינות ללא מע""מ",,0.00,,false,,0.00,0.0000,true,1,60518
88888016,true,תרומות,,,תרומות,,0.00,,false,,0.00,0.0000,true,1,60519
88888017,true,י מחפוד ארוז זכיינות,,,י מחפוד ארוז זכיינות,,0.00,,false,,0.00,0.0000,true,1,61186
88888018,true,קפואים מחפוד זכיינות,,,קפואים מחפוד זכיינות,,0.00,,false,,0.00,0.0000,true,1,61184
88888020,true,מחלקת חלב,,,מחלקת חלב,,0.00,,false,,0.00,0.0000,true,1,64559
88888021,true,אוכל מוכן,,,אוכל מוכן,,0.00,,false,,0.00,0.0000,true,1,60520
88888022,true,אוכל מוכן - חדש,,,אוכל מוכן - חדש,,0.00,,false,,0.00,0.0000,true,1,60521
88888023,true,שימוש פנימי,,,שימוש פנימי,,0.00,,false,,0.00,0.0000,true,1,60522
88888024,true,אריזות כללי,,,אריזות כללי,,0.00,,false,,0.00,0.0000,true,1,60523
88888025,true,ביגוד,,,ביגוד,,0.00,,false,,0.00,0.0000,true,1,60524
88888026,true,אחזקה,,,אחזקה,,0.00,,false,,0.00,0.0000,true,1,60525
88888027,true,כלים מתכלים,,,כלים מתכלים,,0.00,,false,,0.00,0.0000,true,1,60526
88888028,true,צרכי משרד,,,צרכי משרד,,0.00,,false,,0.00,0.0000,true,1,60527
88888029,true,אחזקת קופות ומחשבים,,,אחזקת קופות ומחשבים,,0.00,,false,,0.00,0.0000,true,1,60528
88888030,true,אריזות שקיות גופיה,,,אריזות שקיות גופיה,,0.00,,false,,0.00,0.0000,true,1,60529
88888031,true,"פירות וירקות עם מע""מ",,,"פירות וירקות עם מע""מ",,0.00,,false,,0.00,0.0000,true,1,60530
88888032,true,פיצוחיה יוחננוף,,,פיצוחיה יוחננוף,,0.00,,false,,0.00,0.0000,true,1,67786
88888040,true,צביה זכיינות - גורמה,,,צביה זכיינות - גורמה,,0.00,,false,,0.00,0.0000,true,1,60531
88888041,true,קפואים זכיינות גורמה,,,קפואים זכיינות גורמה,,0.00,,false,,0.00,0.0000,true,1,60532
88888042,true,עופות זכיינות גורמה,,,עופות זכיינות גורמה,,0.00,,false,,0.00,0.0000,true,1,60533
88888043,true,דגים טריים גורמה,,,דגים טריים גורמה,,0.00,,false,,0.00,0.0000,true,1,60534
88888044,true,דגת הארץ קונסיגנציה,,,דגת הארץ קונסיגנציה,,0.00,,false,,0.00,0.0000,true,1,60535
88888050,true,לחמים ומאפים,,,לחמים ומאפים,,0.00,,false,,0.00,0.0000,true,1,64601
88888052,true,סלטים ונקניקים,,,סלטים ונקניקים,,0.00,,false,,0.00,0.0000,true,1,64634
88888053,true,ללא גלוטן וללא סוכר,,,ללא גלוטן וללא סוכר,,0.00,,false,,0.00,0.0000,true,1,64635
88888054,true,בעלי חיים,,,בעלי חיים,,0.00,,false,,0.00,0.0000,true,1,64636
88888055,true,זול סטוק,,,זול סטוק,,0.00,,false,,0.00,0.0000,true,1,72759
88888090,true,עגלות לקוחות ומחסן,,,עגלות לקוחות ומחסן,,0.00,,false,,0.00,0.0000,true,1,60536
88888099,true,שווה פלוס,,,שווה פלוס,,0.00,,false,,0.00,0.0000,true,1,60537
88888100,true,א. יעקב,,,א. יעקב,,0.00,,false,,0.00,0.0000,true,1,70371
88888101,true,עמלת משיכת מזומן,,,עמלת משיכת מזומן,,0.00,,false,,0.00,0.0000,true,1,60538
88888991,true,שחר ריטייל  סיגריות,,,שחר ריטייל  סיגריות,,0.00,,false,,0.00,0.0000,true,1,60539
88888992,true,יתן ספקים לבתי מרקחת,,,יתן ספקים לבתי מרקחת,,0.00,,false,,0.00,0.0000,true,1,60540
88888993,true,סלטים טיב השדה,,,סלטים טיב השדה,,0.00,,false,,0.00,0.0000,true,1,55092
90087011,false,*מבצע* מיץ תפוחים 1,ראוך,HU,מיץ תפוחים 1 ל,ליטרים,1.00,ליטר,false,,9.90,9.9000,true,1,17426
90087066,false,*מבצע* מיץ תפוזים 10,ראוך,HU,מיץ תפוזים 1 ל,ליטרים,1.00,ליטר,false,,9.90,9.9000,true,1,35581
90087769,false,*מבצע* מיץ אננס 100%,ראוך,HU,*מבצע* מיץ אננס 100%,ליטרים,1.00,ליטר,false,,9.90,9.9000,true,1,17427
90087974,false,"חומץ תפוחים 750 מ""ל",ראוך,AT,ראוך,מיליליטרים,750.00,"100 מ""ל",false,,11.90,0.0159,true,1,29880
90162602,false,רד בול משקה אנרגיה 2,רד בול,AT,משקה רד בול,מיליליטרים,250.00,"100 מ""ל",false,,5.90,0.0236,true,1,42117
90446269,false,"רד בול אבטיח 250 מ""ל",רד בול,AT,רד בול,מיליליטרים,250.00,"100 מ""ל",false,,5.90,0.0236,true,1,82609
8112100298,false,שמן שומשום טהור,flavor full foods,TW,flavor,מיליליטרים,185.00,"100 מ""ל",false,,14.90,0.0805,true,1,30403
9800800056,false,נוטלה אנד גו,פררו,DE,נוטלה,גרמים,52.00,100 גרם,false,,4.90,0.0942,true,1,25034
10900678148,false,רדיד אלומיניום דיאמו,דיימונד,CN,רדיד אלומיניום דיאמו,מטרים,5.00,מטר,false,,14.90,2.9800,true,1,69544
11210000094,false,"טבסקו רגיל 60 מ""ל",מקאילהייני קו,US,טבסקו,מיליליטרים,60.00,"100 מ""ל",false,,10.90,0.1817,true,1,14293
11210007253,false,"טבסקו שום 60 מ""ל",חב' מקאילהייני,US,טבסקו,מיליליטרים,60.00,"100 מ""ל",false,,10.90,0.1817,true,1,14294
11210009387,false,טבסקו פלפל ירוק 60 מ,חב' מקאילהייני,US,טבסקו,מיליליטרים,60.00,"100 מ""ל",false,,10.90,0.1817,true,1,14295
11210607040,false,"טבסקו מעושן ""ציפוטלי",חב' מקאילהייני,US,טבסקו,מיליליטרים,60.00,"100 מ""ל",false,,10.90,0.1817,true,1,14296
11210698055,false,טבסקו סורירצ'ה חריף,מקאילהייני קו,US,טבסקו סורירצ'ה חריף,גרמים,566.00,100 גרם,false,,24.90,0.0440,true,1,60252
16000185517,false,פייבר וואן 555 גרם,נסטלה,PT,FIBER ONE,גרמים,555.00,100 גרם,false,,24.90,0.0449,true,1,69872
16000281684,false,חטיפי קראנצי פקאן חמ,ג'נרל מילס,US,נייטשר ואלי,גרמים,210.00,100 גרם,false,,18.90,0.0900,true,1,11757
16000423534,false,חטיפי קראנצי שוקולד,ג'נרל מילס,US,נייטשר ואלי,גרמים,210.00,100 גרם,false,,18.90,0.0900,true,1,11758
16000548404,false,חטיפי קראנצי דבש חמי,ג'נרל מילס,ES,נייטשר ואלי,גרמים,210.00,100 גרם,false,,18.90,0.0900,true,1,11763
16000548503,false,חטיפי קראנצי מייפל ח,ג'נרל מילס,ES,נייטשר ואלי,גרמים,210.00,100 גרם,false,,18.90,0.0900,true,1,11764
16000548909,false,חטיפי קראנצי מיקס חמ,ג'נרל מילס,ES,נייטשר ואלי,גרמים,210.00,100 גרם,false,,18.90,0.0900,true,1,11766
16229924263,false,קרם קוקוס 250 מ,ויט ורלד קומפני,,קרם קוקוס 250 מ,מיליליטרים,250.00,"100 מ""ל",false,,9.90,0.0396,true,1,35374
18000701223,false,תערובת לעוגת שוקולד,ג'נרל מילס,IL,פילסברי,גרמים,500.00,100 גרם,false,,16.90,0.0338,true,1,11768
18000703494,false,תערובת לעוגת וניל פי,ג'נרל מילס,IL,פילסברי,גרמים,500.00,100 גרם,false,,16.90,0.0338,true,1,11769
18000766413,false,תערובת לעוגת בראוניס,ג'נרל מילס,IL,פילסברי,גרמים,550.00,100 גרם,false,,16.90,0.0307,true,1,11770
21200513152,false,ספוגי קרצוף שלישיה,M3,CA,סקוטש-ברייט,יח',3.00,יח',false,,14.90,4.9667,true,1,21513
21200572357,false,ספוגי קרצוף שלישיה,M3,CA,סקוטש-ברייט,יח',3.00,יח',false,,14.90,4.9667,true,1,21514
21723339994,false,רוטב דגים,tang sang hah,TH,tiparos,מיליליטרים,300.00,"100 מ""ל",false,,9.90,0.0330,true,1,30406
25675301108,false,מקלות 50 גר תות,פאסין,NL,פשקס,גרמים,50.00,100 גרם,false,,4.90,0.0980,true,1,9717
25675301153,false,מקלות 50ג פטל ח,פאסין,NL,פשקס,גרמים,50.00,100 גרם,false,,4.90,0.0980,true,1,9718
25700005650,false,שקיות זיפלוק גדולות,אס.סי.גונסון ובניו,US,שקיות זיפלוק גדולות,יחי,14.00,יחי,false,,12.90,0.9214,true,1,65921
25700005698,false,שקיות זיפלוק בינוניו,אס.סי.גונסון ובניו,US,שקיות זיפלוק בינוניו,יחי,24.00,יחי,false,,12.90,0.5375,true,1,65922
30000315989,false,קוואקר פרוטאין חמוצי,BEVERAGES FOODS & SE,US,קוואקר,גרמים,372.00,100 גרם,false,,20.90,0.0562,true,1,57533
31290140107,false,שוקולד גודייבה פיור,גודייבה,TR,גודייבה,גרמים,90.00,100 גרם,false,,14.90,0.1656,true,1,64481
31290140190,false,שוקולד גודייבה פיור,גודייבה,TR,גודייבה,גרמים,90.00,100 גרם,false,,14.90,0.1656,true,1,64483
33617340610,false,ואזה מקמח שיפון,,,פת מקמח שיפון 275 גרם,גרמים,275.00,100 גרם,false,,12.90,0.0469,true,1,6961
34000544028,false,מקלות ליקריץ תות 198,הרשי,US,הרשי,גרמים,198.00,100 גרם,false,,6.90,0.0348,true,1,11781
35000458476,true,*מבצע* קולגייט מברשת,קולגייט פלמוליב,VN,קולגייט,יח',4.00,יח',false,,17.90,4.4750,true,1,57926
37600207188,false,חמאת בוטנים סקיפי קל,הורמל,US,סקיפי,גרמים,462.00,100 גרם,false,,17.90,0.0387,true,1,20294
37600207256,false,חמאת בוטנים סקיפי עם,הורמל,US,סקיפי,גרמים,462.00,100 גרם,false,,17.90,0.0387,true,1,20295
38000138638,false,פרינגלס פיצה 158 גרם,פרינגלס,US,פרינגלס,גרמים,158.00,100 גרם,false,,8.90,0.0563,true,1,32081
38000183928,false,פרינגלס חרדל ודבש 15,פרינגלס,US,פרינגלס,גרמים,158.00,100 גרם,false,,8.90,0.0563,true,1,65961
38000232152,false,פרינגלס ברביקיו 158,פרינגלס,US,פרינגלס,גרמים,158.00,100 גרם,false,,8.90,0.0563,true,1,62270
38000232176,false,פרינגלס שמנת בצל 158,פרינגלס,US,פרינגלס,גרמים,158.00,100 גרם,false,,8.90,0.0563,true,1,62271
38000232183,false,פרינגלס אורגינל 149,פרינגלס,US,פרינגלס,גרמים,149.00,100 גרם,false,,8.90,0.0597,true,1,62272
38527591053,false,*מבצע* קוואקר ריבועי,BEVERAGES FOODS & SE,US,קוואקר,גרמים,411.00,100 גרם,false,,16.90,0.0411,true,1,13795
38527591060,false,*מבצע* קוואקר ריבועי,BEVERAGES FOODS & SE,US,קוואקר,גרמים,411.00,100 גרם,false,,16.90,0.0411,true,1,13796
39000032568,false,תמונות לקטנטנים - חי,,,תמונות לקטנטנים - חי,יחידה,0.00,יחידה,false,,20.90,0.0000,true,1,80758
39000032575,false,תמונות לקטנטנים - כל,,,תמונות לקטנטנים - כל,יחידה,0.00,יחידה,false,,20.90,0.0000,true,1,80759
40000513568,false,M&M's שוקולד 156 גרם,מרס,US,M&M's שוקולד 156 גרם,גרמים,156.00,100 גרם,false,,9.90,0.0635,true,1,34634
40000514480,false,M&M's שוקולד 48 גרם,מרס,US,מ&מ'ס,גרמים,48.00,100 גרם,false,,4.90,0.1021,true,1,30084
40000514510,false,M&M's בוטנים 49 גרם,מרס,US,מ&מ'ס,גרמים,49.00,100 גרם,false,,4.90,0.1000,true,1,29413
40232885518,false,אוכמניות,,,אוכמניות,יח,1.00,יח,false,,9.90,9.9000,true,1,65559
41390001079,false,רוטב סויה דל מלח קיק,קיקומן פודז אינק,US,קיקומן,מיליליטרים,444.00,"100 מ""ל",false,,19.90,0.0448,true,1,20305
41390010309,false,רוטב טריאקי קיקומן 4,קיקומן פודז אינק,US,קיקומן,מיליליטרים,444.00,"100 מ""ל",false,,19.90,0.0448,true,1,20306
42400108153,false,דגני פוסט טוטי פרוטי,,,דגני פוסט טוטי פרוטי,גרמים,354.00,100 גרם,false,,19.90,0.0562,true,1,66015
46214731552,false,מרבה עוגיות  37% שוק,Merba BV,NL,מרבה,גרמים,225.00,100 גרם,false,,9.90,0.0440,true,1,18012
48256214758,false,אבקה להסרת כתמים אוק,אסטוניש,GB,אסטוניש,קילוגרמים,1.00,"ק""ג",false,,25.90,25.9000,true,1,11269
50000032648,false,פנסי פיסט נתחי בשר ו,,,פנסי פיסט נתחי בשר ו,יחידה,0.00,יחידה,false,,5.90,0.0000,true,1,62374
50000100347,false,פריסקיז מעדני החתול,נסטלה פורינה  USA מק,US,FRISKIES,קילוגרמים,4.43,"ק""ג",false,,35.90,8.1038,true,1,61260
50000237951,false,פריסקיז פארטי מיקס ג,,,פריסקיז פארטי מיקס ג,גרמים,60.00,100 גרם,false,,14.90,0.2483,true,1,84027
50000292592,false,פנסי פיסט סלמון וסול,נסטלה פורינה  USA סט,US,FANCY FEAST,גרמים,85.00,100 גרם,false,,5.90,0.0694,true,1,27321
50000426942,false,פנסי פיסט צאנקי בשר,,,פנסי פיסט צאנקי בשר,יחידה,0.00,יחידה,false,,5.90,0.0000,true,1,62379
50000429844,false,פנסי פיסט פטה הודו ו,נסטלה פורינה  USA ג',US,FANCY FEAST,גרמים,85.00,100 גרם,false,,5.90,0.0694,true,1,4430
50000429943,false,פנסי פיסט גורמה עוף,,,פנסי פיסט גורמה עוף,יחידה,0.00,יחידה,false,,5.90,0.0000,true,1,62383
50000434640,false,פנסי פיסט נתחי לבבות,נסטלה פורינה  USA סט,US,FANCY FEAST,גרמים,85.00,100 גרם,false,,5.90,0.0694,true,1,4431
50000578450,false,פנסי פיסט עוף ברוטב,נסטלה פורינה  USA סט,US,FANCY FEAST,גרמים,85.00,100 גרם,false,,5.90,0.0694,true,1,27323
51500255162,false,*מבצע* JIF חמאת בוטנ,smuckers,US,*מבצע* JIF חמאת בוטנ,גרמים,454.00,100 גרם,false,,14.90,0.0328,true,1,68202
54881000062,false,*מבצע* תה שחור לימונ,אחמד תה אנגליה,,*מבצע* תה שחור לימונ,יח',20.00,יח',false,,8.90,0.4450,true,1,69183
54881003971,false,*מבצע* תה ירוק מבחר,אחמד תה אנגליה,,*מבצע* תה ירוק מבחר,יח',20.00,יח',false,,9.90,0.4950,true,1,69187
54881006958,false,*מבצע* תה שחור קינמו,אחמד תה אנגליה,,*מבצע* תה שחור קינמו,יח',20.00,יח',false,,8.90,0.4450,true,1,69184
54881007511,false,*מבצע* תה ירוק בטעם,אחמד תה אנגליה,,*מבצע* תה ירוק בטעם,יח',20.00,יח',false,,9.90,0.4950,true,1,69188
54881007535,false,*מבצע* תה ירוק בטעם,אחמד תה אנגליה,,*מבצע* תה ירוק בטעם,יח',20.00,יח',false,,9.90,0.4950,true,1,69189
54881008945,false,*מבצע* תה ירוק אחמד,אחמד תה אנגליה,,*מבצע* תה ירוק אחמד,יח',20.00,יח',false,,9.90,0.4950,true,1,69190
54881012423,false,*מבצע* תה ירוק בטעם,אחמד תה אנגליה,,*מבצע* תה ירוק בטעם,יח',20.00,יח',false,,9.90,0.4950,true,1,69191
64144090013,false,תרסיס שמן טעם חמאה פ,קונגרה,US,פאם,מיליליטרים,148.00,"100 מ""ל",false,,17.90,0.1209,true,1,11784
64144090020,false,תרסיס שמן זית פאם,קונגרה,US,פאם,מיליליטרים,148.00,"100 מ""ל",false,,17.90,0.1209,true,1,11785
64144090051,false,תרסיס שמן קנולה פאם,קונגרה,US,פאם,מיליליטרים,148.00,"100 מ""ל",false,,17.90,0.1209,true,1,11786
70080000016,false,חרדל לחיץ 297 אמריקא,"פלוקמן בע""מ",US,חרדל לחיץ 297 אמריקא,גרמים,297.00,100 גרם,false,,7.90,0.0266,true,1,55225
72512251249,false,סט 2 עט כדורי ירוק ב,,,סט 2 עט כדורי ירוק ב,יחידה,0.00,יחידה,false,,5.90,0.0000,true,1,79661
76840001774,false,*מבצע* פיינט גלידה ע,מוצרי איכות אמריקאיי,IL,בן & ג'ריס,מיליליטרים,500.00,"100 מ""ל",false,,18.90,0.0378,true,1,61495
76840002351,false,*מבצע* פיינט Gimme s,מוצרי איכות אמריקאיי,IL,בן & ג'ריס,מיליליטרים,500.00,"100 מ""ל",false,,18.90,0.0378,true,1,68772
76840100156,false,*מבצע* גלידת שמנת עם,מוצרי איכות אמריקאיי,IL,בן & ג'ריס,מיליליטרים,473.00,"100 מ""ל",false,,18.90,0.0400,true,1,18911
76840100583,false,*מבצע* פיינט גלידה ב,מוצרי איכות אמריקאיי,IL,בן & ג'ריס,מיליליטרים,473.00,"100 מ""ל",false,,18.90,0.0400,true,1,18912
77245110610,false,סוכריות מאסט ללא סוכ,MIESZKO S.A - MS. JO,PL,עלית,גרמים,80.00,100 גרם,false,,6.90,0.0863,true,1,13380
77975036976,false,סלסה עדינה 439 גרם,סניידרס,US,סניידרס,גרמים,439.00,100 גרם,false,,16.90,0.0385,true,1,31643
77975094624,false,שברי בייגלה במילוי ח,סניידרס,US,סניידרס,גרמים,283.50,100 גרם,false,,15.90,0.0561,true,1,64932
77975094631,false,סנדוויץ בייגלה במילו,סניידרס,US,סניידרס,גרמים,226.00,100 גרם,false,,15.90,0.0704,true,1,64933
77975094761,false,שברי בייגלה צדר סניי,סניידרס,US,סניידרס,גרמים,340.00,100 גרם,false,,15.90,0.0468,true,1,67218
77975094778,false,שברי בייגלה דבש וחרד,סניידרס,US,סניידרס,גרמים,340.00,100 גרם,false,,15.90,0.0468,true,1,67497
80432400432,false,ויסקי שיבאס 1 ליטר,,,ויסקי שיבאס 1 ליטר,ליטרים,1.00,ליטר,false,,139.90,139.9000,true,1,10881
84909008046,false,נוזל אגוז קוקוס 400,סיאנד אי,TH,מזרח ומערב,מיליליטרים,400.00,"100 מ""ל",false,,6.90,0.0173,true,1,14313
85696608044,false,*מבצע* טופו ללא גלוט,Morinaga nutritional,US,*מבצע* טופו ללא גלוט,גרמים,349.00,100 גרם,false,,11.90,0.0341,true,1,37321
193052027818,false,סמשרס ביצת החלומות 6,,,סמשרס ביצת החלומות 6,יחידה,0.00,יחידה,false,,70.00,0.0000,true,1,76702
305210416383,false,ווזלין תחליב גוף נספ,יוניליוור,US,יוניליוור,מיליליטרים,600.00,"100 מ""ל",false,,19.90,0.0332,true,1,35269
608614318063,false,מצית טורבו כסף,,,מצית טורבו כסף,יחידה,0.00,יחידה,false,,2.50,0.0000,true,1,78810
608614318711,false,גפרורים קטן ייבוא,,,גפרורים קטן ייבוא,יחידה,0.00,יחידה,false,,3.90,0.0000,true,1,78812
609670299419,false,ליפתניה שקוף מזל טוב,,,ליפתניה שקוף מזל טוב,יחידה,0.00,יחידה,false,,3.90,0.0000,true,1,85610
609670299426,false,קסרול בנדע שקוף 20 י,,,קסרול בנדע שקוף 20 י,יחידה,0.00,יחידה,false,,4.90,0.0000,true,1,82195
609670299457,false,צלחת 10שקוף מזל טוב,,,צלחת 10שקוף מזל טוב,יחידה,0.00,יחידה,false,,15.90,0.0000,true,1,84494
609670299464,false,קערה עמוקה שקוף מזל,,,קערה עמוקה שקוף מזל,יחידה,0.00,יחידה,false,,10.90,0.0000,true,1,84495
609670299471,false,צלחת 9 שקוף מזל טוב,,,צלחת 9 שקוף מזל טוב,יחידה,0.00,יחידה,false,,10.90,0.0000,true,1,84496
609670299488,false,צלחת 7 שקוף מזל טוב,,,צלחת 7 שקוף מזל טוב,יחידה,0.00,יחידה,false,,7.90,0.0000,true,1,82919
609670299495,false,מרקיה שקוף מזל טוב א,,,מרקיה שקוף מזל טוב א,יחידה,0.00,יחידה,false,,7.90,0.0000,true,1,87193
609670299518,false,מזלג פשוט לבן PP י80,,,מזלג פשוט לבן PP י80,יחידה,0.00,יחידה,false,,7.90,0.0000,true,1,84845
609670299525,false,כפית פשוט לבן PP י80,,,כפית פשוט לבן PP י80,יחידה,0.00,יחידה,false,,6.90,0.0000,true,1,84840
609670299532,false,כף פשוט לבן PP 80 יח,,,כף פשוט לבן PP 80 יח,יחידה,0.00,יחידה,false,,7.90,0.0000,true,1,87183
611745285685,false,אבוקדו בשל ארוז יחיד,משתנה,IL,פטריות פורטובלה,יח',1.00,יח',false,,7.90,7.9000,true,1,60140
613008755461,false,אריזונה אוכמניות ליט,נובה טרייד אל טי די,BG,אריזונה,ליטרים,1.00,ליטר,false,,10.90,10.9000,true,1,65311
628154383659,false,דגני פוסט פרוטי פבלס,פוסט,US,פוסט,גרמים,311.00,100 גרם,false,,19.90,0.0640,true,1,82465
633016004023,false,ברוקולי פרחים בדצ,,,ברוקולי פרחים בדצ,גרמים,680.00,100 גרם,false,,22.90,0.0337,true,1,67273
633016004047,false,כרובית פרחים בגאן 68,,,כרובית פרחים בגאן 68,גרמים,680.00,100 גרם,false,,22.90,0.0337,true,1,67276
633710337861,false,צלחות עגולות 15 סמ מ,,,צלחות עגולות 15 סמ מ,יחי,1.00,יחי,false,,10.90,10.9000,true,1,81616
645173911038,false,קורנישון מיני 670 גר,קולמן,IN,תומר,גרמים,720.00,100 גרם,false,,10.90,0.0151,true,1,17428
649870165695,false,חטיף נייטיב לכלב מקל,,,חטיף נייטיב לכלב מקל,גרמים,80.00,100 גרם,false,,15.90,0.1988,true,1,67234
649870165718,false,חטיף נייטיב לכלב עיג,,,חטיף נייטיב לכלב עיג,גרמים,80.00,100 גרם,false,,15.90,0.1988,true,1,67240
649870166098,false,נייטיב עוף ברוטב לחת,,TH,נייטיב עוף ברוטב לחת,גרמים,85.00,100 גרם,false,,4.90,0.0576,true,1,68365
649870166166,false,נייטיב פטה עוף לחתול,,TH,נייטיב פטה עוף לחתול,גרמים,85.00,100 גרם,false,,4.90,0.0576,true,1,68372
649870166180,false,נייטיב פטה סלמון לחת,,TH,נייטיב פטה סלמון לחת,גרמים,85.00,100 גרם,false,,4.90,0.0576,true,1,68374
651080647519,false,קיסמים בשילוב חוט דנ,"פלקרס רנור ארה""ב",CN,קיסמים בשילוב חוט דנ,יח',1.00,יח',false,,9.90,9.9000,true,1,34680
653569969693,false,דמויות ספיידמן האיש,,,דמויות ספיידמן האיש,יחידה,0.00,יחידה,false,,30.00,0.0000,true,1,82158
663701708295,false,מטען קיר מיקרו,,,מטען קיר מיקרו,יחידה,0.00,יחידה,false,,35.00,0.0000,true,1,80245
663701708301,false,מטען קיר טייפ סי,,,מטען קיר טייפ סי,יחידה,0.00,יחידה,false,,35.00,0.0000,true,1,80246
663701708363,false,מטען רכב מיקרו,,,מטען רכב מיקרו,יחידה,0.00,יחידה,false,,30.00,0.0000,true,1,80248
663701708387,false,מטען רכב טייפסי MG 2,,,מטען רכב טייפסי MG 2,יחידה,0.00,יחידה,false,,30.00,0.0000,true,1,80284
675618071140,false,*מבצע* סט בלה לאמבטי,,,*מבצע* סט בלה לאמבטי,יחידה,0.00,יחידה,false,,39.90,0.0000,true,1,78407
675618582400,false,שטיח מטבח 45X75 סמ ד,,,שטיח מטבח 45X75 סמ ד,יחידה,0.00,יחידה,false,,59.00,0.0000,true,1,78417
692232997861,false,זוג מגני שמש,,,זוג מגני שמש,יחידה,0.00,יחידה,false,,9.90,0.0000,true,1,84032
693493014267,false,אבוקדו בשל ארוז יחיד,משתנה,IL,פטריות פורטובלה,יח',1.00,יח',false,,7.90,7.9000,true,1,63317
693493028868,false,מלפפון בייבי יח',,,מלפפון בייבי יח',יח',1.00,יח',false,,8.90,8.9000,true,1,59019
693493028875,false,פלפל טינקרבל יח',,,פלפל טינקרבל יח',יח',1.00,יח',false,,8.90,8.9000,true,1,58746
693493028882,false,גינגר יח',,,גינגר יח',יח',1.00,יח',false,,7.90,7.9000,true,1,59020
693493028899,false,דלעת ארוזה,,,דלעת ארוזה,קילוגרמים,1.00,"ק""ג",true,,8.90,8.9000,true,1,59021
693493028905,false,ברוקולי יח',משתנה,IL,ברוקולי ארוז,יח',1.00,יח',false,,8.90,8.9000,true,1,59052
693493028912,false,פרסה יח',,,פרסה יח',יח',1.00,יח',false,,7.90,7.9000,true,1,59022
693493028929,false,סלרי חתוך יח',,,סלרי חתוך יח',יח',1.00,יח',false,,5.90,5.9000,true,1,59023
693493028936,false,שועעית ירוקה טריה,,,שועעית ירוקה טריה,יח',1.00,יח',false,,9.90,9.9000,true,1,65802
693493028950,false,רוקולה יח',,,רוקולה יח',יח',1.00,יח',false,,7.90,7.9000,true,1,66150
693493034456,false,סרדין בשמן זית,U.P.A,MA,U.P.A,גרמים,90.00,100 גרם,false,,5.90,0.0656,true,1,63283
693493034548,false,תמר בונבון קפוא,,,תמר בונבון קפוא,גרמים,420.00,100 גרם,false,,19.90,0.0474,true,1,85589
693493116596,false,מסכות חד פעמיות 50 י,,,מסכות חד פעמיות 50 י,יח',50.00,יח',false,,7.90,0.1580,true,1,68328
693493138390,false,חסה סלנובה,,IL,עלי חסה שטופה 300 גרם,יח',1.00,יח',false,,9.90,9.9000,true,1,66151
693493138406,false,קייל יח',,,קייל יח',יח',1.00,יח',false,,10.90,10.9000,true,1,66152
693493138413,false,מיקס שורשים למרק,,,מיקס שורשים למרק,יח',1.00,יח',false,,10.90,10.9000,true,1,66153
693493138444,false,סלרי עלים יח',"פאקא תעשיות בע""מ",IL,סלרי עלים,יח',1.00,יח',false,,5.90,5.9000,true,1,86815
693493145237,false,צלחת   דקל מרובעת 25,,,צלחת   דקל מרובעת 25,יחידה,0.00,יחידה,false,,20.00,0.0000,true,1,82927
693493145251,false,צלחת דקל מרובעת 15סמ,,,צלחת דקל מרובעת 15סמ,יחידה,0.00,יחידה,false,,12.90,0.0000,true,1,78285
693493168786,false,"תמר מג'הול 1 ק""ג פרמ",,,"תמר מג'הול 1 ק""ג פרמ",קילוגרמים,1.00,"ק""ג",false,,24.90,24.9000,true,1,85590
693493168823,false,תמר דקל נור 400 גרם,,,תמר דקל נור 400 גרם,גרמים,400.00,100 גרם,false,,10.90,0.0273,true,1,85596
694270915722,false,כבל משולב,,,כבל משולב,יחידה,0.00,יחידה,false,,20.90,0.0000,true,1,84362
713153979672,false,שואב אבק שאיבה יבשה,,,שואב אבק שאיבה יבשה,יחידה,0.00,יחידה,false,,55.00,0.0000,true,1,84033
713153980838,false,מברשת ניקוי אבק,,,מברשת ניקוי אבק,יחידה,0.00,יחידה,false,,12.90,0.0000,true,1,84044
719565465956,false,ברבי סט מניקור בנות,,,ברבי סט מניקור בנות,יחידה,0.00,יחידה,false,,20.90,0.0000,true,1,82155
728229123590,false,טרה ציפס ירקות,Global Gourmet Produ,IL,טרה,גרמים,110.00,100 גרם,false,,14.90,0.1355,true,1,7929
728229123811,false,טרה ציפס ירקות ים תי,Global Gourmet Produ,IL,טרה,גרמים,110.00,100 גרם,false,,14.90,0.1355,true,1,7931
728229124764,false,טרה ציפס בטטה עם מלח,Global Gourmet Produ,IL,טרה,גרמים,110.00,100 גרם,false,,14.90,0.1355,true,1,53985
728229130154,false,טרה ציפס בטטה וסלק,Global Gourmet Produ,IL,טרה,גרמים,110.00,100 גרם,false,,14.90,0.1355,true,1,7932
742779139276,false,הולדר 360 דרגו,,,הולדר 360 דרגו,יחידה,0.00,יחידה,false,,50.00,0.0000,true,1,80258
753182231761,false,משקה אנרגיה בלו ללא,אקוביט,PL,בלו,מיליליטרים,250.00,"100 מ""ל",false,,4.20,0.0168,true,1,7425
768404001640,false,*מבצע* פיינט גלידה ב,מוצרי איכות אמריקאיי,IL,בן & ג'ריס,גרמים,500.00,100 גרם,false,,18.90,0.0378,true,1,18924
769904000607,false,שקדי מרק ברפוד 200 ג,משובח תעשיות מזון,IL,b&d,גרמים,200.00,100 גרם,false,,9.90,0.0495,true,1,3593
769904000997,false,דגש שקדי מרק.,משובח תעשיות מזון,IL,משובח,גרמים,200.00,100 גרם,false,,13.90,0.0695,true,1,2012
778988306024,false,פאזל מיני מאוס 20124,,,פאזל מיני מאוס 20124,יחידה,0.00,יחידה,false,,10.90,0.0000,true,1,76737
807253241019,false,סט צבעי גואש אומגה7*,,,סט צבעי גואש אומגה7*,יח',1.00,יח',false,,10.90,10.9000,true,1,83966
807259441352,false,פלסטלינה 8 אצבעות עב,,,פלסטלינה 8 אצבעות עב,יחידה,0.00,יחידה,false,,10.90,0.0000,true,1,83733
812570033568,false,שלישיית בוקסרים,,,שלישיית בוקסרים,יחידה,0.00,יחידה,false,,35.00,0.0000,true,1,79455
812570033889,false,כיסויי לפוך יחיד 100,,,כיסויי לפוך יחיד 100,יחידה,0.00,יחידה,false,,50.00,0.0000,true,1,79457
812570033919,false,צפיות לכרית 100% כות,,,צפיות לכרית 100% כות,יחידה,0.00,יחידה,false,,20.90,0.0000,true,1,79460
812570033926,false,כיסויי לפוך זוגי 100,,,כיסויי לפוך זוגי 100,יחידה,0.00,יחידה,false,,60.00,0.0000,true,1,79461
812570034152,false,כיסוי כיסא BURGUNDY,,,כיסוי כיסא BURGUNDY,יחידה,0.00,יחידה,false,,20.90,0.0000,true,1,79463
818068085781,false,וילון 250/140,,,וילון 250/140,יחידה,0.00,יחידה,false,,40.00,0.0000,true,1,79465
818570007066,false,תמצית וניל טהור ווטק,וטקינס,US,תמצית וניל טהור ווטק,מיליליטרים,29.00,"100 מ""ל",false,,29.90,1.0310,true,1,34992
833949000264,false,סירופ מייפל אמיתי 10,דיקסר קוויבק,CA,סירופ מייפל אמיתי 10,מיליליטרים,330.00,"100 מ""ל",false,,26.90,0.0815,true,1,58557
835811000396,false,נייר אפיה לתבנית מוא,הנמל,,נייר אפיה לתבנית מוא,יח,30.00,יח,false,,9.90,0.3300,true,1,61431
835811001140,false,שומשום 400 גר`,,,שומשום 400 גר`,גרמים,400.00,100 גרם,false,,9.90,0.0248,true,1,62121
835811001713,false,ניילון נצמד  150 מ`,,,ניילון נצמד  150 מ`,מטרים,150.00,מטר,false,,14.90,0.0993,true,1,32900
835811002215,false,מאפינס צבעוני 200 יח,,,מאפינס צבעוני 200 יח,יח',200.00,יח',false,,11.90,0.0595,true,1,31273
835811004189,false,פירורי לחם מוזהבים ז,הנמל,IL,פירורי לחם מוזהבים ז,גרמים,800.00,100 גרם,false,,9.90,0.0124,true,1,68587
835811004226,false,מפת ניילון  בגליל  4,,,מפת ניילון  בגליל  4,מטרים,45.00,מטר,false,,29.90,0.6644,true,1,58069
835811004707,false,פרורי לחם מוזהב 440,"י.את א. ברמן בע""מ",IL,הנמל,גרמים,440.00,100 גרם,false,,6.90,0.0157,true,1,9503
835811005339,false,זוג שקיות אוכל ארוז,,,שקיות אוכל זוג בקרטו,יח',300.00,יח',false,,7.90,0.0263,true,1,9518
835811005728,false,עלים ל-קרמשניט 400 ג,"רונית מאפים בע""מ",IL,הנמל,גרמים,400.00,100 גרם,false,,14.90,0.0373,true,1,9524
835811007494,false,גלטין טהור מדגים  2,,,גלטין טהור מדגים  2,גרמים,28.00,100 גרם,false,,8.90,0.3179,true,1,23051
839762000658,false,משקה איילנד גויאבה,The Egyptian Co. for,EG,איילנד,ליטרים,1.00,ליטר,false,,11.50,11.5000,true,1,3803
856591000055,false,עוגיות מזרחיות קריספ,עבאדי,IL,עבאדי,גרמים,400.00,100 גרם,false,,17.90,0.0447,true,1,28286
856591000062,false,עוגיות מזרחיות מלח 4,עבאדי,IL,עבאדי,גרמים,400.00,100 גרם,false,,17.90,0.0447,true,1,15743
856591000109,false,עוגיות מזרחיות פריך,עבאדי,IL,עבאדי,גרמים,400.00,100 גרם,false,,17.90,0.0447,true,1,15744
856591000512,false,*מבצע* עוגיות מזרחיו,עבאדי,IL,עבאדי,גרמים,400.00,100 גרם,false,,14.90,0.0373,true,1,15748
856591000949,false,*מבצע* חטיף טבעי קטנ,עבאדי,IL,*מבצע* חטיף טבעי קטנ,גרמים,350.00,100 גרם,false,,14.90,0.0426,true,1,68396
856591000956,false,*מבצע* חטיף טבעי קטנ,עבאדי,IL,*מבצע* חטיף טבעי קטנ,גרמים,350.00,100 גרם,false,,14.90,0.0426,true,1,79500
859547004084,false,*מבצע* ספוג ניקוי סק,,,*מבצע* ספוג ניקוי סק,יח',1.00,יח',false,,14.90,14.9000,true,1,86816
859547004329,false,*מבצע* ספוג ניקוי סק,,,*מבצע* ספוג ניקוי סק,יח',1.00,יח',false,,14.90,14.9000,true,1,86817
859547004466,false,*מבצע* ספוג ניקוי סק,,,*מבצע* ספוג ניקוי סק,יח',1.00,יח',false,,14.90,14.9000,true,1,86818
884912129512,false,דגני פוסט בטעם קקאו,פוסט,US,פוסט,גרמים,311.00,100 גרם,false,,19.90,0.0640,true,1,83555
884912342737,false,דגני פוסט קריספי וופ,,,דגני פוסט קריספי וופ,גרמים,326.00,100 גרם,false,,19.90,0.0610,true,1,61394
884912359162,false,דגני בוקר האני בנצ'ס,פוסט,US,האניבנצס אלמונד,גרמים,340.00,100 גרם,false,,21.90,0.0644,true,1,80688
884912359421,false,דגני בוקר האני באנצ',פוסט,US,האניבנצס רוסטד,גרמים,340.00,100 גרם,false,,21.90,0.0644,true,1,80689
884912365200,false,דגני אוראו 311 גרם,,,דגני אוראו 311 גרם,גרמים,311.00,100 גרם,false,,19.90,0.0640,true,1,85254
888273183077,false,ספר זכרונות האוונג'ר,,,ספר זכרונות האוונג'ר,יחידה,0.00,יחידה,false,,10.90,0.0000,true,1,76758
893594002068,false,פופקורנס מלח ים 28 ג,pepsico inc.frito la,US,פופקורנס מלח ים 28 ג,גרמים,28.00,100 גרם,false,,5.50,0.1964,true,1,83836
1000001211282,false,מחברת מפל A5 ספירל P,,,מחברת מפל A5 ספירל P,יחידה,0.00,יחידה,false,,5.00,0.0000,true,1,80042
1000010154396,false,סט 5 עטיפות לחוברת ע,,,סט 5 עטיפות לחוברת ע,יחידה,0.00,יחידה,false,,10.00,0.0000,true,1,83642
1977016051755,false,ברכונים,,,ברכונים,יחידה,0.00,יחידה,false,,6.90,0.0000,true,1,86463
2122607011109,false,עמק לייט חריץ במשקל,תנובה,IL,תנובה,קילוגרמים,1.00,"ק""ג",true,,70.00,70.0000,true,1,70011
2315642154249,false,משטח הגנה PVC לבן 45,,,משטח הגנה PVC לבן 45,יחידה,0.00,יחידה,false,,6.90,0.0000,true,1,75927
3014260228842,false,גילט קצף גילוח,פרוקטר אנד גמבל,GB,Gillette,מיליליטרים,200.00,"100 מ""ל",false,,13.90,0.0695,true,1,8257
3014260240226,false,גילט קצף גילוח,פרוקטר אנד גמבל,GB,Gillette,מיליליטרים,200.00,"100 מ""ל",false,,13.90,0.0695,true,1,8258
3014260262709,false,סכיני גילוח ונוס רבי,פרוקטר אנד גמבל,PL,Gillette,יח',4.00,יח',false,,39.90,9.9750,true,1,8262
3014260287030,false,גילט חמישייה,פרוקטר אנד גמבל,PL,Gillette,יח',5.00,יח',false,,7.90,1.5800,true,1,8270
3014260289287,false,סכיני בלו 2 נשים חמי,פרוקטר אנד גמבל,PL,Gillette,יח',5.00,יח',false,,12.90,2.5800,true,1,8271
3046920010801,false,לינדט אקסלנס הזלנט 1,לינדט,FR,לינדט,גרמים,100.00,100 גרם,false,,14.90,0.1490,true,1,32834
3046920027281,false,לינדט אקסלנס שוקולד,לינדט,FR,לינדט,גרמים,100.00,100 גרם,false,,14.90,0.1490,true,1,81559
3046920028004,false,לינדט אקסלנס שוקולד,לינדט,FR,לינדט,גרמים,100.00,100 גרם,false,,14.90,0.1490,true,1,3443
3046920028752,false,לינדט אקסלנס שוקולד,לינדט,FR,לינדט,גרמים,100.00,100 גרם,false,,14.90,0.1490,true,1,81560
3046920029674,false,לינדט אקסלנס שוקולד,לינדט,FR,לינדט,גרמים,100.00,100 גרם,false,,14.90,0.1490,true,1,3447
3046920029759,false,לינדט אקסלנס שוקולד,לינדט,FR,לינדט,גרמים,100.00,100 גרם,false,,14.90,0.1490,true,1,22361
3059943015104,false,איירוויק נטול גז,RECKITT BENCKISER PR,PL,איירויק,מיליליטרים,345.00,"100 מ""ל",false,,12.90,0.0374,true,1,7188
3059943015128,false,איירוויק נטול גז,RECKITT BENCKISER PR,PL,איירויק,מיליליטרים,345.00,"100 מ""ל",false,,12.90,0.0374,true,1,7189
3059943016507,false,איירוויק ספריי לבנדר,RECKITT BENCKISER UK,GB,איירויק,מיליליטרים,240.00,"100 מ""ל",false,,9.90,0.0413,true,1,7190
3069900201327,false,זיתים שחורים בואקום,קרטייר סאדה,MA,קרטייר סאדה,גרמים,400.00,100 גרם,false,,10.90,0.0273,true,1,18851
3073781161663,false,גבינה מותכת לוואש קי,פרומאג'רי בל דום סאם,FR,לואש קירי,גרמים,128.00,100 גרם,false,,11.90,0.0930,true,1,67856
3073781161687,false,גבינה לוואש קירי 256,פרומאג'רי בל דום סאם,FR,לואש קירי,גרמים,256.00,100 גרם,false,,22.90,0.0895,true,1,67857
3073781161700,false,גבינה לוואש קירי 480,פרומאג'רי בל דום סאם,FR,לואש קירי,גרמים,480.00,100 גרם,false,,37.90,0.0790,true,1,67858
3073781177220,false,*מבצע* בייבי בל רול,בל,FR,*מבצע* בייבי בל רול,גרמים,102.00,100 גרם,false,,16.90,0.1657,true,1,84100
3141360054405,false,פיניש ציטרו,RECKITT BENCKISER HU,HU,פיניש,יח',1.00,יח',false,,14.90,14.9000,true,1,30632
3154982489746,false,כובע בייסיק,,,כובע בייסיק,יחידה,0.00,יחידה,false,,5.90,0.0000,true,1,87210
3154982489814,false,מארז בלונים צבעי פסט,,,מארז בלונים צבעי פסט,יחידה,0.00,יחידה,false,,10.90,0.0000,true,1,86240
3161911229199,false,*מבצע* חמאה רכה אלוו,אלוויר,FR,אלוויר,גרמים,250.00,100 גרם,false,,19.90,0.0796,true,1,12757
3161911366429,false,*מבצע* חמאה רכה מלוח,אלוויר,FR,אלוויר,גרמים,250.00,100 גרם,false,,19.90,0.0796,true,1,12759
3161911393210,false,חמאה נורמנדי מלוחה א,אלוויר,FR,אל-ויר,גרמים,200.00,100 גרם,false,,18.90,0.0945,true,1,71271
3178530402353,false,מדלן עוגיות רכות 175,סן מישל,FR,סן מישל,גרמים,175.00,100 גרם,false,,10.90,0.0623,true,1,32037
3178530407938,false,עוגיות מיני מדלן עם,סן מישל,FR,סן מישל,גרמים,175.00,100 גרם,false,,11.90,0.0680,true,1,36117
3178530409673,false,עוגיות פלמיה קרמל 10,סן מישל,FR,סן מישל,גרמים,100.00,100 גרם,false,,14.90,0.1490,true,1,59237
3178530412703,false,*מבצע* דונאט עם שוקו,סן מישל,FR,סן מישל,גרמים,180.00,100 גרם,false,,11.90,0.0661,true,1,59238
3178530417340,false,*מבצע* בראוניז שוקול,סן מישל,FR,סן מישל,גרמים,210.00,100 גרם,false,,11.90,0.0567,true,1,68523
3179732348913,false,מים מינרליים פרייה 1,ברקן סגל,FR,פרייה,ליטרים,1.00,ליטר,false,,8.90,8.9000,true,1,26073
3185348228112,false,רביעיית חלקי ששת במב,,,רביעיית חלקי ששת במב,יחידה,0.00,יחידה,false,,10.90,0.0000,true,1,85611
3216544515512,false,כפפות חצי סרוג שחור,,,כפפות חצי סרוג שחור,יחידה,0.00,יחידה,false,,5.90,0.0000,true,1,87203
3216544515895,false,מחמם צוואר קטיפתי,,,מחמם צוואר קטיפתי,יחידה,0.00,יחידה,false,,12.90,0.0000,true,1,87216
3216544515901,false,חם צוואר בייסיק,,,חם צוואר בייסיק,יחידה,0.00,יחידה,false,,10.90,0.0000,true,1,87206
3216544515956,false,כובע צמר לילדים דובי,,,כובע צמר לילדים דובי,יחידה,0.00,יחידה,false,,25.90,0.0000,true,1,87199
3246513243139,false,קערית מרק 14 סמ טורק,,,קערית מרק 14 סמ טורק,יחידה,0.00,יחידה,false,,7.90,0.0000,true,1,82622
3248512343131,false,פלייסמט קש מעוצב לבן,,,פלייסמט קש מעוצב לבן,יחידה,0.00,יחידה,false,,15.90,0.0000,true,1,75948
3248512343209,false,קערית זכוכית 13.5X5.,,,קערית זכוכית 13.5X5.,יחידה,0.00,יחידה,false,,7.90,0.0000,true,1,75951
3248512343216,false,קערית זכוכית 11X5 סמ,,,קערית זכוכית 11X5 סמ,יחידה,0.00,יחידה,false,,5.00,0.0000,true,1,75952
3248512343247,false,צלחת מרוקאית 22.5 סמ,,,צלחת מרוקאית 22.5 סמ,יחידה,0.00,יחידה,false,,5.90,0.0000,true,1,75955
3282553138493,false,כוסות ליקר קריסטלים,,,כוסות ליקר קריסטלים,יחידה,0.00,יחידה,false,,10.90,0.0000,true,1,84455
3282554138638,false,גביעי רוטב עם מכסה מ,,,גביעי רוטב עם מכסה מ,יחידה,0.00,יחידה,false,,5.90,0.0000,true,1,81231
3349666007921,false,סוללות מארז 8+4 אלקל,,,סוללות מארז 8+4 אלקל,יחידה,0.00,יחידה,false,,12.90,0.0000,true,1,78813
3387390525960,false,דגני קראנץ 500 גרם,נסטלה צרפת רומילי,FR,CRUNCH,גרמים,500.00,100 גרם,false,,19.90,0.0398,true,1,4439
3387390730852,false,דגני פיטנס 375 גרם,נסטלה צרפת איטנקורט,FR,FITNESS,גרמים,375.00,100 גרם,false,,19.90,0.0531,true,1,4440
3454841245163,false,עציץ נוי בכלי חרס עג,,,עציץ נוי בכלי חרס עג,יחידה,0.00,יחידה,false,,15.90,0.0000,true,1,75956
3523230026826,false,*מבצע* גבינת עיזים ל,אוריאל,FR,מרסי שף,גרמים,140.00,100 גרם,false,,19.90,0.1421,true,1,32377
3560238496756,false,מדף רשת מלבן ואקום ל,,,מדף רשת מלבן ואקום ל,יחידה,0.00,יחידה,false,,50.00,0.0000,true,1,81919
3560239381112,false,מתלה מדפים 2 קומות ל,,,מתלה מדפים 2 קומות ל,יחידה,0.00,יחידה,false,,59.00,0.0000,true,1,81924
3563490014898,false,חרדל דיזון לחיץ 265,REINE DE DIJON S.A,FR,ריין דיז'ון,גרמים,265.00,100 גרם,false,,9.90,0.0374,true,1,20311
3574660115154,false,*מבצע* אובה קלאסי סו,Johnson Toilet-IT,GR,אובה,יח',32.00,יח',false,,20.90,0.6531,true,1,18021
3574661003924,false,"מי פה ליסטרין 500 מ""",גונסון אנד גונסון,IT,ליסטרין,מיליליטרים,500.00,"100 מ""ל",false,,17.90,0.0358,true,1,55093
3574661352275,false,ליסטרין קידס ברי 250,גונסון אנד גונסון,IT,ליסטרין קידס ברי,מיליליטרים,250.00,"100 מ""ל",false,,9.90,0.0396,true,1,65004
3574661363998,false,"מי פה ליסטרין 500 מ""",גונסון אנד גונסון,IT,ליסטרין,מיליליטרים,500.00,"100 מ""ל",false,,17.90,0.0358,true,1,55095
3574661487328,false,קרפרי מגן תחתון רגיל,Johnson Toilet-IT,GR,קרפרי,יח',56.00,יח',false,,15.90,0.2839,true,1,58539
3574661487618,false,קרפרי מגן תחתון מקסי,Johnson Toilet-IT,GR,קרפרי,יח',48.00,יח',false,,15.90,0.3313,true,1,58541
3574661487625,false,קרפרי מגן תחתון מקסי,Johnson Toilet-IT,GR,קרפרי,יח',48.00,יח',false,,15.90,0.3313,true,1,58542
3574661487632,false,קרפרי מגן תחתון לארג,Johnson Toilet-IT,GR,קרפרי,יח',64.00,יח',false,,22.90,0.3578,true,1,58543
3574661491806,false,"מי פה ליסטרין 500 מ""",גונסון אנד גונסון,IT,ליסטרין,מיליליטרים,500.00,"100 מ""ל",false,,17.90,0.0358,true,1,66255
3574661552576,false,קרפרי מגן תחתון רגיל,Johnson Toilet-IT,GR,קרפרי,יח',56.00,יח',false,,15.90,0.2839,true,1,63419
3574661552804,false,קרפרי מגן תחתון אלוו,Johnson Toilet-IT,GR,קרפרי,יח',56.00,יח',false,,15.90,0.2839,true,1,64895
3574661552811,false,קרפרי כותון אוורירי,Johnson Toilet-IT,GR,קרפרי,יח',56.00,יח',false,,15.90,0.2839,true,1,64382
3574661554877,false,קרפרי כותון מבושם 56,Johnson Toilet-IT,GR,קרפרי,יח',56.00,יח',false,,15.90,0.2839,true,1,63420
3574661554884,false,קרפרי רגיל טנגה ריחנ,Johnson Toilet-IT,GR,קרפרי,יח',56.00,יח',false,,15.90,0.2839,true,1,64488
3574661643359,false,"מי פה ליסטרין 500 מ""",גונסון אנד גונסון,IT,ליסטרין,מיליליטרים,500.00,"100 מ""ל",false,,17.90,0.0358,true,1,80529
3574661650029,false,"מי פה ליסטרין 500 מ""",גונסון אנד גונסון,IT,ליסטרין,מיליליטרים,500.00,"100 מ""ל",false,,17.90,0.0358,true,1,80530
3600523605972,false,קרם לחות מועשר בשמן,CANAN KOZMETIK,DE,אלביב,גרמים,300.00,100 גרם,false,,24.90,0.0830,true,1,36454
3600523651887,false,שמפו משקם לשיער פגום,לוריאל,TR,שמפו משקם לשיער פגום,מיליליטרים,550.00,"100 מ""ל",false,,15.90,0.0289,true,1,37274
3600523651900,false,מרכך שיער לחיזוק סיב,לוריאל,TR,מרכך שיער לחיזוק סיב,מיליליטרים,550.00,"100 מ""ל",false,,15.90,0.0289,true,1,37275
3600523652242,false,שמפו מטפח קולור פרוט,לוריאל,TR,שמפו מטפח קולור פרוט,מיליליטרים,550.00,"100 מ""ל",false,,15.90,0.0289,true,1,37278
3600523652259,false,מרכך שיער מטפח קולור,לוריאל,TR,מרכך שיער מטפח קולור,מיליליטרים,550.00,"100 מ""ל",false,,15.90,0.0289,true,1,37279
3600523652297,false,מרכך שיער 6 שמנים מו,לוריאל,TR,מרכך שיער 6 שמנים מו,מיליליטרים,550.00,"100 מ""ל",false,,15.90,0.0289,true,1,37283
3600523755806,false,שמפו שמן קוקוס להזנה,לוריאל,TR,שמפו שמן קוקוס להזנה,מיליליטרים,550.00,"100 מ""ל",false,,15.90,0.0289,true,1,59381
3600523756322,false,מרכך שיער שמן קוקוס,לוריאל,TR,מרכך שיער שמן קוקוס,מיליליטרים,550.00,"100 מ""ל",false,,15.90,0.0289,true,1,59382
3600523782567,false,שמפו משקם לשיער ארוך,לוריאל,TR,שמפו משקם לשיער ארוך,מיליליטרים,500.00,"100 מ""ל",false,,15.90,0.0318,true,1,57363
3600523782581,false,מרכך שיער מתיר קשרים,לוריאל,TR,מרכך שיער מתיר קשרים,מיליליטרים,500.00,"100 מ""ל",false,,15.90,0.0318,true,1,57364
3600542385091,false,*מבצע* דאודרנט רול,קוסמופול,PL,גרנייה,מיליליטרים,50.00,"100 מ""ל",false,,11.90,0.2380,true,1,66771
3600542385268,false,*מבצע* דאודרנט רול,קוסמופול,PL,גרנייה,מיליליטרים,50.00,"100 מ""ל",false,,11.90,0.2380,true,1,66775
3600542385275,false,*מבצע* דאודרנט רול,,,דאודרנט רול גרנייה,מיליליטרים,50.00,"100 מ""ל",false,,11.90,0.2380,true,1,66776
3600542431880,false,צבע לשיער בלונד מספר,קוסמופול,PL,גרנייה,יח',1.00,יח',false,,19.90,19.9000,true,1,70810
3600542431934,false,צבע לשיער חום אגוז מ,קוסמופול,PL,גרנייה,יח',1.00,יח',false,,19.90,19.9000,true,1,70814
3690759133219,false,שטיח 50*80,,,שטיח 50*80,יחידה,0.00,יחידה,false,,19.90,0.0000,true,1,87355
3754836421337,false,מיכל 1 ליטר +מכסה אר,,,מיכל 1 ליטר +מכסה אר,יחידה,0.00,יחידה,false,,10.90,0.0000,true,1,82766
3754836421344,false,מיכל 2 ליטר +מכסה אר,,,מיכל 2 ליטר +מכסה אר,יחידה,0.00,יחידה,false,,10.90,0.0000,true,1,79291
3754836421351,false,מיכל   2.5 ליטר +מכס,,,מיכל   2.5 ליטר +מכס,יחידה,0.00,יחידה,false,,10.90,0.0000,true,1,82774
3754836421368,false,מיכל 3 ליטר +מכסה אר,,,מיכל 3 ליטר +מכסה אר,יחידה,0.00,יחידה,false,,10.90,0.0000,true,1,84153
3754836421375,false,מיכל 4.5 ליטר +מכסה,,,מיכל 4.5 ליטר +מכסה,יחידה,0.00,יחידה,false,,10.90,0.0000,true,1,84104
3754836421788,false,קערה 32 סמ,,,קערה 32 סמ,יחידה,0.00,יחידה,false,,5.90,0.0000,true,1,81233
3800020423578,false,קיט קאט צ'אנקי 40 גר,נסטלה,BG,נסטלה,גרמים,40.00,100 גרם,false,,3.90,0.0975,true,1,19524
3800020472569,false,קיט קאט צ'אנקי קרמל,נסטלה,DE,נסטלה,גרמים,43.50,100 גרם,false,,3.90,0.0897,true,1,85906
3838824127149,false,*מבצע* צבע לשיער פאל,שוורצקופף והנקל,DE,שוורצקוף,יח',1.00,יח',false,,16.90,16.9000,true,1,5045
3838824127163,false,*מבצע* צבע לשיער פאל,שוורצקופף והנקל,DE,שוורצקוף,יח',1.00,יח',false,,16.90,16.9000,true,1,5046
3838824127200,false,*מבצע* צבע לשיער פאל,שוורצקופף והנקל,DE,שוורצקוף,יח',1.00,יח',false,,16.90,16.9000,true,1,5047
3838824127224,false,*מבצע* צבע לשיער פאל,שוורצקופף והנקל,DE,שוורצקוף,יח',1.00,יח',false,,16.90,16.9000,true,1,5048
3838824127248,false,*מבצע* צבע לשיער פאל,שוורצקופף והנקל,DE,שוורצקוף,יח',1.00,יח',false,,16.90,16.9000,true,1,5049
3838824127262,false,*מבצע* צבע לשיער פאל,שוורצקופף והנקל,DE,שוורצקוף,יח',1.00,יח',false,,16.90,16.9000,true,1,5050
3838824127286,false,*מבצע* צבע לשיער פאל,שוורצקופף והנקל,DE,שוורצקוף,יח',1.00,יח',false,,16.90,16.9000,true,1,5051
3838824127309,false,*מבצע* צבע לשיער פאל,שוורצקופף והנקל,DE,שוורצקוף,יח',1.00,יח',false,,16.90,16.9000,true,1,5052
3838824127361,false,*מבצע* צבע לשיער פאל,שוורצקופף והנקל,DE,שוורצקוף,יח',1.00,יח',false,,16.90,16.9000,true,1,5054
3838824127507,false,*מבצע* צבע לשיער פאל,שוורצקופף והנקל,DE,שוורצקוף,יח',1.00,יח',false,,16.90,16.9000,true,1,5056
3838824127583,false,*מבצע* צבע לשיער פאל,שוורצקופף והנקל,DE,שוורצקוף,יח',1.00,יח',false,,16.90,16.9000,true,1,5058
3838824193915,false,*מבצע* צבע לשיער פאל,שוורצקופף והנקל,DE,שוורצקוף,יח',1.00,יח',false,,16.90,16.9000,true,1,5066
3838824240275,false,*מבצע* צבע לשיער פאל,שוורצקופף והנקל,DE,פלטה,יח',1.00,יח',false,,16.90,16.9000,true,1,5071
3838824380827,false,*מבצע* צבע שיער פלטה,שוורצקופף והנקל,DE,שוורצקוף,יח',1.00,יח',false,,16.90,16.9000,true,1,71177
3838824380902,false,*מבצע* צבע שיער פלטה,שוורצקופף והנקל,DE,שוורצקוף,יח',1.00,יח',false,,16.90,16.9000,true,1,71178
3838824380940,false,*מבצע* צבע שיער פלטה,שוורצקופף והנקל,DE,שוורצקוף,יח',1.00,יח',false,,16.90,16.9000,true,1,71179
3838824380988,false,*מבצע* צבע שיער פלטה,שוורצקופף והנקל,DE,שוורצקוף,יח',1.00,יח',false,,16.90,16.9000,true,1,71180
4000415028305,false,שוגטן שוקולד לאטה מו,לודוויג שוקולד,DE,שוגטן,גרמים,100.00,100 גרם,false,,5.90,0.0590,true,1,59844
4000415039707,false,שוגטן שוקולד בלאק אנ,לודוויג שוקולד,DE,שוגטן,גרמים,100.00,100 גרם,false,,5.90,0.0590,true,1,81244
4000415065904,false,סאלוט שוקולד אגוזים,,,שוקולד סאלוט אגוזים 100 ג,גרמים,100.00,100 גרם,false,,3.90,0.0390,true,1,83827
4000415066000,false,סאלוט שוקולד חלב 100,,,סאלוט שוקולד חלב 100,גרמים,100.00,100 גרם,false,,4.90,0.0490,true,1,83828
4000415111908,false,שוגטן שוקולד סטרצ'יא,לודוויג שוקולד,DE,שוגטן,גרמים,100.00,100 גרם,false,,5.90,0.0590,true,1,64552
4000415440701,false,שוקו פאן בוטנים שישי,,,שוקו פאן בוטנים שישי,גרמים,216.00,100 גרם,false,,9.90,0.0458,true,1,83831
4000415757502,false,שוגטן שוקולד קאפקייק,לודוויג שוקולד,DE,שוגטן,גרמים,100.00,100 גרם,false,,5.90,0.0590,true,1,83967
4000415856601,false,שוגטן שוקולד לבן 100,לודוויג שוקולד,DE,שוגטן,גרמים,100.00,100 גרם,false,,5.90,0.0590,true,1,64554
4000417022004,false,שוקולד ריטר צימוק אג,ריטר ספורט,DE,ריטר ספורט,גרמים,100.00,100 גרם,false,,7.90,0.0790,true,1,11793
4000417023001,false,*מבצע* שוקולד ריטר ח,ריטר ספורט,DE,ריטר ספורט,גרמים,100.00,100 גרם,false,,8.90,0.0890,true,1,11794
4000417025005,false,שוקולד ריטר מרציפן,ריטר ספורט,DE,ריטר ספורט,גרמים,100.00,100 גרם,false,,7.90,0.0790,true,1,11795
4000417026002,false,שוקולד ריטר פרלין,ריטר ספורט,DE,ריטר ספורט,גרמים,100.00,100 גרם,false,,7.90,0.0790,true,1,11796
4000417101211,false,גלילי וופל  אמיצ'לי,,,גלילי וופל  אמיצ'לי,גרמים,150.00,100 גרם,false,,17.90,0.1193,true,1,69495
4000417211002,false,שוקולד ריטר מוס קרמל,ריטר ספורט,DE,ריטר ספורט,גרמים,100.00,100 גרם,false,,7.90,0.0790,true,1,29357
4000417222008,false,שוקולד ריטר חלב עם ש,ריטר ספורט,DE,ריטר ספורט,גרמים,100.00,100 גרם,false,,7.90,0.0790,true,1,28558
4000417294005,false,שוקולד ריטר 100 גרם,ריטר ספורט,DE,ריטר ספורט,גרמים,100.00,100 גרם,false,,7.90,0.0790,true,1,11801
4000417707000,false,*מבצע* שוקולד ריטר ס,ריטר ספורט,DE,ריטר ספורט,גרמים,100.00,100 גרם,false,,8.90,0.0890,true,1,67065
4000417708007,false,*מבצע* שוקולד ריטר ס,ריטר ספורט,DE,ריטר ספורט,גרמים,100.00,100 גרם,false,,8.90,0.0890,true,1,67067
4000539280726,false,לינדט אקסלנס שוקולד,לינדט,FR,לינדט,גרמים,100.00,100 גרם,false,,14.90,0.1490,true,1,83143
4000607850004,false,שוגטן שוקולד חלב 100,לודוויג שוקולד,,שוגטן שוקולד חלב 100,גרמים,100.00,100 גרם,false,,5.90,0.0590,true,1,81245
4000607851001,false,שוגטן שוקולד אגוזים,לודוויג שוקולד,DE,שוגטן,גרמים,100.00,100 גרם,false,,5.90,0.0590,true,1,81318
4000607852008,false,שוגטן שוקולד מריר 10,לודוויג שוקולד,DE,שוגטן,גרמים,100.00,100 גרם,false,,5.90,0.0590,true,1,81246
4000607854606,false,שוגטן שוקולד ילדים 1,לודוויג שוקולד,DE,שוגטן,גרמים,100.00,100 גרם,false,,5.90,0.0590,true,1,64557
4000607854705,false,שוגטן שוקולד תות 100,לודוויג שוקולד,DE,שוגטן,גרמים,100.00,100 גרם,false,,5.90,0.0590,true,1,81248
4001432773230,false,*מבצע* בלו ווין מוסק,לנגוט טראבן,DE,בלו ווין,מיליליטרים,1000.00,"100 מ""ל",false,,44.90,0.0449,true,1,61179
4002448017684,false,סיליט באנג ספרי 750,RECKITT BENCKISER PR,PL,סיליט,מיליליטרים,750.00,"100 מ""ל",false,,12.90,0.0172,true,1,7205
4002448019480,false,סיליט באנג מסיר שומנ,RECKITT BENCKISER PR,PL,סיליט,מיליליטרים,750.00,"100 מ""ל",false,,12.90,0.0172,true,1,7206
4002590000022,false,סוכריות קלפני,קלפני,DE,קלפני,גרמים,150.00,100 גרם,false,,9.90,0.0660,true,1,11807
4004666042004,false,מלרוד מרסס משמיד עוב,מלרוד,DE,מלרוד,מיליליטרים,500.00,"100 מ""ל",false,,29.90,0.0598,true,1,11280
4004666107819,false,מלרוד מרסס לניקוי וט,,,מלרוד מרסס לניקוי וט,מיליליטרים,500.00,"100 מ""ל",false,,22.90,0.0458,true,1,57662
4004715020755,false,קישוטי עוגה פרינסס,,,קישוטי עוגה פרינסס,גרמים,75.00,100 גרם,false,,12.90,0.1720,true,1,11815
4005808229390,false,*מבצע* תחליב רחצה לג,ביירסדורף,DE,ניוואה,מיליליטרים,500.00,"100 מ""ל",false,,12.90,0.0258,true,1,31463
4005808368280,false,שפתון לבלו דובדבן בב,ביירסדורף,DE,לבלו,גרמים,4.80,100 גרם,false,,9.90,2.0625,true,1,31465
4005808406029,false,*מבצע* קרם רחצה ניוו,ביירסדורף,DE,ניוואה,מיליליטרים,750.00,"100 מ""ל",false,,12.90,0.0172,true,1,54978
4005808850723,false,שפתון לבלו תות בבליס,ביירסדורף,DE,לבלו,גרמים,4.80,100 גרם,false,,9.90,2.0625,true,1,5948
4005808850907,false,שפתון לבלו הידרו קיי,ביירסדורף,DE,לבלו,גרמים,4.80,100 גרם,false,,9.90,2.0625,true,1,59745
4005900036483,false,ניוואה דאו ספריי לגב,ביירסדורף,DE,ניוואה,מיליליטרים,150.00,"100 מ""ל",false,,18.90,0.1260,true,1,33585
4005900036506,false,ניוואה דאו רול און ל,ביירסדורף,DE,ניוואה,מיליליטרים,50.00,"100 מ""ל",false,,19.90,0.3980,true,1,31452
4005900036568,false,ניוואה דאו ספריי לאש,ביירסדורף,DE,ניוואה,מיליליטרים,150.00,"100 מ""ל",false,,18.90,0.1260,true,1,33586
4005900494924,false,ניוואה דאו ספריי דרי,ביירסדורף,DE,ניוואה,מיליליטרים,150.00,"100 מ""ל",false,,18.90,0.1260,true,1,58005
4005900555915,false,*מבצע* קרם רחצה ניוו,ביירסדורף,DE,ניוואה,מיליליטרים,750.00,"100 מ""ל",false,,12.90,0.0172,true,1,66171
4005900648181,false,*מבצע* תחליב רחצה אל,ביירסדורף,DE,ניוואה,מיליליטרים,750.00,"100 מ""ל",false,,12.90,0.0172,true,1,68094
4005900845702,false,דאודורנט רול און קול,ביירסדורף,DE,ניוואה,מיליליטרים,50.00,"100 מ""ל",false,,19.90,0.3980,true,1,68435
4005900845733,false,דאודורנט ספריי קול ק,ביירסדורף,DE,ניוואה,מיליליטרים,150.00,"100 מ""ל",false,,18.90,0.1260,true,1,68436
4005900874931,false,ניוואה דאודורנט ספרי,ביירסדורף,DE,ניוואה,מיליליטרים,150.00,"100 מ""ל",false,,18.90,0.1260,true,1,81896
4005900874962,false,ניוואה דאודורנט רול,ביירסדורף,DE,ניוואה,מיליליטרים,50.00,"100 מ""ל",false,,19.90,0.3980,true,1,81897
4005900978950,false,שפתון לובלו בטעם דוב,ביירסדורף,DE,לבלו,גרמים,4.80,100 גרם,false,,9.90,2.0625,true,1,86572
4005900978967,false,שפתון לובלו בטעם וני,ביירסדורף,DE,לבלו,גרמים,4.80,100 גרם,false,,9.90,2.0625,true,1,86573
4005900978974,false,שפתון לובלו בטעם סופ,ביירסדורף,DE,לבלו,גרמים,4.80,100 גרם,false,,9.90,2.0625,true,1,86574
4006381217842,false,עט לבד סטבילו,,,עט לבד סטבילו,יחידה,0.00,יחידה,false,,30.00,0.0000,true,1,79912
4006387085407,false,*מבצע* שלישיית פילטר,בריטה,,בריטה,יח',3.00,יח',false,,79.00,26.3333,true,1,37556
4007745058804,false,מיונז אמיתי אורגני -,הורליין,DE,נטורפוד,גרמים,340.00,100 גרם,false,,24.90,0.0732,true,1,82735
4008287051032,false,קרומבאכר פילס פחית 0,קרומבכר בראורי,DE,קרומבאכר פילס פחית 0,מיליליטרים,500.00,"100 מ""ל",false,,9.90,0.0198,true,1,67185
4008287058161,false,*מבצע* קרומבאכר פילס,קרומבכר בראורי,DE,*מבצע* קרומבאכר פילס,ליטרים,1.98,ליטר,false,,29.90,15.1010,true,1,67186
4008287762020,false,קרומבאכר חיטה בקבוק,קרומבכר בראורי,DE,קרומבאכר חיטה בקבוק,מיליליטרים,500.00,"100 מ""ל",false,,9.90,0.0198,true,1,67187
4008287905786,false,קרומבאכר חיטה פחית 0,קרומבכר בראורי,DE,קרומבאכר חיטה פחית 0,מיליליטרים,500.00,"100 מ""ל",false,,9.90,0.0198,true,1,67188
4008400290126,false,עוגת ספוג מצופה שוקו,פררו,TR,עוגת ספוג מצופה שוקו,גרמים,30.00,100 גרם,false,,3.90,0.1300,true,1,67459
4008400290423,false,עוגת ספוג מצופה קינד,פררו,TR,עוגת ספוג מצופה קינד,גרמים,120.00,100 גרם,false,,12.90,0.1075,true,1,67465
4008429056710,false,ויסקס ביף 400 גר,,,ויסקס ביף 400 גר,יחידה,0.00,יחידה,false,,9.90,0.0000,true,1,62533
4009300524588,false,*מבצע* פומפדור חליטת,TEEKANNE- POMPADOU,DE,פומפדור,גרמים,30.00,100 גרם,false,,10.90,0.3633,true,1,18060
4009900402965,false,אורביט וויט פירות בק,ריגלי,PL,אורביט,יח',46.00,יח',false,,9.90,0.2152,true,1,14601
4009900403023,false,אורביט וויט קלאסי בק,ריגלי,PL,אורביט,יח',46.00,יח',false,,9.90,0.2152,true,1,14602
4009900420129,false,אורביט פרופשנל פפרמי,ריגלי,PL,אורביט,יח',46.00,יח',false,,9.90,0.2152,true,1,55217
4009900426039,false,אירוובס מנטה אקליפטו,מרס,PL,איירוויבז,יח',46.00,יח',false,,9.90,0.2152,true,1,30382
4009900426121,false,אירוובס אוכמניות בקב,מרס,PL,איירוויבז,יח',46.00,יח',false,,9.90,0.2152,true,1,30383
4009900455299,false,סקיטלס בטעם פירות 17,ריגלי,CZ,סקיטלס,גרמים,174.00,100 גרם,false,,8.90,0.0511,true,1,14608
4009900465304,false,סקיטלס בטעם חמוץ 174,ריגלי,CZ,סקיטלס,גרמים,174.00,100 גרם,false,,8.90,0.0511,true,1,14609
4009900479998,false,אורביט אוכמניות בקבו,ריגלי,PL,אורביט,יח',46.00,יח',false,,9.90,0.2152,true,1,14612
4009900482417,false,אורביט בקבוקון בבלמי,ריגלי,PL,אורביט,גרמים,14.00,100 גרם,false,,9.90,0.7071,true,1,14613
4009900483803,false,אירוובס מנטה אקליפטו,ריגלי,GB,אורביט,גרמים,84.00,100 גרם,false,,12.90,0.1536,true,1,56908
4009900484060,false,אורביט בקבוק פפרמינט,ריגלי,GB,אורביט,גרמים,84.00,100 גרם,false,,12.90,0.1536,true,1,14615
4009900484091,false,אורביט בקבוק ספירמינ,ריגלי,GB,אורביט,גרמים,84.00,100 גרם,false,,12.90,0.1536,true,1,14616
4009900484305,false,אורביט בקבוק סוויטמי,ריגלי,GB,אורביט,גרמים,64.00,100 גרם,false,,12.90,0.2016,true,1,14617
4009900491044,false,אירוובס בקבוק אוכמני,ריגלי,GB,אורביט,גרמים,84.00,100 גרם,false,,12.90,0.1536,true,1,56909
4009900496247,false,אורביט בקבוק בבלמינט,ריגלי,GB,אורביט,גרמים,84.00,100 גרם,false,,12.90,0.1536,true,1,33083
4009900509770,false,אורביט בקבוק תות 60,ריגלי,GB,אורביט,גרמים,84.00,100 גרם,false,,12.90,0.1536,true,1,27637
4009900531122,false,אורביט פרופשיונל ספי,ריגלי,PL,אורביט,יח',46.00,יח',false,,9.90,0.2152,true,1,55218
4009900531573,false,סקיטלס סמודיס 174ג',ריגלי,CZ,סקיטלס,גרמים,174.00,100 גרם,false,,8.90,0.0511,true,1,56910
4009900536257,false,אורביט רפרשרס ספירמי,ריגלי,PL,מרס ריגלי,גרמים,67.00,100 גרם,false,,11.90,0.1776,true,1,66561
4009900536288,false,אורביט רפרשרס פפרמינ,ריגלי,PL,מרס ריגלי,גרמים,67.00,100 גרם,false,,11.90,0.1776,true,1,66562
4009900536486,false,אורביט רפרשרס באבלמי,ריגלי,PL,מרס ריגלי,גרמים,67.00,100 גרם,false,,11.90,0.1776,true,1,66563
4009900539685,false,מסטיק פייב באונס בטע,דרמרס,PL,מסטיק פייב באונס בטע,גרמים,61.80,100 גרם,false,,11.90,0.1926,true,1,71401
4009900539746,false,מסטיק פייב באונס בטע,דרמרס,PL,מסטיק פייב באונס בטע,גרמים,61.80,100 גרם,false,,11.90,0.1926,true,1,71402
4011100001220,false,מרס מיני 403 גרם,מרס,NL,מרס,גרמים,403.00,100 גרם,false,,19.90,0.0494,true,1,3451
4011100002227,false,באונטי מיני 403 גרם,מרס,NL,מרס,גרמים,403.00,100 גרם,false,,19.90,0.0494,true,1,3452
4011800528416,false,קורני חטיפי דגנים בו,Schwartauer,DE,קורני,גרמים,150.00,100 גרם,false,,12.90,0.0860,true,1,60395
4011800567613,false,קורני חטיפי דגנים שח,Schwartauer,DE,קורני,גרמים,120.00,100 גרם,false,,12.90,0.1075,true,1,7999
4011800577810,false,קורני חטיפי  FREE נו,Schwartauer,DE,קורני,גרמים,120.00,100 גרם,false,,12.90,0.1075,true,1,69607
4011800628512,false,קורני חטיפי דגנים+שו,Schwartauer,DE,קורני,גרמים,150.00,100 גרם,false,,12.90,0.0860,true,1,8014
4011800630515,false,קורני חטיפי דגנים שו,Schwartauer,DE,קורני,גרמים,150.00,100 גרם,false,,12.90,0.0860,true,1,8016
4011800632519,false,קורני חטיפי דגנים קו,Schwartauer,DE,קורני,גרמים,150.00,100 גרם,false,,12.90,0.0860,true,1,8018
4011800633516,false,קורני חטיפי דגנים שו,Schwartauer,DE,קורני,גרמים,138.00,100 גרם,false,,12.90,0.0935,true,1,8019
4011800636517,false,קורני חטיפי  FREE שו,Schwartauer,DE,קורני,גרמים,120.00,100 גרם,false,,12.90,0.1075,true,1,8021
4013227013391,false,אוטום קרים כשר,קוימנס,NL,אוטום,מיליליטרים,700.00,"100 מ""ל",false,,39.90,0.0570,true,1,10715
4014400901191,false,מרסי 250 גרם,שטורק,DE,מרסי,גרמים,250.00,100 גרם,false,,24.90,0.0996,true,1,11824
4014400901412,false,מרסי 250 גרם,שטורק,DE,מרסי,גרמים,250.00,100 גרם,false,,24.90,0.0996,true,1,11826
4014400904277,false,סוכריות אייס פרש,שטורק,DE,שטורק,גרמים,425.00,100 גרם,false,,14.90,0.0351,true,1,11828
4014400904376,false,סוכריות שוקולד,שטורק,DE,שטורק,גרמים,325.00,100 גרם,false,,14.90,0.0458,true,1,11829
4014400904390,false,סוכריות וולמיש,שטורק,DE,שטורק,גרמים,325.00,100 גרם,false,,14.90,0.0458,true,1,11830
4014400907902,false,סוכריות וורטר בוקס,שטורק,DE,וורטרס אורגינל,גרמים,42.00,100 גרם,false,,5.90,0.1405,true,1,11831
4014400910063,false,סוכריות חמאה וורטר,שטורק,DE,וורטרס אורגינל,גרמים,135.00,100 גרם,false,,7.90,0.0585,true,1,11836
4014400913910,false,סוכריות חמאה וורטר ב,שטורק,DE,וורטרס אורגינל,גרמים,125.00,100 גרם,false,,7.90,0.0632,true,1,11838
4014400914696,false,סוכריות וורטר חמאה,שטורק,DE,וורטרס אורגינל,גרמים,80.00,100 גרם,false,,7.90,0.0988,true,1,11839
4014400914924,false,סוכריות וורטר קפה,שטורק,DE,וורטרס אורגינל,גרמים,80.00,100 גרם,false,,7.90,0.0988,true,1,11840
4014400920857,false,סוכריות וורטר שוקולד,שטורק,DE,וורטר,גרמים,70.00,100 גרם,false,,7.90,0.1129,true,1,11841
4014400923711,false,טופיפי 125 גרם,שטורק,DE,טופיפי,גרמים,125.00,100 גרם,false,,11.90,0.0952,true,1,31183
4014400925319,false,פופקורן קרמל וורטר 1,שטורק,DE,פופקורן קרמל וורטר 1,גרמים,140.00,100 גרם,false,,14.90,0.1064,true,1,65743
4014400929010,false,חטיף וופל מיני קנופר,אוגוסט שטורק,DE,חטיף וופל מיני קנופר,גרמים,200.00,100 גרם,false,,17.90,0.0895,true,1,70273
4015000031394,false,ספטיל משחה,הנקל סוד,IL,הנקל סוד,מיליליטרים,200.00,"100 מ""ל",false,,14.90,0.0745,true,1,20491
4015000280211,false,*מבצע* דאודורנט רול,שוורצקופף והנקל,DE,פה,מיליליטרים,50.00,"100 מ""ל",false,,9.90,0.1980,true,1,5077
4015000997430,false,*מבצע* דאודורנט ספרי,שוורצקופף והנקל,DE,פה,מיליליטרים,200.00,"100 מ""ל",false,,9.90,0.0495,true,1,5130
4015400564034,false,מגן תח.אולוויז +L מג,פרוקטר אנד גמבל,DE,אולוויז,יח',68.00,יח',false,,17.90,0.2632,true,1,21153
4015400564454,false,מגן תח.אולוויז L מגה,פרוקטר אנד גמבל,DE,אולוויז,יח',68.00,יח',false,,17.90,0.2632,true,1,21155
4015400681670,false,אולוויז לילה 18 יח,פרוקטר אנד גמבל,DE,אולוויז,יח',18.00,יח',false,,16.90,0.9389,true,1,28451
4015400731719,false,אולוויז דואו נייט 20,פרוקטר אנד גמבל,DE,Fem Care,יח',20.00,יח',false,,16.90,0.8450,true,1,28692
4015400746812,false,מגן תח.אולוויז N מגה,פרוקטר אנד גמבל,DE,אולוויז,יח',80.00,יח',false,,17.90,0.2237,true,1,28939
4015400755241,false,אולוויז דואו נורמל +,פרוקטר אנד גמבל,DE,Fem Care,יח',28.00,יח',false,,16.90,0.6036,true,1,28693
4015600762742,false,"שמפו שולדרס 500 מ""ל",פרוקטר אנד גמבל,FR,H&S,מיליליטרים,500.00,"100 מ""ל",false,,18.90,0.0378,true,1,8338
4015600762780,false,"שמפו שולדרס 500 מ""ל",פרוקטר אנד גמבל,FR,H&S,מיליליטרים,500.00,"100 מ""ל",false,,18.90,0.0378,true,1,8339
4015600762902,false,"שמפו שולדרס 500 מ""ל",פרוקטר אנד גמבל,FR,H&S,מיליליטרים,500.00,"100 מ""ל",false,,18.90,0.0378,true,1,8342
4015600762940,false,"שמפו שולדרס 500 מ""ל",פרוקטר אנד גמבל,FR,Head&shoulders,מיליליטרים,500.00,"100 מ""ל",false,,18.90,0.0378,true,1,8343
4015600763022,false,"שמפו שולדרס 500 מ""ל",פרוקטר אנד גמבל,FR,Head&shoulders,מיליליטרים,500.00,"100 מ""ל",false,,18.90,0.0378,true,1,8345
4015600766900,false,"שמפו שולדרס 500 מ""ל",פרוקטר אנד גמבל,FR,Head&shoulders,מיליליטרים,500.00,"100 מ""ל",false,,18.90,0.0378,true,1,8350
4017100160417,false,גלילי וופל בלזן וניל,,DE,בלזן,גרמים,75.00,100 גרם,false,,7.90,0.1053,true,1,60468
4017100216800,false,וופל מיניס,,DE,בלזן,גרמים,100.00,100 גרם,false,,7.90,0.0790,true,1,11850
4017100219900,false,גליליות וופלטון,,,גליליות וופלטון,גרמים,100.00,100 גרם,false,,10.90,0.1090,true,1,11851
4017100290008,false,בסקוויט בלזן מצופה ש,בלזן פולסקה,PL,בלזן,גרמים,125.00,100 גרם,false,,10.90,0.0872,true,1,11854
4017100291005,false,בלזן בסקוויט מצופה ש,בלזן פולסקה,DE,בלזן,גרמים,125.00,100 גרם,false,,10.90,0.0872,true,1,11855
4017100366239,false,ליבניץ אנד קרים 190,,,גליליות וופלטון,גרמים,190.00,100 גרם,false,,10.90,0.0574,true,1,58694
4018344564672,false,*מבצע* לרסן פילה הרי,ס.י.א קרבלה,LV,*מבצע* לרסן פילה הרי,גרמים,200.00,100 גרם,false,,8.90,0.0445,true,1,82088
4018344564689,false,*מבצע* לרסן פילה הרי,ס.י.א קרבלה,LV,*מבצע* לרסן פילה הרי,גרמים,200.00,100 גרם,false,,8.90,0.0445,true,1,82091
4018722102656,false,אלב גולד - ספגטי כוס,,,אלב גולד - ספגטי כוס,גרמים,500.00,100 גרם,false,,15.90,0.0318,true,1,82217
4022025001905,false,*מבצע* בלו ווין מבעב,היי סישל סוהן טראבן,DE,*מבצע* בלו ווין מבעב,מיליליטרים,750.00,"100 מ""ל",false,,49.90,0.0665,true,1,55267
4022025001929,false,*מבצע* בלו ווין מבעב,היי סישל סוהן טראבן,DE,*מבצע* בלו ווין מבעב,מיליליטרים,750.00,"100 מ""ל",false,,49.90,0.0665,true,1,55266
4022025261002,false,*מבצע* בלו ווין גוור,לנגוט טראבן,DE,בלו ווין,מיליליטרים,750.00,"100 מ""ל",false,,44.90,0.0599,true,1,33117
4025700001962,false,מילקה שוקולד לבן 100,מונדלייז,DE,מילקה,גרמים,100.00,100 גרם,false,,5.90,0.0590,true,1,63667
4031872260021,false,מצית  טורבו גראס,,,מצית  טורבו גראס,1,1.00,1,false,,6.90,6.9000,true,1,78814
4045787068238,false,*מבצע* צבע לשיער פרו,שוורצקופף והנקל,DE,אינדולה,יח',1.00,יח',false,,13.90,13.9000,true,1,5133
4045787068245,false,*מבצע* צבע לשיער פרו,שוורצקופף והנקל,DE,אינדולה,יח',1.00,יח',false,,13.90,13.9000,true,1,5134
4045787068375,false,*מבצע* צבע לשיער פרו,שוורצקופף והנקל,DE,אינדולה,יח',1.00,יח',false,,13.90,13.9000,true,1,5145
4045787068467,false,*מבצע* צבע לשיער פרו,שוורצקופף והנקל,DE,אינדולה,יח',1.00,יח',false,,13.90,13.9000,true,1,5153
4052197000017,false,*מבצע* בירה חיטה בנד,ביטבורגר,DE,בנדקטינר,מיליליטרים,500.00,"100 מ""ל",false,,9.90,0.0198,true,1,7443
4052197000369,false,בירה בנדקטינר מארז 6,ביטבורגר,DE,בירה בנדקטינר מארז 6,מיליליטרים,1980.00,"100 מ""ל",false,,39.90,0.0202,true,1,32325
4052197000925,false,*מבצע* בירה בנדקטינר,ביטבורגר,DE,בנקטינר,מיליליטרים,500.00,"100 מ""ל",false,,9.90,0.0198,true,1,24451
4052197002806,false,בירה בנדקטינר פחית מ,ביטבורגר,DE,בנדקטינר,ליטרים,2.00,ליטר,false,,29.90,14.9500,true,1,26539
4053700288205,false,*מבצע* ויט קרם הסרת,RECKITT BENCKISER FR,FR,ויט,מיליליטרים,100.00,"100 מ""ל",false,,24.90,0.2490,true,1,7207
4056800943791,false,קרם חמצן להבהרת השיע,פרוקטר אנד גמבל,FR,Wella,מיליליטרים,60.00,"100 מ""ל",false,,3.90,0.0650,true,1,8383
4066600601920,false,"פאולנר פחית 500 מ""ל",,,"פאולנר פחית 500 מ""ל",מיליליטרים,500.00,"100 מ""ל",false,,9.90,0.0198,true,1,63709
4066600999614,false,"בירה פאולנר 500 מ""ל",פאולנר,DE,פאולנר,מיליליטרים,500.00,"100 מ""ל",false,,10.90,0.0218,true,1,32349
4067700014849,false,"יגרמייסטר 70 ס""ל",יגרמייסטר,DE,יגרמייסטר,מיליליטרים,700.00,"100 מ""ל",false,,79.90,0.1141,true,1,29765
4072700003649,false,בקבוק פרנסיסקאנר בהי,Franziskaner,DE,Franziskaner,מיליליטרים,500.00,"100 מ""ל",false,,10.90,0.0218,true,1,11233
4084500065536,false,פנטן קרם לחות 300 מל,פרוקטר אנד גמבל,DE,Pantene,מיליליטרים,300.00,"100 מ""ל",false,,14.90,0.0497,true,1,8385
4084500065598,false,פנטן קרם לתלתלים 300,פרוקטר אנד גמבל,DE,Pantene,מיליליטרים,300.00,"100 מ""ל",false,,14.90,0.0497,true,1,23288
4084500178137,false,טייד נוזל כביסה 4 לי,פרוקטר אנד גמבל,,טייד,ליטרים,4.00,ליטר,false,,31.90,7.9750,true,1,66767
4084500371453,false,טייד  8 קג,פרוקטר אנד גמבל,TR,Tide,קילוגרמים,8.00,"ק""ג",false,,41.90,5.2375,true,1,8393
4084500853836,false,פיירי ורדים ומשי 515,פרוקטר אנד גמבל,GB,פיירי,מיליליטרים,515.00,"100 מ""ל",false,,8.90,0.0173,true,1,24590
4084500853898,false,פיירי אלוורה ומלפפונ,פרוקטר אנד גמבל,GB,פיירי,מיליליטרים,515.00,"100 מ""ל",false,,8.90,0.0173,true,1,24591
4100130937163,false,*מבצע* בירה בקס שישי,Beck and Co,DE,Beck and Co,ליטרים,1.65,ליטר,false,,21.90,13.2727,true,1,23986
4105120623941,false,"בירה ויינשטפן 500 מ""",קרלסברג ישראל,DE,"בירה ויינשטפן 500 מ""",מיליליטרים,500.00,"100 מ""ל",false,,10.90,0.0218,true,1,34512
4189454864560,false,מארז 6 יח' מכחולים,,,מארז 6 יח' מכחולים,יחידה,0.00,יחידה,false,,6.90,0.0000,true,1,79030
4189454864584,false,טושים דו צדדים 10 יח,,,טושים דו צדדים 10 יח,יחידה,0.00,יחידה,false,,6.90,0.0000,true,1,79032
4189454864638,false,מארז עפרונות צבעוניי,,,מארז עפרונות צבעוניי,יחידה,0.00,יחידה,false,,5.90,0.0000,true,1,79035
4250607080021,false,שטיח סולטן 2.2*1.6,,,שטיח סולטן 2.2*1.6,יחידה,0.00,יחידה,false,,209.00,0.0000,true,1,80872
4251039439682,false,מצית ענק עם פנס,,,מצית ענק עם פנס,יחידה,0.00,יחידה,false,,6.90,0.0000,true,1,78815
4251039439712,false,מצית ענק טורבו,,,מצית ענק טורבו,יחידה,0.00,יחידה,false,,12.90,0.0000,true,1,78816
4524672156453,false,אזיקונים 50 יח' 4.8*,,,אזיקונים 50 יח' 4.8*,יחידה,0.00,יחידה,false,,5.00,0.0000,true,1,75961
4524672156460,false,אזיקונים 100 יח' 2.5,,,אזיקונים 100 יח' 2.5,יחידה,0.00,יחידה,false,,3.00,0.0000,true,1,75962
4547597815526,false,כבל לבן אייפון,,,כבל לבן אייפון,יחידה,0.00,יחידה,false,,50.00,0.0000,true,1,80268
4600659010854,false,*מבצע* סטולי פרימיום,אס פי איי,RU,וודקה סטולי אדום,מיליליטרים,700.00,"100 מ""ל",false,,59.90,0.0856,true,1,10718
4602486002071,false,"וודקה בלנקאיה 700 מ""",,RU,"וודקה בלנקאיה 700 מ""",מיליליטרים,700.00,"100 מ""ל",false,,54.90,0.0784,true,1,64844
4603400000043,false,*מבצע* וודקה רוסקי ס,,,וודקה רוסקי סטנדרט 700,מיליליטרים,700.00,"100 מ""ל",false,,59.90,0.0856,true,1,6839
4605561010305,false,פילה הרינג עם שמיר ב,,,פילה הרינג עם שמיר ב,גרמים,500.00,100 גרם,false,,25.90,0.0518,true,1,69973
4605561010343,false,פילה הרינג בשמן חתיכ,,,פילה הרינג בשמן חתיכ,גרמים,500.00,100 גרם,false,,25.90,0.0518,true,1,69974
4605561011975,false,חתיכות פילה הרינג בש,,,חתיכות פילה הרינג בש,גרמים,150.00,100 גרם,false,,7.90,0.0527,true,1,64054
4607012351999,false,גרעיני מרטין עם מלח,מרטין,RU,מרטין,גרמים,200.00,100 גרם,false,,12.90,0.0645,true,1,57698
4607060754391,false,נופר רולר + מילוי,Ningbo cleaning indu,CN,נופר,יח',1.00,יח',false,,15.90,15.9000,true,1,9816
4632768532415,false,פאזל עץ צורות,,,פאזל עץ צורות,יחידה,0.00,יחידה,false,,10.90,0.0000,true,1,85345
4640018993343,false,*מבצע* טבליות פיניש,רקיט בנקיזר,PL,*מבצע* טבליות פיניש,יח',30.00,יח',false,,34.90,1.1633,true,1,63631
4640018993398,false,פיניש קוואנטום 60 יח,רקיט בנקיזר,PL,פיניש קוואנטום 60 יח,יח',60.00,יח',false,,59.90,0.9983,true,1,63897
4710068001692,false,מאסטר קפה לאטה 240 מ,L.S XILAGORA,TW,מאסטר קפה,מיליליטרים,240.00,"100 מ""ל",false,,5.90,0.0246,true,1,3804
4710068001715,false,מאסטר קפה טרמיסו 240,L.S XILAGORA,TW,מאסטר קפה,מיליליטרים,240.00,"100 מ""ל",false,,5.90,0.0246,true,1,3805
4710068001739,false,מאסטר קפה קולומביאני,L.S XILAGORA,TW,מאסטר קפה,מיליליטרים,240.00,"100 מ""ל",false,,5.90,0.0246,true,1,3806
4710964104916,false,*מבצע* שמן שומשום טה,flavor full foods,CN,מזרח ומערב,מיליליטרים,370.00,"100 מ""ל",false,,19.90,0.0538,true,1,29715
4715709231216,false,עט מחיקה ראש מתכת,,,עט מחיקה ראש מתכת,יחידה,0.00,יחידה,false,,5.00,0.0000,true,1,83736
4740098098331,false,קוקטייל בלו לאגון 0.,אה לי קוק,EE,אה לי קוק,מיליליטרים,330.00,"100 מ""ל",false,,9.90,0.0300,true,1,82550
4740098098355,false,קוקטייל מוחיטו 0.33,אה לי קוק,EE,אה לי קוק,מיליליטרים,330.00,"100 מ""ל",false,,9.90,0.0300,true,1,79598
4740098098379,false,קוקטייל מרגריטה 0.33,אה לי קוק,EE,אה לי קוק,מיליליטרים,330.00,"100 מ""ל",false,,9.90,0.0300,true,1,79599
4740098098393,false,קוקטייל סקס און דה ב,אה לי קוק,EE,אה לי קוק,מיליליטרים,330.00,"100 מ""ל",false,,9.90,0.0300,true,1,79600
4750142003426,false,בירה פילזנר אקסטרה פ,צ'סו אלוס,LV,פילזנר,מיליליטרים,500.00,"100 מ""ל",false,,6.90,0.0138,true,1,65787
4750142016518,false,בירה צ'סו לא מסוננת,צ'סו אלוס,LV,צ'סו,מיליליטרים,568.00,"100 מ""ל",false,,8.90,0.0157,true,1,57714
4750142021505,false,בירה פילזנר פחית 0.5,צ'סו אלוס,LV,פילזנר,מיליליטרים,500.00,"100 מ""ל",false,,6.90,0.0138,true,1,57715
4751007738064,false,*מבצע* לרסן שפרוטים,ס.י.א קרבלה,LV,*מבצע* לרסן שפרוטים,גרמים,160.00,100 גרם,false,,9.90,0.0619,true,1,82086
4751007738095,false,*מבצע* לרסן סלט סלמו,ס.י.א קרבלה,LV,*מבצע* לרסן סלט סלמו,גרמים,220.00,100 גרם,false,,9.90,0.0450,true,1,82089
4791021002789,false,תה ירוק 2 גרם 100 שק,,,תה ירוק 200 גרם,גרמים,200.00,100 גרם,false,,21.90,0.1095,true,1,3358
4791021944720,false,תה ארל גריי ספיישל 2,,,תה ארל גריי ספיישל 200 גר,גרמים,200.00,100 גרם,false,,23.90,0.1195,true,1,41802
4796019790013,false,גרין קוקו - שמן קוקו,,,גרין קוקו - שמן קוקו,גרמים,300.00,100 גרם,false,,19.90,0.0663,true,1,82221
4800888219510,false,דאב דאו סטיק מלפפוני,יונילוור מקסיקו - HP,MX,DOVE,גרמים,50.00,100 גרם,false,,14.90,0.2980,true,1,67958
4800888219534,false,דאב דאו סטיק אוריגינ,,,דאב דאו סטיק לאישה,גרמים,50.00,100 גרם,false,,14.90,0.2980,true,1,67605
4810168000011,false,פילה דג הרינג מלוח מ,סנטה ברמור,BY,פילה דג הרינג מלוח מ,גרמים,250.00,100 גרם,false,,12.90,0.0516,true,1,55941
4810168000998,false,חתיכות פילה דג הרינג,סנטה ברמור,BY,חתיכות פילה דג הרינג,גרמים,260.00,100 גרם,false,,17.90,0.0688,true,1,55942
4810168001056,false,חתיכות פילה דג הרינג,סנטה ברמור,BY,חתיכות פילה דג הרינג,גרמים,260.00,100 גרם,false,,17.90,0.0688,true,1,55943
4810168018795,false,חתיכות פילה דג הרינג,סנטה ברמור,BY,חתיכות פילה דג הרינג,גרמים,200.00,100 גרם,false,,12.90,0.0645,true,1,55946
4810168019051,false,חתיכות פילה דג הרינג,סנטה ברמור,BY,חתיכות פילה דג הרינג,גרמים,200.00,100 גרם,false,,12.90,0.0645,true,1,55947
4810168058975,false,חתיכות פילה דג הרינג,סנטה ברמור,BY,חתיכות פילה דג הרינג,גרמים,260.00,100 גרם,false,,17.90,0.0688,true,1,83352
4810168058982,false,חתיכות פילה דג הרינג,סנטה ברמור,BY,חתיכות פילה דג הרינג,גרמים,400.00,100 גרם,false,,26.90,0.0672,true,1,83468
4813245121210,false,קרש חיתוך במבוק 18*2,,,קרש חיתוך במבוק 18*2,יחידה,0.00,יחידה,false,,12.90,0.0000,true,1,75974
4813245121227,false,קרש חיתוך במבוק 22*3,,,קרש חיתוך במבוק 22*3,יחידה,0.00,יחידה,false,,15.90,0.0000,true,1,75975
4813245121234,false,קרש חיתוך במבוק 34*2,,,קרש חיתוך במבוק 34*2,יחידה,0.00,יחידה,false,,20.90,0.0000,true,1,75976
4820229031311,false,חורטיצה 0.7 פלטינום,אוקראיניאן דיסטריביו,UA,חורטיצה,מיליליטרים,700.00,"100 מ""ל",false,,54.90,0.0784,true,1,64931
4860019001346,false,מים מינרלים בורזומי,,,מים מינרלים בורזומי 500,מיליליטרים,500.00,"100 מ""ל",false,,6.90,0.0138,true,1,6846
4860019001414,false,מים בורזומי 750 מל,,,מים בורזומי 750 מל,מיליליטרים,750.00,"100 מ""ל",false,,7.90,0.0105,true,1,6847
4891228430085,false,שיק אקסטרים 3 קומפור,Schick,CN,שיק,יח',4.00,יח',false,,14.90,3.7250,true,1,18068
4891228430092,false,שיק אקסטרים 3 קומפור,Schick,CN,שיק,יח',4.00,יח',false,,14.90,3.7250,true,1,18069
4895236170704,false,פרח גבעול ארוך דק 12,,,פרח גבעול ארוך דק 12,יחידה,0.00,יחידה,false,,15.90,0.0000,true,1,75978
4902506070463,false,טוש סימון פרמננטי פנ,,,טוש סימון פרמננטי פנ,יחידה,0.00,יחידה,false,,5.00,0.0000,true,1,83648
4902506070470,false,טוש סימון פרמננטי פנ,,,טוש סימון פרמננטי פנ,יחידה,0.00,יחידה,false,,5.00,0.0000,true,1,83649
4902506079855,false,סט 3 עופרות -0.5 פנט,,,סט 3 עופרות -0.5 פנט,יחידה,0.00,יחידה,false,,5.90,0.0000,true,1,80453
4902506079862,false,סט 3 עופרות -0.7 פנט,,,סט 3 עופרות -0.7 פנט,יחידה,0.00,יחידה,false,,5.90,0.0000,true,1,80022
4903001904192,false,"רוטב סויה 500 מ""ל יא",יאמאסה,JP,"רוטב סויה 500 מ""ל",מיליליטרים,500.00,"100 מ""ל",false,,17.90,0.0358,true,1,11863
4903001925784,false,רוטב סויה פרימיום דל,,,רוטב סויה פרימיום דל,מיליליטרים,500.00,"100 מ""ל",false,,17.90,0.0358,true,1,23057
4904530588716,false,אלקליין בליסטר/1יח T,,,אלקליין בליסטר/1יח T,יחידה,0.00,יחידה,false,,12.90,0.0000,true,1,70437
4904530589126,false,אלקליין בליסטר 4 יח,,,אלקליין בליסטר 4 יח,יחידה,0.00,יחידה,false,,9.90,0.0000,true,1,74461
4904530589133,false,אלקליין בליסטר 4 יח,,,אלקליין בליסטר 4 יח,יחידה,0.00,יחידה,false,,9.90,0.0000,true,1,74462
4904530591501,false,אלקליין בליסטר 10 יח,,,אלקליין בליסטר 10 יח,יחידה,0.00,יחידה,false,,19.90,0.0000,true,1,74467
4904530591525,false,אלקליין בליסטר 10 יח,,,אלקליין בליסטר 10 יח,יחידה,0.00,יחידה,false,,19.90,0.0000,true,1,74469
5000054351900,false,פריסקיז פטה דג אוקיי,,,פריסקיז פטה דג אוקיי,גרמים,156.00,100 גרם,false,,6.90,0.0442,true,1,82991
5000054357100,false,פריסקיז פטה מיקס גרי,,,פריסקיז פטה מיקס גרי,גרמים,156.00,100 גרם,false,,6.90,0.0442,true,1,82994
5000054359500,false,פריסקיז פטה כבד ועוף,,,פריסקיז פטה כבד ועוף,גרמים,156.00,100 גרם,false,,6.90,0.0442,true,1,82995
5000157143365,false,היינץ מיוקטשופ 425 ג,HEINZ,PL,היינץ,מיליליטרים,425.00,"100 מ""ל",false,,14.90,0.0351,true,1,60457
5000159407236,false,מרס חטיף בודד 51 גרם,מרס,NL,מרס,גרמים,51.00,100 גרם,false,,3.90,0.0765,true,1,3456
5000159409179,false,סניקרס מיני 403 גרם,מרס,NL,מרס,גרמים,403.00,100 גרם,false,,19.90,0.0494,true,1,3457
5000159414197,false,מלטיזרס 135 גרם,מרס,US,מלטיזרס 135 גרם,גרמים,135.00,100 גרם,false,,9.90,0.0733,true,1,81652
5000159442572,false,טוויקס מיני 403 גרם,מרס,NL,מרס,גרמים,403.00,100 גרם,false,,19.90,0.0494,true,1,3458
5000159452540,false,מארז סניקרס חמישייה,מרס,NL,מארז סניקרס חמישייה,גרמים,250.00,100 גרם,false,,9.90,0.0396,true,1,63716
5000159452663,false,מארז מרס חמישייה 250,מרס,NL,מארז מרס חמישייה 250,גרמים,250.00,100 גרם,false,,9.90,0.0396,true,1,67710
5000159452977,false,מיקס מיני 400 גרם,מרס,NL,מרס,גרמים,400.00,100 גרם,false,,19.90,0.0497,true,1,3459
5000159459228,false,טוויקס חטיף בודד 50,מרס,NL,מרס,גרמים,50.00,100 גרם,false,,3.90,0.0780,true,1,3461
5000159461122,false,סניקרס חטיף בודד 50,מרס,NL,מרס,גרמים,50.00,100 גרם,false,,3.90,0.0780,true,1,3462
5000159538626,false,מארז טוויקס חמישייה,מרס,NL,מארז טוויקס חמישייה,גרמים,250.00,100 גרם,false,,9.90,0.0396,true,1,67711
5000168199245,false,שוקולד גודייבה פיור,גודייבה,TR,גודייבה,גרמים,90.00,100 גרם,false,,14.90,0.1656,true,1,54930
5000189974579,false,קיט קט מיני 200 גרם,נסטלה,DE,סמרטיס,גרמים,200.00,100 גרם,false,,13.90,0.0695,true,1,36428
5000204220933,false,רייד קוטל מעופפים אק,SC Jonson,NL,רייד,מיליליטרים,300.00,"100 מ""ל",false,,14.90,0.0497,true,1,81993
5000204243000,false,דאק נוזל אפרסק על חל,,,דאק נוזל אפרסק על חל,מיליליטרים,750.00,"100 מ""ל",false,,8.90,0.0119,true,1,77005
5000204658064,false,קיווי אקספרס ספוג הב,אס סי ג'ונסון,ID,קיווי אקספרס ספוג הב,יח',1.00,יח',false,,13.90,13.9000,true,1,34683
5000394140820,false,דורסל שישיות AA פלוס,דורסל,BE,דורסל,יח,6.00,יח,false,,21.90,3.6500,true,1,69390
5000394141209,false,דורסל שישיות AA פלוס,דורסל,BE,דורסל,יח,6.00,יח,false,,21.90,3.6500,true,1,69391
5000394142190,false,דורסל 9 V פלוס פאוור,דורסל,CN,דורסל,יח',1.00,יח',false,,24.90,24.9000,true,1,85962
5000396037531,false,מקוויטיס ביסקוויט מצ,mcvities digestive,GB,MCVITIES DIGESTIVE,גרמים,200.00,100 גרם,false,,10.90,0.0545,true,1,34098
5000396037548,false,מקוויטיס ביסקוויט מצ,mcvities digestive,GB,MCVITIES DIGESTIVE,גרמים,200.00,100 גרם,false,,10.90,0.0545,true,1,34099
5010026515919,false,מוזלי מורנפלייק קריס,,GB,מוזלי מורנפלייק קריס,גרמים,650.00,100 גרם,false,,23.90,0.0368,true,1,82887
5010026515933,false,מוזלי מורנפלייק קריס,,GB,מוזלי מורנפלייק קריס,גרמים,750.00,100 גרם,false,,23.90,0.0319,true,1,82888
5010038454831,false,בקבוק בירה בלומון 33,בירה מלכה,IL,מלכה,מיליליטרים,330.00,"100 מ""ל",false,,12.90,0.0391,true,1,58374
5010123703585,false,"ליסטרין מי פה 500 מ""",גונסון אנד גונסון,IT,ליסטרין,מיליליטרים,500.00,"100 מ""ל",false,,14.90,0.0298,true,1,27113
5010182997253,false,רייד מקס,SC Jonson,NL,רייד,מיליליטרים,300.00,"100 מ""ל",false,,14.90,0.0497,true,1,8037
5010182997338,false,דאק ג'ל אסלה רענן יר,DEOFLOR,IT,דאק,מיליליטרים,55.00,"100 מ""ל",false,,9.90,0.1800,true,1,8038
5010182997918,false,דאק ג'ל אסלה ים כחול,DEOFLOR,IT,דאק,גרמים,55.00,100 גרם,false,,9.90,0.1800,true,1,8042
5010182998847,false,"דאק נוזל ים 750 מ""ל",,,"דאק נוזל ים 750 מ""ל",מיליליטרים,750.00,"100 מ""ל",false,,8.90,0.0119,true,1,24870
5010182998861,false,"דאק נוזל רענן 750 מ""",,,"דאק נוזל רענן 750 מ""",מיליליטרים,750.00,"100 מ""ל",false,,8.90,0.0119,true,1,24871
5010327000046,false,"וויסקי גרנטס 700 מ""ל",גרנט'ס,,וויסקי גרנטס,מיליליטרים,700.00,"100 מ""ל",false,,69.90,0.0999,true,1,10719
5010327399614,false,*מבצע* גלנפידיך 12 א,גלנפידיך,GB,*מבצע* גלנפידיך 12 א,מיליליטרים,700.00,"100 מ""ל",false,,149.00,0.2129,true,1,85635
5010677551281,false,בקרדי בריזר לימון,טמפו,DE,בקרדי,מיליליטרים,275.00,"100 מ""ל",false,,13.90,0.0505,true,1,10885
5010677551397,false,בקרדי בריזר לימון לי,"בקרדי בע""מ",DE,בקרדי בריזר לימון ליים,מיליליטרים,275.00,"100 מ""ל",false,,13.90,0.0505,true,1,10886
5010677552387,false,בקרדי בריזר אננס,טמפו,DE,בקרדי,מיליליטרים,275.00,"100 מ""ל",false,,13.90,0.0505,true,1,10887
5010677554398,false,בקרדי בריזר אבטיח,טמפו,DE,בקרדי,מיליליטרים,275.00,"100 מ""ל",false,,13.90,0.0505,true,1,10888
5010677850100,false,*מבצע* וודקה גרייגוס,,,*מבצע* וודקה גרייגוס,מיליליטרים,700.00,"100 מ""ל",false,,104.90,0.1499,true,1,57048
5014271300429,false,סאנט דלפור משמש 284,סאנטדלפור,FR,סאנטדלפור,גרמים,284.00,100 גרם,false,,19.90,0.0701,true,1,12765
5014271310428,false,סאנט דלפור דובדבן 28,סאנטדלפור,FR,סאנטדלפור,גרמים,284.00,100 גרם,false,,19.90,0.0701,true,1,12766
5014271330426,false,סאנט דלפור אוכמניות,סאנטדלפור,FR,סאנטדלפור,גרמים,284.00,100 גרם,false,,19.90,0.0701,true,1,12767
5014271360423,false,סאנט דלפור תפוז 284,סאנטדלפור,FR,סאנטדלפור,גרמים,284.00,100 גרם,false,,19.90,0.0701,true,1,12769
5014271400426,false,סאנט דלפור תות שדה 2,סאנטדלפור,FR,סאנטדלפור,גרמים,284.00,100 גרם,false,,19.90,0.0701,true,1,12772
5014379009972,false,פחית בירה באדוויזר 5,איי.בי. אינבוו,GB,פחית בירה באדוויזר 5,מיליליטרים,500.00,"100 מ""ל",false,,9.90,0.0198,true,1,59120
5024546366609,false,*מבצע* ויסקי לאודרס,,,וויסקי לאודרס,מיליליטרים,700.00,"100 מ""ל",false,,69.90,0.0999,true,1,7451
5026489483955,false,חטיף חומוס סיסולט 45,איט ריל,GB,חטיף חומוס סיסולט 45,גרמים,45.00,100 גרם,false,,6.90,0.1533,true,1,67600
5026489484006,false,חטיף עדשים טומטו 40,איט ריל,GB,חטיף עדשים טומטו 40,גרמים,40.00,100 גרם,false,,6.90,0.1725,true,1,67602
5029053538426,false,האגיס ליטל סוו,KC Czech,CZ,האגיס,יח',11.00,יח',false,,29.90,2.7182,true,1,10625
5035766044673,false,סיידר תפוחים סטרונגב,,,סיידר תפוחים סטרונגבאו 33,מיליליטרים,330.00,"100 מ""ל",false,,7.50,0.0227,true,1,10891
5059001003713,false,איירוויק מקלות תאנה,רקיט בנקיזר,HU,אירוויק,מיליליטרים,30.00,"100 מ""ל",false,,14.90,0.4967,true,1,86197
5060517886486,false,משקה אנרגיה מונסטר א,מונסטר אנרג'י לימטד,RS,מונסטר,מיליליטרים,500.00,"100 מ""ל",false,,6.50,0.0130,true,1,64637
5060517886516,false,משקה אנרגיה מונסטר א,מונסטר אנרג'י לימטד,RS,משקה אנרגיה מונסטר א,מיליליטרים,500.00,"100 מ""ל",false,,6.50,0.0130,true,1,64638
5060573542302,false,ריינבוקורן מארז בובו,,,ריינבוקורן מארז בובו,יחידה,0.00,יחידה,false,,40.00,0.0000,true,1,82178
5060639129102,false,משקה אנרגיה מונסטר מ,מונסטר אנרג'י לימטד,RS,משקה אנרגיה מונסטר מ,מיליליטרים,500.00,"100 מ""ל",false,,6.50,0.0130,true,1,66636
5060751218173,false,משקה אנרגיה מונסטר א,מונסטר אנרג'י לימטד,RS,משקה אנרגיה מונסטר א,מיליליטרים,500.00,"100 מ""ל",false,,6.50,0.0130,true,1,81951
5060751219033,false,משקה אנרגיה מונסטר א,מונסטר אנרג'י לימטד,RS,משקה אנרגיה מונסטר א,מיליליטרים,500.00,"100 מ""ל",false,,6.50,0.0130,true,1,81952
5200133120476,false,גליליות וופלים 400 ג,"ד.פ.מ בע""מ",GR,גולדן ברייק,גרמים,400.00,100 גרם,false,,15.90,0.0398,true,1,37598
5201004020338,false,גליליות עם קרם אגוזי,פפדופולוס,GR,גליליות עם קרם אגוזי,גרמים,400.00,100 גרם,false,,19.90,0.0497,true,1,67593
5201085540084,false,סוכריות ג'לי 700 גרם,פאלאס אס איי,GR,סוכריות ג'לי 700 גרם,גרמים,700.00,100 גרם,false,,14.90,0.0213,true,1,23808
5201100872596,false,*מבצע* צבע לשיער אקס,ליברמו,BE,לוריאל אקסלנס,יח',1.00,יח',false,,35.90,35.9000,true,1,5790
5201184894460,false,צלחות נייר 20 סמ עגו,,,צלחות נייר 20 סמ עגו,יחידה,0.00,יחידה,false,,7.90,0.0000,true,1,79650
5201184908587,false,כוסות נייר 200מל 8יח,,,כוסות נייר 200מל 8יח,יחידה,0.00,יחידה,false,,10.00,0.0000,true,1,78885
5201340003385,false,*מבצע* טונה מעושנת ש,נורט אגיאוסי קנריס,GR,*מבצע* טונה מעושנת ש,גרמים,160.00,100 גרם,false,,11.90,0.0744,true,1,69177
5201340026704,false,*מבצע* טונה מעושנת פ,נורט אגיאוסי קנריס,GR,*מבצע* טונה מעושנת פ,גרמים,160.00,100 גרם,false,,11.90,0.0744,true,1,69179
5201347160326,false,"קלגון גל 750 מ""ל",RECKITT BENCKISER It,IT,קלגון,מיליליטרים,750.00,"100 מ""ל",false,,29.90,0.0399,true,1,34171
5201347400545,false,*מבצע* ויט ארומטיק ר,RECKITT BENCKISER FR,FR,ויט,יח',20.00,יח',false,,19.90,0.9950,true,1,7233
5202300043212,false,צבע לשיער קולסטון קר,פרוקטר אנד גמבל,DE,Wella,מיליליטרים,60.00,"100 מ""ל",false,,16.90,0.2817,true,1,8461
5202300043724,false,קולסטון חום אגוז בינ,פרוקטר אנד גמבל,DE,Wella,מיליליטרים,60.00,"100 מ""ל",false,,16.90,0.2817,true,1,8466
5202390015618,false,צהובה טבעונית אורגינ,,GR,צהובה טבעונית אורגינ,גרמים,200.00,100 גרם,false,,21.90,0.1095,true,1,34845
5202390020407,false,בסגנון פטה טבעונית 2,אריביה אס.אי,GR,בסגנון פטה טבעונית 2,גרמים,200.00,100 גרם,false,,23.90,0.1195,true,1,55103
5206759020503,false,סוכריות ג'לי אקזוטי,a.n.p,GR,סוכריות ג'לי אקזוטי,גרמים,500.00,100 גרם,false,,9.90,0.0198,true,1,81409
5391523057929,false,סימילאק גולד שלב 1 7,אבוט מעבדות רפואיות,ES,סימילאק,גרמים,700.00,100 גרם,false,,69.90,0.0999,true,1,37212
5391523057936,false,סימילאק גולד שלב 2 7,אבוט מעבדות רפואיות,ES,סימילאק,גרמים,700.00,100 גרם,false,,69.90,0.0999,true,1,37213
5391523057943,false,סימילאק גולד שלב 3 7,אבוט מעבדות רפואיות,ES,סימילאק,גרמים,700.00,100 גרם,false,,69.90,0.0999,true,1,37214
5391523058087,false,סימילאק אדבנס שלב  2,אבוט מעבדות רפואיות,IE,סימילאק,גרמים,700.00,100 גרם,false,,64.90,0.0927,true,1,38081
5410091648176,false,*מבצע* דאודורנט רול,שוורצקופף והנקל,DE,פה,מיליליטרים,50.00,"100 מ""ל",false,,9.90,0.1980,true,1,5175
5410126006087,false,עוגיות לוטוס 700 גרם,לוטוס ביקרי נ.וי.,BE,לוטוס,גרמים,700.00,100 גרם,false,,23.90,0.0341,true,1,20329
5410126116953,false,ממרח עוגיות לוטוס קר,לוטוס ביקרי נ.וי.,BE,לוטוס,גרמים,400.00,100 גרם,false,,19.90,0.0497,true,1,20332
5410126716016,false,ביסקויט בטעם קרמל לו,לוטוס ביקרי נ.וי.,BE,לוטוס,גרמים,250.00,100 גרם,false,,10.90,0.0436,true,1,20333
5410126726947,false,ממרח עוגיות לוטוס קר,לוטוס ביקרי נ.וי.,BE,לוטוס,גרמים,380.00,100 גרם,false,,19.90,0.0524,true,1,20334
5410173210055,false,קפה טחון לפילטר,קופי רומבוטס,BE,רומבוטס,גרמים,70.00,100 גרם,false,,14.90,0.2129,true,1,11865
5410228267515,false,*מבצע* שישיית בקבוקי,איי.בי. אינבוו,GB,*מבצע* שישיית בקבוקי,מיליליטרים,1980.00,"100 מ""ל",false,,27.90,0.0141,true,1,59121
5410316983693,false,סמירנוף אייס,IBBLS,IT,סמירנוף אייס,מיליליטרים,250.00,"100 מ""ל",false,,12.90,0.0516,true,1,8873
5410769100081,false,"בקבוק לה שוף 330 מ""ל",דובל,BE,דובל,מיליליטרים,330.00,"100 מ""ל",false,,14.90,0.0452,true,1,32326
5410769800097,false,בקבוק צ'רי שוף 330 מ,דובל,BE,דובל,מיליליטרים,330.00,"100 מ""ל",false,,14.90,0.0452,true,1,33981
5411188094173,false,אלפרו מעדן סויה בטעם,ALPRO,BE,אלפרו,מיליליטרים,500.00,"100 מ""ל",false,,16.90,0.0338,true,1,32134
5411188096108,false,*מבצע* אלפרו סויה לב,ALPRO,BE,אלפרו,מיליליטרים,250.00,"100 מ""ל",false,,7.90,0.0316,true,1,18079
5411188106159,false,אלפרו סויה לייט בטעם,,,אלפרו סויה לייט בטעם,ליטרים,1.00,ליטר,false,,14.90,14.9000,true,1,56035
5411188110835,false,אלפרו משקה שקדים 1 ל,ALPRO,BE,אלפרו,ליטרים,1.00,ליטר,false,,13.90,13.9000,true,1,18082
5411188112709,false,אלפרו משקה שקדים ללא,ALPRO,BE,אלפרו,ליטרים,1.00,ליטר,false,,13.90,13.9000,true,1,18086
5411188115366,false,אלפרו משקה שיבולת שו,ALPRO,BE,אלפרו,ליטרים,1.00,ליטר,false,,13.90,13.9000,true,1,18088
5411188115434,false,אלפרו משקה בריסטה סו,ALPRO,BE,אלפרו,ליטרים,1.00,ליטר,false,,13.90,13.9000,true,1,70326
5411188115472,false,אלפרו סויה 1 ליטר,ALPRO,BE,אלפרו,ליטרים,1.00,ליטר,false,,13.90,13.9000,true,1,64586
5411188118732,false,אלפרו משקה קוקוס ושק,ALPRO,BE,אלפרו,ליטרים,1.00,ליטר,false,,13.90,13.9000,true,1,25864
5411188120742,false,אלפרו משקה שקדים בטע,ALPRO,BE,אלפרו,ליטרים,1.00,ליטר,false,,13.90,13.9000,true,1,25865
5411188120957,false,*מבצע* אלפרו תערובת,ALPRO,BE,אלפרו,מיליליטרים,250.00,"100 מ""ל",false,,7.90,0.0316,true,1,33802
5411188121923,false,אלפרו סויה סידן שליש,ALPRO,BE,אלפרו,מיליליטרים,750.00,"100 מ""ל",false,,14.90,0.0199,true,1,36349
5411188121978,false,אלפרו סויה סידן שליש,ALPRO,BE,אלפרו,מיליליטרים,750.00,"100 מ""ל",false,,14.90,0.0199,true,1,35728
5411188124689,false,אלפרו משקה שיבולת שו,ALPRO,BE,אלפרו,ליטרים,1.00,ליטר,false,,13.90,13.9000,true,1,65327
5411188124726,false,אלפרו משקה שיבולת שו,ALPRO,BE,אלפרו,ליטרים,1.00,ליטר,false,,13.90,13.9000,true,1,35198
5411188127697,false,אלפרו בריסטה שיבולת,ALPRO,BE,אלפרו,ליטרים,1.00,ליטר,false,,13.90,13.9000,true,1,64585
5411188129899,false,אלפרו בריסטה שקדים 1,ALPRO,BE,אלפרו,ליטרים,1.00,ליטר,false,,13.90,13.9000,true,1,64587
5411188133476,false,משקה סויה שוקו עם חל,אלפרו,BE,משקה סויה שוקו עם חל,גרמים,250.00,100 גרם,false,,6.90,0.0276,true,1,69100
5411188133490,false,משקה סויה קפה קרמל ע,אלפרו,BE,משקה סויה קפה קרמל ע,גרמים,250.00,100 גרם,false,,6.90,0.0276,true,1,69101
5411188134985,false,אלפרו 3.5% שומן שבול,אלפרו,BE,אלפרו 3.5% שומן שבול,ליטרים,1.00,ליטר,false,,13.90,13.9000,true,1,68234
5411188135005,false,אלפרו 1.8% שומן שבול,אלפרו,BE,אלפרו 1.8% שומן שבול,ליטרים,1.00,ליטר,false,,13.90,13.9000,true,1,68235
5411188300328,false,אלפרו סויה שוקו 1 לי,ALPRO,BE,אלפרו,ליטרים,1.00,ליטר,false,,11.90,11.9000,true,1,18092
5411188513483,false,אלפרו סויה לבישול 14,אלפרו,BE,אלפרו סויה לבישול 14,מיליליטרים,250.00,"100 מ""ל",false,,9.90,0.0396,true,1,70292
5411188543398,false,אלפרו סויה ללס 1 ליט,ALPRO,BE,אלפרו,ליטרים,1.00,ליטר,false,,13.90,13.9000,true,1,64588
5411223030081,false,בקבוק לינדמנס KRIEK,לינדמנס,BE,לינדמנס,מיליליטרים,250.00,"100 מ""ל",false,,13.90,0.0556,true,1,26826
5411686700118,false,בקבוק ליפמנס און דה,ליפמנס,BE,ליפמנס,מיליליטרים,250.00,"100 מ""ל",false,,13.90,0.0556,true,1,26828
5413149655522,false,אריאל 1.25 קג,פרוקטר אנד גמבל,TR,Ariel,קילוגרמים,1.25,"ק""ג",false,,17.90,14.3200,true,1,69851
5413149922907,false,"אריאל קולור 5 ק""ג",,,"אריאל קולור 5 ק""ג",קילוגרמים,5.00,"ק""ג",false,,34.90,6.9800,true,1,25091
5413149922938,false,"אריאל 5 ק""ג",פרוקטר אנד גמבל,TR,Ariel,קילוגרמים,5.00,"ק""ג",false,,34.90,6.9800,true,1,8498
5413548040479,false,רפאלו 240 גרם,פררו,IT,פררו,גרמים,240.00,100 גרם,false,,22.90,0.0954,true,1,11870
5421564211216,false,מארז רביעייה קיסמי ש,,,מארז רביעייה קיסמי ש,יחידה,0.00,יחידה,false,,11.90,0.0000,true,1,84003
5421564211285,false,שעון קיר מעוצב 40 סמ,,,שעון קיר מעוצב 40 סמ,יחידה,0.00,יחידה,false,,80.00,0.0000,true,1,79042
5451245406617,false,שטיח כניסה WELCOME מ,,,שטיח כניסה WELCOME מ,יחידה,0.00,יחידה,false,,5.90,0.0000,true,1,85356
5451245406624,false,שטיח כניסה WELCOME ח,,,שטיח כניסה WELCOME ח,יחידה,0.00,יחידה,false,,5.90,0.0000,true,1,75990
5451245413226,false,אטבי כביסה סיליקון 1,,,אטבי כביסה סיליקון 1,יחידה,0.00,יחידה,false,,7.90,0.0000,true,1,82615
5451245413233,false,אטבי כביסה סיליקון 1,,,אטבי כביסה סיליקון 1,יחידה,0.00,יחידה,false,,10.90,0.0000,true,1,82616
5451245413318,false,ראש מקלחת איכותי,,,ראש מקלחת איכותי,יחידה,0.00,יחידה,false,,20.90,0.0000,true,1,79059
5451245413349,false,ראש מקלחת איכותי,,,ראש מקלחת איכותי,יחידה,0.00,יחידה,false,,20.90,0.0000,true,1,79062
5451245413486,false,מקל תופסן 90 סמ,,,מקל תופסן 90 סמ,יחידה,0.00,יחידה,false,,7.90,0.0000,true,1,85358
5487454712546,false,מסגרת A4 לבנה,,,מסגרת A4 לבנה,יחידה,0.00,יחידה,false,,7.90,0.0000,true,1,75997
5487454712553,false,מסגרת A4 שחורה,,,מסגרת A4 שחורה,יחידה,0.00,יחידה,false,,7.90,0.0000,true,1,75998
5584678951161,false,ספוג איפור 10 יח בחב,,,ספוג איפור 10 יח בחב,יחידה,0.00,יחידה,false,,6.90,0.0000,true,1,86228
5584678952311,false,ספוג איפור צבעוני מח,,,ספוג איפור צבעוני מח,יחידה,0.00,יחידה,false,,5.90,0.0000,true,1,86229
5601036205534,false,*מבצע* צבע לשיער אקס,ליברמו,BE,לוריאל אקסלנס,יח',1.00,יח',false,,35.90,35.9000,true,1,5795
5601036205541,false,*מבצע* צבע לשיער אקס,ליברמו,BE,לוריאל אקסלנס,יח',1.00,יח',false,,35.90,35.9000,true,1,5796
5601036205558,false,*מבצע* צבע לשיער אקס,ליברמו,BE,לוריאל אקסלנס,יח',1.00,יח',false,,35.90,35.9000,true,1,5797
5601036205596,false,*מבצע* צבע לשיער אקס,ליברמו,BE,לוריאל אקסלנס,יח',1.00,יח',false,,35.90,35.9000,true,1,5801
5601036205602,false,*מבצע* צבע לשיער אקס,ליברמו,BE,לוריאל אקסלנס,יח',1.00,יח',false,,35.90,35.9000,true,1,5802
5601036205626,false,*מבצע* צבע לשיער אקס,ליברמו,BE,לוריאל אקסלנס,יח',1.00,יח',false,,35.90,35.9000,true,1,5804
5601036205725,false,*מבצע* צבע לשיער אקס,ליברמו,BE,לוריאל אקסלנס,יח',1.00,יח',false,,35.90,35.9000,true,1,5810
5603519001916,false,גומי חזק  מודפס קטן,,,גומי חזק  מודפס קטן,1,1.00,1,false,,2.90,2.9000,true,1,80077
5603519002227,false,גומי עבה חלק 6 יח' ב,,,גומי עבה חלק 6 יח' ב,יחידה,0.00,יחידה,false,,1.50,0.0000,true,1,86213
5603519002234,false,גומי חלק דק 10 יח' ב,,,גומי חלק דק 10 יח' ב,יחידה,0.00,יחידה,false,,1.90,0.0000,true,1,83024
5624310263433,false,חיילים קופסה שקופה ק,,,חיילים קופסה שקופה ק,יחידה,0.00,יחידה,false,,10.90,0.0000,true,1,84349
5648126745259,false,סלסלה פלסטיק שקופה 3,,,סלסלה פלסטיק שקופה 3,יחידה,0.00,יחידה,false,,10.90,0.0000,true,1,79065
5648126745266,false,סלסלה פלסטיק שקופה 3,,,סלסלה פלסטיק שקופה 3,יחידה,0.00,יחידה,false,,12.90,0.0000,true,1,79066
5648126745280,false,תבנית הפלא מלבנית זה,,,תבנית הפלא מלבנית זה,יחידה,0.00,יחידה,false,,99.00,0.0000,true,1,84004
5648126745297,false,תבנית הפלא מלבנית שח,,,תבנית הפלא מלבנית שח,יחידה,0.00,יחידה,false,,59.00,0.0000,true,1,84005
5671000035658,false,אזיקונים 7.2*200 ממ,,,אזיקונים 7.2*200 ממ,יחידה,0.00,יחידה,false,,7.90,0.0000,true,1,85585
5671000035665,false,אזיקונים 4.8*350 ממ,,,אזיקונים 4.8*350 ממ,יחידה,0.00,יחידה,false,,7.90,0.0000,true,1,85586
5671000035689,false,אזיקונים 4.8*150 ממ,,,אזיקונים 4.8*150 ממ,יחידה,0.00,יחידה,false,,5.00,0.0000,true,1,85588
5671000035696,false,אזיקונים 2.5*100 ממ,,,אזיקונים 2.5*100 ממ,יחידה,0.00,יחידה,false,,3.00,0.0000,true,1,85592
5700001078316,false,תפירה מספריים 26 סמ,,,תפירה מספריים 26 סמ,יחידה,0.00,יחידה,false,,12.90,0.0000,true,1,76513
5700009035076,false,פס מגנטי דביק 3 מטר,,,פס מגנטי דביק 3 מטר,יחידה,0.00,יחידה,false,,10.90,0.0000,true,1,76583
5701932026964,false,פופקורן הוטפופ מלח,פופז,US,הוטפופ,גרמים,600.00,100 גרם,false,,14.90,0.0248,true,1,11872
5701932026971,false,פופקורן הוטפופ חמאה,פופז,US,הוטפופ,גרמים,600.00,100 גרם,false,,14.90,0.0248,true,1,11873
5711953103285,true,פטינה 21% שומן במשקל,ארלה,DK,פטינה,קילוגרמים,1.00,"ק""ג",true,,29.00,29.0000,true,1,58150
5711953105807,false,בלוז בסגנון דנאבלו,ארלה,DK,בלוז,קילוגרמים,1.00,"ק""ג",true,,69.00,69.0000,true,1,58146
5711953106583,false,ארלה גבינת שמנת טבעי,ארלה,DK,ארלה,גרמים,200.00,100 גרם,false,,14.90,0.0745,true,1,59070
5711953106590,false,ארלה גבינת שמנת שום,ארלה,DK,ארלה,גרמים,200.00,100 גרם,false,,14.90,0.0745,true,1,59065
5740900108264,false,ממרח לורפק ללא מלח,ארלה,DK,חמאה,קילוגרמים,1.00,"ק""ג",true,,39.00,39.0000,true,1,64951
5740900403215,false,ממרח לורפק עם מלח 25,ארלה,DK,ארלה,גרמים,250.00,100 גרם,false,,16.90,0.0676,true,1,54394
5740900403222,false,ממרח לורפק עם מלח מו,ארלה,DK,ארלה,גרמים,250.00,100 גרם,false,,16.90,0.0676,true,1,54395
5740900403239,false,ממרח לורפק בלי מלח 2,ארלה,DK,ארלה,גרמים,250.00,100 גרם,false,,16.90,0.0676,true,1,54399
5740900403246,false,ממרח לורפק בלי מלח 5,ארלה,DK,ארלה,גרמים,500.00,100 גרם,false,,27.90,0.0558,true,1,54396
5740900403253,false,ממרח לורפק עם מלח 50,ארלה,DK,ארלה,גרמים,500.00,100 גרם,false,,27.90,0.0558,true,1,54397
5740900403260,false,ממרח לורפק ללא מלח מ,ארלה,DK,ארלה,גרמים,250.00,100 גרם,false,,16.90,0.0676,true,1,54398
5740900403284,false,חמאת לורפק ללא מלח 2,ארלה,DK,?????,גרמים,200.00,100 גרם,false,,11.50,0.0575,true,1,64604
5740900403864,false,חמאת לורפק עם מלח 20,ארלה,DK,?????,גרמים,200.00,100 גרם,false,,11.50,0.0575,true,1,68238
5900020012814,false,נסקוויק 500 גרם,נסטלה פולין דגני בוק,PL,NESQUIK,גרמים,500.00,100 גרם,false,,19.90,0.0398,true,1,4442
5900020015174,false,חטיפי דגנים פיטנס דג,נסטלה פולין ברים,PL,FITNESS,גרמים,141.00,100 גרם,false,,14.90,0.1057,true,1,4443
5900020020710,false,חטיף דגנים שוקו וניל,נסטלה פולין ברים,PL,CRUNCH,גרמים,150.00,100 גרם,false,,14.90,0.0993,true,1,4450
5900020020741,false,נסקויק בר דגנים שוקו,נסטלה פולין ברים,PL,NESQUIK,גרמים,150.00,100 גרם,false,,14.90,0.0993,true,1,4451
5900020022325,false,חטיף דגנים סיני מיני,נסטלה פולין דגני בוק,PL,CINI-MINIS,גרמים,150.00,100 גרם,false,,14.90,0.0993,true,1,4453
5900020024770,false,חטיפי דגנים פיטנס דג,סי.פי.פולין,PL,FITNESS,גרמים,135.00,100 גרם,false,,14.90,0.1104,true,1,23604
5900020024817,false,פיטנס חטיף דגנים 22.,סי.פי.פולין,PL,FITNESS,גרמים,135.00,100 גרם,false,,14.90,0.1104,true,1,23605
5900020029669,false,חטיפי דגנים פיטנס דג,נסטלה פולין ברים,PL,FITNESS,גרמים,141.00,100 גרם,false,,14.90,0.1057,true,1,34243
5900020031877,false,חטיף דגנים צ'יריוס 2,נסטלה פולין דגני בוק,PL,CINI-MINIS,גרמים,132.00,100 גרם,false,,14.90,0.1129,true,1,37882
5900020032454,false,חטיפי דגנים פיטנס עו,נסטלה פולין ברים,PL,FITNESS,גרמים,188.00,100 גרם,false,,14.90,0.0793,true,1,67306
5900020032539,false,חטיפי דגנים פיטנס שו,נסטלה פולין ברים,PL,FITNESS,גרמים,188.00,100 גרם,false,,14.90,0.0793,true,1,67307
5900020033314,false,חטיף דגנים ליון 25*6,נסטלה פולין דגני בוק,PL,CINI-MINIS,גרמים,150.00,100 גרם,false,,14.90,0.0993,true,1,54114
5900020034021,false,פיטנס חטיף דגנים שוק,סי.פי.פולין,PL,FITNESS,גרמים,141.00,100 גרם,false,,14.90,0.1057,true,1,56300
5900020034991,false,קראנץ' צדפים 450 גרם,אסם,IL,CRUNCH,גרמים,450.00,100 גרם,false,,19.90,0.0442,true,1,60184
5900020036407,false,דגני שוקולד וקרמל לי,ג.נרל מילס,US,CHEERIOS,גרמים,480.00,100 גרם,false,,19.90,0.0415,true,1,63638
5900020039132,false,ציריוס שבולת שועל תפ,ג.נרל מילס,US,CHEERIOS,גרמים,320.00,100 גרם,false,,14.90,0.0466,true,1,67511
5900020039620,false,חטיפי דגנים פיטנס שק,סי.פי.פולין,PL,FITNESS,גרמים,141.00,100 גרם,false,,14.90,0.1057,true,1,68449
5900627063233,false,טבליות פיניש 50 יח A,RECKITT BENCKISER PR,PL,?????,יח',50.00,יח',false,,39.90,0.7980,true,1,37287
5900627066715,false,טבליות פיניש AIO 100,RECKITT BENCKISER PR,PL,פיניש,יח',100.00,יח',false,,59.90,0.5990,true,1,31230
5900907000583,false,מלפפון בחומץ 920 גרם,סגל דברים טובים,PL,מלפפון בחוצץ 430ג,גרמים,430.00,100 גרם,false,,15.50,0.0360,true,1,3376
5900951283963,false,סניקרס קרימי ח.בוטני,מרס,NL,מרס,גרמים,50.00,100 גרם,false,,3.90,0.0780,true,1,67618
5901271083592,false,כדורגל תפור מעורב דו,,,כדורגל תפור מעורב דו,יחידה,0.00,יחידה,false,,30.00,0.0000,true,1,87386
5901414200411,false,עוגיות היט מיניס 130,בלזן פולסקה,PL,בלזן,גרמים,130.00,100 גרם,false,,5.90,0.0454,true,1,11876
5901483060060,false,תה שומר 2 גרם 20 שקי,ביופלוייד,PL,חליטות תה,גרמים,50.00,100 גרם,false,,8.90,0.1780,true,1,26408
5901483060206,false,תה מנטה 2 גרם 20 שקי,,,חליטת תה מנטה 40ג,גרמים,40.00,100 גרם,false,,8.90,0.2225,true,1,3394
5901483060305,false,תה מליסה 2 גרם 20 שק,,,חליטת תה מליסה 40ג,גרמים,40.00,100 גרם,false,,8.90,0.2225,true,1,3395
5901483060404,false,תה בבונג 1.75 גרם 20,,,חליטת תה בבונג 35ג,גרמים,35.00,100 גרם,false,,8.90,0.2543,true,1,3396
5901483081027,false,תה לואיזה 1.75 גרם 2,,,חליטת לואיזה 35ג,גרמים,35.00,100 גרם,false,,8.90,0.2543,true,1,3398
5902198160403,false,אקס אל משקה אנרגיה,טמפו,IL,XL,מיליליטרים,250.00,"100 מ""ל",false,,3.80,0.0152,true,1,32350
5904941750312,false,משקה אנרגיה מוחיטו,אקוביט,PL,בלו,מיליליטרים,250.00,"100 מ""ל",false,,4.20,0.0168,true,1,7427
5904941751302,false,משקה אנרגיה בלו,אקוביט,PL,בלו,מיליליטרים,250.00,"100 מ""ל",false,,3.90,0.0156,true,1,7428
5904941751524,false,משקה אנרגיה אבטיח,אקוביט,PL,בלו,מיליליטרים,250.00,"100 מ""ל",false,,4.20,0.0168,true,1,7431
5904941751920,false,משקה אנרגיה בלו דיי,אקוביט,PL,בלו,מיליליטרים,250.00,"100 מ""ל",false,,4.20,0.0168,true,1,7435
5904941751975,false,משקה אנרגיה בלו דיי,אקוביט,PL,בלו,מיליליטרים,250.00,"100 מ""ל",false,,4.20,0.0168,true,1,64948
5906485301012,false,אקס אל משקה אנרגיה,טמפו,IL,XL,מיליליטרים,250.00,"100 מ""ל",false,,4.00,0.0160,true,1,10893
5949152110838,false,מבשם אוויר איירוויק,רקיט בנקיזר,PL,מבשם אוויר איירוויק,מיליליטרים,237.00,"100 מ""ל",false,,14.90,0.0629,true,1,85463
5997321701806,false,קלגון 1 קג,RECKITT BENCKISER PR,PL,קלגון,קילוגרמים,1.00,"ק""ג",false,,29.90,29.9000,true,1,33256
5997321770307,false,*מבצע* ויט רצועות שע,RECKITT BENCKISER FR,FR,ויט,יח',12.00,יח',false,,19.90,1.6583,true,1,34805
5998623526739,false,*מבצע* גוורצטרמינר 7,דנוביאנה,HU,*מבצע* גוורצטרמינר 7,מיליליטרים,750.00,"100 מ""ל",false,,29.90,0.0399,true,1,57049
5998749108550,false,1X8X60Gויסקס טמפציקן,,,1X8X60Gויסקס טמפציקן,יחידה,0.00,יחידה,false,,9.90,0.0000,true,1,62617
5998749108574,false,1X8X60G ויסקס טמפביף,,,1X8X60G ויסקס טמפביף,יחידה,0.00,יחידה,false,,9.90,0.0000,true,1,62618
6001067017523,false,קולגייט מברשת ילדים,CP- China-SH,CN,קולגייט,יח',1.00,יח',false,,9.90,9.9000,true,1,18101
6001067017530,false,קולגייט מברשת ילדים,CP- China-SH,CN,קולגייט,יח',1.00,יח',false,,9.90,9.9000,true,1,18102
6001067027324,false,*מבצע* קולגייט מברשת,קולגייט פלמוליב,IL,קולגייט מברשת ילדים,יח',1.00,יח',false,,29.90,29.9000,true,1,18111
6009188004828,false,קיט קאט צ'אנקי לבן 4,נסטלה,DE,נסטלה,גרמים,40.00,100 גרם,false,,3.90,0.0975,true,1,85908
6012345677346,false,"סלסלה 32*23*7.2 ס""מ",,,"סלסלה 32*23*7.2 ס""מ",יחידה,0.00,יחידה,false,,10.90,0.0000,true,1,76014
6012345677391,false,סלסלה תחרה 29.4*19.5,,,סלסלה תחרה 29.4*19.5,יחידה,0.00,יחידה,false,,10.90,0.0000,true,1,76015
6012345677414,false,"סלסלה 34.5*26*8.5 ס""",,,"סלסלה 34.5*26*8.5 ס""",יחידה,0.00,יחידה,false,,12.90,0.0000,true,1,76016
6012345677520,false,בקבוק לשמן זית 31 סמ,,,בקבוק לשמן זית 31 סמ,יחידה,0.00,יחידה,false,,10.90,0.0000,true,1,85362
6012345677568,false,נר בכלי זכוכית לנוי,,,נר בכלי זכוכית לנוי,יחידה,0.00,יחידה,false,,10.90,0.0000,true,1,76018
6012345677582,false,מגב הפלא,,,מגב הפלא,יחידה,0.00,יחידה,false,,59.00,0.0000,true,1,83374
6012345677629,false,סלסלה קש גבוה עגולה,,,סלסלה קש גבוה עגולה,יחידה,0.00,יחידה,false,,40.00,0.0000,true,1,76020
6012345678268,false,ערכת נסיעה 3 חלקים,,,ערכת נסיעה 3 חלקים,יחידה,0.00,יחידה,false,,7.90,0.0000,true,1,76030
6012345678305,false,מסקנטייפ 4.5סמ*150מ,,,מסקנטייפ 4.5סמ*150מ,יחידה,0.00,יחידה,false,,12.90,0.0000,true,1,82870
6012345678534,false,מסננת 20*6.5 סמ,,,מסננת 20*6.5 סמ,יחידה,0.00,יחידה,false,,5.90,0.0000,true,1,85363
6012345678558,false,מסננת 26*7.5 סמ,,,מסננת 26*7.5 סמ,יחידה,0.00,יחידה,false,,7.90,0.0000,true,1,85365
6012345678589,false,מתלה לדלת 5 ווים 39*,,,מתלה לדלת 5 ווים 39*,יחידה,0.00,יחידה,false,,10.90,0.0000,true,1,85574
6086142556890,false,בזיליקום אורגני,,,בזיליקום אורגני,יח,1.00,יח,false,,9.90,9.9000,true,1,64776
6086142557194,false,עלי חסה אורגנית,,,עלי חסה אורגנית,יח,1.00,יח,false,,12.90,12.9000,true,1,69942
6102017501939,false,מצית גז ארוך,,,מצית גז ארוך,יח,1.00,יח,false,,9.90,9.9000,true,1,60390
6111049000051,false,סרדין חריף 125 גרם,U.P.A,MA,U.P.A,גרמים,125.00,100 גרם,false,,4.90,0.0392,true,1,18855
6111049000150,false,סרדין בלימון,U.P.A,MA,U.P.A,גרמים,125.00,100 גרם,false,,4.90,0.0392,true,1,18857
6111094000013,false,קוסקוס בינוני 1 קג,Marchesi srl,MA,תומר,קילוגרמים,1.00,"ק""ג",false,,17.90,17.9000,true,1,17445
6111094000198,false,קוסקוס דארי דק 350 ג,קרמה מן,MA,דארי,גרמים,350.00,100 גרם,false,,6.90,0.0197,true,1,34521
6111094000228,false,"קוסקוס דארי 1ק""ג",,,"קוסקוס 1ק""ג+10%",קילוגרמים,1.00,"ק""ג",false,,17.90,17.9000,true,1,17446
6111094002123,false,דארי אט' מרוקאיות 50,דארי,MA,דארי אט' מרוקאיות 50,גרמים,550.00,100 גרם,false,,8.90,0.0162,true,1,86073
6202015893088,false,מסקנטייפ שקוף 4.5סמ*,,,מסקנטייפ שקוף 4.5סמ*,יחידה,0.00,יחידה,false,,2.50,0.0000,true,1,86241
6254879302831,false,סלסלה מרובע דגם נקוד,,,סלסלה מרובע דגם נקוד,יחידה,0.00,יחידה,false,,12.90,0.0000,true,1,76075
6254879302893,false,סלסלה מלבנית דגם מעו,,,סלסלה מלבנית דגם מעו,יחידה,0.00,יחידה,false,,15.90,0.0000,true,1,76080
6254879303630,false,*מבצע* דיספנסר לסבון,,,*מבצע* דיספנסר לסבון,יחידה,0.00,יחידה,false,,12.90,0.0000,true,1,76081
6254879306020,false,ערכת נסיעה 5 חלקים,,,ערכת נסיעה 5 חלקים,יחידה,0.00,יחידה,false,,10.90,0.0000,true,1,85372
6254879307225,false,אטבי כביסה איכותיים,,,אטבי כביסה איכותיים,יחידה,0.00,יחידה,false,,10.90,0.0000,true,1,86139
6254879308093,false,רשת צלייה 21*19*40 ס,,,רשת צלייה 21*19*40 ס,יחידה,0.00,יחידה,false,,11.90,0.0000,true,1,76092
6363657212689,false,צלחת מנה ראשונה 20 ס,,,צלחת מנה ראשונה 20 ס,יחידה,0.00,יחידה,false,,5.90,0.0000,true,1,79078
6506590010091,false,גומי עבה,,,גומי עבה,יחידה,0.00,יחידה,false,,2.90,0.0000,true,1,80456
6547654864120,false,תרבד נירוסטה,,,תרבד נירוסטה,יחידה,0.00,יחידה,false,,10.90,0.0000,true,1,76102
6547654864137,false,כף הגשה לפסטה נירוסט,,,כף הגשה לפסטה נירוסט,יחידה,0.00,יחידה,false,,10.90,0.0000,true,1,85985
6547654864144,false,כף הגשה עמוקה נירוסט,,,כף הגשה עמוקה נירוסט,יחידה,0.00,יחידה,false,,10.90,0.0000,true,1,85986
6547654864175,false,מועך תפוח אדמה נירוס,,,מועך תפוח אדמה נירוס,יחידה,0.00,יחידה,false,,10.90,0.0000,true,1,76104
6547654864182,false,מצקת נירוסטה,,,מצקת נירוסטה,יחידה,0.00,יחידה,false,,10.90,0.0000,true,1,76105
6554245212000,false,מטלית למגב הפלא,,,מטלית למגב הפלא,יחידה,0.00,יחידה,false,,10.90,0.0000,true,1,85379
6618998150153,false,סוללות AA אבץ,,,סוללות AA אבץ,יחידה,0.00,יחידה,false,,2.90,0.0000,true,1,83556
6667771002332,false,"מגש פיצה 34 ס""מ",,,"מגש פיצה 34 ס""מ",יחידה,0.00,יחידה,false,,15.90,0.0000,true,1,77023
6741590156282,false,24 כלבים גומי,,,24 כלבים גומי,יחידה,0.00,יחידה,false,,5.90,0.0000,true,1,87377
6741590211981,false,סביבון לחיצה גדול בר,,,סביבון לחיצה גדול בר,יחידה,0.00,יחידה,false,,5.90,0.0000,true,1,87379
6789000782331,false,סיכות תפירה,,,סיכות תפירה,יחידה,0.00,יחידה,false,,5.90,0.0000,true,1,76111
6789000782379,false,סיכות תפירה צבעוניות,,,סיכות תפירה צבעוניות,יחידה,0.00,יחידה,false,,5.90,0.0000,true,1,76112
6789000782942,false,טוליפ נצנצים זוהר 6,,,טוליפ נצנצים זוהר 6,יחידה,0.00,יחידה,false,,4.00,0.0000,true,1,79084
6789000782959,false,טוליפ נצנצים 6 יח',,,טוליפ נצנצים 6 יח',יחידה,0.00,יחידה,false,,4.00,0.0000,true,1,79085
6789000782980,false,טושים בבקבוק 12 יח',,,טושים בבקבוק 12 יח',יחידה,0.00,יחידה,false,,5.90,0.0000,true,1,76116
6789000783031,false,עטים נצנצים 12 יח',,,עטים נצנצים 12 יח',יחידה,0.00,יחידה,false,,10.90,0.0000,true,1,76117
6789000783116,false,מארז עטים 2 יח' שחור,,,מארז עטים 2 יח' שחור,יחידה,0.00,יחידה,false,,5.90,0.0000,true,1,79086
6789000783246,false,טושים פרמנטטים צבעונ,,,טושים פרמנטטים צבעונ,יחידה,0.00,יחידה,false,,5.90,0.0000,true,1,83376
6789000783260,false,טושים פרמנטטים שחור,,,טושים פרמנטטים שחור,יחידה,0.00,יחידה,false,,5.90,0.0000,true,1,83377
6789000783291,false,טושים פרמננטים 4 יח',,,טושים פרמננטים 4 יח',יחידה,0.00,יחידה,false,,5.90,0.0000,true,1,85576
6789000783598,false,פלטת צבעי מים 12 צבע,,,פלטת צבעי מים 12 צבע,יחידה,0.00,יחידה,false,,5.90,0.0000,true,1,83380
6789000783611,false,צבעי מים 21 יח',,,צבעי מים 21 יח',יחידה,0.00,יחידה,false,,10.90,0.0000,true,1,76123
6789000783802,false,עפרונות 12 יח',,,עפרונות 12 יח',יחידה,0.00,יחידה,false,,5.90,0.0000,true,1,83384
6789000783932,false,מחק מחדד,,,מחק מחדד,יחידה,0.00,יחידה,false,,5.90,0.0000,true,1,79094
6789000784694,false,מחק ג'מבו 15*5*1.3 ס,,,מחק ג'מבו 15*5*1.3 ס,יחידה,0.00,יחידה,false,,5.90,0.0000,true,1,79097
6789000784786,false,סט כתיבה צבעי עפרון,,,סט כתיבה צבעי עפרון,יחידה,0.00,יחידה,false,,5.90,0.0000,true,1,76129
6789000784823,false,"דבק כל יכול 200 מ""ל",,,"דבק כל יכול 200 מ""ל",יחידה,0.00,יחידה,false,,10.90,0.0000,true,1,83389
6789000784915,false,דבק סטיק 5 יח',,,דבק סטיק 5 יח',יחידה,0.00,יחידה,false,,5.90,0.0000,true,1,79098
6789000785288,false,חד קרן פרווה 50 סמ,,,חד קרן פרווה 50 סמ,יחידה,0.00,יחידה,false,,80.00,0.0000,true,1,79560
6789000785295,false,סכומון מתכת L,,,סכומון מתכת L,יחידה,0.00,יחידה,false,,15.90,0.0000,true,1,79563
6822558462857,false,מארז 6 יח' טושי הדגש,,,מארז 6 יח' טושי הדגש,יחידה,0.00,יחידה,false,,7.90,0.0000,true,1,83402
6822558462871,false,מארז עטים צבעוניים 1,,,מארז עטים צבעוניים 1,יחידה,0.00,יחידה,false,,10.90,0.0000,true,1,83403
6825452545886,false,מארז טושים מדגישים 4,,,מארז טושים מדגישים 4,יחידה,0.00,יחידה,false,,5.90,0.0000,true,1,83407
6829853147144,false,מארז טושים צבעוניים,,,מארז טושים צבעוניים,יחידה,0.00,יחידה,false,,10.90,0.0000,true,1,83411
6829853147168,false,עטים צבעי פסטל 12 יח,,,עטים צבעי פסטל 12 יח,יחידה,0.00,יחידה,false,,10.90,0.0000,true,1,83413
6829853147175,false,טושים במארז קלמר 12,,,טושים במארז קלמר 12,יחידה,0.00,יחידה,false,,7.90,0.0000,true,1,83414
6831125841124,false,צבעי פסטל 12 יח',,,צבעי פסטל 12 יח',יחידה,0.00,יחידה,false,,5.90,0.0000,true,1,83417
6831125841155,false,עט מחליף צבעים פרוות,,,עט מחליף צבעים פרוות,יחידה,0.00,יחידה,false,,5.90,0.0000,true,1,83420
6831125841179,false,קלמר פרווה עיניים,,,קלמר פרווה עיניים,יחידה,0.00,יחידה,false,,6.90,0.0000,true,1,83422
6836225179238,false,מעמד לנייר סופג שחור,,,מעמד לנייר סופג שחור,יחידה,0.00,יחידה,false,,5.90,0.0000,true,1,85383
6838552150027,false,קלמר פרווה פונפון,,,קלמר פרווה פונפון,יחידה,0.00,יחידה,false,,6.90,0.0000,true,1,83425
6847784121194,false,טוש הדגשה סיימילי מי,,,טוש הדגשה סיימילי מי,יחידה,0.00,יחידה,false,,5.90,0.0000,true,1,83432
6865851471003,false,טוש הדגשה מיני צבעים,,,טוש הדגשה מיני צבעים,יחידה,0.00,יחידה,false,,5.90,0.0000,true,1,85594
6865851471010,false,מארז טושים צבעוניים,,,מארז טושים צבעוניים,יחידה,0.00,יחידה,false,,7.90,0.0000,true,1,83433
6865851471058,false,מארז טושים עבים צבעו,,,מארז טושים עבים צבעו,יחידה,0.00,יחידה,false,,10.90,0.0000,true,1,83436
6868952110000,false,"סט הנדסה 15 ס""מ 4 חל",,,"סט הנדסה 15 ס""מ 4 חל",יחידה,0.00,יחידה,false,,2.90,0.0000,true,1,83437
6868952110017,false,צבעי פסטל 12 יח',,,צבעי פסטל 12 יח',יחידה,0.00,יחידה,false,,7.90,0.0000,true,1,83438
6877286121149,false,מארז עפרונות 12 יח',,,מארז עפרונות 12 יח',יחידה,0.00,יחידה,false,,10.90,0.0000,true,1,83817
6884965210100,false,סלסלה אקרילית לאחסון,,,סלסלה אקרילית לאחסון,יחידה,0.00,יחידה,false,,35.90,0.0000,true,1,86596
6884965210131,false,סלסלה אקרילית לאחסון,,,סלסלה אקרילית לאחסון,יחידה,0.00,יחידה,false,,25.90,0.0000,true,1,86597
6884965210155,false,סלסלה אקרילית לאחסון,,,סלסלה אקרילית לאחסון,יחידה,0.00,יחידה,false,,20.90,0.0000,true,1,86598
6884965210223,false,סלסלה אקרילית לאחסון,,,סלסלה אקרילית לאחסון,יחידה,0.00,יחידה,false,,20.90,0.0000,true,1,86599
6884965210230,false,ארגונית לסכום 3 תאים,,,ארגונית לסכום 3 תאים,יחידה,0.00,יחידה,false,,15.90,0.0000,true,1,86600
6889999890076,false,סט 4 קעריות עם קש לי,,,סט 4 קעריות עם קש לי,יחידה,0.00,יחידה,false,,5.90,0.0000,true,1,85578
6889999890120,false,סט 12 מזלגות לילדים,,,סט 12 מזלגות לילדים,יחידה,0.00,יחידה,false,,5.90,0.0000,true,1,85614
6889999890137,false,סט 12 כפיות אוכל ליל,,,סט 12 כפיות אוכל ליל,יחידה,0.00,יחידה,false,,5.90,0.0000,true,1,85615
6893694877201,false,מארז מחקים בצבעים זו,,,מארז מחקים בצבעים זו,יחידה,0.00,יחידה,false,,5.00,0.0000,true,1,83442
6893694877270,false,שדכן סיכות בנוני,,,שדכן סיכות בנוני,יחידה,0.00,יחידה,false,,10.90,0.0000,true,1,83445
6894715472146,false,מארז מחקים צבעוניים,,,מארז מחקים צבעוניים,יחידה,0.00,יחידה,false,,3.90,0.0000,true,1,83446
6894715472160,false,מארז מחקים צבעוניים,,,מארז מחקים צבעוניים,יחידה,0.00,יחידה,false,,3.90,0.0000,true,1,83448
6894715472184,false,מארז מחקים בצורת דונ,,,מארז מחקים בצורת דונ,יחידה,0.00,יחידה,false,,5.90,0.0000,true,1,83450
6894715488857,false,עט,,,עט,יחידה,0.00,יחידה,false,,2.50,0.0000,true,1,83451
6896961581146,false,אריח הדבקה לקיר / לר,,,אריח הדבקה לקיר / לר,יחידה,0.00,יחידה,false,,10.00,0.0000,true,1,83452
6896961581153,false,"מזרן יוגה 61*173 ס""מ",,,"מזרן יוגה 61*173 ס""מ",יחידה,0.00,יחידה,false,,30.00,0.0000,true,1,83453
6900201910013,false,צנצנת זכוכית (182243,,,צנצנת זכוכית (182243,יחידה,0.00,יחידה,false,,35.00,0.0000,true,1,79124
6901022100409,false,ג'ינג'ר כתוש - לירון,,,ג'ינג'ר כתוש - לירון,יח',1.00,יח',false,,4.90,4.9000,true,1,86101
6901022100416,false,שום כתוש - לירון,,,שום כתוש - לירון,יח',1.00,יח',false,,4.90,4.9000,true,1,86102
6901811140654,false,פטיש עם ידית פלסטיק,,,פטיש עם ידית פלסטיק,יחידה,0.00,יחידה,false,,25.00,0.0000,true,1,85491
6901811140883,false,מנעול לאופניים 8 ממ,,,מנעול לאופניים 8 ממ,יחידה,0.00,יחידה,false,,12.90,0.0000,true,1,83794
6901910141309,false,מברג שטוח/פיליפס,,,מברג שטוח/פיליפס,יחידה,0.00,יחידה,false,,5.00,0.0000,true,1,76806
6902000473959,false,ווקי טוקי צבאי בלוח,,,ווקי טוקי צבאי בלוח,יחידה,0.00,יחידה,false,,30.00,0.0000,true,1,77991
6902000988460,false,בלייד + משגר,,,בלייד + משגר,יחידה,0.00,יחידה,false,,15.90,0.0000,true,1,79605
6902001201223,false,ערכת חרוזים  12 יח',,,ערכת חרוזים  12 יח',יחידה,0.00,יחידה,false,,10.90,0.0000,true,1,84355
6902001206877,false,קוביה 3*3,,,קוביה 3*3,יחידה,0.00,יחידה,false,,15.90,0.0000,true,1,83748
6902001206884,false,קוביה 3*3,,,קוביה 3*3,יחידה,0.00,יחידה,false,,12.90,0.0000,true,1,83749
6902001206907,false,קוביה 3*3,,,קוביה 3*3,יחידה,0.00,יחידה,false,,15.90,0.0000,true,1,83740
6902317230047,false,מברשת שיער מיני,,,מברשת שיער מיני,יחידה,0.00,יחידה,false,,6.90,0.0000,true,1,82420
6907596492469,false,סיכות בננה חלק קטן,,,סיכות בננה חלק קטן,יחידה,0.00,יחידה,false,,1.90,0.0000,true,1,80085
6908791675039,false,גומי צמות,,,גומי צמות,יחידה,0.00,יחידה,false,,1.50,0.0000,true,1,80086
6910191800287,false,אצות נורי בלו,nantong haida aquati,CN,מזרח ומערב,יח',10.00,יח',false,,11.90,1.1900,true,1,30409
6912587440015,false,לולאת חבל עם כדור לכ,,,לולאת חבל עם כדור לכ,יחידה,0.00,יחידה,false,,10.90,0.0000,true,1,86734
6912587440046,false,משחק משיכה לולאות עם,,,משחק משיכה לולאות עם,יחידה,0.00,יחידה,false,,6.90,0.0000,true,1,86736
6912587440077,false,מברשת סירוק צפופה לח,,,מברשת סירוק צפופה לח,יחידה,0.00,יחידה,false,,6.90,0.0000,true,1,86737
6913245100685,false,מנורת לילה קטנה שקופ,,,מנורת לילה קטנה שקופ,יח',1.00,יח',false,,12.90,12.9000,true,1,27871
6913245100838,false,תקע כוח תלת פיני + מ,,,תקע כוח תלת פיני + מ,יחידה,0.00,יחידה,false,,19.90,0.0000,true,1,74525
6913245105604,false,לד כדור 7W G45 אור ח,,,לד כדור 7W G45 אור ח,יחידה,0.00,יחידה,false,,7.90,0.0000,true,1,74561
6913245106380,false,שקע תקע T1 עם מפסק,,,שקע תקע T1 עם מפסק,יחידה,0.00,יחידה,false,,25.00,0.0000,true,1,74565
6913245107455,false,לד נר שקוף 7W C35 או,,,לד נר שקוף 7W C35 או,יחידה,0.00,יחידה,false,,7.90,0.0000,true,1,74578
6914006150116,false,קולר לחיות מחמד,,,קולר לחיות מחמד,יחידה,0.00,יחידה,false,,5.90,0.0000,true,1,86738
6914006150147,false,רצועה באורך 1.5 מ' ל,,,רצועה באורך 1.5 מ' ל,יחידה,0.00,יחידה,false,,15.90,0.0000,true,1,86741
6914006150161,false,כדור נשכן לחיות מחמד,,,כדור נשכן לחיות מחמד,יחידה,0.00,יחידה,false,,6.90,0.0000,true,1,86743
6914006150185,false,כדור נשכן לחיות מחמד,,,כדור נשכן לחיות מחמד,יחידה,0.00,יחידה,false,,6.90,0.0000,true,1,86744
6914006992518,false,קערת נירוסטה לחיות מ,,,קערת נירוסטה לחיות מ,יחידה,0.00,יחידה,false,,20.90,0.0000,true,1,86749
6914006995106,false,נשכן עצם לחיות מחמד,,,נשכן עצם לחיות מחמד,יחידה,0.00,יחידה,false,,6.90,0.0000,true,1,86745
6914006995137,false,נשכן לחיות מחמד,,,נשכן לחיות מחמד,יחידה,0.00,יחידה,false,,6.90,0.0000,true,1,86747
6914006995182,false,קערת נירוסטה לחיות מ,,,קערת נירוסטה לחיות מ,יחידה,0.00,יחידה,false,,10.90,0.0000,true,1,86755
6918026511810,false,מסרק מתכת,,,מסרק מתכת,יחידה,0.00,יחידה,false,,2.90,0.0000,true,1,80087
6920141968059,false,"מנעול 50 מ""מ ( 12 בפ",,,"מנעול 50 מ""מ ( 12 בפ",יחידה,0.00,יחידה,false,,12.90,0.0000,true,1,81391
6920220612040,false,מטריה ילדים פספס,,,מטריה ילדים פספס,יחידה,0.00,יחידה,false,,15.90,0.0000,true,1,87200
6920220612057,false,מטריה פתיחה אוטמטית,,,מטריה פתיחה אוטמטית,יחידה,0.00,יחידה,false,,30.00,0.0000,true,1,87442
6920220612071,false,מטריה מתהפכת,,,מטריה מתהפכת,יחידה,0.00,יחידה,false,,40.00,0.0000,true,1,87201
6920220666326,false,מטריה ילדים שקופה /,,,מטריה ילדים שקופה /,יחידה,0.00,יחידה,false,,5.90,0.0000,true,1,87202
6920220829141,false,שטיח כניסה מעוצב 45*,,,שטיח כניסה מעוצב 45*,יחידה,0.00,יחידה,false,,30.00,0.0000,true,1,87452
6920302800501,false,מצית לגז צוואר ארוך,,,מצית לגז צוואר ארוך,יחידה,0.00,יחידה,false,,7.90,0.0000,true,1,78820
6920354822223,false,קולגייט נטורל ג'ינג',קולגייט פלמוליב,BR,קולגייט,מיליליטרים,68.00,"100 מ""ל",false,,29.90,0.4397,true,1,67918
6921052701001,false,אצות וואקמה 40 גרם,qingdao sun growing,CN,אצות וואקמה 40 גרם,גרמים,40.00,100 גרם,false,,8.90,0.2225,true,1,58213
6921278111134,false,נשכן לחיות מחמד,,,נשכן לחיות מחמד,יחידה,0.00,יחידה,false,,6.90,0.0000,true,1,86761
6921278111141,false,קערה עגולה לאוכל/מים,,,קערה עגולה לאוכל/מים,יחידה,0.00,יחידה,false,,6.90,0.0000,true,1,86762
6921278111172,false,עצם אכילה לכלב,,,עצם אכילה לכלב,יחידה,0.00,יחידה,false,,10.90,0.0000,true,1,86763
6921278186118,false,נשכן עצם לחיות מחמד,,,נשכן עצם לחיות מחמד,יחידה,0.00,יחידה,false,,6.90,0.0000,true,1,86764
6921535656330,false,שדכן איתי 6/26,,,שדכן איתי 6/26,יחידה,0.00,יחידה,false,,10.00,0.0000,true,1,79662
6921734906168,false,מחדד עפרונות שולחני,,,מחדד עפרונות שולחני,יחידה,0.00,יחידה,false,,20.00,0.0000,true,1,80049
6921850613506,false,לד 10W A60 אור יום א,,,לד 10W A60 אור יום א,יח',1.00,יח',false,,6.90,6.9000,true,1,36585
6921850613742,false,עכבר אלחוטי מיני דגם,,,עכבר אלחוטי מיני דגם,יחידה,0.00,יחידה,false,,29.90,0.0000,true,1,74628
6921850619430,false,מנורת לילה wall wash,,,מנורת לילה wall wash,יחידה,0.00,יחידה,false,,25.00,0.0000,true,1,74633
6921850625479,false,מוגן MidiBako 36W כב,,,מוגן MidiBako 36W כב,יח',1.00,יח',false,,59.90,59.9000,true,1,68689
6921850644296,false,מפסק יחיד ברק 10A קו,,,מפסק יחיד ברק 10A קו,יחידה,0.00,יחידה,false,,12.90,0.0000,true,1,74696
6921850648034,false,כבל מאריך 1 מ' OMEGA,,,כבל מאריך 1 מ' OMEGA,יחידה,0.00,יחידה,false,,15.90,0.0000,true,1,74715
6921850656008,false,מתג תאורה+עמעם 6W כו,,,מתג תאורה+עמעם 6W כו,יחידה,0.00,יחידה,false,,19.90,0.0000,true,1,74744
6921850657951,false,A65 לד 17W אור יום מ,,,A65 לד 17W אור יום מ,יחידה,0.00,יחידה,false,,35.00,0.0000,true,1,86466
6922276100083,false,מחית וואסבי חזרת,qingdao sun growing,CN,wasabi,גרמים,43.00,100 גרם,false,,8.90,0.2070,true,1,30410
6923538201180,false,סטנד פלסטי לעוגה ק.3,,,סטנד פלסטי לעוגה ק.3,יחידה,0.00,יחידה,false,,15.90,0.0000,true,1,77791
6924349582079,false,פצירה נייר בשקית,,,פצירה נייר בשקית,יחידה,0.00,יחידה,false,,2.90,0.0000,true,1,80093
6924349582123,false,פצירה נייר רחבה בשקי,,,פצירה נייר רחבה בשקי,יחידה,0.00,יחידה,false,,2.90,0.0000,true,1,80096
6924349582147,false,אבן לרגל סוכרייה,,,אבן לרגל סוכרייה,יחידה,0.00,יחידה,false,,5.90,0.0000,true,1,80098
6924349582239,false,קוצץ ציפורניים מחסני,,,קוצץ ציפורניים מחסני,יחידה,0.00,יחידה,false,,5.90,0.0000,true,1,86214
6924349582307,false,מיספרים בכרטיס כחול,,,מיספרים בכרטיס כחול,יחידה,0.00,יחידה,false,,7.90,0.0000,true,1,80102
6924349582437,false,פצירה נייר שישיה בשק,,,פצירה נייר שישיה בשק,יחידה,0.00,יחידה,false,,2.90,0.0000,true,1,80107
6924349586237,false,פינצטה+קוצץ ציפורנים,,,פינצטה+קוצץ ציפורנים,יחידה,0.00,יחידה,false,,5.90,0.0000,true,1,80111
6925100320138,false,דבק דו צדדי,,,דבק דו צדדי,יחידה,0.00,יחידה,false,,5.90,0.0000,true,1,80073
6925454152126,false,קטלן יתושים אלקטרוני,,,קטלן יתושים אלקטרוני,יחידה,0.00,יחידה,false,,65.00,0.0000,true,1,86467
6926363540011,false,שעון מעורר גדול פעמו,,,שעון מעורר גדול פעמו,יחידה,0.00,יחידה,false,,29.90,0.0000,true,1,83557
6927168858615,false,מברשת שיער מטקה שחור,,,מברשת שיער מטקה שחור,יחידה,0.00,יחידה,false,,6.90,0.0000,true,1,80114
6928325110164,false,"סרט סאטן 2 ס""מ יארד-",,,"סרט סאטן 2 ס""מ יארד-",יחידה,0.00,יחידה,false,,5.90,0.0000,true,1,77803
6928325164235,false,צנצנת פלסטי כדורי זו,,,צנצנת פלסטי כדורי זו,יחידה,0.00,יחידה,false,,10.90,0.0000,true,1,77815
6928325178508,false,סל יוטה עגול+2 ידיות,,,סל יוטה עגול+2 ידיות,יחידה,0.00,יחידה,false,,12.90,0.0000,true,1,77839
6930126705166,false,עט מחליף צבעים,,,עט מחליף צבעים,יחידה,0.00,יחידה,false,,2.50,0.0000,true,1,84130
6930126735767,false,כדורי לחצן+גריפ 0.5,,,כדורי לחצן+גריפ 0.5,יחידה,0.00,יחידה,false,,10.00,0.0000,true,1,80023
6930140002098,false,מחק קרטיב,,,מחק קרטיב,יחידה,0.00,יחידה,false,,5.90,0.0000,true,1,79090
6930491402028,false,סט 12 טושים דקים רחי,,,סט 12 טושים דקים רחי,יחידה,0.00,יחידה,false,,10.90,0.0000,true,1,83664
6930518933559,false,לחצן שחור 32 ממ ארטי,,,לחצן שחור 32 ממ ארטי,יחידה,0.00,יחידה,false,,5.00,0.0000,true,1,79663
6930518933566,false,לחצן שחור 19 ממ ארטי,,,לחצן שחור 19 ממ ארטי,יחידה,0.00,יחידה,false,,5.90,0.0000,true,1,80037
6930519661215,false,מספריים -6.5 אינץ אר,,,מספריים -6.5 אינץ אר,יחידה,0.00,יחידה,false,,5.90,0.0000,true,1,80038
6930584327436,false,קערה מחולקת חתול אוכ,,,קערה מחולקת חתול אוכ,יחידה,0.00,יחידה,false,,10.90,0.0000,true,1,86765
6930584327467,false,בובה נשכן לחיות מחמד,,,בובה נשכן לחיות מחמד,יחידה,0.00,יחידה,false,,15.90,0.0000,true,1,86767
6930584327474,false,בובה נשכן לחיות מחמד,,,בובה נשכן לחיות מחמד,יחידה,0.00,יחידה,false,,15.90,0.0000,true,1,86768
6930584328112,false,נשכן חבל לחיות מחמד,,,נשכן חבל לחיות מחמד,יחידה,0.00,יחידה,false,,10.90,0.0000,true,1,86756
6930584328129,false,נשכן חבל לחיות מחמד,,,נשכן חבל לחיות מחמד,יחידה,0.00,יחידה,false,,10.90,0.0000,true,1,86757
6930584328136,false,נשכן חבל לחיות מחמד,,,נשכן חבל לחיות מחמד,יחידה,0.00,יחידה,false,,6.90,0.0000,true,1,86758
6930584328181,false,נשכן כדור לחיות מחמד,,,נשכן כדור לחיות מחמד,יחידה,0.00,יחידה,false,,6.90,0.0000,true,1,86769
6931472126568,false,טיפקס,,,טיפקס,יחידה,0.00,יחידה,false,,2.90,0.0000,true,1,80056
6931578436059,false,תחבושת אלסטי זרוע ׁׁ,,,תחבושת אלסטי זרוע ׁׁ,יחידה,0.00,יחידה,false,,5.90,0.0000,true,1,76844
6932140858163,false,מעגל ריסים,,,מעגל ריסים,יחידה,0.00,יחידה,false,,6.90,0.0000,true,1,86215
6933960500089,false,קנפיו רצועות דלעת כב,qingdao sun growing,CN,qingdao,גרמים,100.00,100 גרם,false,,12.90,0.1290,true,1,30411
6934931264726,false,קופסא לתבנית אינגליש,,,קופסא לתבנית אינגליש,יח',1.00,יח',false,,9.90,9.9000,true,1,65756
6934931267246,false,מצית גז,,,מצית גז,יח,1.00,יח,false,,9.90,9.9000,true,1,67385
6935534979888,false,מצית גז קצר,,,מצית גז קצר,יחידה,0.00,יחידה,false,,3.90,0.0000,true,1,78822
6936065430442,false,כבל USB אורך 2 מטר,,,כבל USB אורך 2 מטר,1,1.00,1,false,,12.90,12.9000,true,1,82599
6936065431036,false,כבל מולטי,,,כבל מולטי,1,1.00,1,false,,24.90,24.9000,true,1,85712
6936745600783,false,חומץ אורז,qingdao sun growing,CN,daniyan,מיליליטרים,500.00,"100 מ""ל",false,,15.90,0.0318,true,1,30412
6938582881752,false,מברשת שיער להתרת קשר,,,מברשת שיער להתרת קשר,יחידה,0.00,יחידה,false,,15.90,0.0000,true,1,80117
6938586010301,false,סיכות כיפה גדול,,,סיכות כיפה גדול,יחידה,0.00,יחידה,false,,2.90,0.0000,true,1,80118
6938586288768,false,מסרק גבר ללא ידית,,,מסרק גבר ללא ידית,יחידה,0.00,יחידה,false,,1.50,0.0000,true,1,80123
6939540573085,false,"סרגל 20 ס""מ  גמיש-(",,,"סרגל 20 ס""מ  גמיש-(",יחידה,0.00,יחידה,false,,5.00,0.0000,true,1,79637
6940000210501,false,גביע לקידוש עם צלוחי,,,גביע לקידוש עם צלוחי,יחידה,0.00,יחידה,false,,11.90,0.0000,true,1,86019
6941111161577,false,בובת חיות לחיצה,,,בובת חיות לחיצה,יחידה,0.00,יחידה,false,,15.50,0.0000,true,1,86243
6941288737438,false,סט 3 מברשות ציור - K,,,סט 3 מברשות ציור - K,יחידה,0.00,יחידה,false,,15.90,0.0000,true,1,83678
6942301806513,false,אקדח התזה 5 מצבים,,,אקדח התזה 5 מצבים,יחידה,0.00,יחידה,false,,12.90,0.0000,true,1,76863
6942318061493,false,סוגר שקיות,,,סוגר שקיות,יחידה,0.00,יחידה,false,,6.90,0.0000,true,1,85499
6942709156005,false,כבל טייפ סי 1 מטר דר,,,כבל טייפ סי 1 מטר דר,יחידה,0.00,יחידה,false,,10.90,0.0000,true,1,80270
6942709156012,false,כבל מיקרו 1 מטר דרגו,,,כבל מיקרו 1 מטר דרגו,יחידה,0.00,יחידה,false,,10.90,0.0000,true,1,80271
6942709156111,false,כבל אייפון 1 מטר דרג,,,כבל אייפון 1 מטר דרג,יחידה,0.00,יחידה,false,,10.90,0.0000,true,1,80272
6942709156302,false,אוזניות אייפון דרגו,,,אוזניות אייפון דרגו,יחידה,0.00,יחידה,false,,20.00,0.0000,true,1,80273
6942709158023,false,כבל איפון 2 מטר,,,כבל איפון 2 מטר,יחידה,0.00,יחידה,false,,15.90,0.0000,true,1,84360
6943887911691,false,תבנית מרובעת (LPL3L),,,תבנית מרובעת (LPL3L),יחידה,0.00,יחידה,false,,55.00,0.0000,true,1,79130
6951097100057,false,מאפרת זכוכית פאלאס ב,,,מאפרת זכוכית פאלאס ב,יחידה,0.00,יחידה,false,,10.90,0.0000,true,1,85651
6951097100279,false,כוס סלייס גבוהה בלינ,,,כוס סלייס גבוהה בלינ,יחידה,0.00,יחידה,false,,6.90,0.0000,true,1,83875
6951097100330,false,מאג בירה קלאסיק בלינ,,,מאג בירה קלאסיק בלינ,יחידה,0.00,יחידה,false,,12.90,0.0000,true,1,86468
6951097100392,false,כוס פריז גבוהה בלינק,,,כוס פריז גבוהה בלינק,יחידה,0.00,יחידה,false,,6.90,0.0000,true,1,83876
6951097100446,false,כוס מרובעת נמוכה בלי,,,כוס מרובעת נמוכה בלי,יחידה,0.00,יחידה,false,,5.00,0.0000,true,1,80769
6951097100484,false,כוס פריז בלינק 250,,,כוס פריז בלינק 250,יחידה,0.00,יחידה,false,,5.90,0.0000,true,1,82530
6951097100514,false,כוס פריז גבוהה בלינק,,,כוס פריז גבוהה בלינק,יחידה,0.00,יחידה,false,,9.90,0.0000,true,1,83877
6951097100538,false,כוס ניו ריביירה בלינ,,,כוס ניו ריביירה בלינ,יחידה,0.00,יחידה,false,,5.90,0.0000,true,1,82531
6951097100583,false,כוס ניו ריביירה 300,,,כוס ניו ריביירה 300,יחידה,0.00,יחידה,false,,5.90,0.0000,true,1,77243
6951097100590,false,כוס פריז בלינק 320,,,כוס פריז בלינק 320,יחידה,0.00,יחידה,false,,6.90,0.0000,true,1,83878
6951097100613,false,כוס קלאסיק הייבול 28,,,כוס קלאסיק הייבול 28,יחידה,0.00,יחידה,false,,5.90,0.0000,true,1,83879
6951097100644,false,מאג סטייל XL 660,,,מאג סטייל XL 660,יחידה,0.00,יחידה,false,,12.90,0.0000,true,1,86469
6951097100668,false,מאג קליר בלינק 400,,,מאג קליר בלינק 400,יחידה,0.00,יחידה,false,,9.90,0.0000,true,1,77244
6951097100781,false,מאג אובל בלינק 210,,,מאג אובל בלינק 210,יחידה,0.00,יחידה,false,,5.00,0.0000,true,1,83880
6951097100866,false,צ'ייסר סטייל בלינק 3,,,צ'ייסר סטייל בלינק 3,יחידה,0.00,יחידה,false,,2.50,0.0000,true,1,80771
6951097101078,false,מאג לאטה 240,,,מאג לאטה 240,יחידה,0.00,יחידה,false,,5.90,0.0000,true,1,77249
6951097101092,false,מאג אתניק בלינק 150,,,מאג אתניק בלינק 150,יחידה,0.00,יחידה,false,,5.90,0.0000,true,1,83882
6951097101313,false,כוס מרובעת נמוכה בלי,,,כוס מרובעת נמוכה בלי,יחידה,0.00,יחידה,false,,5.90,0.0000,true,1,81722
6951097101788,false,מאג בירה קלאסיק 300,,,מאג בירה קלאסיק 300,יחידה,0.00,יחידה,false,,5.90,0.0000,true,1,86470
6951097102075,false,מאג בירה גדול 500,,,מאג בירה גדול 500,יחידה,0.00,יחידה,false,,12.90,0.0000,true,1,86472
6951097102099,false,מאג אפרופו 250,,,מאג אפרופו 250,יחידה,0.00,יחידה,false,,7.90,0.0000,true,1,77252
6951097102914,false,מאג בירה פריז 600,,,מאג בירה פריז 600,יחידה,0.00,יחידה,false,,12.90,0.0000,true,1,82525
6951097106936,false,גביע מילקשייק בלינק,,,גביע מילקשייק בלינק,יחידה,0.00,יחידה,false,,12.90,0.0000,true,1,77257
6951097111244,false,מאג קוני בלינק 300,,,מאג קוני בלינק 300,יחידה,0.00,יחידה,false,,12.90,0.0000,true,1,86473
6951097112647,false,מאג טייל דיזיין בלינ,,,מאג טייל דיזיין בלינ,יחידה,0.00,יחידה,false,,6.90,0.0000,true,1,83891
6951097113446,false,מאג בולד יהלום 260,,,מאג בולד יהלום 260,יחידה,0.00,יחידה,false,,6.90,0.0000,true,1,83892
6951097124466,false,מאג גלים 240,,,מאג גלים 240,יחידה,0.00,יחידה,false,,5.90,0.0000,true,1,86475
6951097125425,false,כוס שלג בלינק נמוך 2,,,כוס שלג בלינק נמוך 2,יחידה,0.00,יחידה,false,,5.90,0.0000,true,1,82534
6951097125838,false,כוס סלע 272,,,כוס סלע 272,יחידה,0.00,יחידה,false,,6.90,0.0000,true,1,83894
6952415521417,false,גלאי עשן DC+סוללת אל,,,גלאי עשן DC+סוללת אל,יחידה,0.00,יחידה,false,,59.90,0.0000,true,1,74765
6952415521486,false,כבל מאריך 3 מ' OMEGA,,,כבל מאריך 3 מ' OMEGA,יח',1.00,יח',false,,35.00,35.0000,true,1,21018
6952415521493,false,כבל מאריך 4 מ' OMEGA,,,כבל מאריך 4 מ' OMEGA,יח',1.00,יח',false,,39.90,39.9000,true,1,21019
6952415521509,false,כבל מאריך 5 מ' OMEGA,,,כבל מאריך 5 מ' OMEGA,יח',1.00,יח',false,,45.00,45.0000,true,1,21020
6953571205678,false,עט עפרון 0.7,,,עט עפרון 0.7,יחידה,0.00,יחידה,false,,2.50,0.0000,true,1,79099
6954884575328,false,דבק פלסטי בבקבוק 120,,,דבק פלסטי בבקבוק 120,יחידה,0.00,יחידה,false,,2.50,0.0000,true,1,80030
6957396122146,false,שלט נהג חדש,,,שלט נהג חדש,יחידה,0.00,יחידה,false,,6.90,0.0000,true,1,84045
6971678360212,false,מצית,,,מצית,יחידה,0.00,יחידה,false,,10.90,0.0000,true,1,82792
6972289290011,false,עט עפרון מתחלף דמויו,,,עט עפרון מתחלף דמויו,יחידה,0.00,יחידה,false,,2.50,0.0000,true,1,83458
6972289290042,false,עט עפרון מתחלף דמויו,,,עט עפרון מתחלף דמויו,יחידה,0.00,יחידה,false,,2.50,0.0000,true,1,83790
6980078014670,false,מברשת שיער צרה+מתלה,,,מברשת שיער צרה+מתלה,יחידה,0.00,יחידה,false,,12.90,0.0000,true,1,80125
6985120224939,false,גומי פפיון 6 יח בכרט,,,גומי פפיון 6 יח בכרט,יחידה,0.00,יחידה,false,,5.90,0.0000,true,1,80129
6985425120035,false,פקק פטנט לאמבטיה,,,פקק פטנט לאמבטיה,יח',1.00,יח',false,,5.90,5.9000,true,1,21031
6998877553030,false,טבחים 42-47,,,טבחים 42-47,יחידה,0.00,יחידה,false,,29.90,0.0000,true,1,87153
6998877553399,false,קרוס פרווה36-41,,,קרוס פרווה36-41,יחידה,0.00,יחידה,false,,29.90,0.0000,true,1,87154
6998877553405,false,קרוס פרווה30-35,,,קרוס פרווה30-35,יחידה,0.00,יחידה,false,,29.90,0.0000,true,1,87155
6998877553412,false,קרוס פרווה 24-29,,,קרוס פרווה 24-29,יחידה,0.00,יחידה,false,,29.90,0.0000,true,1,87156
7002928148171,false,מיכל מהודר 1 ליטר אר,,,מיכל מהודר 1 ליטר אר,יחידה,0.00,יחידה,false,,10.90,0.0000,true,1,85600
7002928148174,false,מיכל מהודר 1.2 ליטר,,,מיכל מהודר 1.2 ליטר,יחידה,0.00,יחידה,false,,10.90,0.0000,true,1,85601
7262626041079,false,רובה ג'לי קטנטן + חצ,,,רובה ג'לי קטנטן + חצ,יחידה,0.00,יחידה,false,,10.90,0.0000,true,1,84735
7262626046234,false,אקדח ג'לי קופסא אדומ,,,אקדח ג'לי קופסא אדומ,יחידה,0.00,יחידה,false,,15.90,0.0000,true,1,75643
7262626047743,false,בובות נסיכות 4 בקופס,,,בובות נסיכות 4 בקופס,יחידה,0.00,יחידה,false,,30.00,0.0000,true,1,84819
7262626092842,false,בובה נסיכת הקרח על כ,,,בובה נסיכת הקרח על כ,יחידה,0.00,יחידה,false,,15.90,0.0000,true,1,84801
7262626092859,false,בובה עם שמלת פאייטים,,,בובה עם שמלת פאייטים,יחידה,0.00,יחידה,false,,15.90,0.0000,true,1,84760
7262626093634,false,מחסנית כדורי ג'לי 15,,,מחסנית כדורי ג'לי 15,יחידה,0.00,יחידה,false,,9.90,0.0000,true,1,84726
7262626096154,false,בובות נסיכות 10 אינץ,,,בובות נסיכות 10 אינץ,יחידה,0.00,יחידה,false,,25.90,0.0000,true,1,75742
7262626114506,false,מכונית מתכת טויוטה ל,,,מכונית מתכת טויוטה ל,יחידה,0.00,יחידה,false,,24.90,0.0000,true,1,84816
7262626118795,false,מכוניות מתכת בקופסא,,,מכוניות מתכת בקופסא,יחידה,0.00,יחידה,false,,6.90,0.0000,true,1,84731
7262626123119,false,זוג רעשנים לתינוק בק,,,זוג רעשנים לתינוק בק,יחידה,0.00,יחידה,false,,24.90,0.0000,true,1,75854
7271730901261,false,מקרוני אנד צ'יז אדום,,,פסטה עם גבינה,גרמים,156.00,100 גרם,false,,10.90,0.0699,true,1,7796
7280109389869,false,מנגל + פחמים,,,מנגל + פחמים,יחידה,0.00,יחידה,false,,80.00,0.0000,true,1,86004
7290000000002,false,לחם אחיד כהה 750 גרם,אנג'ל,IL,אנג'ל,גרמים,750.00,100 גרם,false,,3.90,0.0052,true,1,2195
7290000000005,false,חלה רגילה,,IL,חלה רגילה,יח',1.00,יח',false,,3.90,3.9000,true,1,2197
7290000000015,false,עיתון ידיעות שבת,,,עיתון ידיעות שבת,יח',1.00,יח',false,,16.50,16.5000,true,1,11248
7290000000056,false,משלוח בתוך העיר,,,משלוח בתוך העיר,יח',1.00,יח',false,,30.00,30.0000,true,1,120
7290000000079,false,מים 1.5 ליטר קר,,,מים 1.5 ליטר קר,ליטרים,1.50,ליטר,false,,5.00,3.3333,true,1,123
7290000000090,false,עיתון לאשה,,,עיתון לאשה,יח',1.00,יח',false,,21.90,21.9000,true,1,11249
7290000000245,false,עגבניות שרי - ארוז,,,עגבניות שרי - ארוז,יח',1.00,יח',false,,8.90,8.9000,true,1,58744
7290000000251,false,ערמונים,,,ערמונים,קילוגרמים,1.00,"ק""ג",true,,14.90,14.9000,true,1,24534
7290000000311,false,"תפו""א אדום אפייה",,,"תפו""א אדום אפייה",קילוגרמים,1.00,"ק""ג",true,,3.90,3.9000,true,1,24104
7290000000343,false,גזר בתפזורת,משתנה,IL,גזר בתפזורת,קילוגרמים,1.00,"ק""ג",true,,4.90,4.9000,true,1,20711
7290000000344,false,"תפו""א אדום בתפזורת",משתנה,IL,"תפו""א אדום בתפזורת",קילוגרמים,1.00,"ק""ג",true,,5.90,5.9000,true,1,20712
7290000000345,false,"תפו""א לבן בתפזורת",משתנה,IL,"תפו""א לבן בתפזורת",קילוגרמים,1.00,"ק""ג",true,,4.90,4.9000,true,1,20713
7290000000374,false,פטריות שמפניון,משתנה,IL,פטריות שמפניון,יח',1.00,יח',false,,8.90,8.9000,true,1,1760
7290000000435,false,סלרי עלים יח',,,סלרי עלים יח',יח',1.00,יח',false,,5.90,5.9000,true,1,55882
7290000000473,false,קישוא זוקיני,משתנה,IL,קישוא זוקיני,קילוגרמים,1.00,"ק""ג",true,,9.90,9.9000,true,1,18504
7290000000503,false,"תפו""א אדום אפייה",,,"תפו""א אדום אפייה",קילוגרמים,1.00,"ק""ג",true,,3.90,3.9000,true,1,68944
7290000000594,false,"תפ""ע נאשי",,,"תפ""ע נאשי",קילוגרמים,1.00,"ק""ג",true,,13.90,13.9000,true,1,29408
7290000000599,false,אגס אדום,משתנה,IL,אגס,קילוגרמים,1.00,"ק""ג",true,,15.90,15.9000,true,1,26565
7290000000602,false,אגס,משתנה,IL,אגס,קילוגרמים,1.00,"ק""ג",true,,12.90,12.9000,true,1,19376
7290000000606,false,אבוקדו,משתנה,IL,אבוקדו,קילוגרמים,1.00,"ק""ג",true,,9.90,9.9000,true,1,18505
7290000000608,false,אפרסמון,,,אפרסמון,קילוגרמים,1.00,"ק""ג",true,,9.90,9.9000,true,1,24089
7290000000610,false,חבוש,,,חבוש,קילוגרמים,1.00,"ק""ג",true,,12.90,12.9000,true,1,23735
7290000000612,false,"תפו""א ירושלמי",משתנה,IL,"תפו""א ירושלמי",קילוגרמים,1.00,"ק""ג",true,,12.90,12.9000,true,1,18508
7290000000613,false,רימון,,,רימון,קילוגרמים,1.00,"ק""ג",true,,5.90,5.9000,true,1,23270
7290000000619,false,בצל אדום,משתנה,IL,בצל אדום,קילוגרמים,1.00,"ק""ג",true,,5.90,5.9000,true,1,18509
7290000000620,false,בצל יבש,משתנה,IL,בצל יבש,קילוגרמים,1.00,"ק""ג",true,,2.90,2.9000,true,1,18510
7290000000622,false,בטטה,משתנה,IL,בטטה,קילוגרמים,1.00,"ק""ג",true,,7.90,7.9000,true,1,20114
7290000000623,false,בננה,משתנה,IL,בננה,קילוגרמים,1.00,"ק""ג",true,,6.90,6.9000,true,1,20110
7290000000625,false,דלורית,משתנה,IL,דלורית,קילוגרמים,1.00,"ק""ג",true,,4.90,4.9000,true,1,18511
7290000000635,false,גזר ארוז,משתנה,IL,גזר ארוז,קילוגרמים,1.00,"ק""ג",true,,2.90,2.9000,true,1,2282
7290000000646,false,פומלית,,,פומלית,קילוגרמים,1.00,"ק""ג",true,,5.90,5.9000,true,1,23998
7290000000648,false,פלפל כתום,משתנה,IL,פלפל כתום,קילוגרמים,1.00,"ק""ג",true,,7.90,7.9000,true,1,18514
7290000000660,false,חסה ערבית,משתנה,IL,חסה,יח',1.00,יח',false,,3.90,3.9000,true,1,19816
7290000000661,false,חציל,משתנה,IL,חציל,קילוגרמים,1.00,"ק""ג",true,,4.90,4.9000,true,1,18516
7290000000662,false,חסה עגולה,משתנה,IL,חסה עגולה,יח',1.00,יח',false,,5.90,5.9000,true,1,19817
7290000000665,false,חציל בלאדי,משתנה,IL,חציל בלאדי,קילוגרמים,1.00,"ק""ג",true,,6.90,6.9000,true,1,65819
7290000000666,false,פטריות בתפזורת,משתנה,IL,פטריות בתפזורת,קילוגרמים,1.00,"ק""ג",true,,31.90,31.9000,true,1,1762
7290000000681,false,כרוב לבן,משתנה,IL,כרוב לבן,קילוגרמים,1.00,"ק""ג",true,,2.90,2.9000,true,1,19819
7290000000682,false,כרוב אדום,משתנה,IL,כרוב אדום,קילוגרמים,1.00,"ק""ג",true,,3.90,3.9000,true,1,19820
7290000000691,false,לימון,משתנה,IL,לימון,קילוגרמים,1.00,"ק""ג",true,,5.90,5.9000,true,1,20583
7290000000695,false,מלפפון,משתנה,IL,מלפפון,קילוגרמים,1.00,"ק""ג",true,,4.90,4.9000,true,1,55971
7290000000696,false,מלון,משתנה,IL,מלון,קילוגרמים,1.00,"ק""ג",true,,5.90,5.9000,true,1,18519
7290000000701,false,מנגו,נטרה,IL,מנגו,קילוגרמים,1.00,"ק""ג",true,,8.90,8.9000,true,1,60579
7290000000702,false,לימון ארוז אוצר בית,משתנה,IL,לימון,קילוגרמים,1.00,"ק""ג",true,,5.90,5.9000,true,1,85970
7290000000715,false,סלק,משתנה,IL,סלק,קילוגרמים,1.00,"ק""ג",true,,3.90,3.9000,true,1,18521
7290000000716,false,סלק עלים יח',משתנה,IL,סלק עלים,יח',1.00,יח',false,,5.90,5.9000,true,1,1751
7290000000722,false,אפרסמון  קרמבו,,,אפרסמון  קרמבו,קילוגרמים,1.00,"ק""ג",true,,10.90,10.9000,true,1,65506
7290000000725,false,עגבניה,משתנה,IL,עגבניה,קילוגרמים,1.00,"ק""ג",true,,5.90,5.9000,true,1,797
7290000000728,false,עגבניות שרי שקיל,משתנה,IL,עגבניה שרי במשקל,קילוגרמים,1.00,"ק""ג",true,,12.90,12.9000,true,1,69118
7290000000731,false,סברס,משתנה,IL,סברס,קילוגרמים,1.00,"ק""ג",true,,24.90,24.9000,true,1,60583
7290000000734,false,פלפל צהוב,משתנה,IL,פלפל צהוב,קילוגרמים,1.00,"ק""ג",true,,7.90,7.9000,true,1,18523
7290000000735,false,פלפל ירוק,משתנה,IL,פלפל ירוק,קילוגרמים,1.00,"ק""ג",true,,6.90,6.9000,true,1,18524
7290000000737,false,פלפל בהיר,משתנה,IL,פלפל בהיר,קילוגרמים,1.00,"ק""ג",true,,6.90,6.9000,true,1,18525
7290000000739,false,פלפל חריף,משתנה,IL,פלפל חריף,קילוגרמים,1.00,"ק""ג",true,,7.90,7.9000,true,1,18527
7290000000740,false,ענבים לבנים במשקל,משתנה,IL,ענבים לבנים,קילוגרמים,1.00,"ק""ג",true,,19.90,19.9000,true,1,60584
7290000000741,false,ענבים שחורים במשקל,משתנה,IL,ענבים שחורים,קילוגרמים,1.00,"ק""ג",true,,16.90,16.9000,true,1,60585
7290000000742,false,פלפל אדום,משתנה,IL,פלפל אדום,קילוגרמים,1.00,"ק""ג",true,,7.90,7.9000,true,1,798
7290000000744,false,פומלה,,,פומלה,קילוגרמים,1.00,"ק""ג",true,,5.90,5.9000,true,1,23939
7290000000745,false,גויאבה,,,גויאבה,קילוגרמים,1.00,"ק""ג",true,,14.90,14.9000,true,1,23959
7290000000748,false,פטאיה,,,פטאיה,קילוגרמים,1.00,"ק""ג",true,,19.90,19.9000,true,1,60586
7290000000750,false,צנונית ארוזה,משתנה,IL,צנונית חבילה,יח',1.00,יח',false,,4.90,4.9000,true,1,20115
7290000000753,false,קישוא עגול,משתנה,IL,קישוא עגול,קילוגרמים,1.00,"ק""ג",true,,9.90,9.9000,true,1,18530
7290000000754,false,קלמנטינה,משתנה,IL,קלמנטינה,קילוגרמים,1.00,"ק""ג",true,,4.90,4.9000,true,1,18531
7290000000755,false,קישואים,משתנה,IL,קישואים,קילוגרמים,1.00,"ק""ג",true,,6.90,6.9000,true,1,18532
7290000000756,false,קולורבי,משתנה,IL,קולורבי,קילוגרמים,1.00,"ק""ג",true,,6.90,6.9000,true,1,18533
7290000000757,false,קיווי,משתנה,IL,קיווי,קילוגרמים,1.00,"ק""ג",true,,11.90,11.9000,true,1,18534
7290000000764,false,אשכולית אדומה,משתנה,IL,אשכולית אדומה,קילוגרמים,1.00,"ק""ג",true,,5.90,5.9000,true,1,18535
7290000000775,false,שומר,משתנה,IL,שומר,קילוגרמים,1.00,"ק""ג",true,,6.90,6.9000,true,1,18536
7290000000783,false,"תפו""א אדום ארוז",משתנה,IL,"תפו""א אדום ארוז",קילוגרמים,1.00,"ק""ג",true,,3.90,3.9000,true,1,19474
7290000000785,false,"תפו""א לבן ארוז",משתנה,IL,"תפו""א לבן ארוז",קילוגרמים,1.00,"ק""ג",true,,2.90,2.9000,true,1,19475
7290000000787,false,"תפ""ע חרמון",משתנה,IL,"תפו""ע חרמון",קילוגרמים,1.00,"ק""ג",true,,9.90,9.9000,true,1,1498
7290000000788,false,"תפ""ע סמיט",משתנה,IL,"תפו""ע סמיט",קילוגרמים,1.00,"ק""ג",true,,9.90,9.9000,true,1,1499
7290000000789,false,תירס.,משתנה,IL,תירס,קילוגרמים,1.00,"ק""ג",true,,7.90,7.9000,true,1,20112
7290000000792,false,"תפ""ע זהוב",משתנה,IL,"תפו""ע מוזהב",קילוגרמים,1.00,"ק""ג",true,,9.90,9.9000,true,1,1500
7290000000797,false,תפוז,משתנה,IL,תפוז גדול,קילוגרמים,1.00,"ק""ג",true,,4.90,4.9000,true,1,18539
7290000000803,false,אנונה,משתנה,IL,אנונה,קילוגרמים,1.00,"ק""ג",true,,16.90,16.9000,true,1,60918
7290000000890,false,ראש קוקוס,,,ראש קוקוס,יח',1.00,יח',false,,4.90,4.9000,true,1,24991
7290000000897,false,"תפ""ע פינק ליידי",משתנה,IL,"תפו""ע פינק ליידי",קילוגרמים,1.00,"ק""ג",true,,15.90,15.9000,true,1,19377
7290000000947,false,דלעת ספגטי,משתנה,IL,דלעת ספגטי,קילוגרמים,1.00,"ק""ג",true,,9.90,9.9000,true,1,20113
7290000001814,false,בצלצלי שאלוט,משתנה,IL,בצלצלי שאלוט,יח',1.00,יח',false,,9.90,9.9000,true,1,6420
7290000002217,false,מים מינרלים קטן,,,מים מינרלים קטן,יח',1.00,יח',false,,2.50,2.5000,true,1,28850
7290000002220,false,מים מינרלים גדול,,,מים מינרלים גדול,יח',1.00,יח',false,,2.50,2.5000,true,1,28862
7290000006550,false,שקית גופיה יוחננוף,,,שקית גופיה יוחננוף,יח',1.00,יח',false,,0.10,0.1000,true,1,30357
7290000006888,false,שום יבש יחידה,משתנה,IL,שום יבש יחידה,יח',1.00,יח',false,,3.90,3.9000,true,1,20582
7290000023007,false,ברנדי שטוק 84,ברקן סגל,IL,שטוק,מיליליטרים,750.00,"100 מ""ל",false,,64.90,0.0865,true,1,39513
7290000023083,false,"עארק אשקלון 700 מ""ל",ברקן סגל,IL,ערק אשקלון,מיליליטרים,700.00,"100 מ""ל",false,,49.90,0.0713,true,1,39514
7290000023809,false,קברנה סובניון קלאסיק,ברקן סגל,IL,קלאסיק,מיליליטרים,750.00,"100 מ""ל",false,,32.90,0.0439,true,1,39515
7290000023816,false,אמרלד ריזלינג קלאסיק,ברקן סגל,IL,קלאסיק,מיליליטרים,750.00,"100 מ""ל",false,,32.90,0.0439,true,1,39516
7290000023830,false,שיראז רוזה קלאסיק.,ברקן סגל,IL,קלאסיק,מיליליטרים,750.00,"100 מ""ל",false,,32.90,0.0439,true,1,57485
7290000023977,false,מרלו קלאסיק,ברקן סגל,IL,קלאסיק,מיליליטרים,750.00,"100 מ""ל",false,,32.90,0.0439,true,1,39518
7290000024202,false,יין רזרב קברנה,ברקן סגל,IL,ספיישל רזרב,מיליליטרים,750.00,"100 מ""ל",false,,39.90,0.0532,true,1,39519
7290000024523,false,מיץ ענבים תירוש סגל,ברקן סגל,IL,מיץ ענבים תירוש סגל,ליטרים,1.00,ליטר,false,,12.90,12.9000,true,1,43726
7290000024530,false,יין אדום מתוק לקידוש,ברקן סגל,IL,סגל,מיליליטרים,750.00,"100 מ""ל",false,,12.90,0.0172,true,1,39521
7290000024912,false,וודקה קגלביץ לימון,ברקן סגל,IL,קגלביץ,מיליליטרים,700.00,"100 מ""ל",false,,46.90,0.0670,true,1,42406
7290000031903,false,שווארמה עגל במשקל,יצור עצמי,IL,שווארמה פרגית,קילוגרמים,1.00,"ק""ג",true,,99.00,99.0000,true,1,71080
7290000034560,false,שקית גופיה יוחננוף,,,שקית גופיה יוחננוף,יח',1.00,יח',false,,0.10,0.1000,true,1,30358
7290000036144,false,קורפלור 200 גר גלעם,גלעם,IL,גלעם,גרמים,200.00,100 גרם,false,,3.50,0.0175,true,1,40866
7290000036151,false,קורנפלור 500 גרם,גלעם,IL,גלעם,גרמים,500.00,100 גרם,false,,6.90,0.0138,true,1,40867
7290000039305,false,פילה אמנון מטוגן במש,,,פילה אמנון מטוגן במש,קילוגרמים,1.00,"ק""ג",true,,69.00,69.0000,true,1,83759
7290000040035,false,פרגית עם עצם לתנור,משתנה,IL,פרגית לתנור גורמה,קילוגרמים,1.00,"ק""ג",true,,59.90,59.9000,true,1,22147
7290000040066,false,יופלה יוגורט דובדבן,תנובה,IL,יופלה,גרמים,150.00,100 גרם,false,,4.80,0.0320,true,1,40635
7290000040080,false,יופלה יוגורט אפרסק %,תנובה,IL,יופלה,גרמים,150.00,100 גרם,false,,4.80,0.0320,true,1,40636
7290000040301,false,קממבר עין גדי חפיסה,תנובה,IL,קולאז,גרמים,125.00,100 גרם,false,,17.90,0.1432,true,1,40637
7290000040318,false,ברי עדי חפיסה 24%  1,תנובה,IL,קולאז,גרמים,125.00,100 גרם,false,,18.90,0.1512,true,1,40638
7290000040974,false,חלב טרי דל לקטוז 1 ל,תנובה,IL,תנובה,ליטרים,1.00,ליטר,false,,6.80,6.8000,true,1,40640
7290000041407,false,גיל גביע 125 מל 3% ב,תנובה,IL,תנובה,מיליליטרים,125.00,"100 מ""ל",false,,0.94,0.0075,true,1,40641
7290000041452,false,קוטג תנובה גביע 250,תנובה,IL,תנובה,גרמים,250.00,100 גרם,false,,5.50,0.0220,true,1,42909
7290000041858,false,שמנת חמוצה 15% מועשר,שטראוס גרופ,IL,יטבתה,מיליליטרים,200.00,"100 מ""ל",false,,2.40,0.0120,true,1,40310
7290000041865,false,לבן 4.5% שומן- מהדרי,שטראוס גרופ,IL,יטבתה,גרמים,207.00,100 גרם,false,,2.00,0.0097,true,1,40311
7290000042015,false,חלב תנובה טרי שקית 1,תנובה,IL,תנובה,ליטרים,1.00,ליטר,false,,5.40,5.4000,true,1,40644
7290000042435,false,חלב תנובה טרי קרט+ פ,תנובה,IL,תנובה,ליטרים,1.00,ליטר,false,,5.80,5.8000,true,1,40649
7290000042640,false,חלב עמיד קרטון 250 מ,תנובה,IL,תנובה,מיליליטרים,250.00,"100 מ""ל",false,,2.50,0.0100,true,1,40653
7290000042855,false,שוקו יטבתה שקית,שטראוס גרופ,IL,יטבתה,מיליליטרים,225.00,"100 מ""ל",false,,2.50,0.0111,true,1,40314
7290000043012,false,שוק.שוקו עמיד 2% בקר,תנובה,IL,תנובה,מיליליטרים,250.00,"100 מ""ל",false,,4.50,0.0180,true,1,40655
7290000043111,false,חמאה מפוסטרת חבילה,תנובה,IL,תנובה,גרמים,200.00,100 גרם,false,,7.80,0.0390,true,1,40656
7290000043814,false,שמנת להקצפה  38% 250,תנובה,IL,השף הלבן,מיליליטרים,250.00,"100 מ""ל",false,,6.40,0.0256,true,1,40658
7290000043890,false,רוויון קרטון 1 ליטר,תנובה,IL,רוויון,ליטרים,1.00,ליטר,false,,10.90,10.9000,true,1,40659
7290000044446,false,גבינת עמק 28%,תנובה,IL,עמק,קילוגרמים,1.00,"ק""ג",true,,41.30,41.3000,true,1,26294
7290000044712,false,פרילי תות גביע 500 ג,תנובה,IL,פרילי,גרמים,500.00,100 גרם,false,,9.90,0.0198,true,1,40662
7290000044880,false,באדי יוגורט תות גביע,תנובה,IL,באדי,גרמים,500.00,100 גרם,false,,8.90,0.0178,true,1,40664
7290000045573,false,נעמה משולשים 200 גרם,תנובה,IL,נעמה,גרמים,200.00,100 גרם,false,,13.90,0.0695,true,1,40665
7290000046006,false,גבינת עמק 28%.,תנובה,IL,עמק,קילוגרמים,1.00,"ק""ג",true,,44.79,44.7900,true,1,16888
7290000046020,false,גבינה גלבוע חריץ %22,תנובה,IL,גלבוע,קילוגרמים,1.00,"ק""ג",true,,42.50,42.5000,true,1,52437
7290000046327,false,גלבוע פרוס 200 גרם %,תנובה,IL,גלבוע,גרמים,200.00,100 גרם,false,,12.90,0.0645,true,1,40670
7290000046549,false,מוצרלה חריץ מהדרין 2,תנובה,IL,קולאז,קילוגרמים,1.00,"ק""ג",true,,79.00,79.0000,true,1,52438
7290000046563,false,קולאז פרמזן 23%,תנובה,IL,קולאז,קילוגרמים,1.00,"ק""ג",true,,110.00,110.0000,true,1,16897
7290000046662,false,סקנדינבי 31%,תנובה,IL,עמק,קילוגרמים,1.00,"ק""ג",true,,79.00,79.0000,true,1,16898
7290000047027,false,קולאז קשקבל 27%,תנובה,IL,קולאז,קילוגרמים,1.00,"ק""ג",true,,119.00,119.0000,true,1,16899
7290000047034,false,קולאז רוקפור 25%,תנובה,IL,קולאז,קילוגרמים,1.00,"ק""ג",true,,120.00,120.0000,true,1,16900
7290000047485,false,בולגרית 24%,תנובה,IL,פיראוס,קילוגרמים,1.00,"ק""ג",true,,57.00,57.0000,true,1,52439
7290000047546,false,כנען גבינה לבנה 5% 5,תנובה,IL,השף הלבן,גרמים,500.00,100 גרם,false,,22.90,0.0458,true,1,40673
7290000047621,false,גבינה לבנה  5% 250 ג,תנובה,IL,תנובה,גרמים,250.00,100 גרם,false,,4.95,0.0198,true,1,40674
7290000048185,false,גבינה לבנה  5% 250 ג,תנובה,IL,תנובה,גרמים,250.00,100 גרם,false,,4.95,0.0198,true,1,40676
7290000048192,false,גבינה לבנה  9% 250 ג,תנובה,IL,תנובה,גרמים,250.00,100 גרם,false,,4.70,0.0188,true,1,40677
7290000048413,false,פיראוס חמד שקית 250,תנובה,IL,פיראוס,גרמים,250.00,100 גרם,false,,17.90,0.0716,true,1,40679
7290000048437,false,פיראוס צפתית גביע 20,תנובה,IL,פיראוס,גרמים,200.00,100 גרם,false,,13.90,0.0695,true,1,40680
7290000049458,false,פיראוס פטה עזים 16%,תנובה,IL,פיראוס,גרמים,250.00,100 גרם,false,,26.90,0.1076,true,1,40682
7290000050447,false,יופלה תות 3% גביע 50,תנובה,IL,יופלה,גרמים,500.00,100 גרם,false,,12.90,0.0258,true,1,40685
7290000050454,false,יופלה אפרסק 3% גביע,תנובה,IL,יופלה,גרמים,500.00,100 גרם,false,,12.90,0.0258,true,1,40686
7290000051307,false,הפסקת אוכל דגני עוגי,תנובה,IL,תנובה,קילוגרמים,1.00,"ק""ג",false,,8.90,8.9000,true,1,40688
7290000051330,false,בשר מס 8 חלק  קפוא,,,בשר מס 8 חלק  קפוא,קילוגרמים,1.00,"ק""ג",true,,29.90,29.9000,true,1,43709
7290000051352,false,חלב מלא בטעם של פעם,תנובה,IL,תנובה,ליטרים,1.00,ליטר,false,,7.40,7.4000,true,1,40689
7290000051710,false,פיראוס לאבנה9% עם שמ,תנובה,IL,פיראוס,גרמים,263.00,100 גרם,false,,12.90,0.0490,true,1,40691
7290000052311,false,עמק לייט פרוס 200 גר,תנובה,IL,תנובה,גרמים,200.00,100 גרם,false,,15.90,0.0795,true,1,40697
7290000052649,false,פיראוס לאבנה 5% גביע,תנובה,IL,פיראוס,גרמים,500.00,100 גרם,false,,18.90,0.0378,true,1,40698
7290000053219,false,טל העמק 32%,תנובה,IL,עמק,קילוגרמים,1.00,"ק""ג",true,,55.00,55.0000,true,1,55970
7290000054285,false,שעועית ירוקה ברוטב,,,שעועית ירוקה ברוטב,קילוגרמים,1.00,"ק""ג",true,,45.00,45.0000,true,1,54087
7290000055015,false,פיראוס פטה כבשים 5%,תנובה,IL,פיראוס,גרמים,250.00,100 גרם,false,,25.90,0.1036,true,1,40706
7290000055206,false,גבינה לבנה 5% בטעם ב,תנובה,IL,תנובה,גרמים,250.00,100 גרם,false,,5.30,0.0212,true,1,40707
7290000055329,false,יופלה משקה יוגורט תו,תנובה,IL,יופלה,גרמים,250.00,100 גרם,false,,4.90,0.0196,true,1,40708
7290000055343,false,יופלה משקה יוגורט טר,תנובה,IL,יופלה,גרמים,250.00,100 גרם,false,,4.90,0.0196,true,1,40710
7290000055350,false,גבינת עמק 28%,תנובה,IL,עמק,קילוגרמים,1.00,"ק""ג",true,,41.30,41.3000,true,1,25007
7290000055893,false,חמאה משמנת מפוסטרת 2,תנובה,IL,תנובה,גרמים,200.00,100 גרם,false,,7.80,0.0390,true,1,42924
7290000056081,false,מאגדת פרילי טבע  6 *,תנובה,IL,פרילי,קילוגרמים,1.20,"ק""ג",false,,21.90,18.2500,true,1,40712
7290000056272,false,גבינה לבנה 5% עם זית,תנובה,IL,תנובה,גרמים,250.00,100 גרם,false,,5.30,0.0212,true,1,40713
7290000056845,false,חלב טרי 1.5 ליטר 3%,תנובה,IL,תנובה,ליטרים,1.50,ליטר,false,,9.30,6.2000,true,1,40715
7290000056890,false,מאג 8*150ג דיאט יופל,תנובה,IL,יופלה,ליטרים,1.20,ליטר,false,,28.90,24.0833,true,1,40717
7290000056906,false,מאג 8*150ג יופלה לבן,תנובה,IL,יופלה,ליטרים,1.20,ליטר,false,,16.90,14.0833,true,1,40718
7290000056951,false,שמנת לבישול 15% 500,תנובה,IL,השף הלבן,מיליליטרים,500.00,"100 מ""ל",false,,15.90,0.0318,true,1,40719
7290000057088,false,עמק פרוס דק דק 200 ג,תנובה,IL,תנובה,גרמים,200.00,100 גרם,false,,15.90,0.0795,true,1,40721
7290000057118,false,עמק פרוס סמי מעדנייה,תנובה,IL,תנובה,גרמים,400.00,100 גרם,false,,20.90,0.0522,true,1,40722
7290000057132,false,יוגורט תנובה טבעי 1.,תנובה,IL,תנובה,גרמים,200.00,100 גרם,false,,3.00,0.0150,true,1,40723
7290000057149,false,יוגורט תנובה טבעי 3%,תנובה,IL,תנובה,גרמים,200.00,100 גרם,false,,3.00,0.0150,true,1,40724
7290000057453,false,"עמק בד""צ 28%.",תנובה,IL,תנובה,קילוגרמים,1.00,"ק""ג",true,,44.79,44.7900,true,1,16989
7290000057552,false,יופלה דיאט עוגת גבינ,תנובה,IL,יופלה,גרמים,150.00,100 גרם,false,,4.80,0.0320,true,1,40726
7290000058030,false,יופלה משקה יוגורט תו,תנובה,IL,יופלה,מיליליטרים,800.00,"100 מ""ל",false,,19.90,0.0249,true,1,40727
7290000058047,false,שמנת להקצפה 38% 500,תנובה,IL,השף הלבן,מיליליטרים,500.00,"100 מ""ל",false,,12.80,0.0256,true,1,42930
7290000058467,false,רול שווארמה,,,רול שווארמה,קילוגרמים,1.00,"ק""ג",true,,69.00,69.0000,true,1,25299
7290000058979,false,גיל בטעם תות 3% 125,תנובה,IL,תנובה,גרמים,125.00,100 גרם,false,,1.30,0.0104,true,1,42934
7290000059624,false,חזה בריסקט מעושן,,,חזה בריסקט מעושן,קילוגרמים,1.00,"ק""ג",true,,119.90,119.9000,true,1,76990
7290000060071,false,אסם חטיפי פריכונים ט,פרח תעשיות,IL,אסם,גרמים,80.00,100 גרם,false,,7.50,0.0938,true,1,38367
7290000060088,false,בייגלה מקלות מלוחים,אסם,IL,אסם,גרמים,400.00,100 גרם,false,,9.90,0.0248,true,1,38368
7290000060163,false,אטריות דקות 400 גרם,אסם,IL,אסם,גרמים,400.00,100 גרם,false,,5.90,0.0148,true,1,38370
7290000060200,false,פתיתים אפויים קוסקוס,אסם,IL,אסם,גרמים,500.00,100 גרם,false,,6.90,0.0138,true,1,38371
7290000060217,false,מקרוני 500 גרם,זארה,IT,אסם,גרמים,500.00,100 גרם,false,,5.40,0.0108,true,1,38372
7290000060330,false,פרפקטו ספירלי 500 גר,זארה,IT,פרפקטו,גרמים,500.00,100 גרם,false,,6.90,0.0138,true,1,38376
7290000060408,false,פתיתים אפויים טבעות,אסם,IL,אסם,גרמים,500.00,100 גרם,false,,6.90,0.0138,true,1,38377
7290000060415,false,פרפקטו לזאניה 500 גר,פסטה לנסי,IT,פרפקטו,גרמים,500.00,100 גרם,false,,12.90,0.0258,true,1,38378
7290000060781,false,פסטה מסולסלים 500 גר,זארה,IT,אסם,גרמים,500.00,100 גרם,false,,5.40,0.0108,true,1,38382
7290000060828,false,פסטה קרניים בינוניות,זארה,IT,אסם,גרמים,500.00,100 גרם,false,,5.40,0.0108,true,1,38383
7290000060880,false,ספגטי 500 גרם,זארה,IT,אסם,גרמים,500.00,100 גרם,false,,5.40,0.0108,true,1,38386
7290000060903,false,פתיתים אורז 500 גרם,אסם,IL,אסם,גרמים,500.00,100 גרם,false,,6.90,0.0138,true,1,38387
7290000060958,false,אטריות בינוניות 400,אסם,IL,אסם,גרמים,400.00,100 גרם,false,,5.90,0.0148,true,1,38388
7290000060965,false,אטריות רחבות 400 גרם,אסם,IL,אסם,גרמים,400.00,100 גרם,false,,5.90,0.0148,true,1,38389
7290000061061,false,קרקר בצל 250 גרם,אסם,IL,אסם,גרמים,250.00,100 גרם,false,,9.90,0.0396,true,1,38391
7290000061085,false,רוטב צ'ילי מתוק 290,אסם,IL,אסם,מיליליטרים,290.00,"100 מ""ל",false,,8.90,0.0307,true,1,38392
7290000061108,false,רוטב טריאקי 290 מל',אסם,IL,אסם,מיליליטרים,290.00,"100 מ""ל",false,,8.90,0.0307,true,1,38393
7290000061245,false,עוגיות שוקוצ'יפס ממו,אסם,IL,אסם,גרמים,220.00,100 גרם,false,,9.90,0.0450,true,1,38395
7290000061764,false,נס קפה רד מאג 200 גר,נסטלה ספרד קפה,ES,NESCAFE,גרמים,200.00,100 גרם,false,,19.90,0.0995,true,1,38397
7290000062129,false,אסם פודינג אינסטנט ו,אסם,IL,אסם,קילוגרמים,1.00,"ק""ג",false,,23.90,23.9000,true,1,38399
7290000062952,false,מיני קרוטונים למרק ו,עינת תעשיות מזון אגו,IL,אסם,גרמים,250.00,100 גרם,false,,14.90,0.0596,true,1,38402
7290000063102,false,קמח עוגה תופח מאליו,אסם,IL,אסם,גרמים,350.00,100 גרם,false,,4.90,0.0140,true,1,38405
7290000063133,false,שקדי מרק רכיבים טבעי,אסם,IL,אסם,גרמים,100.00,100 גרם,false,,4.90,0.0490,true,1,38406
7290000063140,false,שקדי מרק רכיבים טבעי,אסם,IL,אסם,גרמים,400.00,100 גרם,false,,9.90,0.0248,true,1,38407
7290000063157,false,קמח עוגה תופח מאליו,אסם,IL,אסם,קילוגרמים,1.00,"ק""ג",false,,8.90,8.9000,true,1,38408
7290000064758,false,קוסקוס אמיתי 350 גרם,קוסקוס,IL,אסם,גרמים,350.00,100 גרם,false,,7.50,0.0214,true,1,38414
7290000064871,false,"מנה חמה פירה תפו""א ו",אסם,IL,מנה חמה,גרמים,87.00,100 גרם,false,,4.90,0.0563,true,1,38415
7290000065090,false,מיני קרוטונים למרק ו,עינת תעשיות מזון אגו,IL,אסם,גרמים,400.00,100 גרם,false,,21.90,0.0547,true,1,38416
7290000065335,false,מנה חמה פירה וירקות,אסם,IL,מנה חמה,גרמים,55.00,100 גרם,false,,4.90,0.0891,true,1,38417
7290000065540,false,מ.חמה פסטה מוקרמת 55,אסם,IL,מנה חמה,גרמים,55.00,100 גרם,false,,4.90,0.0891,true,1,38418
7290000065557,false,מנה חמה קוסקוס רכיבי,אסם,IL,מנה חמה,גרמים,84.00,100 גרם,false,,4.90,0.0583,true,1,38419
7290000066141,false,ביסלי גריל 70 גרם,אסם,IL,ביסלי,גרמים,70.00,100 גרם,false,,3.90,0.0557,true,1,38426
7290000066196,false,ביסלי גריל 200 גרם,אסם,IL,ביסלי,גרמים,200.00,100 גרם,false,,6.90,0.0345,true,1,38431
7290000066295,false,במבה מתוקה מחומרים ט,אסם,IL,במבה,גרמים,30.00,100 גרם,false,,2.50,0.0833,true,1,38436
7290000066318,false,במבה קלאסי 80 גרם,אסם,IL,במבה,גרמים,80.00,100 גרם,false,,3.90,0.0487,true,1,38437
7290000066332,false,אפרופו 50 גרם,אסם,IL,אפרופו,גרמים,50.00,100 גרם,false,,3.90,0.0780,true,1,38438
7290000066349,false,אפרופו 100 גרם,אסם,IL,אפרופו,גרמים,100.00,100 גרם,false,,7.90,0.0790,true,1,38439
7290000066431,false,פופקו חמאה ודבש 80 ג,אסם,IL,פופקו,גרמים,80.00,100 גרם,false,,4.50,0.0563,true,1,38440
7290000067407,false,פירורית מתובל 200 גר,עינת תעשיות מזון אגו,IL,אסם,גרמים,200.00,100 גרם,false,,5.90,0.0295,true,1,38445
7290000067599,false,מנה חמה ספגטי בולונז,אסם,IL,מנה חמה,גרמים,55.00,100 גרם,false,,4.90,0.0891,true,1,38448
7290000068138,false,אינסטנט פודינג וניל,אסם,IL,אסם,גרמים,80.00,100 גרם,false,,4.90,0.0613,true,1,38453
7290000068190,false,ג'לי תות שדה צבעים ט,אסם,IL,אסם,גרמים,85.00,100 גרם,false,,5.90,0.0694,true,1,38456
7290000068237,false,ג'לי פטל צבעים טבעיי,אסם,IL,אסם,גרמים,85.00,100 גרם,false,,5.90,0.0694,true,1,38458
7290000068343,false,פריכונים מאורז מלא 1,פרח תעשיות,IL,אסם,גרמים,140.00,100 גרם,false,,6.90,0.0493,true,1,38462
7290000068770,false,במבה יום הולדת 80 גר,אסם,IL,במבה,גרמים,80.00,100 גרם,false,,3.90,0.0487,true,1,38464
7290000069258,false,פרפקטו פנה ריגאטה 50,זארה,IT,פרפקטו,גרמים,500.00,100 גרם,false,,6.90,0.0138,true,1,38467
7290000069364,false,אסם פריכונים עגול או,פרח תעשיות,IL,אסם,גרמים,140.00,100 גרם,false,,6.90,0.0493,true,1,38468
7290000070308,false,מרק עוף אמיתי 400 גר,אסם,IL,אסם,גרמים,400.00,100 גרם,false,,16.90,0.0422,true,1,38476
7290000070322,false,אבקת מרק פטריות רכיב,אסם,IL,אסם,גרמים,400.00,100 גרם,false,,23.90,0.0597,true,1,38477
7290000070353,false,אבקת מרק בצל רכיבים,אסם,IL,אסם,גרמים,400.00,100 גרם,false,,23.90,0.0597,true,1,38478
7290000070919,false,בייגלה רשתות מלח 400,אסם,IL,אסם,גרמים,400.00,100 גרם,false,,11.90,0.0298,true,1,38480
7290000072241,false,רוטב פיצה 290 מילילי,אסם,IL,אסם,מיליליטרים,290.00,"100 מ""ל",false,,8.90,0.0307,true,1,38485
7290000072623,false,קטשופ אסם 750 גרם,אסם,IL,אסם,גרמים,750.00,100 גרם,false,,9.90,0.0132,true,1,38487
7290000072753,false,טסטר צ'ויס 200 גרם,נסטלה קוריאה - קפה,KR,TASTER'S CHOICE,גרמים,200.00,100 גרם,false,,29.90,0.1495,true,1,38490
7290000072777,false,טסטרס צויס נטול קופא,,,טסטרס צויס נטול קופאין 20,גרמים,200.00,100 גרם,false,,35.90,0.1795,true,1,38491
7290000072968,false,סיני מיניס 500 גרם,נסטלה פולין דגני בוק,PL,CINI-MINIS,גרמים,500.00,100 גרם,false,,19.90,0.0398,true,1,38494
7290000073125,false,מנה חמה פסטה עם עגבנ,אסם,IL,מנה חמה,גרמים,62.00,100 גרם,false,,4.90,0.0790,true,1,38495
7290000073415,false,מנה חמה פסטה ברוטב פ,אסם,IL,מנה חמה,גרמים,61.00,100 גרם,false,,4.90,0.0803,true,1,38496
7290000073767,false,מנה חמה נודלס טעם בק,טאי רזידנט,TH,מנה חמה,גרמים,76.00,100 גרם,false,,4.90,0.0645,true,1,38498
7290000073774,false,מנה חמה נודלס טעם צ',טאי רזידנט,TH,מנה חמה,גרמים,70.00,100 גרם,false,,4.90,0.0700,true,1,38499
7290000074153,false,פתי בר שוקו 500 גרם,אסם,IL,אסם,גרמים,500.00,100 גרם,false,,9.90,0.0198,true,1,38501
7290000074184,false,פתי בר 500 גרם,אסם,IL,אסם,גרמים,500.00,100 גרם,false,,9.90,0.0198,true,1,38502
7290000074245,false,קרם קרקר 250 גרם,אסם,IL,אסם,גרמים,250.00,100 גרם,false,,8.90,0.0356,true,1,38503
7290000074252,false,קרקר שומשום 250 גרם,אסם,IL,אסם,גרמים,250.00,100 גרם,false,,8.90,0.0356,true,1,38504
7290000074276,false,קרקר קלאסי 250 גרם,אסם,IL,אסם,גרמים,250.00,100 גרם,false,,9.90,0.0396,true,1,38505
7290000074375,false,קרקר זהב 150 גרם,אסם,IL,אסם,גרמים,150.00,100 גרם,false,,6.90,0.0460,true,1,38508
7290000074481,false,לחמית אגוזים 160 גרם,אסם,IL,לחמית,גרמים,160.00,100 גרם,false,,9.90,0.0619,true,1,38509
7290000074696,false,"קרם קרקר 1 ק""ג",אסם,IL,אסם,קילוגרמים,1.00,"ק""ג",false,,22.90,22.9000,true,1,38510
7290000074764,false,קרקר זהב 900 גרם,אסם,IL,אסם,גרמים,900.00,100 גרם,false,,26.90,0.0299,true,1,38514
7290000075204,false,לחמית חיטה מלאה 250,אסם,IL,לחמית,גרמים,250.00,100 גרם,false,,7.90,0.0316,true,1,38517
7290000075693,false,עוגת הבית שמרים בריו,אסם,IL,הבית,גרמים,350.00,100 גרם,false,,14.90,0.0426,true,1,38518
7290000076133,false,בייגלה שמיניות קטנות,אסם,IL,אסם,גרמים,400.00,100 גרם,false,,9.90,0.0248,true,1,38520
7290000077017,false,קרמוגית במילוי שוקול,אסם,IL,אסם,גרמים,200.00,100 גרם,false,,9.90,0.0495,true,1,38523
7290000077253,false,לחמית כפרית 190 גרם,אסם,IL,לחמית,גרמים,190.00,100 גרם,false,,9.90,0.0521,true,1,38524
7290000078212,false,קרוטונים מתובלים 250,עינת תעשיות מזון אגו,IL,אסם,גרמים,250.00,100 גרם,false,,13.90,0.0556,true,1,38526
7290000078762,false,חטיפי פריכונים אורז,הרטו בלגיה,BE,אסם,גרמים,80.00,100 גרם,false,,7.50,0.0938,true,1,38527
7290000079233,false,קרם קרקר דל נתרן 250,אסם,IL,אסם,גרמים,250.00,100 גרם,false,,9.90,0.0396,true,1,38528
7290000080758,false,אסם טוסטעים 14*100 ג,ון-דר-מולן,NL,אסם,גרמים,100.00,100 גרם,false,,9.90,0.0990,true,1,38533
7290000080765,false,אסם טוסטעים עם שומשו,ון-דר-מולן,NL,אסם,גרמים,100.00,100 גרם,false,,9.90,0.0990,true,1,38534
7290000081663,false,בייגלה טבעות שומשום,אסם,IL,אסם,גרמים,300.00,100 גרם,false,,9.90,0.0330,true,1,38536
7290000085159,false,פרורי בסקוויט וניל 2,גטניו אם החיטה,IL,גטניו,גרמים,250.00,100 גרם,false,,5.90,0.0236,true,1,67530
7290000085654,false,לחמניה מאפית 4 יח,,,לחמניה מאפית 4 יח,יח',4.00,יח',false,,13.90,3.4750,true,1,38109
7290000089188,false,פומפידיתא יין אדום מ,אליעז בנימינה,IL,בנימינה,ליטרים,1.00,ליטר,false,,17.90,17.9000,true,1,40140
7290000094649,false,מים מינרלים אישי,,,מים מינרלים אישי,יח',1.00,יח',false,,5.00,5.0000,true,1,176
7290000100036,false,פתיתי ברוקולי 800 גר,"סנפרוסט בע""מ",IL,סנפרוסט,גרמים,800.00,100 גרם,false,,19.90,0.0249,true,1,43342
7290000100135,false,דובדבן מוקפא 300 גרם,"סנפרוסט בע""מ",IL,סנפרוסט,גרמים,300.00,100 גרם,false,,12.90,0.0430,true,1,43344
7290000100302,false,פול ירוק קלוף 600 גר,"סנפרוסט בע""מ",IL,סנפרוסט,גרמים,600.00,100 גרם,false,,22.90,0.0382,true,1,56165
7290000100593,false,פרוסות אנטיפסטי לתנו,"סנפרוסט בע""מ",IL,סנפרוסט,גרמים,600.00,100 גרם,false,,22.90,0.0382,true,1,61168
7290000100609,false,קוביות אנטיפסטי להקפ,"סנפרוסט בע""מ",IL,סנפרוסט,גרמים,600.00,100 גרם,false,,22.90,0.0382,true,1,61169
7290000101043,false,פטריות שמפניון,סודות המזרח,IL,פטריות שמפניון,00000000000000000000,0.00,00000000000000000000,false,,8.90,0.0000,true,1,33283
7290000101114,false,תרומה לבית אלמוג שיל,,,תרומה לבית אלמוג שיל,יח',1.00,יח',false,,10.00,10.0000,true,1,21999
7290000101132,false,לקט לחמין 800 גרם,"סנפרוסט בע""מ",IL,סנפרוסט,גרמים,800.00,100 גרם,false,,21.90,0.0274,true,1,41200
7290000101927,false,אוכמניות כחולות מוקפ,"סנפרוסט בע""מ",IL,סנפרוסט,גרמים,300.00,100 גרם,false,,12.90,0.0430,true,1,41203
7290000101934,false,מיקס פירות יער מוקפא,"סנפרוסט בע""מ",IL,סנפרוסט,גרמים,300.00,100 גרם,false,,12.90,0.0430,true,1,41204
7290000101941,false,אננס מוקפא 300 גרם,"סנפרוסט בע""מ",IL,סנפרוסט,גרמים,300.00,100 גרם,false,,12.90,0.0430,true,1,41205
7290000103433,false,*מבצע* לקט ירקות לתנ,"סנפרוסט בע""מ",IL,סנפרוסט,גרמים,800.00,100 גרם,false,,16.90,0.0211,true,1,41209
7290000103457,false,מיני כרובית,"סנפרוסט בע""מ",IL,סנפרוסט,גרמים,600.00,100 גרם,false,,15.90,0.0265,true,1,41210
7290000103471,false,מיני ברוקולי 600ג,"סנפרוסט בע""מ",IL,סנפרוסט,גרמים,600.00,100 גרם,false,,15.90,0.0265,true,1,41211
7290000103815,false,לקט להקפצה בסגנון,"סנפרוסט בע""מ",IL,סנפרוסט,גרמים,800.00,100 גרם,false,,22.90,0.0286,true,1,41216
7290000103839,false,מרק כתום סנפרוסט  57,"סנפרוסט בע""מ",IL,סנפרוסט,גרמים,570.00,100 גרם,false,,16.90,0.0296,true,1,41218
7290000103846,false,מרק אפונה סנפרוסט 57,"סנפרוסט בע""מ",IL,סנפרוסט,גרמים,570.00,100 גרם,false,,16.90,0.0296,true,1,43352
7290000103860,false,מרק עדשים סנפרוסט 57,"סנפרוסט בע""מ",IL,סנפרוסט,גרמים,570.00,100 גרם,false,,16.90,0.0296,true,1,43353
7290000103877,false,מרק שעועית סנפרוסט 6,"סנפרוסט בע""מ",IL,סנפרוסט,גרמים,640.00,100 גרם,false,,16.90,0.0264,true,1,41219
7290000104072,false,עדשים ירוקות סנפרוסט,"סנפרוסט בע""מ",IL,סנפרוסט,גרמים,800.00,100 גרם,false,,19.90,0.0249,true,1,41220
7290000104188,false,שעועית אדומה סנפרוסט,"סנפרוסט בע""מ",IL,סנפרוסט,גרמים,800.00,100 גרם,false,,18.90,0.0236,true,1,43354
7290000104201,false,אפונה עדינה סנפרוסט,"סנפרוסט בע""מ",IL,סנפרוסט,גרמים,600.00,100 גרם,false,,16.90,0.0282,true,1,41221
7290000104218,false,במיה קפואה סנפרוסט,"סנפרוסט בע""מ",IL,סנפרוסט,גרמים,600.00,100 גרם,false,,15.90,0.0265,true,1,41222
7290000104676,false,אפונה סנפרוסט,"סנפרוסט בע""מ",IL,סנפרוסט,גרמים,800.00,100 גרם,false,,14.90,0.0186,true,1,41225
7290000104683,false,שעועית שלמה סנפרוסט,"סנפרוסט בע""מ",IL,סנפרוסט,גרמים,800.00,100 גרם,false,,19.90,0.0249,true,1,41226
7290000104706,false,גזר גמדי 800 גרם,"סנפרוסט בע""מ",IL,סנפרוסט,גרמים,800.00,100 גרם,false,,16.90,0.0211,true,1,41228
7290000104713,false,*מבצע* פול ירוק 800,"סנפרוסט בע""מ",IL,סנפרוסט,גרמים,800.00,100 גרם,false,,20.90,0.0261,true,1,41229
7290000104720,false,שעועית ירוקה חתוכה ס,"סנפרוסט בע""מ",IL,סנפרוסט,גרמים,800.00,100 גרם,false,,17.90,0.0224,true,1,41230
7290000104737,false,שעועית צהובה חתוכה,"סנפרוסט בע""מ",IL,סנפרוסט,גרמים,800.00,100 גרם,false,,17.90,0.0224,true,1,41231
7290000104744,false,כרובית סנפרוסט,"סנפרוסט בע""מ",IL,סנפרוסט,גרמים,800.00,100 גרם,false,,23.90,0.0299,true,1,41232
7290000104751,false,*מבצע* כרוב ניצנים ס,"סנפרוסט בע""מ",IL,סנפרוסט,גרמים,800.00,100 גרם,false,,16.90,0.0211,true,1,41233
7290000104768,false,*מבצע* תרד עלים 800,"סנפרוסט בע""מ",IL,סנפרוסט,גרמים,800.00,100 גרם,false,,19.90,0.0249,true,1,41234
7290000104775,false,תרד מדליונים,"סנפרוסט בע""מ",IL,סנפרוסט,גרמים,800.00,100 גרם,false,,23.90,0.0299,true,1,41235
7290000104799,false,*מבצע* שעועית לבנה ס,"סנפרוסט בע""מ",IL,סנפרוסט,גרמים,800.00,100 גרם,false,,14.90,0.0186,true,1,41236
7290000104805,false,גרגירי חומוס,"סנפרוסט בע""מ",IL,סנפרוסט,גרמים,800.00,100 גרם,false,,18.90,0.0236,true,1,41237
7290000104829,false,תירס קלחונים,"סנפרוסט בע""מ",IL,סנפרוסט,קילוגרמים,1.00,"ק""ג",false,,19.90,19.9000,true,1,41238
7290000104836,false,שעועית עדינה ירוקה,"סנפרוסט בע""מ",IL,סנפרוסט,גרמים,600.00,100 גרם,false,,19.90,0.0332,true,1,41239
7290000104874,false,*מבצע* לקט לקוסקוס,"סנפרוסט בע""מ",IL,סנפרוסט,גרמים,800.00,100 גרם,false,,16.90,0.0211,true,1,41240
7290000104911,false,*מבצע* לקט נורמנדי 8,"סנפרוסט בע""מ",IL,סנפרוסט,גרמים,800.00,100 גרם,false,,16.90,0.0211,true,1,41243
7290000106175,false,"לקט כפרי 2 ק""ג","סנפרוסט בע""מ",IL,סנפרוסט,קילוגרמים,2.00,"ק""ג",false,,38.90,19.4500,true,1,41244
7290000107189,false,תחתיות ארטישוק 400 ג,"סנפרוסט בע""מ",IL,סנפרוסט,גרמים,400.00,100 גרם,false,,20.90,0.0522,true,1,41245
7290000107295,false,ברוקולי תפרחת 800 גר,"סנפרוסט בע""מ",IL,סנפרוסט,גרמים,800.00,100 גרם,false,,24.90,0.0311,true,1,41246
7290000107615,false,מנה אסייתית סנפרוסט,"סנפרוסט בע""מ",IL,סנפרוסט,גרמים,800.00,100 גרם,false,,22.90,0.0286,true,1,57828
7290000110844,false,כיפלי גריל,אתר שפע - Food,IL,TELMA,גרמים,70.00,100 גרם,false,,4.90,0.0700,true,1,15867
7290000111063,false,מיונז תלמה 250גר' 12,אתר חיפה ממרחים - Fo,IL,TELMA,גרמים,250.00,100 גרם,false,,6.50,0.0260,true,1,15869
7290000111117,false,מרכך כביסה בדין לבן,אתר ליוור - HPC,IL,BADIN,ליטרים,4.00,ליטר,false,,19.90,4.9750,true,1,15871
7290000111186,false,מיונז תלמה 500גר ***,אתר חיפה ממרחים - Fo,IL,TELMA,גרמים,500.00,100 גרם,false,,8.90,0.0178,true,1,15873
7290000111353,false,מיונז 1קג ***,אתר חיפה ממרחים - Fo,IL,TELMA,קילוגרמים,1.00,"ק""ג",false,,16.90,16.9000,true,1,15875
7290000111360,false,חרדל תלמה 250גר' 12X,אתר חיפה ממרחים - Fo,IL,TELMA,גרמים,250.00,100 גרם,false,,5.90,0.0236,true,1,15876
7290000112220,false,טחינה בארכה 500 גרם,,,טחינה בארכה 500 גרם,גרמים,500.00,100 גרם,false,,13.90,0.0278,true,1,38537
7290000112237,false,"טחינה בארכה 1 ק""ג",,,"טחינה שומשום 1 ק""ג",קילוגרמים,1.00,"ק""ג",false,,19.90,19.9000,true,1,38538
7290000112497,false,מרק עשיר עוף עם אטרי,אתר חיפה אבקות - Foo,IL,KNORR,גרמים,68.00,100 גרם,false,,9.90,0.1456,true,1,15882
7290000112503,false,מרק עשיר ירקות 61ג',אתר חיפה אבקות - Foo,IL,KNORR,גרמים,61.00,100 גרם,false,,9.90,0.1623,true,1,15883
7290000112619,false,*מבצע* קנור עוף אמית,אתר חיפה אבקות - Foo,IL,KNORR,גרמים,400.00,100 גרם,false,,16.90,0.0422,true,1,15885
7290000114187,false,*מבצע* סיף לניקוי כל,אתר ליוור - HPC,IL,CIF,ליטרים,4.00,ליטר,false,,17.90,4.4750,true,1,15893
7290000116204,false,"*מבצע* דגש ט.עוף בד""",אתר חיפה אבקות - Foo,IL,KNORR,קילוגרמים,1.00,"ק""ג",false,,14.90,14.9000,true,1,15899
7290000116884,false,קנור ברביקיו מופחת נ,אתר חיפה  778 - Food,IL,KNORR,מיליליטרים,300.00,"100 מ""ל",false,,9.90,0.0330,true,1,15900
7290000116921,false,רוטב צ'ילי מתוק 370ג,אתר חיפה  778 - Food,IL,KNORR,מיליליטרים,300.00,"100 מ""ל",false,,9.90,0.0330,true,1,15901
7290000116945,false,קנור סויה קלאסי בדצ,אתר חיפה  778 - Food,IL,KNORR,מיליליטרים,300.00,"100 מ""ל",false,,9.90,0.0330,true,1,15902
7290000117171,false,קנור מ.ט.עוף דל קל ב,יוניליוור,IL,KNORR,גרמים,48.00,100 גרם,false,,6.50,0.1354,true,1,15905
7290000117720,false,נמס בכוס פטריות 43ג,אתר חיפה אבקות - Foo,IL,KNORR,גרמים,43.00,100 גרם,false,,6.50,0.1512,true,1,15910
7290000118277,false,קנור קניידל 12*130גר,אתר חיפה אבקות - Foo,IL,KNORR,גרמים,130.00,100 גרם,false,,8.90,0.0685,true,1,15913
7290000120836,false,הלמנס מיונז אמיתי 39,"יונילוור ארה""ב - HPC",US,HELLMANNS,גרמים,394.00,100 גרם,false,,11.90,0.0302,true,1,15920
7290000120874,false,הלמנ'ס לייט 424גר',"יונילוור ארה""ב - HPC",US,HELLMANNS,גרמים,424.00,100 גרם,false,,11.90,0.0281,true,1,15921
7290000121031,false,גבינה מותכת למריחה ה,שלושת האופים,IL,מון בלאן,גרמים,120.00,100 גרם,false,,8.90,0.0742,true,1,39877
7290000121079,false,מון-בלאן שום ושמ,שלושת האופים,IL,מון בלאן,גרמים,120.00,100 גרם,false,,8.90,0.0742,true,1,39879
7290000121093,false,מון-בלאן שווצרית 120,שלושת האופים,IL,מון בלאן,גרמים,120.00,100 גרם,false,,8.90,0.0742,true,1,39880
7290000121154,false,מון בלאן סלומון,שלושת האופים,IL,מון בלאן,גרמים,120.00,100 גרם,false,,8.90,0.0742,true,1,39882
7290000122830,false,רוטב סצ'ואן בקבוק 37,אתר חיפה  778 - Food,IL,KNORR,מיליליטרים,300.00,"100 מ""ל",false,,9.90,0.0330,true,1,15933
7290000123363,false,צמקאו 500גר'12X,אתר צפת ממרחים וצימא,IL,EFICOL,גרמים,500.00,100 גרם,false,,10.50,0.0210,true,1,15938
7290000125572,false,מטריה יוחננוף,,,מטריה יוחננוף,יח,1.00,יח,false,,9.90,9.9000,true,1,63666
7290000129457,false,קנור רוטב פטריות באב,אתר חיפה אבקות - Foo,IL,KNORR,גרמים,28.00,100 גרם,false,,3.90,0.1393,true,1,15950
7290000131009,false,בצק פילו 500 גרם,,,בצק פילו 500 גרם,גרמים,500.00,100 גרם,false,,14.90,0.0298,true,1,39996
7290000131023,false,"בצק עלים 1 ק""ג",,,"בצק עלים 1 ק""ג",קילוגרמים,1.00,"ק""ג",false,,11.90,11.9000,true,1,42728
7290000131122,false,"בצק עלים 1.5 ק""ג",,,"בצק עלים 1.5 ק""ג",קילוגרמים,1.50,"ק""ג",false,,16.90,11.2667,true,1,39997
7290000133645,false,אורביטול שלישיה,טרופיקל דגיל קוסמטיק,IL,אורביטול,גרמים,435.00,100 גרם,false,,15.90,0.0366,true,1,38991
7290000133904,false,דאופרש פסיפלורה,סנו,IL,דואופרש,מיליליטרים,300.00,"100 מ""ל",false,,10.90,0.0363,true,1,38993
7290000134147,false,מוסקט טחון 40 גרם,"תבליני טעם וריח בע""מ",IL,"תבליני טעם וריח בע""מ",גרמים,40.00,100 גרם,false,,12.90,0.3225,true,1,41017
7290000134307,false,קינמון טחון שקית 50,"תבליני טעם וריח בע""מ",IL,"תבליני טעם וריח בע""מ",גרמים,50.00,100 גרם,false,,5.90,0.1180,true,1,41018
7290000134314,false,תבלין לפיצה 120 גרם,"תבליני טעם וריח בע""מ",IL,"תבליני טעם וריח בע""מ",גרמים,120.00,100 גרם,false,,9.90,0.0825,true,1,41019
7290000134338,false,אבקת שום 90 גרם,"תבליני טעם וריח בע""מ",IL,"תבליני טעם וריח בע""מ",גרמים,90.00,100 גרם,false,,9.90,0.1100,true,1,41020
7290000134352,false,קינמון טחון 90 גרם,"תבליני טעם וריח בע""מ",IL,"תבליני טעם וריח בע""מ",גרמים,80.00,100 גרם,false,,9.90,0.1238,true,1,41021
7290000134376,false,פפריקה בשמן 90 גרם,"תבליני טעם וריח בע""מ",IL,"תבליני טעם וריח בע""מ",גרמים,90.00,100 גרם,false,,9.90,0.1100,true,1,41022
7290000134550,false,עלי דפנה בשקית 12 יח,"תבליני טעם וריח בע""מ",IL,"תבליני טעם וריח בע""מ",גרמים,20.00,100 גרם,false,,5.90,0.2950,true,1,41023
7290000134673,false,ג'ינג'ר טחון (זנגביל,"תבליני טעם וריח בע""מ",IL,"תבליני טעם וריח בע""מ",גרמים,30.00,100 גרם,false,,6.90,0.2300,true,1,41025
7290000134758,false,"תערובת תיבול לתפו""א","תבליני טעם וריח בע""מ",IL,"תבליני טעם וריח בע""מ",גרמים,100.00,100 גרם,false,,9.90,0.0990,true,1,41027
7290000134826,false,זעתר 100 גרם,"תבליני טעם וריח בע""מ",IL,"תבליני טעם וריח בע""מ",גרמים,100.00,100 גרם,false,,9.90,0.0990,true,1,41028
7290000134833,false,כמון 100 גרם,"תבליני טעם וריח בע""מ",IL,"תבליני טעם וריח בע""מ",גרמים,100.00,100 גרם,false,,9.90,0.0990,true,1,41029
7290000134840,false,כורכום 100 גרם,"תבליני טעם וריח בע""מ",IL,"תבליני טעם וריח בע""מ",גרמים,100.00,100 גרם,false,,9.90,0.0990,true,1,41030
7290000134857,false,פפריקה מתוקה 100 גרם,"תבליני טעם וריח בע""מ",IL,"תבליני טעם וריח בע""מ",גרמים,100.00,100 גרם,false,,9.90,0.0990,true,1,41031
7290000134864,false,פפריקה חריפה 100 גרם,"תבליני טעם וריח בע""מ",IL,"תבליני טעם וריח בע""מ",גרמים,100.00,100 גרם,false,,9.90,0.0990,true,1,41032
7290000134871,false,פלפל שחור טחון 100 ג,"תבליני טעם וריח בע""מ",IL,"תבליני טעם וריח בע""מ",גרמים,90.00,100 גרם,false,,12.90,0.1433,true,1,41033
7290000134970,false,חוואיג' 100 גרם,"תבליני טעם וריח בע""מ",IL,"תבליני טעם וריח בע""מ",גרמים,100.00,100 גרם,false,,9.90,0.0990,true,1,41034
7290000134987,false,פלפל שחור גרוס 90 גר,"תבליני טעם וריח בע""מ",IL,"תבליני טעם וריח בע""מ",גרמים,90.00,100 גרם,false,,12.90,0.1433,true,1,41035
7290000135045,false,אקס אל תפוח משקה אנר,טמפו,IL,XL,מיליליטרים,250.00,"100 מ""ל",false,,3.80,0.0152,true,1,56817
7290000135052,false,אקס אל מנגו משקה אנר,טמפו,IL,XL,מיליליטרים,250.00,"100 מ""ל",false,,3.80,0.0152,true,1,56818
7290000135113,false,אקס אל משקה אנרגיה נ,טמפו,IL,XL,מיליליטרים,250.00,"100 מ""ל",false,,3.80,0.0152,true,1,60165
7290000135311,false,פפסי מקס ליים 1.5 לי,טמפו,IL,פפסי מקס,ליטרים,1.50,ליטר,false,,6.90,4.6000,true,1,63940
7290000135465,false,"*מבצע* סודה 500 מ""ל",טמפו,IL,"*מבצע* סודה 500 מ""ל",ליטרים,6.00,ליטר,false,,24.90,4.1500,true,1,67992
7290000135595,false,פפסי מקס דובדבן 1.5,טמפו,IL,פפסי מקס דובדבן 1.5,ליטרים,1.50,ליטר,false,,6.90,4.6000,true,1,84253
7290000136141,false,פפסי קולה 1.5 ליטר,טמפו,IL,פפסי קולה 1.5 ליטר,ליטרים,1.50,ליטר,false,,7.40,4.9333,true,1,69673
7290000136158,false,פפסי מקס 1.5 ליטר,טמפו,IL,פפסי מקס 1.5 ליטר,ליטרים,1.50,ליטר,false,,6.90,4.6000,true,1,69677
7290000136165,false,מירנדה  1.5 ליטר,טמפו,IL,מירנדה  1.5 ליטר,ליטרים,1.50,ליטר,false,,7.40,4.9333,true,1,69674
7290000136172,false,סבן אפ 1.5 ליטר,טמפו,IL,סבן אפ 1.5 ליטר,ליטרים,1.50,ליטר,false,,7.40,4.9333,true,1,69675
7290000136189,false,סבן אפ דיאט 1.5 ליטר,טמפו,IL,סבן אפ דיאט 1.5 ליטר,ליטרים,1.50,ליטר,false,,7.40,4.9333,true,1,69676
7290000136240,false,סודה 1.5 ליטר,טמפו,IL,סודה 1.5 ליטר,ליטרים,1.50,ליטר,false,,2.90,1.9333,true,1,69668
7290000136264,false,מי טוניק 1.5 ליטר,טמפו,IL,מי טוניק 1.5 ליטר,ליטרים,1.50,ליטר,false,,8.90,5.9333,true,1,69648
7290000136288,false,ג'ויסר סירופ בטעם תפ,טמפו,IL,סיידר,מיליליטרים,330.00,"100 מ""ל",false,,11.90,0.0361,true,1,85457
7290000136295,false,ג'ויסר סירופ בטעם פט,טמפו,IL,סיידר,מיליליטרים,330.00,"100 מ""ל",false,,11.90,0.0361,true,1,85458
7290000136455,false,ג'אמפ אשכוליות 1.5 ל,טמפו,IL,ג'אמפ,ליטרים,1.50,ליטר,false,,7.50,5.0000,true,1,69650
7290000136516,false,ג'אמפ מנגו 1.5 ליטר,טמפו,IL,ג'אמפ,ליטרים,1.50,ליטר,false,,7.50,5.0000,true,1,69652
7290000136523,false,ג'אמפ ענבים 1.5 ליטר,טמפו,IL,ג'אמפ,ליטרים,1.50,ליטר,false,,7.50,5.0000,true,1,69653
7290000136561,false,ג'אמפ תות בננה 1.5 ל,טמפו,IL,ג'אמפ,ליטרים,1.50,ליטר,false,,7.50,5.0000,true,1,69654
7290000136585,false,ג'אמפ תפוזים 1.5 ליט,טמפו,IL,ג'אמפ,ליטרים,1.50,ליטר,false,,7.50,5.0000,true,1,69655
7290000136646,false,נשר מאלט 1.5 ליטר,טמפו,IL,נשר מאלט 1.5 ליטר,ליטרים,1.50,ליטר,false,,8.90,5.9333,true,1,69657
7290000136653,false,נשר מאלט  דיאט 1.5 ל,טמפו,IL,נשר מאלט  דיאט 1.5 ל,ליטרים,1.50,ליטר,false,,8.90,5.9333,true,1,69658
7290000136776,false,פפסי מקס שישייה 1.5,טמפו,IL,פפסי מקס שישייה 1.5,ליטרים,9.00,ליטר,false,,35.90,3.9889,true,1,69679
7290000136790,false,סודה 1.5 ליטר שישייה,טמפו,IL,סודה 1.5 ליטר שישייה,ליטרים,9.00,ליטר,false,,16.70,1.8556,true,1,69667
7290000136844,false,אקווה נובה שישייה 2,טמפו,IL,אקווה נובה,ליטרים,12.00,ליטר,false,,11.30,0.9417,true,1,69646
7290000136868,false,סאן בנדטו שישייה 1.5,טמפו,IL,סאן בנדטו,ליטרים,9.00,ליטר,false,,18.90,2.1000,true,1,69659
7290000136875,false,סאן בנדטו  מוגז שישי,טמפו,IL,סאן בנדטו,ליטרים,9.00,ליטר,false,,18.90,2.1000,true,1,69660
7290000137513,false,גלידונית בטעם וניל ב,גלידות שטראוס,IL,קרמיסימו,מיליליטרים,950.00,"100 מ""ל",false,,49.90,0.0525,true,1,38809
7290000137643,false,מאגדת טעמקור באריזה,גלידות שטראוס,IL,שטראוס,גרמים,400.00,100 גרם,false,,37.90,0.0947,true,1,38810
7290000139104,false,שלווה חיטה תפוחה ומת,אשבול,IL,אשבול,גרמים,230.00,100 גרם,false,,7.90,0.0343,true,1,38743
7290000139227,false,דגן תירס תפוח ומתוק,אשבול,IL,אשבול,גרמים,150.00,100 גרם,false,,7.90,0.0527,true,1,69791
7290000144160,false,*מבצע* שמן זית כתית,שמן תעשיות,IL,עץ הזית,מיליליטרים,750.00,"100 מ""ל",false,,29.90,0.0399,true,1,40414
7290000144467,false,*מבצע* שמן חמניות בר,שמן תעשיות,IL,עץ הזית,ליטרים,1.00,ליטר,false,,13.90,13.9000,true,1,40415
7290000144474,false,שמן קנולה בריאות מהט,שמן תעשיות,IL,עץ הזית,ליטרים,1.00,ליטר,false,,15.90,15.9000,true,1,40416
7290000146928,false,טום וג'רי משחת שיניי,טרופיקל דגיל קוסמטיק,IL,טום וגרי,מיליליטרים,50.00,"100 מ""ל",false,,9.90,0.1980,true,1,38684
7290000146997,false,טום וג'רי משחת שיניי,טרופיקל דגיל קוסמטיק,IL,טום וגרי,מיליליטרים,50.00,"100 מ""ל",false,,9.90,0.1980,true,1,38685
7290000148380,false,*מבצע* פיסטוק קלית ג,"ג'י אנד ג'י בע""מ",IL,קליית גת,גרמים,200.00,100 גרם,false,,15.90,0.0795,true,1,42549
7290000148489,false,גרעיני דלעת,"ג'י אנד ג'י בע""מ",IL,קליית גת,גרמים,200.00,100 גרם,false,,8.90,0.0445,true,1,39709
7290000148748,false,גרעיני חמניה,"ג'י אנד ג'י בע""מ",IL,קליית גת,גרמים,200.00,100 גרם,false,,5.90,0.0295,true,1,39711
7290000149615,false,סבון נקה מוצק רביעיה,"גליל כימיכלים בע""מ",IL,נקה 7,גרמים,400.00,100 גרם,false,,10.90,0.0273,true,1,38994
7290000149851,false,סינטבון כפול,סנו,IL,סינטבון,גרמים,460.00,100 גרם,false,,9.50,0.0207,true,1,38995
7290000149905,false,טקסטיל שמפו נוזל,סנו,IL,טקסטיל,ליטרים,1.00,ליטר,false,,13.90,13.9000,true,1,38996
7290000149943,false,טקסטיל שמפו 1 קג,סנו,IL,טקסטיל,ליטרים,1.00,ליטר,false,,13.90,13.9000,true,1,38997
7290000150352,false,פסטרמה איטלקית,עוף טוב,IL,עוף טוב,קילוגרמים,1.00,"ק""ג",true,,65.00,65.0000,true,1,4118
7290000150451,false,נקניק סלמי איטלקי,עוף טוב,IL,עוף טוב,קילוגרמים,1.00,"ק""ג",true,,55.00,55.0000,true,1,4121
7290000150642,false,כתף בקר מעושן,עוף טוב,IL,עוף טוב,קילוגרמים,1.00,"ק""ג",true,,75.00,75.0000,true,1,4123
7290000150956,false,עוף טוב מקלוני קבנוס,,,עוף טוב מקלוני קבנוס,גרמים,160.00,100 גרם,false,,9.90,0.0619,true,1,34876
7290000151106,false,פסטרמה אמריקאית,עוף טוב,IL,עוף טוב,קילוגרמים,1.00,"ק""ג",true,,65.00,65.0000,true,1,4128
7290000152288,false,נקניקיות עוף 400 גרם,עוף טוב,IL,עוף טוב,גרמים,400.00,100 גרם,false,,9.90,0.0248,true,1,38543
7290000152608,false,סלמי תה ענק,עוף טוב,IL,עוף טוב,קילוגרמים,1.00,"ק""ג",true,,37.00,37.0000,true,1,4145
7290000152943,false,סלמי+פסטרמה 350 גרם,עוף טוב,IL,עוף טוב,גרמים,700.00,100 גרם,false,,22.90,0.0327,true,1,38544
7290000153469,false,קציצות עוף קלאסיות 6,עוף טוב,IL,עוף טוב,גרמים,600.00,100 גרם,false,,29.90,0.0498,true,1,38547
7290000153698,false,כתף בקר מפולפל,עוף טוב,IL,עוף טוב,קילוגרמים,1.00,"ק""ג",true,,75.00,75.0000,true,1,4152
7290000155524,false,פסטרמה פולנית,עוף טוב,IL,עוף טוב,קילוגרמים,1.00,"ק""ג",true,,65.00,65.0000,true,1,4153
7290000158105,false,*מבצע* שניצל עוף מינ,עוף טוב,IL,עוף טוב,גרמים,700.00,100 גרם,false,,24.90,0.0356,true,1,38551
7290000161358,false,מיונז אמיתי משמן קנו,אתר חיפה ממרחים - Fo,IL,TELMA,גרמים,500.00,100 גרם,false,,12.90,0.0258,true,1,15976
7290000166605,false,*מבצע* סיף כללי 4 ל,אתר ליוור - HPC,IL,CIF,ליטרים,4.00,ליטר,false,,17.90,4.4750,true,1,16042
7290000169538,false,נמס בכוס עגבניות 62ג,אתר חיפה אבקות - Foo,IL,KNORR,גרמים,17.00,100 גרם,false,,6.50,0.3824,true,1,16105
7290000174723,false,שוקולית בקופסא 500 ג,שטראוס גרופ,IL,עלית,גרמים,500.00,100 גרם,false,,11.90,0.0238,true,1,40040
7290000176062,false,קפה טורקי 100 גרם,שטראוס גרופ,IL,עלית,גרמים,100.00,100 גרם,false,,8.90,0.0890,true,1,40042
7290000176079,false,קפה עם הל,שטראוס גרופ,IL,עלית,גרמים,100.00,100 גרם,false,,8.90,0.0890,true,1,40043
7290000176116,false,"קפה טורקי 1 ק""ג",שטראוס גרופ,IL,עלית,קילוגרמים,1.00,"ק""ג",false,,76.90,76.9000,true,1,42772
7290000176147,false,מוקה פילטר בריק 500,ELITE CAFE SP. ZO.O,PL,עלית,גרמים,500.00,100 גרם,false,,49.90,0.0998,true,1,40045
7290000176413,false,קפה נמס 50 גרם,שטראוס גרופ,IL,עלית,גרמים,50.00,100 גרם,false,,8.90,0.1780,true,1,40047
7290000176420,false,קפה נמס עלית 200  גר,שטראוס גרופ,IL,עלית,גרמים,200.00,100 גרם,false,,18.90,0.0945,true,1,23120
7290000176468,false,קפה נמס האג,שטראוס גרופ,IL,האג,גרמים,50.00,100 גרם,false,,10.90,0.2180,true,1,40048
7290000176475,false,קפה האג נמס 200,שטראוס גרופ,IL,האג,גרמים,200.00,100 גרם,false,,34.90,0.1745,true,1,40049
7290000178707,false,תפוציפס 50 גר,שטראוס פריטו ליי (מל,IL,עלית,גרמים,50.00,100 גרם,false,,3.50,0.0700,true,1,40124
7290000178721,false,תפוציפס 200 גר,שטראוס פריטו ליי (מל,IL,עלית,גרמים,200.00,100 גרם,false,,9.90,0.0495,true,1,40125
7290000185330,false,*מבצע* סילאן טבעי תמ,טעמי הגליל,IL,*מבצע* סילאן טבעי תמ,גרמים,900.00,100 גרם,false,,21.90,0.0243,true,1,70467
7290000185590,false,*מבצע* סילאן טבעי בב,חצר כינרת מוצרי תמר,IL,*מבצע* סילאן טבעי בב,גרמים,635.00,100 גרם,false,,17.90,0.0282,true,1,67701
7290000186535,false,לילי טריו לבן 32 גלי,חוגלה קימברלי,IL,לילי,מטרים,537.00,מטר,false,,38.90,0.0724,true,1,42342
7290000186931,false,סקוטש ניקול חתוך 12,UFO,US,ניקול,יח',12.00,יח',false,,9.90,0.8250,true,1,39370
7290000187952,false,לילי טריו 32 גלילים,חוגלה קימברלי,IL,לילי,מטרים,537.00,מטר,false,,38.90,0.0724,true,1,39375
7290000188355,false,מגבות נייר ניקול שיש,חוגלה קימברלי,IL,ניקול,מטרים,64.80,מטר,false,,10.90,0.1682,true,1,39377
7290000189079,false,תבניות אינגליש 6 יח,בראבו,CN,ניקול,יח',6.00,יח',false,,9.90,1.6500,true,1,39384
7290000189260,false,תבניות מלבניות 5 יח,בראבו,CN,ניקול,יח',5.00,יח',false,,9.90,1.9800,true,1,39390
7290000189277,false,תבניות מלבניות גדולו,בראבו,CN,ניקול,יח',3.00,יח',false,,9.90,3.3000,true,1,39391
7290000189598,false,מטליות לחות לניקוי כ,על בד,IL,ניקול,יח',50.00,יח',false,,9.90,0.1980,true,1,39396
7290000189734,false,מטליות לחות לפרקט,על בד,IL,ניקול,יח',10.00,יח',false,,11.90,1.1900,true,1,39398
7290000190198,false,מטליות לחות לניקוי נ,על בד,IL,ניקול,יח',50.00,יח',false,,9.90,0.1980,true,1,39403
7290000191225,false,האגיס ליטל ביייביס ש,חוגלה קימברלי,IL,האגיס,יח',44.00,יח',false,,29.90,0.6795,true,1,39406
7290000193014,false,אינטרלוד פדיות,Ontex,CZ,אינטרלוד,יח',50.00,יח',false,,9.90,0.1980,true,1,39410
7290000193076,false,מטליות לרצפה ניקול ש,עופרטקס,IL,ניקול,יח',3.00,יח',false,,9.90,3.3000,true,1,39411
7290000193083,false,נובה לי גמבו 28 יח,Ontex,CZ,נובה לי,יח',28.00,יח',false,,9.90,0.3536,true,1,39412
7290000193205,false,לילי נטורל לילה,Ontex,BE,לילי נטורל,יח',20.00,יח',false,,15.90,0.7950,true,1,39413
7290000193472,false,מגן תחתון לילי,,,מגן תחתון לילי,יח',62.00,יח',false,,15.90,0.2565,true,1,39414
7290000193540,false,לילי פדיות,,,לילי פדיות,יח',52.00,יח',false,,15.90,0.3058,true,1,39415
7290000193618,false,מגן תחתון לילי,,,מגן תחתון לילי,יח',62.00,יח',false,,15.90,0.2565,true,1,39416
7290000193649,false,לילי תחבושת בודד,,,לילי תחבושת בודד,יח',24.00,יח',false,,15.90,0.6625,true,1,39417
7290000193656,false,לילי תחבושת בודד,,,לילי תחבושת בודד,יח',24.00,יח',false,,15.90,0.6625,true,1,39418
7290000195216,false,נייר אפייה 50 יח,אופל,IL,ניקול,יח',50.00,יח',false,,9.90,0.1980,true,1,39421
7290000197012,false,שקיות ריץ רץ קטנות ע,קילת,IL,ניקול,יח',15.00,יח',false,,12.90,0.8600,true,1,35367
7290000197029,false,שקיות ריץ רץ לאחסון,קילת,IL,ניקול,יח',12.00,יח',false,,12.90,1.0750,true,1,39427
7290000197425,false,האגיס פרידום דריי של,,,האגיס פרידום דריי שלב 3,יח',52.00,יח',false,,41.90,0.8058,true,1,39436
7290000197456,false,האגיס פרידום דריי של,,,האגיס פרידום דריי שלב 4,יח',44.00,יח',false,,41.90,0.9523,true,1,39438
7290000197463,false,האגיס פרידום דריי של,,,האגיס פרידום דריי שלב +4,יח',40.00,יח',false,,41.90,1.0475,true,1,39439
7290000197548,false,האגיס פרידום דריי של,,,האגיס פרידום דריי שלב 5,יח',36.00,יח',false,,41.90,1.1639,true,1,39441
7290000197654,false,אשפתון ענק ניקול 45,"אשפלסט תעשיות בע""מ",IL,ניקול,יח',45.00,יח',false,,19.90,0.4422,true,1,39442
7290000197678,false,האגיס פרידום דריי של,,,האגיס פרידום דריי שלב 6,יח',30.00,יח',false,,41.90,1.3967,true,1,39443
7290000197876,false,תבנית אלומיניום בינו,פאלאס,IL,ניקול,יח',4.00,יח',false,,8.90,2.2250,true,1,39445
7290000197883,false,תבניות אלומיניום מלב,פאלאס,IL,ניקול,יח',5.00,יח',false,,8.90,1.7800,true,1,39446
7290000197951,false,תבנית אלומיניום ענקי,פאלאס,IL,ניקול,יח',3.00,יח',false,,8.90,2.9667,true,1,39447
7290000201849,false,טיטולים פרימיום שלב,,,טיטולים פרימיום שלב 4 42,יח',40.00,יח',false,,29.90,0.7475,true,1,39453
7290000204086,false,סקוטש ניקול שלישיה,UFO,US,ניקול,יח',3.00,יח',false,,9.90,3.3000,true,1,39458
7290000204147,false,כרית יפנית רביעיה,פלסטו פוליש,IL,ניקול,יח',4.00,יח',false,,9.90,2.4750,true,1,39459
7290000204215,false,כרית יפנית ניקול שיש,פלסטו פוליש,IL,ניקול,יח',8.00,יח',false,,9.90,1.2375,true,1,39460
7290000204253,false,מטליות ניקול תשיעיה,נועם אורים תעשיות בע,IL,ניקול,יח',9.00,יח',false,,9.90,1.1000,true,1,39462
7290000204512,false,מטליות לחות לרצפה בר,על בד,IL,ניקול,יח',10.00,יח',false,,9.90,0.9900,true,1,39464
7290000204611,false,ספוגית הקסם שישיה,UFO,US,ניקול,יח',6.00,יח',false,,9.90,1.6500,true,1,39465
7290000205069,false,לחמניות יאמיס 8 יח',,IL,לחמניות יאמיס 8 יח',יח',8.00,יח',false,,13.90,1.7375,true,1,84682
7290000205076,false,מבצע מאפים במשקל,,,מבצע מאפים במשקל,קילוגרמים,1.00,"ק""ג",true,,29.00,29.0000,true,1,85262
7290000205762,false,האגיס אקסטרה קייר מי,חוגלה קימברלי,IL,האגיס,יח',48.00,יח',false,,46.90,0.9771,true,1,39466
7290000205915,false,האגיס אקסטרה קייר מי,חוגלה קימברלי,IL,האגיס,יח',40.00,יח',false,,46.90,1.1725,true,1,39467
7290000207063,false,פריכוז יכין 240 גרם,זנלכל,IL,רסק עגבניות 260 גרם,גרמים,240.00,100 גרם,false,,4.90,0.0204,true,1,39361
7290000207162,false,רוטב עגבניות 22% יכי,זנלכל,IL,רסק עגבניות 100 גרם,גרמים,100.00,100 גרם,false,,2.50,0.0250,true,1,39362
7290000207438,false,עגבניות קוביות יכין,זנלכל,IL,עגבניות קוביות יכין 800 ג,גרמים,800.00,100 גרם,false,,9.90,0.0124,true,1,54314
7290000208008,false,חריסה יכין 570 גרם,זנלכל,IL,חריסה,גרמים,570.00,100 גרם,false,,9.50,0.0167,true,1,54307
7290000208022,false,עגבניות מרוסקות יכין,זנלכל,IL,עגבניות מרוסקות יכין,גרמים,800.00,100 גרם,false,,9.90,0.0124,true,1,54315
7290000208077,false,אפונה יכין 550 גרם,זנלכל,IL,אפונה גדולה 550 גרם,גרמים,550.00,100 גרם,false,,8.50,0.0155,true,1,54316
7290000208091,false,אפונה קטנה יכין 550,זנלכל,IL,אפונה קטנה יכין 550,גרמים,550.00,100 גרם,false,,9.90,0.0180,true,1,54317
7290000208114,false,אפונה וגזר יכין 550,זנלכל,IL,אפונה וגזר יכין 550 גרם,גרמים,550.00,100 גרם,false,,8.50,0.0155,true,1,54318
7290000208138,false,סירופ דיאט ענבים 1 ל,,,סירופ דיאט ענבים 1 ל,מיליליטרים,1000.00,"100 מ""ל",false,,16.90,0.0169,true,1,54386
7290000208145,false,תירס לייט יכין 550 ג,זנלכל,IL,תירס לייט יכין 550 ג,גרמים,550.00,100 גרם,false,,9.90,0.0180,true,1,54309
7290000208176,false,"תפו""א יכין 550 גרם",זנלכל,IL,תפוא בקופסא 550 גרם יכין,גרמים,550.00,100 גרם,false,,9.90,0.0180,true,1,54327
7290000208213,false,שעועית ברוטב יכין 58,זנלכל,IL,שעועית אפויה יכין 580 גרם,גרמים,580.00,100 גרם,false,,8.90,0.0153,true,1,54328
7290000208220,false,שעועית צ'לי יכין 580,זנלכל,IL,שעועית צילי חריפה,גרמים,580.00,100 גרם,false,,9.90,0.0171,true,1,54329
7290000208251,false,שעועית ירוקה יכין 55,זנלכל,IL,שעועית ירוקה יכין,גרמים,550.00,100 גרם,false,,9.90,0.0180,true,1,54330
7290000208312,false,תירס מתוק יכין 400 ג,זנלכל,IL,תירס מתוק יכין 400 ג,גרמים,400.00,100 גרם,false,,6.50,0.0163,true,1,54310
7290000208329,false,תירס  מתוק יכין 550,זנלכל,IL,תירס יכין 550 גרם,גרמים,550.00,100 גרם,false,,8.50,0.0155,true,1,39363
7290000208336,false,רוטב עגבניות 22% יכי,זנלכל,IL,רסק עגבניות 260 גרם,גרמים,240.00,100 גרם,false,,4.50,0.0188,true,1,39364
7290000208343,false,עגבניות מרוסקות עם ש,זנלכל,IL,עגבניות מרוסקות עם שום 80,גרמים,800.00,100 גרם,false,,9.90,0.0124,true,1,54319
7290000208367,false,עגבניות מרוסקות בזיל,זנלכל,IL,עגבניות מרוסקות 800 גרם,גרמים,800.00,100 גרם,false,,9.90,0.0124,true,1,54323
7290000208404,false,פול יכין 550 גרם,זנלכל,IL,פול 550 גרם,גרמים,550.00,100 גרם,false,,8.90,0.0162,true,1,54332
7290000208428,false,חומוס יכין 550 גרם,זנלכל,IL,חומוס 550 גרם,גרמים,550.00,100 גרם,false,,8.90,0.0162,true,1,39365
7290000208459,false,"לקט תפו""א יכין 550 ג",זנלכל,IL,"לקט תפו""א יכין 550 ג",גרמים,550.00,100 גרם,false,,9.90,0.0180,true,1,54333
7290000208800,false,*מבצע* תירס ואקום קי,זנלכל,IL,*מבצע* תירס ואקום קי,גרמים,400.00,100 גרם,false,,5.90,0.0148,true,1,54313
7290000208855,false,רוטב עגבניות לפסטה י,זנלכל,IL,רוטב פסטה 260 גרם,גרמים,240.00,100 גרם,false,,5.50,0.0229,true,1,54336
7290000208893,false,תירס לייט יכין 400 ג,זנלכל,IL,תירס לייט יכין 400 ג,גרמים,400.00,100 גרם,false,,6.50,0.0163,true,1,54321
7290000208930,false,עגבניות קצוצות עם שו,זנלכל,IL,רוטב פסטה 260 גרם,גרמים,240.00,100 גרם,false,,5.50,0.0229,true,1,54337
7290000208947,false,עגבניות קצוצות יכין,זנלכל,IL,רוטב פסטה 260 גרם,גרמים,240.00,100 גרם,false,,5.50,0.0229,true,1,54338
7290000209012,false,חומץ 5% 1יכין  ליטר,זנלכל,IL,חומץ הדרים 1 ליטר,ליטרים,1.00,ליטר,false,,6.90,6.9000,true,1,39366
7290000209043,false,רוטב לימון יכין 1 לי,זנלכל,IL,מיץ לימון משומר 1 ליטר,ליטרים,1.00,ליטר,false,,6.90,6.9000,true,1,39367
7290000209173,false,חומצה אצטית 5% יכין,זנלכל,IL,חומצה אצטית 5% יכין,מיליליטרים,1000.00,"100 מ""ל",false,,4.90,0.0049,true,1,54345
7290000209371,false,מארז שלישיית תירס מת,זנלכל,IL,מארז שלישיית תירס מת,גרמים,600.00,100 גרם,false,,14.90,0.0248,true,1,54353
7290000209388,false,תירס לייט יכין 200*3,זנלכל,IL,תירס לייט יכין 200*3,גרמים,600.00,100 גרם,false,,14.90,0.0248,true,1,54354
7290000209524,false,סירופ דיאט פטל 1 ליט,,,סירופ דיאט פטל 1 ליטר,ליטרים,1.00,ליטר,false,,16.90,16.9000,true,1,54387
7290000209555,false,סירופ דיאט תפוחים  1,,,סירופ דיאט תפוחים  1,מיליליטרים,1000.00,"100 מ""ל",false,,16.90,0.0169,true,1,54388
7290000209579,false,סירופ דיאט אננס 1 לי,,,סירופ דיאט אננס 1 לי,מיליליטרים,1000.00,"100 מ""ל",false,,16.90,0.0169,true,1,54389
7290000209708,false,עגבניות קצוצות עם בז,זנלכל,IL,רוטב פסטה 260 גרם,גרמים,240.00,100 גרם,false,,5.50,0.0229,true,1,54339
7290000209722,false,*מבצע* פריכוז עגבניו,זנלכל,IL,פריכוז עגבניות 580 גרם,גרמים,580.00,100 גרם,false,,9.90,0.0171,true,1,41320
7290000209906,false,עגבניות קצוצות עם בצ,זנלכל,IL,רוטב פסטה 260 גרם,גרמים,240.00,100 גרם,false,,5.50,0.0229,true,1,54340
7290000209913,false,קוביות עגבניות במיץ,זנלכל,IL,רוטב פסטה 260 גרם,גרמים,240.00,100 גרם,false,,5.50,0.0229,true,1,54341
7290000209944,false,רוטב שקשוקה יכין 240,זנלכל,IL,רוטב שקשוקה 260 גרם,גרמים,240.00,100 גרם,false,,5.50,0.0229,true,1,54342
7290000209951,false,רוטב פיצה יכין 240 ג,זנלכל,IL,רוטב פיצה 260 גרם,גרמים,240.00,100 גרם,false,,5.50,0.0229,true,1,54343
7290000209968,false,רוטב לזניה יכין 240,זנלכל,IL,רוטב לזניה 260 גרם,גרמים,240.00,100 גרם,false,,5.50,0.0229,true,1,54344
7290000210469,false,עגבניות שלמות יכין 8,זנלכל,IL,עגבניות שלמות 800 גרם,גרמים,800.00,100 גרם,false,,9.90,0.0124,true,1,39368
7290000210896,false,רוטב בולונז יכין  24,זנלכל,IL,רוטב פסטה בולונז 260 גרם,גרמים,240.00,100 גרם,false,,5.50,0.0229,true,1,39369
7290000211169,false,אורז תאילנדי 1 קג,סוגת תעשיות בעמ,IL,סוגת,קילוגרמים,1.00,"ק""ג",false,,6.90,6.9000,true,1,38185
7290000211312,false,"*מבצע* אורז מלא 1 ק""",סוגת תעשיות בעמ,IL,סוגת,קילוגרמים,1.00,"ק""ג",false,,6.90,6.9000,true,1,38186
7290000211374,false,"קמח מלא 1 ק""ג",טחנת קמח דגן-שטיבל,IL,סוגת,קילוגרמים,1.00,"ק""ג",false,,6.90,6.9000,true,1,38187
7290000211381,false,*מבצע* סוכר חום בשקי,"טונגט היולט שוגר בע""",ZA,סוגת,קילוגרמים,1.00,"ק""ג",false,,10.90,10.9000,true,1,38188
7290000211442,false,*מבצע* אורז פרסי 1 ק,סוגת תעשיות בעמ,IL,סוגת,קילוגרמים,1.00,"ק""ג",false,,9.90,9.9000,true,1,38189
7290000211503,false,"סוכר 1 ק""ג","סוגת תעשיות בע""מ",IL,סוגת,קילוגרמים,1.00,"ק""ג",false,,3.90,3.9000,true,1,38190
7290000211626,false,"אורז חיש 1 ק""ג",,,"אורז חיש 1 ק""ג",קילוגרמים,1.00,"ק""ג",false,,7.90,7.9000,true,1,38191
7290000211985,false,*מבצע* אורז עגול 1 ק,סוגת תעשיות בעמ,IL,סוגת,קילוגרמים,1.00,"ק""ג",false,,7.90,7.9000,true,1,38192
7290000212401,false,מצופים שוקו 400,,,מצופים שוקו 400,גרמים,400.00,100 גרם,false,,8.90,0.0223,true,1,40428
7290000212579,false,מנעמים מצופה שוקו 20,,,סטינג מצופה 40 יח,גרמים,800.00,100 גרם,false,,16.90,0.0211,true,1,63297
7290000225449,false,קופון יוחננוף כדוריו,,,קופון יוחננוף כדוריו,יח',1.00,יח',false,,0.01,0.0100,true,1,87277
7290000226613,false,עוגת דובוש מצופה שוק,קפולסקי שיווק וקמעונ,IL,קפולסקי,גרמים,500.00,100 גרם,false,,39.90,0.0798,true,1,43433
7290000231785,false,מארז פחיות קוקה קולה,,,מארז פחיות קוקה קולה,ליטרים,4.95,ליטר,false,,34.90,7.0505,true,1,71220
7290000235553,false,עוגת בריוש מאפית אסם,בונז'ור,IL,בונז'ור,גרמים,550.00,00000000000000000גרם,false,,24.90,0.0453,true,1,25716
7290000238029,false,בצק עלים מעדנות 1 קג,מעדנות,IL,מעדנות,קילוגרמים,1.00,"ק""ג",false,,15.90,15.9000,true,1,41172
7290000238036,false,*מבצע* מלאווח מעדנות,מעדנות,IL,מעדנות,גרמים,700.00,100 גרם,false,,12.90,0.0184,true,1,41173
7290000238173,false,בורקס גבינה 800 גרם,מעדנות,IL,מעדנות,גרמים,800.00,100 גרם,false,,16.90,0.0211,true,1,41174
7290000238180,false,"בורקס תפו""א 800 גרם",מעדנות,IL,מעדנות,גרמים,800.00,100 גרם,false,,16.90,0.0211,true,1,41175
7290000244082,false,סבון נוזלי שלישיה,דגיל,IL,הוואי,ליטרים,1.50,ליטר,false,,16.90,11.2667,true,1,38687
7290000244143,false,*מבצע* קרם לאחר גילו,טרופיקל דגיל קוסמטיק,IL,הוואי,מיליליטרים,120.00,"100 מ""ל",false,,15.90,0.1325,true,1,38688
7290000244761,false,*מבצע* קרם ידיים 100,טרופיקל דגיל קוסמטיק,IL,הוואי,מיליליטרים,100.00,"100 מ""ל",false,,6.90,0.0690,true,1,38689
7290000245072,false,*מבצע* מ. כביסה סוד,הנקל סוד,IL,הנקל סוד,ליטרים,4.00,ליטר,false,,16.90,4.2250,true,1,41113
7290000245089,false,*מבצע* מ. כביסה סוד,הנקל סוד,IL,הנקל סוד,ליטרים,4.00,ליטר,false,,16.90,4.2250,true,1,41114
7290000245157,false,*מבצע* מ. כביסה סוד,הנקל סוד,IL,הנקל סוד,ליטרים,4.00,ליטר,false,,16.90,4.2250,true,1,41115
7290000245270,false,פרסיל מילוי,הנקל סוד,IL,הנקל סוד,קילוגרמים,1.25,"ק""ג",false,,14.90,11.9200,true,1,41116
7290000245287,false,פרסיל מילוי,הנקל סוד,IL,הנקל סוד,קילוגרמים,1.25,"ק""ג",false,,14.90,11.9200,true,1,41117
7290000245478,false,קומפקט סוד בייבי 1.2,הנקל סוד,IL,הנקל סוד,קילוגרמים,1.25,"ק""ג",false,,12.90,10.3200,true,1,41118
7290000245508,false,קומפקט סוד 1.25,הנקל סוד,IL,הנקל סוד,קילוגרמים,1.25,"ק""ג",false,,12.90,10.3200,true,1,41119
7290000245539,false,קומפקט סוד 1.25,הנקל סוד,IL,הנקל סוד,קילוגרמים,1.25,"ק""ג",false,,12.90,10.3200,true,1,41121
7290000245799,false,*מבצע* מ. כביסה סוד,הנקל סוד,IL,הנקל סוד,ליטרים,4.00,ליטר,false,,16.90,4.2250,true,1,41123
7290000248875,false,קופון יוחננוף שעועית,,,קופון יוחננוף שעועית,יח',1.00,יח',false,,0.01,0.0100,true,1,87278
7290000253220,false,שוקולד ציפס 260 גר,אופנהיימר,IL,אופנהיימר,גרמים,300.00,100 גרם,false,,10.90,0.0363,true,1,38322
7290000253251,false,שוקולד ציפס לבן 250,אופנהיימר,IL,אופנהיימר,גרמים,250.00,100 גרם,false,,10.90,0.0436,true,1,38323
7290000253459,false,שוקולד ציפס בטעם קרמ,אופנהיימר,IL,אופנהיימר,גרמים,250.00,100 גרם,false,,10.90,0.0436,true,1,64484
7290000258744,false,מאפים במשקל פרימיום,,,מאפים במשקל פרימיום,קילוגרמים,1.00,"ק""ג",true,,47.00,47.0000,true,1,83785
7290000263359,false,חיתולים ליטל בייביז,KC Turkey,TR,האגיס,יח',1.00,יח',false,,29.90,29.9000,true,1,39475
7290000267036,false,שקד מולבן 100 גרם,"דין שיווק וקלייה בע""",US,השף,גרמים,100.00,100 גרם,false,,9.90,0.0990,true,1,38294
7290000267043,false,שקד פרוס 100 גרם,"דין שיווק וקלייה בע""",US,השף,גרמים,100.00,100 גרם,false,,9.90,0.0990,true,1,38295
7290000267050,false,שקדים טחונים 100 גרם,"דין שיווק וקלייה בע""",US,השף,גרמים,100.00,100 גרם,false,,9.90,0.0990,true,1,38296
7290000272443,false,עסיס סירופ תפוז דיאט,בית השיטה עסיס תעשיו,IL,עסיס,ליטרים,1.00,ליטר,false,,16.90,16.9000,true,1,38560
7290000272467,false,עסיס סירופ פטל דיאט,בית השיטה עסיס תעשיו,IL,עסיס,ליטרים,1.00,ליטר,false,,16.90,16.9000,true,1,38561
7290000272696,false,עסיס מיץ לימון משומר,בית השיטה עסיס תעשיו,IL,עסיס,ליטרים,1.00,ליטר,false,,8.90,8.9000,true,1,38562
7290000272726,false,עסיס חומץ טבעי 5% 1ל,בית השיטה עסיס תעשיו,IL,עסיס,ליטרים,1.00,ליטר,false,,5.90,5.9000,true,1,38563
7290000284316,false,קוקה קולה 1.5 ליטר,קוקה קולה ישראל,IL,קוקה קולה,ליטרים,1.50,ליטר,false,,8.60,5.7333,true,1,38932
7290000286228,false,סנו סושי כריות שישיה,סדובסקי,IL,סנו סושי,יח',6.00,יח',false,,9.90,1.6500,true,1,39000
7290000286297,false,אנטי קאלק מסיר אבן 7,סנו,IL,אנטי קאלק,מיליליטרים,700.00,"100 מ""ל",false,,9.90,0.0141,true,1,39001
7290000286525,false,ספוג לרחצה פרינה,קוסמופארם,IL,כיף,יח',1.00,יח',false,,9.90,9.9000,true,1,39002
7290000286549,false,מטליות תשיעייה,נועם אורים תעשיות בע,IL,סנו סושי,יח',9.00,יח',false,,9.90,1.1000,true,1,39003
7290000286594,false,סנו איקס מיכל,סנו,IL,סנו,גרמים,600.00,100 גרם,false,,9.90,0.0165,true,1,39004
7290000286631,false,מילוי X סנו,סנו,IL,סנו,גרמים,600.00,100 גרם,false,,6.90,0.0115,true,1,39005
7290000286761,false,ניילון נצמד סושי זוג,FV.HK,CN,סנו סושי,מטרים,60.00,מטר,false,,9.90,0.1650,true,1,39006
7290000286907,false,סנו מסיר כתמים,סנו,IL,סנו,מיליליטרים,170.00,"100 מ""ל",false,,24.90,0.1465,true,1,39008
7290000286921,false,סנו רסס כבס,סנו,IL,סנו,מיליליטרים,750.00,"100 מ""ל",false,,11.90,0.0159,true,1,39009
7290000286945,false,סנו רהיט נוזל,סנו,IL,סנו,מיליליטרים,500.00,"100 מ""ל",false,,25.90,0.0518,true,1,39010
7290000287195,false,סנו רהיט ארוסול,סנו,IL,סנו,מיליליטרים,300.00,"100 מ""ל",false,,13.90,0.0463,true,1,39012
7290000287430,false,סנובון שלישיה,סנו,IL,סנובון,יח',3.00,יח',false,,10.90,3.6333,true,1,39015
7290000287485,false,סנובון שלישיה,סנו,IL,סנובון,גרמים,165.00,100 גרם,false,,10.90,0.0661,true,1,39016
7290000288017,false,אקונומיקה זאוול 1 לי,סנו,IL,סנו ז'אוול,ליטרים,1.00,ליטר,false,,8.90,8.9000,true,1,39021
7290000288024,false,אקונומיקה זאוול 4 לי,סנו,IL,סנו ז'אוול,ליטרים,4.00,ליטר,false,,16.90,4.2250,true,1,39022
7290000288031,false,אקונומיקה סנו 4 ליטר,סנו,IL,סנו ז'אוול,ליטרים,4.00,ליטר,false,,10.90,2.7250,true,1,39023
7290000288048,false,זאוול מרסס 1 ליטר,סנו,IL,סנו ז'אוול,ליטרים,1.00,ליטר,false,,17.90,17.9000,true,1,39024
7290000288086,false,זאוול אבקת מילוי,סנו,IL,סנו,גרמים,600.00,100 גרם,false,,9.90,0.0165,true,1,39025
7290000288109,false,מקסימה אבקה 1.250,סנו,IL,מקסימה,קילוגרמים,1.25,"ק""ג",false,,13.90,11.1200,true,1,39026
7290000288253,false,קיי 400,סנו,IL,סנו,מיליליטרים,630.00,"100 מ""ל",false,,19.90,0.0316,true,1,39027
7290000288352,false,קיי 300,סנו,IL,סנו,מיליליטרים,630.00,"100 מ""ל",false,,19.90,0.0316,true,1,39030
7290000288390,false,קיי 600,סנו,IL,סנו,מיליליטרים,500.00,"100 מ""ל",false,,19.90,0.0398,true,1,39032
7290000288727,false,מקסימה אבקה 1.250,סנו,IL,מקסימה,קילוגרמים,1.25,"ק""ג",false,,13.90,11.1200,true,1,39038
7290000288840,false,מים מזוקקים 2 ליטר,סנו,IL,סנו,ליטרים,2.00,ליטר,false,,11.90,5.9500,true,1,39039
7290000289069,false,זאוול מרסס 1 ליטר,סנו,IL,סנו ז'אוול,ליטרים,1.00,ליטר,false,,17.90,17.9000,true,1,39042
7290000289472,false,שקיות אשפה סושי 50 י,"אשפלסט תעשיות בע""מ",IL,סנו סושי,יח',50.00,יח',false,,18.90,0.3780,true,1,39043
7290000289748,false,סנו פורטה פלוס 750 מ,סנו,IL,סנו,מיליליטרים,750.00,"100 מ""ל",false,,13.90,0.0185,true,1,39045
7290000291932,false,סנובון נוזלי כחול,סנו,IL,סנובון,מיליליטרים,750.00,"100 מ""ל",false,,8.90,0.0119,true,1,39049
7290000291963,false,אקונומיקה זאוול 1 לי,סנו,IL,סנו ז'אוול,ליטרים,1.00,ליטר,false,,8.90,8.9000,true,1,39050
7290000292137,false,סנו עור 500 מיל,סנו,IL,סנו,מיליליטרים,500.00,"100 מ""ל",false,,29.90,0.0598,true,1,39051
7290000292311,false,*מבצע* סנו פוליוקס 2,סנו,IL,פוליויקס,ליטרים,2.00,ליטר,false,,19.90,9.9500,true,1,39052
7290000292434,false,סנו רהיט מילוי,סנו,IL,סנו,מיליליטרים,500.00,"100 מ""ל",false,,14.90,0.0298,true,1,39053
7290000292564,false,קי 2000 ללא ריח,סנו,IL,סנו,מיליליטרים,750.00,"100 מ""ל",false,,29.90,0.0399,true,1,39055
7290000292687,false,*מבצע* סנובון כחול ש,סנו,IL,סנובון,יח',3.00,יח',false,,12.90,4.3000,true,1,39056
7290000292915,false,"סנו רסס ונגב 750 מ""ל",סנו,IL,סנו,מיליליטרים,750.00,"100 מ""ל",false,,10.90,0.0145,true,1,39057
7290000292939,false,סנו אקווה בלו 100 גר,סנו,IL,סנו,גרמים,100.00,100 גרם,false,,12.90,0.1290,true,1,39058
7290000293516,false,סנו סופג לחות,סנו,IL,סנו,גרמים,340.00,100 גרם,false,,25.90,0.0762,true,1,39060
7290000293530,false,סנו סופג לחות,סנו,IL,סנו,גרמים,340.00,100 גרם,false,,11.90,0.0350,true,1,39061
7290000293837,false,דאודרנט גל קרמה מן,קוסמופארם,IL,כיף,יח',1.00,יח',false,,13.90,13.9000,true,1,39064
7290000293943,false,אנטי קאלק מרסס 1 ליט,סנו,IL,אנטי קאלק,ליטרים,1.00,ליטר,false,,16.90,16.9000,true,1,39065
7290000294391,false,סנו ג'ט 4 ליטר,סנו,IL,סנו ג'ט,ליטרים,4.00,ליטר,false,,17.90,4.4750,true,1,39066
7290000294780,false,אקונומיקה זאוול סמיכ,סנו,IL,סנו ז'אוול,ליטרים,4.00,ליטר,false,,16.90,4.2250,true,1,39068
7290000295336,false,מקסימה אבקה 1.250,סנו,IL,מקסימה,קילוגרמים,1.25,"ק""ג",false,,13.90,11.1200,true,1,39070
7290000295367,false,"מקסימה 2.5 ק""ג",סנו,IL,מקסימה,קילוגרמים,2.50,"ק""ג",false,,23.90,9.5600,true,1,39072
7290000295404,false,*מבצע* שקיות אשפה סו,"אשפלסט תעשיות בע""מ",IL,סנו סושי,יח',60.00,יח',false,,17.90,0.2983,true,1,39073
7290000295503,false,שקיות מזון זוג סנו,"אשפלסט תעשיות בע""מ",IL,סנו סושי,יח',300.00,יח',false,,13.90,0.0463,true,1,39074
7290000295541,false,רב מגבת גמבו,סנו,IL,סנו סושי,גרמים,390.00,100 גרם,false,,16.90,0.0433,true,1,39075
7290000295558,false,צמד נייר אלומניום קצ,בורסה פזרי,TR,סנו סושי,מטרים,15.00,מטר,false,,9.90,0.6600,true,1,39076
7290000295565,false,צמד נייר אלומניום אר,בורסה פזרי,TR,סנו סושי,מטרים,15.00,מטר,false,,15.90,1.0600,true,1,39077
7290000295589,false,טלק סנו 200 גרם,קוסמופארם,IL,בייבי כיף,גרמים,200.00,100 גרם,false,,14.90,0.0745,true,1,42254
7290000295749,false,ספוג סאקי מסאג,קוסמופארם,IL,כיף,יח',1.00,יח',false,,10.90,10.9000,true,1,39079
7290000295794,false,ספוגיות מתכת 3 יח' ס,,,ספוגיות מתכת 3 יח' ס,יח',3.00,יח',false,,9.90,3.3000,true,1,85783
7290000295824,false,רדיד אלומיניום צר עם,פרגמק,IL,סנו סושי,מטרים,100.00,מטר,false,,49.90,0.4990,true,1,39080
7290000300900,false,טבעול שניצל תירס 750,טבעול ישראל,IL,טבעול,גרמים,750.00,100 גרם,false,,24.90,0.0332,true,1,38569
7290000303581,false,פול מצרי,"פרי הגליל בע""""מ",IL,פרי הגליל,גרמים,340.00,100 גרם,false,,7.90,0.0232,true,1,40145
7290000303598,false,שעועית אפויה 580 גרם,"פרי הגליל בע""""מ",IL,פרי הגליל,גרמים,580.00,100 גרם,false,,7.90,0.0136,true,1,40146
7290000303604,false,גרגירי חומוס 550 גרם,"פרי הגליל בע""""מ",IL,פרי הגליל,גרמים,550.00,100 גרם,false,,7.90,0.0144,true,1,40147
7290000307015,false,אפונה בקופסא 550 גרם,"פרי הגליל בע""""מ",IL,פרי הגליל,גרמים,550.00,100 גרם,false,,7.90,0.0144,true,1,40148
7290000307046,false,אפונה וגזר 550 גרם,"פרי הגליל בע""""מ",IL,פרי הגליל,גרמים,550.00,100 גרם,false,,7.90,0.0144,true,1,40149
7290000307220,false,תירס ואקום פרי הגליל,"פרי הגליל בע""""מ",IL,פרי הגליל,גרמים,340.00,100 גרם,false,,4.90,0.0144,true,1,40150
7290000307237,false,תירס פרי גליל 550 גר,"פרי הגליל בע""""מ",IL,פרי הגליל,גרמים,550.00,100 גרם,false,,7.90,0.0144,true,1,40151
7290000307343,false,שעועית ירוקה 550 גרם,"פרי הגליל בע""""מ",IL,פרי הגליל,גרמים,550.00,100 גרם,false,,6.90,0.0125,true,1,40155
7290000307800,false,פול קפוא 800 גרם,"פרי הגליל בע""""מ",IL,פרי הגליל,גרמים,800.00,100 גרם,false,,10.90,0.0136,true,1,40156
7290000311128,false,עוגיות מן חמאה 300 ג,"רוקחמן בע""מ",IL,מן,גרמים,300.00,100 גרם,false,,6.50,0.0217,true,1,38841
7290000311180,false,וופלית צבעונית 10 יח,"רוקחמן בע""מ",IL,מן,גרמים,250.00,100 גרם,false,,6.90,0.0276,true,1,42187
7290000311203,false,וופל מן שוקו 200 גרם,"רוקחמן בע""מ",IL,מן,גרמים,200.00,100 גרם,false,,4.30,0.0215,true,1,38842
7290000311210,false,וופל מן לימון 200 גר,"רוקחמן בע""מ",IL,מן,גרמים,200.00,100 גרם,false,,4.30,0.0215,true,1,38843
7290000311227,false,וופל מן 200 גרם קפה,"רוקחמן בע""מ",IL,מן,גרמים,200.00,100 גרם,false,,4.30,0.0215,true,1,64804
7290000311234,false,וופל מן וניל 200 גרם,"רוקחמן בע""מ",IL,מן,גרמים,200.00,100 גרם,false,,4.30,0.0215,true,1,38844
7290000311258,false,וופלים מצופים מן 250,"רוקחמן בע""מ",IL,מן,גרמים,250.00,100 גרם,false,,6.50,0.0260,true,1,54845
7290000311425,false,וופל מצופה עשירייה מ,"רוקחמן בע""מ",IL,מן,גרמים,220.00,100 גרם,false,,6.90,0.0314,true,1,38849
7290000311463,false,עוגיות מן חיטה בטעם,"רוקחמן בע""מ",IL,מן,גרמים,200.00,100 גרם,false,,8.90,0.0445,true,1,67450
7290000311500,false,וופל מן שוקו 500 גרם,"רוקחמן בע""מ",IL,מן,גרמים,500.00,100 גרם,false,,8.90,0.0178,true,1,38850
7290000311708,false,עוגיות מן חיטה מלאה,"רוקחמן בע""מ",IL,מן,גרמים,300.00,100 גרם,false,,6.50,0.0217,true,1,38851
7290000311715,false,עוגיות מן שוקו 300 ג,"רוקחמן בע""מ",IL,מן,גרמים,500.00,100 גרם,false,,6.50,0.0130,true,1,38852
7290000311746,false,עוגיות מן קרמל 300 ג,"רוקחמן בע""מ",IL,מן,גרמים,300.00,100 גרם,false,,6.50,0.0217,true,1,38855
7290000311845,false,עוגיות מן חיטה מלאה,"רוקחמן בע""מ",IL,מן,גרמים,200.00,100 גרם,false,,8.90,0.0445,true,1,38856
7290000311869,false,וופל מן שוקולד ללא ס,"רוקחמן בע""מ",IL,מן,גרמים,180.00,100 גרם,false,,7.90,0.0439,true,1,42190
7290000311876,false,וופל מן וניל ללא סוכ,"רוקחמן בע""מ",IL,מן,גרמים,180.00,100 גרם,false,,7.90,0.0439,true,1,38857
7290000311890,false,וופל מן לימון ללא סו,"רוקחמן בע""מ",IL,מן,גרמים,180.00,100 גרם,false,,7.90,0.0439,true,1,66117
7290000313160,false,עוגיות שוקולד זהבה 2,אסם,IL,אסם,גרמים,250.00,100 גרם,false,,7.90,0.0316,true,1,38573
7290000313184,false,עוגיות גן חיות וניל,אסם,IL,אסם,גרמים,250.00,100 גרם,false,,7.90,0.0316,true,1,38574
7290000313290,false,נודלס אטריות מסולסלו,טאי רזידנט,TH,אסם,גרמים,200.00,100 גרם,false,,8.90,0.0445,true,1,38576
7290000315126,false,קנור ציר עוף 300גר,אתר חיפה אבקות - Foo,IL,KNORR,גרמים,300.00,100 גרם,false,,24.90,0.0830,true,1,16114
7290000318103,false,פסטרמה ברביקיו,מעדני יחיעם,IL,יחיעם,קילוגרמים,1.00,"ק""ג",true,,69.00,69.0000,true,1,2669
7290000318127,false,נקניקיות ביס 380 גרם,מעדני יחיעם,IL,יחיעם,גרמים,380.00,100 גרם,false,,11.90,0.0313,true,1,38261
7290000318165,false,פ. צלויה על גחלים,מעדני יחיעם,IL,יחיעם,קילוגרמים,1.00,"ק""ג",true,,79.00,79.0000,true,1,2671
7290000318189,false,פסטרמה ברביקיו על הא,מעדני יחיעם,IL,יחיעם,גרמים,300.00,100 גרם,false,,24.90,0.0830,true,1,86097
7290000318288,false,פסטרמה בדבש,מעדני יחיעם,IL,יחיעם,קילוגרמים,1.00,"ק""ג",true,,79.00,79.0000,true,1,2675
7290000318479,false,פרשוטו עגל 100 גר,מעדני יחיעם,IL,יחיעם,יח',1.00,יח',false,,24.90,24.9000,true,1,38263
7290000318493,false,כתף בקר מפולפל,מעדני יחיעם,IL,יחיעם,קילוגרמים,1.00,"ק""ג",true,,99.00,99.0000,true,1,2679
7290000318530,false,רוסטביף יחיעם,מעדני יחיעם,IL,יחיעם,קילוגרמים,1.00,"ק""ג",true,,134.00,134.0000,true,1,2681
7290000318707,false,נקניק סלמי מעושן 500,מעדני יחיעם,IL,יחיעם,גרמים,500.00,100 גרם,false,,29.90,0.0598,true,1,38266
7290000318806,false,נקניק סרוולד,מעדני יחיעם,IL,יחיעם,קילוגרמים,1.00,"ק""ג",true,,139.00,139.0000,true,1,2686
7290000318929,false,סלמי בנוסח צרפתי,מעדני יחיעם,IL,יחיעם,קילוגרמים,1.00,"ק""ג",true,,139.00,139.0000,true,1,2692
7290000318943,false,פסטרמה של פעם 200 גר,מעדני יחיעם,IL,יחיעם,גרמים,200.00,100 גרם,false,,21.90,0.1095,true,1,60446
7290000319063,false,כתף בקר מפולפל 150 ג,מעדני יחיעם,,כתף בקר מפולפל 150 ג,גרמים,150.00,100 גרם,false,,22.90,0.1527,true,1,41742
7290000319124,false,סרוולד 250 גרם,מעדני יחיעם,IL,יחיעם,גרמים,250.00,100 גרם,false,,33.90,0.1356,true,1,38267
7290000319131,false,*מבצע* נקניקיות עוף,מעדני יחיעם,IL,יחיעם,גרמים,400.00,100 גרם,false,,9.90,0.0248,true,1,41743
7290000319520,false,סלמי צרפתי 100 גר,מעדני יחיעם,IL,יחיעם,גרמים,100.00,100 גרם,false,,19.90,0.1990,true,1,38270
7290000319704,false,כתף בקר מעושן,מעדני יחיעם,IL,יחיעם,קילוגרמים,1.00,"ק""ג",true,,109.00,109.0000,true,1,2715
7290000319728,false,איטלקי מפולפל,מעדני יחיעם,IL,יחיעם,קילוגרמים,1.00,"ק""ג",true,,69.00,69.0000,true,1,2716
7290000319759,false,סלמי תה,מעדני יחיעם,IL,יחיעם,קילוגרמים,1.00,"ק""ג",true,,44.00,44.0000,true,1,2717
7290000319803,false,קבנוס קלאסי יחיעם 12,מעדני יחיעם,IL,יחיעם,גרמים,125.00,100 גרם,false,,12.90,0.1032,true,1,38272
7290000319834,false,קבנוס פפרוני קלאסי 1,מעדני יחיעם,IL,יחיעם,גרמים,125.00,100 גרם,false,,12.90,0.1032,true,1,38273
7290000334325,false,צ'יפס מיקרוגל 375 גר,תפוגן,IL,תפוגן,גרמים,375.00,100 גרם,false,,12.90,0.0344,true,1,38578
7290000334684,false,טבעות בצל 700 גרם,תפוגן,IL,תפוגן,גרמים,700.00,100 גרם,false,,16.90,0.0241,true,1,38579
7290000339191,false,רן אבקת הלבנה,זוהר דליה - 3P Local,IL,BADIN,גרמים,350.00,100 גרם,false,,17.90,0.0511,true,1,16145
7290000339849,false,קלין משחה 3.5 קג,אתר ליוור - HPC,IL,CIF,קילוגרמים,3.50,"ק""ג",false,,26.90,7.6857,true,1,16147
7290000339887,false,קלין משחה 3.5 קג,אתר ליוור - HPC,IL,CIF,קילוגרמים,3.50,"ק""ג",false,,26.90,7.6857,true,1,16150
7290000342832,false,מרכך כביסה בדין צהוב,אתר ליוור - HPC,IL,BADIN,ליטרים,4.00,ליטר,false,,19.90,4.9750,true,1,16152
7290000345260,false,תה קלאסי 25 יח,ויסוצקי,IL,ויסוצקי,גרמים,38.00,100 גרם,false,,6.90,0.1816,true,1,40434
7290000345284,false,תה קלאסיק 100/1.5 טע,ויסוצקי,IL,ויסוצקי,גרמים,150.00,100 גרם,false,,16.90,0.1127,true,1,40435
7290000345291,false,ארל גריי 25,ויסוצקי,IL,ויסוצקי,גרמים,38.00,100 גרם,false,,14.90,0.3921,true,1,40436
7290000345307,false,*מבצע* ארל גריי 50,ויסוצקי,IL,ויסוצקי,גרמים,75.00,100 גרם,false,,22.90,0.3053,true,1,40437
7290000345536,false,נענע 25,ויסוצקי,IL,ויסוצקי,גרמים,38.00,100 גרם,false,,17.90,0.4711,true,1,40438
7290000346021,false,*מבצע* קמומיל 50,ויסוצקי,IL,ויסוצקי,גרמים,70.00,100 גרם,false,,29.90,0.4271,true,1,40440
7290000346120,false,*מבצע* קסם הקינמון,ויסוצקי,IL,ויסוצקי,גרמים,75.00,100 גרם,false,,16.90,0.2253,true,1,40441
7290000346137,false,*מבצע* הילולי פירות,ויסוצקי,IL,ויסוצקי,גרמים,75.00,100 גרם,false,,16.90,0.2253,true,1,40442
7290000346168,false,*מבצע* שומר,ויסוצקי,IL,ויסוצקי,גרמים,50.00,100 גרם,false,,16.90,0.3380,true,1,40445
7290000346199,false,*מבצע* פירות יער,ויסוצקי,IL,ויסוצקי,גרמים,75.00,100 גרם,false,,16.90,0.2253,true,1,40446
7290000346205,false,*מבצע* קמומיל 25,ויסוצקי,IL,ויסוצקי,גרמים,38.00,100 גרם,false,,16.90,0.4447,true,1,40447
7290000346212,false,*מבצע* מנטה 25,ויסוצקי,IL,ויסוצקי,גרמים,50.00,100 גרם,false,,16.90,0.3380,true,1,40448
7290000346236,false,*מבצע* לואיזה (ורבנה,ויסוצקי,IL,ויסוצקי,גרמים,50.00,100 גרם,false,,16.90,0.3380,true,1,40450
7290000347738,false,*מבצע* תה ירוק נענע,ויסוצקי,IL,ויסוצקי,גרמים,937.00,100 גרם,false,,17.90,0.0191,true,1,40452
7290000347752,false,*מבצע* תה ירוק לימונ,ויסוצקי,IL,ויסוצקי,גרמים,937.50,100 גרם,false,,17.90,0.0191,true,1,40453
7290000355382,false,עגבניות מרוסקות בזיל,"מילוז(1989)בע""""מ",IL,טל,גרמים,800.00,100 גרם,false,,6.90,0.0086,true,1,40158
7290000355412,false,עגבניות מרוסקות עם ש,"מילוז(1989)בע""""מ",IL,טל,גרמים,800.00,100 גרם,false,,6.90,0.0086,true,1,40161
7290000355757,false,עגבניות מרוסקות טל,"מילוז(1989)בע""""מ",IL,טל,גרמים,800.00,100 גרם,false,,6.90,0.0086,true,1,40165
7290000359465,false,מארז פחיות פאנטה 15,,,מארז פחיות פאנטה 15,ליטרים,4.95,ליטר,false,,34.90,7.0505,true,1,71221
7290000363011,false,סלמי קוניאק,טירת- צבי,IL,טירת- צבי,קילוגרמים,1.00,"ק""ג",true,,79.00,79.0000,true,1,16632
7290000363189,false,סרוולד,טירת- צבי,IL,טירת- צבי,קילוגרמים,1.00,"ק""ג",true,,145.00,145.0000,true,1,16633
7290000363363,false,קבנוס מיוחד 160,טירת- צבי,IL,טירת- צבי,גרמים,160.00,100 גרם,false,,12.90,0.0806,true,1,41141
7290000363462,false,סלמי איטלקי,טירת- צבי,IL,טירת- צבי,קילוגרמים,1.00,"ק""ג",true,,79.00,79.0000,true,1,16637
7290000363486,false,סלמי תה,טירת- צבי,IL,טירת- צבי,קילוגרמים,1.00,"ק""ג",true,,50.00,50.0000,true,1,16638
7290000363899,false,נקניקיות פיקנטיות 40,טירת- צבי,IL,טירת- צבי,גרמים,400.00,100 גרם,false,,10.90,0.0273,true,1,41142
7290000364261,false,סלסולי כתף בקר 120 ג,טירת- צבי,IL,טירת- צבי,גרמים,120.00,100 גרם,false,,12.90,0.1075,true,1,41144
7290000364278,false,סלסולי סלמי איטלקי 1,טירת- צבי,IL,טירת- צבי,גרמים,120.00,100 גרם,false,,12.90,0.1075,true,1,41145
7290000364285,false,סלסולי פסטרמה הודו 1,טירת- צבי,IL,טירת- צבי,גרמים,120.00,100 גרם,false,,12.90,0.1075,true,1,41146
7290000364292,false,סלסולי פסטרמה גחלים,טירת- צבי,IL,טירת- צבי,גרמים,120.00,100 גרם,false,,12.90,0.1075,true,1,41147
7290000364858,false,"נקניקיות עוף  1 ק""ג",טירת- צבי,IL,טירת- צבי,קילוגרמים,1.00,"ק""ג",false,,22.90,22.9000,true,1,41149
7290000364872,false,נקניקיות עוף 400 ג,טירת- צבי,IL,טירת- צבי,גרמים,400.00,100 גרם,false,,10.90,0.0273,true,1,41150
7290000364957,false,נקניקיות מינימיניעוף,טירת- צבי,IL,טירת- צבי,גרמים,700.00,100 גרם,false,,24.90,0.0356,true,1,43336
7290000365046,false,כתף בקר מעושן,טירת- צבי,IL,טירת- צבי,קילוגרמים,1.00,"ק""ג",true,,89.00,89.0000,true,1,16652
7290000365107,false,כתף בקר מפולפל,טירת- צבי,IL,טירת- צבי,קילוגרמים,1.00,"ק""ג",true,,89.00,89.0000,true,1,16654
7290000365398,false,פסטרמה הודו בדבש,טירת- צבי,IL,טירת- צבי,קילוגרמים,1.00,"ק""ג",true,,79.00,79.0000,true,1,16657
7290000365909,false,פסטרמה הודו מעושנת,טירת- צבי,IL,טירת- צבי,קילוגרמים,1.00,"ק""ג",true,,79.00,79.0000,true,1,16662
7290000365954,false,פסטרמה הודו גחלים,טירת- צבי,IL,טירת- צבי,קילוגרמים,1.00,"ק""ג",true,,79.00,79.0000,true,1,16663
7290000367590,false,צמד כפרי טירת צבי,טירת- צבי,IL,טירת- צבי,גרמים,800.00,100 גרם,false,,25.90,0.0324,true,1,41152
7290000369297,false,גבינת שמנת בטעמים 30,גבינות ניצן,IL,גבינות ניצן,קילוגרמים,1.00,"ק""ג",true,,45.00,45.0000,true,1,6145
7290000369341,false,לאבנה אבו גוש 12%,גבינות ניצן,IL,גבינות ניצן,קילוגרמים,1.00,"ק""ג",true,,50.00,50.0000,true,1,6146
7290000369365,false,בולגרית למריחה,גבינות ניצן,IL,גבינות ניצן,גרמים,200.00,100 גרם,false,,13.90,0.0695,true,1,38746
7290000369617,false,כדורי בולגרית בשמן,גבינות ניצן,IL,גבינות ניצן,גרמים,150.00,100 גרם,false,,16.90,0.1127,true,1,38747
7290000369709,false,חמאה מתובלת,גבינות ניצן,IL,גבינות ניצן,גרמים,100.00,100 גרם,false,,13.90,0.1390,true,1,42076
7290000377209,false,בוטן מטוגן 200 גרם,"ג'י אנד ג'י בע""מ",IL,קליית גת,גרמים,200.00,100 גרם,false,,6.90,0.0345,true,1,39713
7290000377445,false,מנצס 200 גרם,"ג'י אנד ג'י בע""מ",IL,קליית גת,גרמים,200.00,100 גרם,false,,7.90,0.0395,true,1,39714
7290000400013,false,עוף טרי שלם,משתנה,IL,עוף שלם גורמה,קילוגרמים,1.00,"ק""ג",true,,19.90,19.9000,true,1,22148
7290000400020,false,עוף טרי מפורק,משתנה,IL,עוף מפורק גורמה,קילוגרמים,1.00,"ק""ג",true,,21.90,21.9000,true,1,22149
7290000400037,false,כרעיים עוף טרי פרימי,משתנה,IL,כרעיים עוף גורמה,קילוגרמים,1.00,"ק""ג",true,,29.90,29.9000,true,1,22150
7290000400044,false,שוקיים עוף טרי פרימי,משתנה,IL,שוקיים עוף גורמה,קילוגרמים,1.00,"ק""ג",true,,39.90,39.9000,true,1,22151
7290000400051,false,ירכיים עוף טרי פרימי,משתנה,IL,ירכיים עוף גורמה,קילוגרמים,1.00,"ק""ג",true,,29.90,29.9000,true,1,22152
7290000400068,false,כנפיים עוף טרי פרימי,משתנה,IL,כנפיים עוף גורמה,קילוגרמים,1.00,"ק""ג",true,,16.90,16.9000,true,1,22153
7290000400075,false,חזה עוף חצוי טרי נקי,משתנה,IL,חזה עוף שלם גורמה,קילוגרמים,1.00,"ק""ג",true,,42.90,42.9000,true,1,22154
7290000400082,false,פילה עוף טרי פרימיום,משתנה,IL,פילה שניצל גורמה,קילוגרמים,1.00,"ק""ג",true,,49.90,49.9000,true,1,22155
7290000400099,false,שניצל עוף טרי דק דק,משתנה,IL,שניצל עוף גורמה,קילוגרמים,1.00,"ק""ג",true,,49.90,49.9000,true,1,22156
7290000400112,false,שיפודי פרגיות טרי,משתנה,IL,שיפודי פרגיות גורמה,קילוגרמים,1.00,"ק""ג",true,,69.90,69.9000,true,1,22157
7290000400129,false,סטייק פרגית טרי פרימ,משתנה,IL,סטייק פרגיות גורמה,קילוגרמים,1.00,"ק""ג",true,,69.90,69.9000,true,1,22158
7290000400174,false,קורקבן עוף טרי,משתנה,IL,קורקבן עוף גורמה,קילוגרמים,1.00,"ק""ג",true,,9.90,9.9000,true,1,22160
7290000400228,false,טחון עוף טרי,משתנה,IL,טחון עוף גורמה,קילוגרמים,1.00,"ק""ג",true,,49.90,49.9000,true,1,22163
7290000400303,false,שניצל טרי ארוז,,,שניצל טרי ארוז,קילוגרמים,1.00,"ק""ג",true,,29.90,29.9000,true,1,68090
7290000400440,false,פילה עוף טרי ארוז,,,פילה עוף טרי ארוז,קילוגרמים,1.00,"ק""ג",true,,34.90,34.9000,true,1,81256
7290000400617,false,חזה כבש טרי,משתנה,IL,חזה טלה גורמה,קילוגרמים,1.00,"ק""ג",true,,54.90,54.9000,true,1,22169
7290000400624,false,אצבעות אנטריקוט,משתנה,IL,אצבעות אנטריקוט מתובל גור,קילוגרמים,1.00,"ק""ג",true,,79.90,79.9000,true,1,22170
7290000400655,false,כבד בקר טרי,משתנה,IL,כבד בקר טרי גורמה,קילוגרמים,1.00,"ק""ג",true,,29.90,29.9000,true,1,22172
7290000400679,false,לבבות עוף טרי,משתנה,IL,לבבות עוף גורמה,קילוגרמים,1.00,"ק""ג",true,,29.90,29.9000,true,1,22174
7290000400693,false,פרגיות טרי פרימיום,משתנה,IL,פרגיות גורמה,קילוגרמים,1.00,"ק""ג",true,,69.90,69.9000,true,1,22176
7290000400709,false,צוואר כבש טרי,משתנה,IL,צוואר טלה גורמה,קילוגרמים,1.00,"ק""ג",true,,74.90,74.9000,true,1,22177
7290000400716,false,צלעות כבש טרי,משתנה,IL,צלעות טלה גורמה,קילוגרמים,1.00,"ק""ג",true,,189.90,189.9000,true,1,22178
7290000400761,false,כבד עוף טרי,משתנה,IL,כבד עוף טרי גורמה,קילוגרמים,1.00,"ק""ג",true,,24.90,24.9000,true,1,22179
7290000400785,false,גרון עוף טרי,משתנה,IL,גרון עוף גורמה,קילוגרמים,1.00,"ק""ג",true,,12.90,12.9000,true,1,22181
7290000400853,false,אצבעות אנטריקוט מעוב,משתנה,IL,אצבעות אנטריקוט מתובל גור,קילוגרמים,1.00,"ק""ג",true,,79.90,79.9000,true,1,85781
7290000401027,false,חזה הודו טרי,משתנה,IL,חזה הודו נקבה גורמה,קילוגרמים,1.00,"ק""ג",true,,34.90,34.9000,true,1,22183
7290000401034,false,כנפיים הודו טרי,משתנה,IL,כנפיים הודו נקבה גורמה,קילוגרמים,1.00,"ק""ג",true,,15.90,15.9000,true,1,22184
7290000401041,false,גרון הודו טרי פרימיו,משתנה,IL,גרון הודו גורמה,קילוגרמים,1.00,"ק""ג",true,,29.90,29.9000,true,1,22185
7290000401058,false,הודו אדום טרי נקבה,משתנה,IL,הודו אדום נקבה גורמה,קילוגרמים,1.00,"ק""ג",true,,54.90,54.9000,true,1,22186
7290000401089,false,שווארמה הודו טרי,משתנה,IL,שווארמה הודו נקבה גורמה,קילוגרמים,1.00,"ק""ג",true,,69.90,69.9000,true,1,22188
7290000401096,false,רצועות שווארמה טרי,משתנה,IL,רצועות שווארמה גורמה,קילוגרמים,1.00,"ק""ג",true,,74.90,74.9000,true,1,22189
7290000401171,false,טחון הודו אדום טרי,משתנה,IL,טחון הודו אדום גורמה,קילוגרמים,1.00,"ק""ג",true,,59.90,59.9000,true,1,22191
7290000402086,false,שריר עגל מעובד מופשר,משתנה,IL,שריר עגל מיושן מובחר גורמ,קילוגרמים,1.00,"ק""ג",true,,59.90,59.9000,true,1,22198
7290000402116,false,סינטה עגל מעובד מופש,משתנה,IL,סינטה עגל מיושן מובחר גור,קילוגרמים,1.00,"ק""ג",true,,139.90,139.9000,true,1,22199
7290000402277,false,בשר ראש טרי,משתנה,IL,בשר ראש טרי גורמה,קילוגרמים,1.00,"ק""ג",true,,69.90,69.9000,true,1,22286
7290000402369,false,שייטל מובחר מעובד מו,משתנה,IL,שייטל מובחר מיושן גורמה,קילוגרמים,1.00,"ק""ג",true,,89.90,89.9000,true,1,69785
7290000403014,false,אנטריקוט טרי ברזיל,משתנה,IL,אנטריקוט טרי גורמה,קילוגרמים,1.00,"ק""ג",true,,119.90,119.9000,true,1,22206
7290000403045,false,כתף בקר טרי,משתנה,IL,כתף בקר טרי גורמה,קילוגרמים,1.00,"ק""ג",true,,79.90,79.9000,true,1,22208
7290000403052,false,צלי כתף טרי,משתנה,IL,צלי כתף טרי גורמה,קילוגרמים,1.00,"ק""ג",true,,92.90,92.9000,true,1,22209
7290000403069,false,פילה מדומה טרי,משתנה,IL,פילה מדומה טרי גורמה,קילוגרמים,1.00,"ק""ג",true,,79.90,79.9000,true,1,22210
7290000403076,false,שריר הזרוע טרי,משתנה,IL,שריר הזרוע טרי גורמה,קילוגרמים,1.00,"ק""ג",true,,69.90,69.9000,true,1,22211
7290000403175,false,אנטריקוט טרי עם עצם,משתנה,IL,סטייק אנטריקוט עם עצם טרי,קילוגרמים,1.00,"ק""ג",true,,119.90,119.9000,true,1,22215
7290000403182,false,חזה בקר טרי עם עצם,משתנה,IL,חזה עם עצם גורמה,קילוגרמים,1.00,"ק""ג",true,,59.90,59.9000,true,1,22216
7290000403199,false,אסאדו טרי עם עצם,משתנה,IL,אסאדו\ שפונדרה טרי גורמה,קילוגרמים,1.00,"ק""ג",true,,64.90,64.9000,true,1,22217
7290000403205,false,צוואר בקר טרי עם עצם,משתנה,IL,צוואר עם עצם טרי גורמה,קילוגרמים,1.00,"ק""ג",true,,59.90,59.9000,true,1,22218
7290000403212,false,אוסובוקו עגל טרי,משתנה,IL,אוסובוקו טרי גורמה,קילוגרמים,1.00,"ק""ג",true,,69.90,69.9000,true,1,22219
7290000403243,false,עצמות בקר,משתנה,IL,עצמות בקר גורמה,קילוגרמים,1.00,"ק""ג",true,,19.90,19.9000,true,1,22221
7290000405568,false,קוקטייל עוף מקוצב,משתנה,IL,מעורב ירושלמי גורמה,קילוגרמים,1.00,"ק""ג",true,,59.90,59.9000,true,1,23170
7290000405575,false,פילה עוף טרי גורמה,משתנה,IL,פילה שניצל גורמה,קילוגרמים,1.00,"ק""ג",true,,46.90,46.9000,true,1,23171
7290000405674,false,שייטל טרי,משתנה,IL,שייטל טרי,קילוגרמים,1.00,"ק""ג",true,,99.90,99.9000,true,1,24518
7290000405698,false,שפיץ צאך טרי,משתנה,IL,שייטל טרי,קילוגרמים,1.00,"ק""ג",true,,139.90,139.9000,true,1,24520
7290000405728,false,אונטריב טרי,משתנה,IL,פרגית לתנור גורמה,קילוגרמים,1.00,"ק""ג",true,,79.90,79.9000,true,1,24631
7290000405780,false,אסאדו טרי ללא עצם,משתנה,,שפונדרה טרי ללא עצם,קילוגרמים,1.00,"ק""ג",true,,69.90,69.9000,true,1,25080
7290000405896,false,כתף כבש טרי,משתנה,IL,כתף כבש טרי גורמה,קילוגרמים,1.00,"ק""ג",true,,119.90,119.9000,true,1,26880
7290000405940,false,רצועות פרגית להקפצה,משתנה,IL,רצועות פרגית להקפצה,קילוגרמים,1.00,"ק""ג",true,,64.90,64.9000,true,1,27595
7290000405988,false,אוסובוקו מעובד מופשר,משתנה,IL,אוסובוקו מצונן,קילוגרמים,1.00,"ק""ג",true,,64.90,64.9000,true,1,29082
7290000407227,false,סינטה דק דק טרי,משתנה,,סינטה דק דק טרי,קילוגרמים,1.00,"ק""ג",true,,149.90,149.9000,true,1,35090
7290000407234,false,שומן כבש,משתנה,,שומן כבש,קילוגרמים,1.00,"ק""ג",true,,89.90,89.9000,true,1,35091
7290000407326,false,טחון בקר פרימיום טרי,מעדני גורמה,IL,טחון בקר פרימיום טרי,קילוגרמים,1.00,"ק""ג",true,,59.90,59.9000,true,1,36708
7290000407456,false,דנוור סטייק,משתנה,,דנוור סטייק,קילוגרמים,1.00,"ק""ג",true,,119.90,119.9000,true,1,41589
7290000407470,false,רוסטביף טרי לתנור,משתנה,,רוסטביף טרי לתנור,קילוגרמים,1.00,"ק""ג",true,,84.90,84.9000,true,1,43782
7290000407517,false,כנפית עוף טרי,משתנה,IL,כנפית עוף טרי,קילוגרמים,1.00,"ק""ג",true,,19.90,19.9000,true,1,54713
7290000407524,false,שוקית כנף עוף טרי,משתנה,IL,שוקית כנף עוף טרי,קילוגרמים,1.00,"ק""ג",true,,19.90,19.9000,true,1,54714
7290000407562,false,אוסובוקו הודו,משתנה,,אוסובוקו הודו,קילוגרמים,1.00,"ק""ג",true,,39.90,39.9000,true,1,54991
7290000407593,false,כתף מיניון טרי,משתנה,,כתף מיניון טרי,קילוגרמים,1.00,"ק""ג",true,,84.90,84.9000,true,1,55081
7290000407692,false,כרעיים טרי ארוז,משתנה,,כרעיים טרי ארוז,קילוגרמים,1.00,"ק""ג",true,,22.90,22.9000,true,1,58747
7290000407708,false,חזה עוף ארוז טרי,משתנה,,חזה עוף ארוז טרי,קילוגרמים,1.00,"ק""ג",true,,24.90,24.9000,true,1,58748
7290000407739,false,מעורב ישראלי,,,מעורב ישראלי,קילוגרמים,1.00,"ק""ג",true,,69.90,69.9000,true,1,58871
7290000408156,false,רצועות חזה להקפצה,משתנה,,רצועות חזה להקפצה,קילוגרמים,1.00,"ק""ג",true,,49.90,49.9000,true,1,59982
7290000408194,false,אסאדו עם עצם מעובד מ,משתנה,,שפונדרה טרי ללא עצם,קילוגרמים,1.00,"ק""ג",true,,64.90,64.9000,true,1,62072
7290000408316,false,דנונה ביו  3% 200 גר,שטראוס גרופ,IL,שטראוס,גרמים,200.00,100 גרם,false,,3.50,0.0175,true,1,40316
7290000408354,false,בר דנונה פצפוצים,שטראוס גרופ,IL,שטראוס,גרמים,175.00,100 גרם,false,,4.30,0.0246,true,1,40317
7290000409146,false,אנטריקוט ע.ע מעובד מ,משתנה,,אנטריקוט ע.ע מעובד מ,קילוגרמים,1.00,"ק""ג",true,,89.90,89.9000,true,1,63401
7290000409191,false,מעורב ישראלי טחון,,,מעורב ישראלי טחון,קילוגרמים,1.00,"ק""ג",true,,69.90,69.9000,true,1,65397
7290000409207,false,דואט למרק,,,דואט למרק,קילוגרמים,1.00,"ק""ג",true,,16.90,16.9000,true,1,65523
7290000409214,false,שווארמה פרגית חתוך ט,,,שווארמה פרגית חתוך ט,קילוגרמים,1.00,"ק""ג",true,,69.90,69.9000,true,1,65721
7290000409313,false,שוקיים טרי ארוז,משתנה,,שוקיים טרי ארוז,קילוגרמים,1.00,"ק""ג",true,,24.90,24.9000,true,1,67053
7290000409344,false,אנטריקוט טרי פרימיום,,,אנטריקוט טרי פרימיום,קילוגרמים,1.00,"ק""ג",true,,179.90,179.9000,true,1,67562
7290000409351,false,אנטריקוט טרי דק פרימ,,,אנטריקוט טרי דק פרימ,קילוגרמים,1.00,"ק""ג",true,,179.90,179.9000,true,1,67563
7290000409702,false,סטייק טומהוק טרי,,,סטייק טומהוק טרי,קילוגרמים,1.00,"ק""ג",true,,129.90,129.9000,true,1,67909
7290000409726,false,צלי כתף טרי ברזיל מב,,,צלי כתף טרי ברזיל מב,קילוגרמים,1.00,"ק""ג",true,,84.90,84.9000,true,1,68167
7290000409788,false,אנטריקוט דק טרי ברזי,,,אנטריקוט דק טרי ברזי,קילוגרמים,1.00,"ק""ג",true,,129.90,129.9000,true,1,70931
7290000409900,false,כבד עוף טרי ארוז,משתנה,IL,כבד עוף טרי גורמה,קילוגרמים,1.00,"ק""ג",true,,24.90,24.9000,true,1,83908
7290000409917,false,לבבות עוף טרי ארוז,משתנה,IL,לבבות עוף גורמה,קילוגרמים,1.00,"ק""ג",true,,29.90,29.9000,true,1,83909
7290000412481,false,מנקה אסלות 1 ליטר,סנו,IL,OO,ליטרים,1.00,ליטר,false,,7.90,7.9000,true,1,39082
7290000416021,false,ממרח השחר 500 גרם,,,ממרח השחר 500 גרם,גרמים,500.00,100 גרם,false,,13.90,0.0278,true,1,38922
7290000416045,false,"ממרח השחר 1 ק""ג",השחר העולה תעשייות מ,IL,השחר העולה,קילוגרמים,1.00,"ק""ג",false,,23.90,23.9000,true,1,38923
7290000416618,false,ממרח השחר פרווה 400,השחר העולה תעשייות מ,IL,השחר העולה,גרמים,400.00,100 גרם,false,,11.90,0.0298,true,1,38926
7290000416632,false,"ממרח השחר פרווה 1 ק""",השחר העולה תעשייות מ,IL,השחר העולה,קילוגרמים,1.00,"ק""ג",false,,22.90,22.9000,true,1,38927
7290000416809,false,ממרח חלב חצי חצי 350,השחר העולה תעשייות מ,IL,ממרח חלב חצי חצי 350,גרמים,350.00,100 גרם,false,,10.90,0.0311,true,1,38928
7290000416854,false,קקאו השחר 150 ג,השחר העולה תעשייות מ,IL,השחר העולה,גרמים,150.00,100 גרם,false,,8.90,0.0593,true,1,38929
7290000416878,false,קקאו השחר 500 גרם,השחר העולה תעשייות מ,IL,השחר העולה,גרמים,500.00,100 גרם,false,,20.90,0.0418,true,1,42232
7290000416922,false,ממרח חלב  350 גרם,השחר העולה תעשייות מ,IL,ממרח חלב  350 גרם,גרמים,350.00,100 גרם,false,,10.90,0.0311,true,1,38930
7290000418131,false,טופ פד סופר 18,DPL,IL,DPL,יח',18.00,יח',false,,5.90,0.3278,true,1,42849
7290000418155,false,טופ פד סופר 16,DPL,IL,DPL,יח',16.00,יח',false,,5.90,0.3688,true,1,42850
7290000419220,false,לנדוור לבוקר 3*100 ג,קפה לנדוור,IL,לנדוור,גרמים,300.00,100 גרם,false,,18.90,0.0630,true,1,38582
7290000419374,false,לנדוור טחון טורקי 3*,קפה לנדוור,IL,לנדוור,גרמים,300.00,100 גרם,false,,18.90,0.0630,true,1,38583
7290000419909,false,לנדוור אספרסו טחון ט,קפה לנדוור,IL,לנדוור,גרמים,100.00,100 גרם,false,,7.90,0.0790,true,1,38585
7290000420325,false,*מבצע* פופקורן בטעם,Preston farms,US,פופפסטאר,גרמים,500.00,100 גרם,false,,12.90,0.0258,true,1,38888
7290000420332,false,*מבצע* פופקורן בטעם,Preston farms,US,פופפסטאר,גרמים,500.00,100 גרם,false,,12.90,0.0258,true,1,38889
7290000420417,false,גלילונית,"אשפלסט תעשיות בע""מ",IL,גלילונית,יח',60.00,יח',false,,17.90,0.2983,true,1,38890
7290000430102,false,קוביות קרח,"אייס (קיובס) בע""מ -",IL,מיסטר אייס,קילוגרמים,2.00,"ק""ג",false,,8.90,4.4500,true,1,38714
7290000444401,false,פיקדון 0.30 אג',,,פיקדון 0.30 אג',יח',1.00,יח',false,,0.30,0.3000,true,1,215
7290000444402,false,פיקדון חוזר 1.20,,,פיקדון חוזר 1.20,יח',1.00,יח',false,,1.20,1.2000,true,1,216
7290000446127,false,פריכיות ללא מלח ללא,,,פריכיות ללא מלח ללא,גרמים,100.00,100 גרם,false,,3.90,0.0390,true,1,64691
7290000446547,false,חמאת בוטנים ממרח טבע,"בטר אנד דיפרנט בע""מ",IL,בטר אנד דיפרנט,גרמים,350.00,100 גרם,false,,13.90,0.0397,true,1,38327
7290000446554,false,חמאת בוטנים טבעית 1,בטר אנד דיפרנט,IL,חמאת בוטנים טבעית 1,קילוגרמים,1.00,"ק""ג",false,,26.90,26.9000,true,1,65114
7290000449128,false,*מבצע* סיף כללי 4 ל,אתר ליוור - HPC,IL,CIF,ליטרים,4.00,ליטר,false,,17.90,4.4750,true,1,16154
7290000450209,false,טונה פוסידון בשמן 10,פוסידון,IL,פוסידון,גרמים,108.00,100 גרם,false,,5.50,0.0509,true,1,39883
7290000450308,false,טונה פוסידון מים 108,פוסידון,IL,פוסידון,גרמים,108.00,100 גרם,false,,5.50,0.0509,true,1,42643
7290000452159,false,קופון יוחננוף סרדיני,,,קופון יוחננוף סרדיני,יח',1.00,יח',false,,0.01,0.0100,true,1,84308
7290000453019,false,שימרית שמרים טריים ב,"פאקא תעשיות בע""מ",IL,תוצרת מסחרית,גרמים,50.00,100 גרם,false,,4.20,0.0840,true,1,40318
7290000453125,false,שימרית שמרים טרי שקי,"פאקא תעשיות בע""מ",IL,תוצרת מסחרית,גרמים,100.00,100 גרם,false,,7.40,0.0740,true,1,40319
7290000453200,false,בלילה לפנקייק שמרית,"פאקא תעשיות בע""מ",DE,?????,גרמים,750.00,100 גרם,false,,21.90,0.0292,true,1,68245
7290000453408,false,בצק פיצה דק  מצונן ו,"פאקא תעשיות בע""מ",FR,שמרית,גרמים,415.00,100 גרם,false,,16.90,0.0407,true,1,58573
7290000453415,false,בצק עלים מצונן ומוכן,"פאקא תעשיות בע""מ",FR,שמרית,גרמים,300.00,100 גרם,false,,14.90,0.0497,true,1,58574
7290000453422,false,בצק פילו מוכן לאפייה,"פאקא תעשיות בע""מ",FR,שמרית,גרמים,300.00,100 גרם,false,,14.90,0.0497,true,1,58575
7290000453446,false,בצק פיצה קראסט שמרית,"פאקא תעשיות בע""מ",IL,בצק פיצה קראסט שמרית,גרמים,500.00,100 גרם,false,,19.90,0.0398,true,1,69102
7290000453484,false,בצק קדאיף 350 גרם,"פאקא תעשיות בע""מ",GR,בצק קדאיף 350 גרם,גרמים,350.00,100 גרם,false,,14.90,0.0426,true,1,77227
7290000453781,false,שמרים יבשים שמרית 12,"פאקא תעשיות בע""מ",PT,שמרית,גרמים,125.00,100 גרם,false,,5.90,0.0472,true,1,54189
7290000453798,false,שמרים אקטיבים 500 גר,"פאקא תעשיות בע""מ",IL,פאקא,גרמים,500.00,100 גרם,false,,12.90,0.0258,true,1,40062
7290000453866,false,נטורינה קוקוס לאפייה,"פאקא תעשיות בע""מ",IL,שמרית,גרמים,200.00,100 גרם,false,,7.50,0.0375,true,1,40320
7290000453897,false,מרגרינה בטעם חמאה,"פאקא תעשיות בע""מ",IL,שמרית,גרמים,200.00,100 גרם,false,,4.90,0.0245,true,1,40323
7290000454641,false,סופגניה 4ב13,,,סופגניה 4ב13,יח',4.00,יח',false,,13.00,3.2500,true,1,87176
7290000461625,false,שמונה שמונה 400גר',אתר בייגל - Food,IL,B&B,גרמים,400.00,100 גרם,false,,9.90,0.0248,true,1,16156
7290000461793,false,ארוך ארוך 150גר' x16,אתר בייגל - Food,IL,B&B,גרמים,150.00,100 גרם,false,,5.90,0.0393,true,1,16162
7290000462141,false,זחוק תימני אדום חריף,"זהבי הכרם בועז בע""מ-",IL,תוצרת מסחרית,גרמים,150.00,100 גרם,false,,7.90,0.0527,true,1,40325
7290000462172,false,זחוק תימני ירוק חריף,"זהבי הכרם בועז בע""מ-",IL,תוצרת מסחרית,גרמים,150.00,100 גרם,false,,7.90,0.0527,true,1,40326
7290000462981,false,זחוק חריף אש 150 גרם,"זהבי הכרם בועז בע""מ-",IL,שטראוס,גרמים,150.00,100 גרם,false,,8.90,0.0593,true,1,64237
7290000467320,false,חומוס אבו מרוואן 400,צבר,IL,סלטי צבר,גרמים,400.00,100 גרם,false,,13.90,0.0348,true,1,38605
7290000474090,false,חלב בקרטון 1%- 1 ליט,טרה,IL,חלב טרה,ליטרים,1.00,ליטר,false,,5.80,5.8000,true,1,40276
7290000474373,false,"שמנת חמוצה 200 מ""ל ב",טרה,IL,טרה,מיליליטרים,200.00,"100 מ""ל",false,,2.40,0.0120,true,1,40277
7290000474502,false,גבינה לבנה 250 גרם 5,טרה,IL,טרה,גרמים,250.00,100 גרם,false,,4.95,0.0198,true,1,40279
7290000474540,false,טוב טעם 3% - 250 גרם,טרה,IL,גבינות טרה,גרמים,250.00,100 גרם,false,,10.20,0.0408,true,1,40280
7290000474908,false,ג.נעם 28% מהדרין,טרה,IL,טרה,קילוגרמים,1.00,"ק""ג",true,,44.70,44.7000,true,1,14667
7290000474960,false,ג.נעם 9% מהדרין,,,ג.נעם 9% מהדרין,קילוגרמים,1.00,"ק""ג",true,,70.00,70.0000,true,1,14669
7290000474977,false,ג.נעם 22% מהדרין,,,ג.נעם 22% מהדרין,קילוגרמים,1.00,"ק""ג",true,,42.50,42.5000,true,1,14670
7290000480107,false,*מבצע* קוואקר פח 500,FRITO-LAY TRADING CO,GB,קוואקר,גרמים,500.00,100 גרם,false,,9.90,0.0198,true,1,40126
7290000480442,false,קואקר שקית 500 גרם,FRITO-LAY TRADING CO,GB,קוואקר,גרמים,500.00,100 גרם,false,,11.90,0.0238,true,1,40127
7290000481029,false,פיתות מארז 10 יח,,,פיתות מארז 10 יח,יח,10.00,יח,false,,9.90,0.9900,true,1,62052
7290000481043,false,פיתות כוסמין 10 יח,,IL,דגנית,גרמים,700.00,100 גרם,false,,13.90,0.0199,true,1,68775
7290000481074,false,לחם משלושה קמחים מלא,דגנית עין בר,IL,דגנית עין בר,גרמים,750.00,100 גרם,false,,14.90,0.0199,true,1,82410
7290000483641,false,1X25X75G המרשלג מרצ',המרשלג,IL,המרשלג,גרמים,75.00,100 גרם,false,,7.90,0.1053,true,1,38324
7290000484112,false,קופון יוחננוף קרם רב,,,קופון יוחננוף קרם רב,יח',1.00,יח',false,,0.01,0.0100,true,1,86806
7290000484747,false,"עראק עלית 700 מ""ל",,,עראק עלית,מיליליטרים,700.00,"100 מ""ל",false,,54.90,0.0784,true,1,39705
7290000485546,false,קופון יוחננוף פסטה ל,,,קופון יוחננוף פסטה ל,יח',1.00,יח',false,,0.01,0.0100,true,1,87275
7290000490601,false,גלידל וניל שמיניה,"פלקו בע""מ",IL,הגלידות של פלדמן,יח',8.00,יח',false,,29.90,3.7375,true,1,39622
7290000490717,false,מאגדת שלגון גלית,"פלקו בע""מ",IL,פלדמן,יח',8.00,יח',false,,19.90,2.4875,true,1,68083
7290000490762,false,גלידל שוקו שמיניה,"פלקו בע""מ",IL,הגלידות של פלדמן,יח',8.00,יח',false,,29.90,3.7375,true,1,39624
7290000493176,false,אבקת רוטב צלי לבשר 3,אסם,IL,אסם,גרמים,22.00,100 גרם,false,,3.90,0.1773,true,1,38608
7290000493183,false,אבקת רוטב פטריות 3 3,אסם,IL,אסם,גרמים,30.00,100 גרם,false,,3.90,0.1300,true,1,38609
7290000501253,false,בס טרי,משתנה,IL,בס טרי גורמה,קילוגרמים,1.00,"ק""ג",true,,49.90,49.9000,true,1,25729
7290000501277,false,אדמונית טרי,משתנה,IL,אדמונית טרי גורמה,קילוגרמים,1.00,"ק""ג",true,,34.90,34.9000,true,1,25731
7290000501307,false,לברק טרי במשקל,משתנה,IL,לברק טרי גורמה,קילוגרמים,1.00,"ק""ג",true,,74.90,74.9000,true,1,25734
7290000501314,false,בורי טרי,משתנה,IL,בורי טרי גורמה,קילוגרמים,1.00,"ק""ג",true,,49.90,49.9000,true,1,25735
7290000501413,false,פרידה טרי,משתנה,IL,פרידה טרי גורמה,קילוגרמים,1.00,"ק""ג",true,,99.90,99.9000,true,1,26335
7290000501420,false,פורל טרי,משתנה,IL,פורל טרי גורמה,קילוגרמים,1.00,"ק""ג",true,,69.90,69.9000,true,1,26336
7290000501499,false,מוסר ים טרי,משתנה,IL,מוסר ים טרי גורמה,קילוגרמים,1.00,"ק""ג",true,,69.90,69.9000,true,1,27571
7290000501581,false,אמנון טרי במשקל,משתנה,IL,אמנון טרי גורמה,קילוגרמים,1.00,"ק""ג",true,,38.90,38.9000,true,1,30077
7290000501598,false,דניס טרי במשקל,משתנה,IL,דניס טרי גורמה,קילוגרמים,1.00,"ק""ג",true,,69.90,69.9000,true,1,30078
7290000501697,false,דג ברמונדי טרי,משתנה,,דג ברמונדי טרי,קילוגרמים,1.00,"ק""ג",true,,54.90,54.9000,true,1,30763
7290000501826,false,פילה נסיכת הנילוס טר,משתנה,IL,פילה נסיכת הנילוס טר,קילוגרמים,1.00,"ק""ג",true,,84.90,84.9000,true,1,34356
7290000501901,false,פילה דניס טרי יחידה,,,פילה דניס טרי יחידה,יח',1.00,יח',false,,17.90,17.9000,true,1,36017
7290000501925,false,פילה אמנון טרי יחידה,,IL,פילה אמנון טרי יחידה,יח',1.00,יח',false,,14.90,14.9000,true,1,38026
7290000501963,false,פילה לברק טרי יחידה,,,פילה לברק טרי יחידה,יח',1.00,יח',false,,17.90,17.9000,true,1,54691
7290000502113,false,בר ים,משתנה,,בר ים,קילוגרמים,1.00,"ק""ג",true,,99.90,99.9000,true,1,64780
7290000502175,false,נסיכת הנילוס טרי פרו,,,נסיכת הנילוס טרי פרו,קילוגרמים,1.00,"ק""ג",true,,84.90,84.9000,true,1,65110
7290000502311,false,פילה סלמון טרי,,,פילה סלמון טרי,קילוגרמים,1.00,"ק""ג",true,,119.90,119.9000,true,1,67517
7290000504049,false,סוכרזית קנקן,"סוכרזית בע""מ",IL,סוכרזית,גרמים,98.00,100 גרם,false,,17.90,0.1827,true,1,40068
7290000504278,false,סוכרזית,"סוכרזית בע""מ",IL,סוכרזית,גרמים,57.00,100 גרם,false,,13.90,0.2439,true,1,40071
7290000509353,false,עוגת בריוש מאפית אסם,בונז'ור,IL,בונז'ור,גרמים,550.00,00000000000000000גרם,false,,24.90,0.0453,true,1,25784
7290000518169,false,מתוק וקל טבליות ממתי,מתוק וקל,IL,מתוק וקל,גרמים,80.00,100 גרם,false,,6.90,0.0863,true,1,38222
7290000518176,false,מתוק וקל ממתיק על בס,מתוק וקל,IL,מתוק וקל,גרמים,250.00,100 גרם,false,,16.90,0.0676,true,1,38223
7290000518220,false,מתוק וקל ממתיק על בס,מתוק וקל,IL,סוכרה דיאט,גרמים,80.00,100 גרם,false,,23.90,0.2987,true,1,38225
7290000518251,false,מתוק וקל ממתיק על בס,מתוק וקל,IL,מתוק וקל,גרמים,100.00,100 גרם,false,,10.90,0.1090,true,1,38227
7290000518336,false,MOOSH צמר גפן מתוק,מתוק וקל,,MOOSH צמר גפן מתוק,גרמים,10.00,100 גרם,false,,4.90,0.4900,true,1,68043
7290000521008,false,*מבצע* יין אדום סגל,ברקן סגל,IL,סגל רגיל,מיליליטרים,750.00,"100 מ""ל",false,,19.90,0.0265,true,1,39541
7290000521015,false,*מבצע* יין לבן סגל,ברקן סגל,IL,סגל רגיל,מיליליטרים,750.00,"100 מ""ל",false,,19.90,0.0265,true,1,39542
7290000521404,false,*מבצע* קברנה סוביניו,ברקן סגל,IL,מרום גליל,מיליליטרים,750.00,"100 מ""ל",false,,27.90,0.0372,true,1,39546
7290000521411,false,*מבצע* יין מרום גליל,ברקן סגל,IL,מרום גליל,מיליליטרים,750.00,"100 מ""ל",false,,27.90,0.0372,true,1,39547
7290000522272,false,שמנת עמידה לקפה 10%,מחלבות רמת הגולן,IL,מחלבות רמת הגולן,מיליליטרים,500.00,"100 מ""ל",false,,8.90,0.0178,true,1,60119
7290000522319,false,חלב טרי מהגולן 3%,מחלבות רמת הגולן,IL,רמת הגולן,ליטרים,1.00,ליטר,false,,6.00,6.0000,true,1,61986
7290000523125,false,מלח ים 250 גרם,מלח הארץ אילת,IL,מלח הארץ,גרמים,250.00,100 גרם,false,,5.40,0.0216,true,1,40455
7290000523224,false,מלח ים 500 גרם,מלח הארץ אילת,IL,מלח הארץ,גרמים,500.00,100 גרם,false,,7.90,0.0158,true,1,40456
7290000523514,false,מלח מופחת נתרן,מלח הארץ אילת,IL,מלח הארץ,גרמים,200.00,100 גרם,false,,9.90,0.0495,true,1,40457
7290000523521,false,מלח מועשר יוד 250 גר,מלח הארץ אילת,IL,מלח הארץ,גרמים,250.00,100 גרם,false,,5.90,0.0236,true,1,40458
7290000523804,false,"מלח עדין 1 ק""ג צנצנת",מלח הארץ אילת,IL,מלח הארץ,קילוגרמים,1.00,"ק""ג",false,,6.90,6.9000,true,1,40459
7290000523811,false,"מלח גס 1 ק""ג צנצנת",מלח הארץ אילת,IL,מלח הארץ,קילוגרמים,1.00,"ק""ג",false,,6.90,6.9000,true,1,40460
7290000525563,false,מארז פחיות ספרייט 15,,,מארז פחיות ספרייט 15,ליטרים,4.95,ליטר,false,,34.90,7.0505,true,1,71222
7290000525969,false,מיץ תפוזים סחוט 1 לי,"גניר (1992) בע""מ",IL,תוצרת מסחרית,ליטרים,1.00,ליטר,false,,15.90,15.9000,true,1,40330
7290000530024,false,סלמי תה מעושן,זוגלובק,IL,זוגלובק,קילוגרמים,1.00,"ק""ג",true,,33.00,33.0000,true,1,10282
7290000530048,false,סלמי פפרוני,זוגלובק,IL,זוגלובק,קילוגרמים,1.00,"ק""ג",true,,48.00,48.0000,true,1,10284
7290000530062,false,סלמי מעושן איטלקי,זוגלובק,IL,זוגלובק,קילוגרמים,1.00,"ק""ג",true,,75.00,75.0000,true,1,10285
7290000530086,false,*מבצע* סלמי מעושן 70,זוגלובק,IL,זוגלובק,גרמים,600.00,100 גרם,false,,24.90,0.0415,true,1,41272
7290000530116,false,סלמי בשן 470 גרם,זוגלובק,IL,זוגלובק,גרמים,470.00,100 גרם,false,,24.90,0.0530,true,1,41274
7290000530178,false,סלמי קוניאק,זוגלובק,IL,זוגלובק,קילוגרמים,1.00,"ק""ג",true,,83.00,83.0000,true,1,10290
7290000530192,false,סרבלד,זוגלובק,IL,זוגלובק,קילוגרמים,1.00,"ק""ג",true,,124.00,124.0000,true,1,10291
7290000530260,false,מרטדלה,זוגלובק,IL,זוגלובק,קילוגרמים,1.00,"ק""ג",true,,35.00,35.0000,true,1,10292
7290000530291,false,נקניק מבשר הודו,זוגלובק,IL,זוגלובק,גרמים,750.00,100 גרם,false,,18.90,0.0252,true,1,41275
7290000530369,false,פסטרמה גולן,זוגלובק,IL,זוגלובק,קילוגרמים,1.00,"ק""ג",true,,79.00,79.0000,true,1,10295
7290000530413,false,המבורגר זהב 400 ג,זוגלובק,IL,זוגלובק,גרמים,400.00,100 גרם,false,,19.90,0.0497,true,1,41276
7290000530444,false,כתף בקר מעושן,זוגלובק,IL,זוגלובק,קילוגרמים,1.00,"ק""ג",true,,89.00,89.0000,true,1,10297
7290000530468,false,נקניקיות וינר 1 קג,זוגלובק,IL,זוגלובק,קילוגרמים,1.00,"ק""ג",false,,23.90,23.9000,true,1,41277
7290000530703,false,נקניק תה +חרמון 800,זוגלובק,IL,זוגלובק,גרמים,800.00,100 גרם,false,,25.90,0.0324,true,1,41280
7290000531410,false,פסטרמה בדבש טהור,זוגלובק,IL,זוגלובק,קילוגרמים,1.00,"ק""ג",true,,79.00,79.0000,true,1,10302
7290000531601,false,סטיק בורגר 400 גרם,זוגלובק,IL,זוגלובק,גרמים,400.00,100 גרם,false,,19.90,0.0497,true,1,41281
7290000532400,false,פסטרמה ברביקיו,זוגלובק,IL,זוגלובק,קילוגרמים,1.00,"ק""ג",true,,79.00,79.0000,true,1,10307
7290000532721,false,טורו כתף בקר פלפל,זוגלובק,IL,זוגלובק,קילוגרמים,1.00,"ק""ג",true,,99.00,99.0000,true,1,10309
7290000533681,false,פסטרמה מעושנת הבית,זוגלובק,IL,זוגלובק,קילוגרמים,1.00,"ק""ג",true,,79.00,79.0000,true,1,10312
7290000534718,false,פסטרמה תבור דל שומן,זוגלובק,IL,זוגלובק,קילוגרמים,1.00,"ק""ג",true,,79.00,79.0000,true,1,10314
7290000534800,false,פסטרמה רומנית,זוגלובק,IL,זוגלובק,קילוגרמים,1.00,"ק""ג",true,,79.00,79.0000,true,1,10315
7290000534824,false,פסטרמה חרמון,זוגלובק,IL,זוגלובק,קילוגרמים,1.00,"ק""ג",true,,47.00,47.0000,true,1,10317
7290000536743,false,קריספי סטיקס תירס,זוגלובק,IL,זוגלובק,גרמים,500.00,100 גרם,false,,11.90,0.0238,true,1,41284
7290000537566,false,נקניקיות עוף 400 גרם,זוגלובק,IL,זוגלובק,גרמים,400.00,100 גרם,false,,9.90,0.0248,true,1,41286
7290000537603,false,נקניקיות עוף 1 קג,זוגלובק,IL,זוגלובק,קילוגרמים,1.00,"ק""ג",false,,23.90,23.9000,true,1,41287
7290000547619,false,שעון מעורר קטן פעמונ,,,שעון מעורר קטן פעמונ,יחידה,0.00,יחידה,false,,24.90,0.0000,true,1,83558
7290000551234,false,שאריות נקניק,,,שאריות נקניק,קילוגרמים,1.00,"ק""ג",true,,25.00,25.0000,true,1,20725
7290000552569,false,סטייק בורגר 400 גרם,טיבון ויל,IL,טיבון ויל,גרמים,400.00,100 גרם,false,,17.90,0.0447,true,1,39885
7290000554006,false,קאשקבל משולשים 26%,מחלבות גד,IL,מחלבות גד,קילוגרמים,1.00,"ק""ג",true,,125.00,125.0000,true,1,51450
7290000554402,false,מלבי,מחלבות גד,IL,מחלבות גד,גרמים,160.00,100 גרם,false,,5.50,0.0344,true,1,39831
7290000554457,false,צפתית 5% 350 גר,מחלבות גד,IL,מחלבות גד,גרמים,350.00,100 גרם,false,,19.90,0.0569,true,1,39832
7290000554471,false,מוצרלה 180 גרם,מחלבות גד,IL,מחלבות גד,גרמים,180.00,100 גרם,false,,15.90,0.0883,true,1,39833
7290000554532,false,צפתית מעודנת 5% 200ג,מחלבות גד,IL,מחלבות גד,גרמים,200.00,100 גרם,false,,13.90,0.0695,true,1,39834
7290000554600,false,מוצרלה מגורדת,מחלבות גד,IL,מחלבות גד,גרמים,300.00,100 גרם,false,,24.90,0.0830,true,1,39835
7290000554624,false,ירח מתוק,מחלבות גד,IL,מחלבות גד,גרמים,150.00,100 גרם,false,,5.50,0.0367,true,1,39836
7290000554655,false,מוצרלה נקניק מעושן 2,מחלבות גד,IL,מחלבות גד,קילוגרמים,1.00,"ק""ג",true,,79.00,79.0000,true,1,51451
7290000554662,false,בולגרית למריחה 10%,מחלבות גד,IL,מחלבות גד,קילוגרמים,1.00,"ק""ג",true,,47.00,47.0000,true,1,12348
7290000554686,false,לבנה שמן זית זעתר,מחלבות גד,IL,מחלבות גד,גרמים,250.00,100 גרם,false,,13.90,0.0556,true,1,39838
7290000554754,false,מוצרלה בייבי  18% מה,מחלבות גד,IL,מחלבות גד,קילוגרמים,1.00,"ק""ג",true,,93.00,93.0000,true,1,51452
7290000554792,false,בולגרית מעודנת 5%,דשן,IL,מחלבות גד,קילוגרמים,1.00,"ק""ג",true,,56.00,56.0000,true,1,12351
7290000554815,false,מוצרלה 22%,מחלבות גד,IL,מחלבות גד,קילוגרמים,1.00,"ק""ג",true,,80.00,80.0000,true,1,51453
7290000554822,false,ריקוטה,מחלבות גד,IL,מחלבות גד,גרמים,250.00,100 גרם,false,,13.90,0.0556,true,1,39841
7290000554839,false,מסקרפונה 250 גרם,מחלבות גד,IL,מחלבות גד,גרמים,250.00,100 גרם,false,,19.90,0.0796,true,1,39842
7290000554921,false,ריקוטה 5%,מחלבות גד,IL,מחלבות גד,קילוגרמים,1.00,"ק""ג",true,,60.00,60.0000,true,1,12357
7290000554983,false,לאבנה 5%,מחלבות גד,IL,מחלבות גד,קילוגרמים,1.00,"ק""ג",true,,39.00,39.0000,true,1,12360
7290000560021,false,ג'ל גילוח סגול נגד ח,אנרג'ייזר,US,אדג',מיליליטרים,200.00,"100 מ""ל",false,,15.90,0.0795,true,1,38891
7290000560533,false,ג'ל גילוח ירוק לעור,אנרג'ייזר,US,אדג',מיליליטרים,200.00,"100 מ""ל",false,,15.90,0.0795,true,1,38892
7290000560540,false,ג'ל גילוח כתום לעור,אנרג'ייזר,US,אדג',מיליליטרים,200.00,"100 מ""ל",false,,15.90,0.0795,true,1,38893
7290000568324,false,מאפים במשקל בקופסא,,,מאפים במשקל בקופסא,קילוגרמים,1.00,"ק""ג",true,,42.00,42.0000,true,1,66491
7290000568621,false,מאפים במשקל בשקית,,,מאפים במשקל בשקית,קילוגרמים,1.00,"ק""ג",true,,42.00,42.0000,true,1,66492
7290000571119,false,גאודה בקר 30%,מחלבה בית יצחק,IL,בית יצחק,קילוגרמים,1.00,"ק""ג",true,,103.00,103.0000,true,1,17014
7290000571126,false,גאודה כמון במשקל 30%,מחלבה בית יצחק,IL,בית יצחק,קילוגרמים,1.00,"ק""ג",true,,103.00,103.0000,true,1,17015
7290000571188,false,גאודה-תום עזים במשקל,מחלבה בית יצחק,IL,בית יצחק,קילוגרמים,1.00,"ק""ג",true,,139.00,139.0000,true,1,17016
7290000571294,false,גאודה מעושנת במשקל 3,מחלבה בית יצחק,IL,בית יצחק,קילוגרמים,1.00,"ק""ג",true,,103.00,103.0000,true,1,17019
7290000571386,false,*מבצע* יוגורט כבשים,מחלבה בית יצחק,IL,בית יצחק,גרמים,850.00,100 גרם,false,,19.90,0.0234,true,1,40731
7290000571478,false,גבינת תום עיזים פרוס,מחלבה בית יצחק,IL,בית יצחק,גרמים,200.00,100 גרם,false,,34.90,0.1745,true,1,40733
7290000571881,false,משקה יוגורט מחלב עזי,תנובה,IL,תנובה,מיליליטרים,500.00,"100 מ""ל",false,,11.90,0.0238,true,1,54777
7290000572208,false,חלוה 100 גרם אחוה,"אחדות ביח""ר לטחינה ח",IL,אחוה,גרמים,100.00,100 גרם,false,,2.90,0.0290,true,1,38360
7290000572222,false,חלוה בלוק 500 גרם אח,"אחדות ביח""ר לטחינה ח",IL,אחוה,גרמים,500.00,100 גרם,false,,10.90,0.0218,true,1,38361
7290000572628,false,חטיפי חלוה ללא תוספת,"אחדות ביח""ר לטחינה ח",IL,אחוה,גרמים,275.00,100 גרם,false,,12.90,0.0469,true,1,38362
7290000572673,false,"חלוה בקופסת שי ""חטיף","אחדות ביח""ר לטחינה ח",IL,אחוה,גרמים,300.00,100 גרם,false,,12.90,0.0430,true,1,38364
7290000572819,false,טחינה גולמית אחוה 1,"אחדות ביח""ר לטחינה ח",,טחינה גולמית אחוה 1,קילוגרמים,1.00,"ק""ג",false,,18.90,18.9000,true,1,85445
7290000574035,false,לחם אחיד פרוס 750 גר,דגנית עין בר,IL,לחם אחיד פרוס 750 גר,גרמים,750.00,100 גרם,false,,5.90,0.0079,true,1,43521
7290000574172,false,לחם קל מחיטה מלאה,דגנית עין בר,IL,לחם קל מחיטה מלאה,גרמים,750.00,100 גרם,false,,11.90,0.0159,true,1,41351
7290000584621,false,קופון יוחננוף ספרינג,,,קופון יוחננוף ספרינג,יח',1.00,יח',false,,0.01,0.0100,true,1,83802
7290000584867,false,קופון יוחננוף מגוון,,,קופון יוחננוף מגוון,יח',1.00,יח',false,,0.01,0.0100,true,1,87274
7290000585659,false,עוגת קראנץ מאפית,,,עוגת קראנץ מאפית,יח',1.00,יח',false,,24.90,24.9000,true,1,43821
7290000599434,false,3 סחבות לרצפה Shiny,נועם אורים תעשיות בע,IL,Shiny,יח',3.00,יח',false,,7.90,2.6333,true,1,41975
7290000599946,false,6 ספוגי הפלא Shiny,מ.א ייצור ושיווק מטל,IL,Shiny,יח',6.00,יח',false,,4.90,0.8167,true,1,41979
7290000600550,false,"מנה 45 ש""ח",,,"מנה 45 ש""ח",יח',1.00,יח',false,,45.00,45.0000,true,1,53771
7290000615936,false,פילה טונה פרוס בוואק,בין דין,VN,פילה טונה פרוס בוואק,קילוגרמים,1.00,"ק""ג",true,,39.90,39.9000,true,1,53599
7290000623559,false,צדר אנגלי כתום,שבינגטון,GB,שבינגטון,קילוגרמים,1.00,"ק""ג",true,,109.00,109.0000,true,1,12484
7290000632544,false,סופגניה מיני 6ב14,,,סופגניה מיני 6ב14,יח,6.00,יח,false,,14.00,2.3333,true,1,87167
7290000644783,false,סלמון מנות רביעיה תנ,טרוטל,NO,דגי תנובה,קילוגרמים,1.00,"ק""ג",true,,79.90,79.9000,true,1,52975
7290000646299,false,פילה נסיכת הנילוס תנ,,,פילה נסיכת הנילוס תנ,קילוגרמים,1.00,"ק""ג",true,,54.90,54.9000,true,1,62054
7290000652894,false,סטייק דג טונה 100% ת,,,סטייק דג טונה 100% ת,קילוגרמים,1.00,"ק""ג",true,,44.90,44.9000,true,1,62058
7290000654294,false,שניצל עוף מחפוד קפוא,,,שניצל עוף מחפוד קפוא,קילוגרמים,1.00,"ק""ג",true,,29.90,29.9000,true,1,29242
7290000659312,false,פילה סלמון תנובה קפו,,,תנובה,קילוגרמים,1.00,"ק""ג",true,,69.90,69.9000,true,1,52979
7290000663036,false,פילה אמנון ללא עור ת,,,פילה אמנון ללא עור ת,קילוגרמים,1.00,"ק""ג",true,,34.90,34.9000,true,1,83614
7290000663128,false,רצועות ריב אנטריקוט,זוהר בשר,IL,רצועות ריב אנטריקוט,גרמים,300.00,100 גרם,false,,34.90,0.1163,true,1,67397
7290000663135,false,קוביות סלמון 300 גרם,commercial mares de,CL,תנובה,גרמים,300.00,100 גרם,false,,29.90,0.0997,true,1,69107
7290000688374,false,מים מינרליים מי עדן,מי עדן,IL,מי עדן,ליטרים,1.98,ליטר,false,,14.90,7.5253,true,1,39636
7290000688381,false,מים מינרליים מי עדן,מי עדן,IL,מי עדן,ליטרים,3.00,ליטר,false,,12.90,4.3000,true,1,39637
7290000688503,false,מים מינרליים מי עדן,מי עדן,IL,מי עדן,ליטרים,4.50,ליטר,false,,14.90,3.3111,true,1,39638
7290000692203,false,*מבצע* אג'קס ניקוי ר,Colgate - Greece,GR,אג'קס,ליטרים,2.00,ליטר,false,,19.90,9.9500,true,1,40915
7290000692210,false,*מבצע* אג'קס ניקוי ר,Colgate - Greece,GR,אג'קס,ליטרים,2.00,ליטר,false,,19.90,9.9500,true,1,40916
7290000692227,false,פלמוליב צילינדר קלאס,Colgate - Greece,GR,פלמוליב  כלים,ליטרים,1.00,ליטר,false,,13.90,13.9000,true,1,40917
7290000692456,false,אג'קס חלונות זוג 750,,,אגקס חלונות זוג,ליטרים,1.50,ליטר,false,,24.90,16.6000,true,1,40919
7290000694108,false,חטיף דבאייל 230 גרם,,,חטיף דבאייל 230 גרם,גרמים,230.00,100 גרם,false,,9.90,0.0430,true,1,41691
7290000698571,false,שווארמה פרגית במשקל,יצור עצמי,IL,שווארמה פרגית,קילוגרמים,1.00,"ק""ג",true,,99.00,99.0000,true,1,20749
7290000749853,false,מארז פחיות קוקה קולה,,,מארז פחיות קוקה קולה,ליטרים,4.95,ליטר,false,,34.90,7.0505,true,1,71223
7290000771175,false,פילה סלמון,יצור עצמי,IL,פילה סלומון,קילוגרמים,1.00,"ק""ג",true,,119.00,119.0000,true,1,231
7290000777139,false,פול ירוק,יצור עצמי,IL,פול ירוק,קילוגרמים,1.00,"ק""ג",true,,45.00,45.0000,true,1,235
7290000777221,false,כבד קצוץ,יצור עצמי,IL,כבד קצוץ,קילוגרמים,1.00,"ק""ג",true,,69.00,69.0000,true,1,238
7290000777238,false,סלט מטבוחה,יצור עצמי,IL,סלט מטבוחה,קילוגרמים,1.00,"ק""ג",true,,59.00,59.0000,true,1,239
7290000777498,false,סלט טבולה - בורגול,יצור עצמי,IL,סלט טבולה - בורגול,קילוגרמים,1.00,"ק""ג",true,,49.00,49.0000,true,1,254
7290000777504,false,סלט טחינה,יצור עצמי,IL,סלט טחינה,קילוגרמים,1.00,"ק""ג",true,,39.00,39.0000,true,1,255
7290000777627,false,סלט חומוס אמיתי,יצור עצמי,IL,סלט חומוס אמיתי,קילוגרמים,1.00,"ק""ג",true,,39.00,39.0000,true,1,257
7290000778068,false,מרלוזה מטוגן,יצור עצמי,IL,מרלוזה מטוגן,קילוגרמים,1.00,"ק""ג",true,,79.00,79.0000,true,1,269
7290000800127,false,מקרל בעישון קר,,,פלמידה בעישון קר,קילוגרמים,1.00,"ק""ג",true,,70.00,70.0000,true,1,17862
7290000803067,false,אלמקס ילדים משחת שינ,CP-Poland swidnica,PL,אלמקס,גרמים,75.00,100 גרם,false,,15.90,0.2120,true,1,40921
7290000811789,false,מרק קטן,יצור עצמי,IL,מרק קטן,יח',1.00,יח',false,,10.00,10.0000,true,1,277
7290000823324,false,מרק בשרי יחידה,,,מרק בשרי יחידה,יחידה,0.00,יחידה,false,,19.90,0.0000,true,1,70108
7290000848549,false,קופון יוחננוף פרסיל,,,קופון יוחננוף פרסיל,יח',1.00,יח',false,,0.01,0.0100,true,1,80849
7290000852171,false,אוזני פיל מאפית.,,,אוזני פיל מאפית.,קילוגרמים,1.00,"ק""ג",true,,29.00,29.0000,true,1,68778
7290000866208,false,מרגז,יצור עצמי,IL,נקניקיות מרגז,קילוגרמים,1.00,"ק""ג",true,,69.00,69.0000,true,1,282
7290000866222,false,פלפל ממולא,יצור עצמי,IL,פלפל ממולא צמחוני,קילוגרמים,1.00,"ק""ג",true,,59.00,59.0000,true,1,284
7290000881195,false,קרפלך במילוי,יצור עצמי,IL,קרפלך במילוי,קילוגרמים,1.00,"ק""ג",true,,59.00,59.0000,true,1,288
7290000883373,false,קציצות עוף,יצור עצמי,IL,קציצות עוף,קילוגרמים,1.00,"ק""ג",true,,59.00,59.0000,true,1,290
7290000884424,false,לביבות,יצור עצמי,IL,לביבות,קילוגרמים,1.00,"ק""ג",true,,59.00,59.0000,true,1,291
7290000888019,false,אורז במבחר טעמים,יצור עצמי,IL,אורז במבחר טעמים,קילוגרמים,1.00,"ק""ג",true,,29.00,29.0000,true,1,293
7290000888026,false,"*מבצע* תפו""א אפוי",יצור עצמי,IL,"תפו""א אפוי",קילוגרמים,1.00,"ק""ג",true,,19.00,19.0000,true,1,294
7290000888040,false,*מבצע* שניצל,יצור עצמי,IL,שניצל,קילוגרמים,1.00,"ק""ג",true,,49.00,49.0000,true,1,295
7290000888071,false,פילה אמנון ברוטב,יצור עצמי,IL,דג מושט,קילוגרמים,1.00,"ק""ג",true,,59.00,59.0000,true,1,297
7290000888095,false,נסיכת הנילוס ברוטב,יצור עצמי,IL,דג נסיכה,קילוגרמים,1.00,"ק""ג",true,,89.00,89.0000,true,1,299
7290000888101,false,קציצות דגים,יצור עצמי,IL,קציצות דגים,קילוגרמים,1.00,"ק""ג",true,,59.00,59.0000,true,1,300
7290000888125,false,קוסקוס,יצור עצמי,IL,קוסקוס,קילוגרמים,1.00,"ק""ג",true,,29.00,29.0000,true,1,301
7290000888156,false,אפונה עם גזר,יצור עצמי,IL,אפונה עם גזר,קילוגרמים,1.00,"ק""ג",true,,45.00,45.0000,true,1,302
7290000888163,false,ארטישוק ממולא,יצור עצמי,IL,ארטישוק ממולא,קילוגרמים,1.00,"ק""ג",true,,79.00,79.0000,true,1,303
7290000888194,false,מוסקה,יצור עצמי,IL,מוסקה,קילוגרמים,1.00,"ק""ג",true,,79.00,79.0000,true,1,304
7290000888217,false,*מבצע* סיגרים/פסטלים,יצור עצמי,IL,סיגרים מטוגנים,קילוגרמים,1.00,"ק""ג",true,,39.00,39.0000,true,1,305
7290000888248,false,קציצות בקר,יצור עצמי,IL,קציצות בקר,קילוגרמים,1.00,"ק""ג",true,,59.00,59.0000,true,1,306
7290000888286,false,פרגיות על האש,יצור עצמי,IL,פרגיות על האש,קילוגרמים,1.00,"ק""ג",true,,89.00,89.0000,true,1,308
7290000888385,false,פתיתים,יצור עצמי,IL,פתיתים סוגים,קילוגרמים,1.00,"ק""ג",true,,35.00,35.0000,true,1,314
7290000888422,false,פירה,יצור עצמי,IL,פירה,קילוגרמים,1.00,"ק""ג",true,,35.00,35.0000,true,1,317
7290000888446,false,חזה עוף בגריל,יצור עצמי,IL,חזה עוף בגריל,קילוגרמים,1.00,"ק""ג",true,,69.00,69.0000,true,1,319
7290000888644,false,גבץ,יצור עצמי,IL,רטטוי צרפתי,קילוגרמים,1.00,"ק""ג",true,,45.00,45.0000,true,1,323
7290000888668,false,עוף שלם בגריל,יצור עצמי,IL,עוף שלם בגריל,יח',1.00,יח',false,,39.00,39.0000,true,1,324
7290000888859,false,אגרול מטוגן,יצור עצמי,IL,פסטלים/אגרול,קילוגרמים,1.00,"ק""ג",true,,59.00,59.0000,true,1,330
7290000888873,false,לביבות ירק,יצור עצמי,IL,לביבות ירק,קילוגרמים,1.00,"ק""ג",true,,59.00,59.0000,true,1,332
7290000888910,false,פסטה בולונז,יצור עצמי,IL,פסטה בולונז,קילוגרמים,1.00,"ק""ג",true,,49.00,49.0000,true,1,336
7290000888941,false,ציפס במשקל,יצור עצמי,IL,ציפס,קילוגרמים,1.00,"ק""ג",true,,29.00,29.0000,true,1,338
7290000889054,false,קבב בקר,יצור עצמי,IL,קבב בקר,קילוגרמים,1.00,"ק""ג",true,,69.00,69.0000,true,1,345
7290000889146,false,פרגית במילוי,יצור עצמי,IL,פרגית במילוי שזיפים,קילוגרמים,1.00,"ק""ג",true,,89.00,89.0000,true,1,353
7290000889191,false,אפונה,יצור עצמי,IL,אפונה,קילוגרמים,1.00,"ק""ג",true,,45.00,45.0000,true,1,354
7290000889207,false,מאפה במילוי בשר,יצור עצמי,IL,מאפה במילוי בשר,קילוגרמים,1.00,"ק""ג",true,,69.00,69.0000,true,1,355
7290000895413,false,קופון יוחננוף מטליות,,,קופון יוחננוף מטליות,יח',1.00,יח',false,,0.01,0.0100,true,1,84307
7290000907970,false,כפרית,טירת- צבי,IL,טירת- צבי,קילוגרמים,1.00,"ק""ג",true,,50.00,50.0000,true,1,16685
7290000911014,false,ארוחת עובד יוחננוף,יצור עצמי,IL,ארוחת עובד,יח',1.00,יח',false,,15.00,15.0000,true,1,369
7290000911236,false,כוסמת,יצור עצמי,IL,כוסמת,קילוגרמים,1.00,"ק""ג",true,,35.00,35.0000,true,1,371
7290000911250,false,*מבצע* מוקפץ נודלס ו,יצור עצמי,IL,מוקפץ נודלס וירקות,קילוגרמים,1.00,"ק""ג",true,,29.00,29.0000,true,1,373
7290000911274,false,אנטיפסטי,יצור עצמי,IL,אנטיפסטי,קילוגרמים,1.00,"ק""ג",true,,59.00,59.0000,true,1,374
7290000911311,false,מרק קוסקוס,יצור עצמי,IL,מרק קוסקוס,קילוגרמים,1.00,"ק""ג",true,,39.00,39.0000,true,1,376
7290000911342,false,זיתים ברוטב עגבניות,יצור עצמי,IL,זיתים ברוטב עגבניות,קילוגרמים,1.00,"ק""ג",true,,55.00,55.0000,true,1,379
7290000911359,false,שעועית ירוקה מוקפצת,יצור עצמי,IL,שעועית ירוקה מוקפצת,קילוגרמים,1.00,"ק""ג",true,,45.00,45.0000,true,1,380
7290000911366,false,במיה ברוטב עגבניות,יצור עצמי,IL,במיה ברוטב עגבניות,קילוגרמים,1.00,"ק""ג",true,,45.00,45.0000,true,1,381
7290000911397,false,*מבצע* שניצלונים,יצור עצמי,IL,שניצלונים,קילוגרמים,1.00,"ק""ג",true,,49.00,49.0000,true,1,384
7290000911533,false,מוקפץ פרגיות,יצור עצמי,IL,מוקפץ פרגיות,קילוגרמים,1.00,"ק""ג",true,,69.00,69.0000,true,1,390
7290000911564,false,צלי בקר,יצור עצמי,IL,צלי בקר ביין אדום,קילוגרמים,1.00,"ק""ג",true,,109.00,109.0000,true,1,392
7290000911687,false,כרעיים,,,כרעיים,קילוגרמים,1.00,"ק""ג",true,,59.00,59.0000,true,1,396
7290000911755,false,לשון בקר,יצור עצמי,IL,לשון בקר ברוטב סלרי,קילוגרמים,1.00,"ק""ג",true,,99.00,99.0000,true,1,399
7290000911809,false,מפרום,יצור עצמי,IL,מפרום,קילוגרמים,1.00,"ק""ג",true,,79.00,79.0000,true,1,401
7290000912349,false,כדורי מוצרלה 22%,מחלבת פרי זה לי,IL,מחלבת פרי זה לי,קילוגרמים,1.00,"ק""ג",true,,69.00,69.0000,true,1,6751
7290000922997,false,גבינת חלומי 21%,מחלבת פרי זה לי,IL,מחלבת פרי זה לי,קילוגרמים,1.00,"ק""ג",true,,75.00,75.0000,true,1,6753
7290000930183,false,סלט מאשוויה במשקל,,,סלט מאשוויה במשקל,קילוגרמים,1.00,"ק""ג",true,,49.00,49.0000,true,1,67585
7290000930190,false,סלט פלפלים אש טוניסא,,,סלט פלפלים אש טוניסא,קילוגרמים,1.00,"ק""ג",true,,65.00,65.0000,true,1,67586
7290000944456,false,חמוצים-זיתים,,,חמוצים-זיתים במשקל,קילוגרמים,1.00,"ק""ג",true,,49.00,49.0000,true,1,424
7290000944463,false,חמוצים- מלפפון,,,חמוצים- מלפפון במשקל,קילוגרמים,1.00,"ק""ג",true,,40.00,40.0000,true,1,425
7290000944487,false,חמוצים- פלפל,,,חמוצים- פלפל במשקל,קילוגרמים,1.00,"ק""ג",true,,45.00,45.0000,true,1,427
7290000946580,false,תיק רב פעמי יוחננוף,,,תיק רב פעמי יוחננוף,יח',1.00,יח',false,,3.90,3.9000,true,1,43449
7290000963631,false,משטח עץ,,,משטח עץ,יח',1.00,יח',false,,6.00,6.0000,true,1,59126
7290000966151,false,קובה ברוטב,יצור עצמי,IL,קובה במיה,קילוגרמים,1.00,"ק""ג",true,,69.00,69.0000,true,1,436
7290000966182,false,כרוב ממולא,יצור עצמי,IL,כרוב ממולא,קילוגרמים,1.00,"ק""ג",true,,79.00,79.0000,true,1,438
7290000971124,false,תבשיל גולש במשקל,יצור עצמי,IL,גולש הונגרי,קילוגרמים,1.00,"ק""ג",true,,89.00,89.0000,true,1,446
7290000975269,false,אסאדו בתנור,,,אסאדו בתנור,קילוגרמים,1.00,"ק""ג",true,,119.00,119.0000,true,1,56447
7290000976433,false,קשיו קלוי תפזורת,"דין שיווק וקלייה בע""",VN,תפזורת - ללא מותג,קילוגרמים,1.00,"ק""ג",true,,79.00,79.0000,true,1,21662
7290000976457,false,גרעין אבטיח קלוי תפז,"דין שיווק וקלייה בע""",IL,תפזורת - ללא מותג,קילוגרמים,1.00,"ק""ג",true,,59.00,59.0000,true,1,21663
7290000976471,false,גרעיני דלעת קלופים ת,"דין שיווק וקלייה בע""",CN,תפזורת - ללא מותג,קילוגרמים,1.00,"ק""ג",true,,55.00,55.0000,true,1,21664
7290000976501,false,צימוק חום תפזורת,"דין שיווק וקלייה בע""",US,תפזורת - ללא מותג,קילוגרמים,1.00,"ק""ג",true,,28.00,28.0000,true,1,21665
7290000976556,false,צנובר במשקל תפזורת,"דין שיווק וקלייה בע""",CN,תפזורת - ללא מותג,קילוגרמים,1.00,"ק""ג",true,,195.00,195.0000,true,1,21667
7290000976594,false,פול מצרי תפזורת,"דין שיווק וקלייה בע""",CN,תפזורת - ללא מותג,קילוגרמים,1.00,"ק""ג",true,,55.00,55.0000,true,1,21668
7290000976600,false,משמש מיובש תפזורת,"דין שיווק וקלייה בע""",TR,תפזורת - ללא מותג,קילוגרמים,1.00,"ק""ג",true,,54.00,54.0000,true,1,21669
7290000976662,false,'פקאן טבעי במשקל תפז,"דין שיווק וקלייה בע""",US,תפזורת - ללא מותג,קילוגרמים,1.00,"ק""ג",true,,99.00,99.0000,true,1,21670
7290000976716,false,תירס /סויה תפזורת,"דין שיווק וקלייה בע""",CN,תפזורת - ללא מותג,קילוגרמים,1.00,"ק""ג",true,,47.00,47.0000,true,1,21671
7290000976747,false,בונדוק קלוי תפזורת,"דין שיווק וקלייה בע""",TR,תפזורת - ללא מותג,קילוגרמים,1.00,"ק""ג",true,,89.00,89.0000,true,1,21672
7290000976754,false,מנצ'ס תפזורת,"דין שיווק וקלייה בע""",NL,תפזורת - ללא מותג,קילוגרמים,1.00,"ק""ג",true,,47.00,47.0000,true,1,21673
7290000976761,false,אגוזים קלופים תפזורת,"דין שיווק וקלייה בע""",US,תפזורת - ללא מותג,קילוגרמים,1.00,"ק""ג",true,,59.00,59.0000,true,1,21674
7290000976778,false,שקד מולבן משובב,"דין שיווק וקלייה בע""",US,תפזורת - ללא מותג,קילוגרמים,1.00,"ק""ג",true,,99.00,99.0000,true,1,21675
7290000976785,false,קשיו מסוכר,"דין שיווק וקלייה בע""",IL,תפזורת - ללא מותג,קילוגרמים,1.00,"ק""ג",true,,85.00,85.0000,true,1,21676
7290000976846,false,פיסטוק חלבי קלוף תפז,"דין שיווק וקלייה בע""",TR,תפזורת - ללא מותג,קילוגרמים,1.00,"ק""ג",true,,150.00,150.0000,true,1,21678
7290000976860,false,שקד מולבן חצאים תפזו,"דין שיווק וקלייה בע""",US,תפזורת - ללא מותג,קילוגרמים,1.00,"ק""ג",true,,99.00,99.0000,true,1,21680
7290000976884,false,פקאן סיני תפזורת,"דין שיווק וקלייה בע""",IL,תפזורת - ללא מותג,קילוגרמים,1.00,"ק""ג",true,,118.00,118.0000,true,1,21681
7290000977010,false,קבוקים תפזורת,"דין שיווק וקלייה בע""",IL,תפזורת - ללא מותג,קילוגרמים,1.00,"ק""ג",true,,15.00,15.0000,true,1,6783
7290000977027,false,פיסטוק ענק קלוי תפזו,"דין שיווק וקלייה בע""",US,תפזורת - ללא מותג,קילוגרמים,1.00,"ק""ג",true,,69.00,69.0000,true,1,447
7290000977089,false,קשיו טבעי תפזורת,"דין שיווק וקלייה בע""",CN,תפזורת - ללא מותג,קילוגרמים,1.00,"ק""ג",true,,84.00,84.0000,true,1,21683
7290000977102,false,תערובת פיצוחים מיוחד,,,תערובת פיצוחים מיוחדת תפז,קילוגרמים,1.00,"ק""ג",true,,85.00,85.0000,true,1,448
7290000977140,false,מקדמיה טבעית תפזורת,"דין שיווק וקלייה בע""",US,תפזורת - ללא מותג,קילוגרמים,1.00,"ק""ג",true,,150.00,150.0000,true,1,21684
7290000977324,false,בוטן מסוכר תפזורת,"דין שיווק וקלייה בע""",IL,תפזורת - ללא מותג,קילוגרמים,1.00,"ק""ג",true,,45.00,45.0000,true,1,21685
7290000977355,false,בוטן אמריקאי תפזורת,"דין שיווק וקלייה בע""",IL,תפזורת - ללא מותג,קילוגרמים,1.00,"ק""ג",true,,15.00,15.0000,true,1,21686
7290000977454,false,גרעין שחור קלוי במלח,"דין שיווק וקלייה בע""",IL,תפזורת - ללא מותג,קילוגרמים,1.00,"ק""ג",true,,19.00,19.0000,true,1,21687
7290000977478,false,בוטנים קלויים תפזורת,"דין שיווק וקלייה בע""",CN,תפזורת - ללא מותג,קילוגרמים,1.00,"ק""ג",true,,25.00,25.0000,true,1,21688
7290000977485,false,גרעין לבן קלוי תפזור,"דין שיווק וקלייה בע""",CN,תפזורת - ללא מותג,קילוגרמים,1.00,"ק""ג",true,,39.00,39.0000,true,1,21689
7290000977645,false,חטיף יפני תפזורת,"דין שיווק וקלייה בע""",NL,תפזורת - ללא מותג,קילוגרמים,1.00,"ק""ג",true,,65.00,65.0000,true,1,21692
7290000977676,false,שקדים קלויים תפזורת,"דין שיווק וקלייה בע""",IL,תפזורת - ללא מותג,קילוגרמים,1.00,"ק""ג",true,,89.00,89.0000,true,1,21693
7290000977683,false,פקאן קלוף קלוי תפזור,"דין שיווק וקלייה בע""",US,תפזורת - ללא מותג,קילוגרמים,1.00,"ק""ג",true,,119.00,119.0000,true,1,21694
7290000977706,false,אגוז ברזיל טבעי תפזו,,,אגוז ברזיל טבעי תפזורת,קילוגרמים,1.00,"ק""ג",true,,89.00,89.0000,true,1,21696
7290000977751,false,צימוק לבן גדול תפזור,"דין שיווק וקלייה בע""",US,תפזורת - ללא מותג,קילוגרמים,1.00,"ק""ג",true,,44.00,44.0000,true,1,21699
7290000977782,false,'תאנים יבשות גדולות,"דין שיווק וקלייה בע""",TR,תפזורת - ללא מותג,קילוגרמים,1.00,"ק""ג",true,,49.00,49.0000,true,1,21700
7290000977799,false,שזיפים ללא גלעין תפז,"דין שיווק וקלייה בע""",US,תפזורת - ללא מותג,קילוגרמים,1.00,"ק""ג",true,,25.00,25.0000,true,1,21701
7290000977850,false,צימוק לבן קטן תפזורת,"דין שיווק וקלייה בע""",US,תפזורת - ללא מותג,קילוגרמים,1.00,"ק""ג",true,,37.00,37.0000,true,1,21843
7290000977980,false,אננס פלחים תפזורת,"דין שיווק וקלייה בע""",TH,תפזורת - ללא מותג,קילוגרמים,1.00,"ק""ג",true,,25.00,25.0000,true,1,21706
7290000978383,false,תמר מהגול ענק תפזורת,"דין שיווק וקלייה בע""",IL,תפזורת - ללא מותג,קילוגרמים,1.00,"ק""ג",true,,45.00,45.0000,true,1,21711
7290000978413,false,פאפיה רצועות תפזורת,"דין שיווק וקלייה בע""",TH,תפזורת - ללא מותג,קילוגרמים,1.00,"ק""ג",true,,28.00,28.0000,true,1,21713
7290000978796,false,תבלינים בתפזורת,תבליני הגליל,IL,הקולה מבגדד,קילוגרמים,1.00,"ק""ג",true,,45.00,45.0000,true,1,27438
7290000978864,false,גודי ברי,"דין שיווק וקלייה בע""",CN,תפזורת - ללא מותג,קילוגרמים,1.00,"ק""ג",true,,59.00,59.0000,true,1,21717
7290000981109,false,עוגת בריוש גבינה חלב,בונז'ור,IL,בונז'ור,גרמים,550.00,00000000000000000גרם,false,,24.90,0.0453,true,1,4265
7290000988894,false,מנה עסקית,יצור עצמי,IL,"מנה 28 ש""ח",יח',1.00,יח',false,,37.00,37.0000,true,1,20814
7290000989761,false,שקד טחון בתפזורת,"דין שיווק וקלייה בע""",US,תפזורת - ללא מותג,קילוגרמים,1.00,"ק""ג",true,,90.00,90.0000,true,1,21721
7290000989778,false,חמוציות מיובשות בתפז,"דין שיווק וקלייה בע""",US,תפזורת - ללא מותג,קילוגרמים,1.00,"ק""ג",true,,25.00,25.0000,true,1,21722
7290000990057,false,מוצרלה נקניק 22%,מחלבת פרי זה לי,IL,מחלבת פרי זה לי,קילוגרמים,1.00,"ק""ג",true,,59.00,59.0000,true,1,6756
7290000995410,false,נבטים סיניים ארוז,נסטלה פורינה  USA קר,IL,נבטים סיניים,1,1.00,1,false,,5.90,5.9000,true,1,55180
7290000996608,false,גבינה גרוזינית/ערקית,מחלבת פרי זה לי,IL,מחלבת פרי זה לי,קילוגרמים,1.00,"ק""ג",true,,60.00,60.0000,true,1,6757
7290000996615,false,צפתית קשה 5%,מחלבת פרי זה לי,IL,מחלבת פרי זה לי,קילוגרמים,1.00,"ק""ג",true,,69.00,69.0000,true,1,6758
7290000997728,false,טבורוג 5%,מחלבת פרי זה לי,IL,מחלבת פרי זה לי,קילוגרמים,1.00,"ק""ג",true,,35.00,35.0000,true,1,6762
7290000999012,false,כרובית/ברוקולי מטוגנ,יצור עצמי,IL,כרובית מטוגנת,קילוגרמים,1.00,"ק""ג",true,,59.00,59.0000,true,1,459
7290000999081,false,באחש,יצור עצמי,IL,באחש,קילוגרמים,1.00,"ק""ג",true,,59.00,59.0000,true,1,463
7290000999289,false,מאפה צמחוני,יצור עצמי,IL,מאפה צמחוני,קילוגרמים,1.00,"ק""ג",true,,59.00,59.0000,true,1,66324
7290000999524,false,ג.סולוגוני 18%,מחלבת פרי זה לי,IL,מחלבת פרי זה לי,קילוגרמים,1.00,"ק""ג",true,,69.00,69.0000,true,1,6764
7290000999531,false,גבינת קש 5%,מחלבת פרי זה לי,IL,מחלבת פרי זה לי,קילוגרמים,1.00,"ק""ג",true,,39.00,39.0000,true,1,6765
7290000999845,false,כנפיים בגריל,יצור עצמי,IL,כנפיים בסויה דבש ושו,קילוגרמים,1.00,"ק""ג",true,,39.00,39.0000,true,1,468
7290001009123,false,לחם 100% כוסמין 600,,,לחם 100% כוסמין 600,גרמים,600.00,100 גרם,false,,14.90,0.0248,true,1,42602
7290001009178,false,לחם 100% שיפון 900 ג,,,לחם 100% שיפון,גרמים,900.00,100 גרם,false,,14.90,0.0166,true,1,42603
7290001041147,false,חומוס גדול 1 ק''ג,"מיה תעשיות מזון בע""מ",IL,מיה,קילוגרמים,1.00,"ק""ג",false,,10.90,10.9000,true,1,39774
7290001041161,false,שעועית לבנה 1 ק''ג,"מיה תעשיות מזון בע""מ",IL,מיה,קילוגרמים,1.00,"ק""ג",false,,11.90,11.9000,true,1,39775
7290001041178,false,אפונה ירוקה 1 ק''ג,"מיה תעשיות מזון בע""מ",IL,מיה,קילוגרמים,1.00,"ק""ג",false,,6.90,6.9000,true,1,42619
7290001041208,false,עדשים ירוקות 1 ק''ג,"מיה תעשיות מזון בע""מ",IL,מיה,קילוגרמים,1.00,"ק""ג",false,,11.90,11.9000,true,1,39778
7290001041215,false,חיטה 1 ק''ג,"מיה תעשיות מזון בע""מ",IL,מיה,קילוגרמים,1.00,"ק""ג",false,,5.90,5.9000,true,1,42620
7290001041260,false,שומשום 400 גר,"מיה תעשיות מזון בע""מ",IL,מיה,גרמים,400.00,100 גרם,false,,8.90,0.0223,true,1,42622
7290001045169,false,מיץ תפוחי עץ צלול 1,"גניר (1992) בע""מ",IL,תוצרת מסחרית,ליטרים,1.00,ליטר,false,,15.90,15.9000,true,1,40331
7290001045633,false,משקה קל לימונענע 400,פרימור,IL,משקה קל לימונענע 400,מיליליטרים,400.00,"100 מ""ל",false,,7.90,0.0198,true,1,82917
7290001045657,false,מיץ תפוחים צלול 400,פרימור,,מיץ תפוחים צלול 400,מיליליטרים,400.00,"100 מ""ל",false,,7.90,0.0198,true,1,82918
7290001045688,false,מיץ תפוזים סחוט 400,פרימור,IL,מיץ תפוזים סחוט 400,מיליליטרים,400.00,"100 מ""ל",false,,7.90,0.0198,true,1,82916
7290001121023,false,פסטרמה של פעם,מעדני יחיעם,IL,יחיעם,קילוגרמים,1.00,"ק""ג",true,,79.00,79.0000,true,1,2721
7290001121146,false,פסטרמה הודו מעושנת,מעדני יחיעם,IL,יחיעם,קילוגרמים,1.00,"ק""ג",true,,79.00,79.0000,true,1,64802
7290001121238,false,נקניק קורנדביף 180 ג,מעדני יחיעם,IL,יחיעם,גרמים,180.00,100 גרם,false,,22.90,0.1272,true,1,38275
7290001121672,false,פסטרמה מעודנת בפפריק,מעדני יחיעם,IL,יחיעם,גרמים,300.00,100 גרם,false,,19.90,0.0663,true,1,38276
7290001121849,false,פסטרמה הודו 100%,מעדני יחיעם,IL,יחיעם,גרמים,250.00,100 גרם,false,,24.90,0.0996,true,1,38278
7290001121979,false,סלמי הרץ 150 גרם,מעדני יחיעם,IL,יחיעם,גרמים,150.00,100 גרם,false,,22.90,0.1527,true,1,38280
7290001123782,false,שווארמה הודו 500 גרם,טיבון ויל,IL,טיבון ויל,גרמים,500.00,100 גרם,false,,19.90,0.0398,true,1,39889
7290001133484,false,פילה סלמון  נורבגי ק,סקרגרק,NO,בלדי,קילוגרמים,1.00,"ק""ג",true,,64.90,64.9000,true,1,53862
7290001136287,false,נקה 7 שמפו,"אמיליה קוסמטיקס בע""מ",IL,נקה 7,מיליליטרים,750.00,"100 מ""ל",false,,10.90,0.0145,true,1,39083
7290001136294,false,נקה 7 שמפו,"אמיליה קוסמטיקס בע""מ",IL,נקה 7,מיליליטרים,750.00,"100 מ""ל",false,,10.90,0.0145,true,1,39084
7290001136683,false,נקה 7 מרכך,"אמיליה קוסמטיקס בע""מ",IL,נקה 7,מיליליטרים,750.00,"100 מ""ל",false,,10.90,0.0145,true,1,39086
7290001154021,false,מחק לבן ארטי 3 יח,,,מחק לבן ארטי 3 יח,יחידה,0.00,יחידה,false,,3.00,0.0000,true,1,80709
7290001155011,false,בלוק ציור1/4 טלנס 18,,,בלוק ציור1/4 טלנס 18,יחידה,0.00,יחידה,false,,5.90,0.0000,true,1,83690
7290001158609,false,סט 10מחברות 14 A5 RO,,,סט 10מחברות 14 A5 RO,יחידה,0.00,יחידה,false,,9.90,0.0000,true,1,80058
7290001166550,false,מספריים 7.5 ידית סיל,,,מספריים 7.5 ידית סיל,יחידה,0.00,יחידה,false,,6.90,0.0000,true,1,83942
7290001166611,false,סט 10 דפדפות 56 גרם,,,סט 10 דפדפות 56 גרם,יחידה,0.00,יחידה,false,,19.90,0.0000,true,1,83989
7290001168073,false,שמרדף 75 מיקרון 50/1,,,שמרדף 75 מיקרון 50/1,יחידה,0.00,יחידה,false,,19.90,0.0000,true,1,83929
7290001168103,false,בלוק לבן ‏‏4‏A שורה,,,בלוק לבן ‏‏4‏A שורה,יחידה,0.00,יחידה,false,,5.00,0.0000,true,1,79996
7290001193754,false,נרות  חימום 50 יח',,,נרות  חימום 50 יח',יחידה,0.00,יחידה,false,,9.90,0.0000,true,1,81931
7290001193907,false,נר נשמה בזכוכית שבוע,,,נר נשמה בזכוכית שבוע,יחידה,0.00,יחידה,false,,12.90,0.0000,true,1,79292
7290001216040,false,טחינה 500 ג אל ארז,,,טחינה 500 ג אל ארז,גרמים,500.00,100 גרם,false,,15.90,0.0318,true,1,39504
7290001216057,false,"טחינה 1 ק""ג אל ארז",,,"טחינה 1 ק""ג אל ארז",קילוגרמים,1.00,"ק""ג",false,,28.90,28.9000,true,1,39505
7290001216231,false,טחינה מלאה 500 ג אל,,,טחינה מלאה 500 ג אל,גרמים,500.00,100 גרם,false,,16.90,0.0338,true,1,39506
7290001247068,false,ספרינג קרטוניות תות,יפאורה תבורי,IL,ספרינג,ליטרים,1.00,ליטר,false,,6.70,6.7000,true,1,39645
7290001247082,false,ספרינג קרטוניות עגבנ,יפאורה תבורי,IL,ספרינג,ליטרים,1.00,ליטר,false,,6.40,6.4000,true,1,39646
7290001247112,false,ספרינג קרטוניות לימו,יפאורה תבורי,IL,ספרינג,ליטרים,1.00,ליטר,false,,6.70,6.7000,true,1,39649
7290001247129,false,ספרינג קרטוניות תפוז,יפאורה תבורי,IL,ספרינג,ליטרים,1.00,ליטר,false,,6.70,6.7000,true,1,39650
7290001247143,false,ספרינג קרטוניות תפוח,יפאורה תבורי,IL,ספרינג,ליטרים,1.00,ליטר,false,,6.70,6.7000,true,1,39651
7290001258040,false,גבינת רוקפור 30%,,,גבינת רוקפור 32%,קילוגרמים,1.00,"ק""ג",true,,95.00,95.0000,true,1,57746
7290001258101,false,גבינת גאודה טבעי 28%,,,גבינת גאודה 30%,קילוגרמים,1.00,"ק""ג",true,,95.00,95.0000,true,1,13883
7290001258170,false,גבינת רוקפור 30%,,,גבינת רוקפור 32%,קילוגרמים,1.00,"ק""ג",true,,95.00,95.0000,true,1,13887
7290001258200,false,גבינת שמנת 25%,גבינות יעקבס,IL,משק יעקבס,קילוגרמים,1.00,"ק""ג",true,,35.00,35.0000,true,1,59986
7290001258439,false,גבינת עז מה 5%,,,גבינת עז מה 5%,קילוגרמים,1.00,"ק""ג",true,,59.00,59.0000,true,1,13893
7290001258514,false,ריקוטה 5%,גבינות יעקבס,IL,משק יעקבס,קילוגרמים,1.00,"ק""ג",true,,39.00,39.0000,true,1,59989
7290001258668,false,גבינת עזים 5% 250 גר,גבינות יעקבס,IL,משק יעקבס,גרמים,250.00,100 גרם,false,,14.90,0.0596,true,1,40139
7290001258682,false,*מבצע* יוגורט עיזים,גבינות יעקבס,IL,משק יעקבס,מיליליטרים,500.00,"100 מ""ל",false,,11.90,0.0238,true,1,42785
7290001258705,false,גבינת גאודה בתיבול 2,,,גבינת גאודה 30%,קילוגרמים,1.00,"ק""ג",true,,95.00,95.0000,true,1,64733
7290001258729,false,לבנה עיזים 5% 250 גר,גבינות יעקבס,IL,משק יעקבס,גרמים,250.00,100 גרם,false,,13.90,0.0556,true,1,59058
7290001258774,false,*מבצע* בייבי מוצרלה,גבינות יעקבס,IL,משק יעקבס,גרמים,150.00,100 גרם,false,,9.90,0.0660,true,1,59056
7290001265642,false,שלישיית מעדני לה-קט,FIDELE SAS,FR,לה קט,קילוגרמים,1.20,"ק""ג",false,,19.90,16.5833,true,1,41067
7290001274576,false,גלידל וניל תות,,IL,גלידל וניל תות,גרמים,900.00,100 גרם,false,,19.90,0.0221,true,1,82381
7290001274583,false,גלידל שוקו פקאן 900,,IL,גלידל שוקו פקאן 900,גרמים,900.00,100 גרם,false,,19.90,0.0221,true,1,82382
7290001303825,false,זוג עופיונים ארוז,,,זוג עופיונים ארוז,יח',2.00,יח',false,,49.90,24.9500,true,1,34544
7290001305188,false,*מבצע* פלמוליב כלים,Colgate - Greece,GR,פלמוליב  כלים,מיליליטרים,750.00,"100 מ""ל",false,,8.90,0.0119,true,1,40926
7290001327180,false,קרמיסימו גלידה חלבית,גלידות שטראוס,IL,קרמיסימו,ליטרים,1.33,ליטר,false,,18.90,14.2105,true,1,38812
7290001327791,false,קרמיסימו גלידה חלבית,גלידות שטראוס,IL,קרמיסימו,ליטרים,1.33,ליטר,false,,18.90,14.2105,true,1,38816
7290001343845,false,*מבצע* גרנולה פירות,"דין שיווק וקלייה בע""",IL,שקדיה,קילוגרמים,1.00,"ק""ג",false,,19.90,19.9000,true,1,38304
7290001407127,false,פרוסות חלבה וניל,,,פרוסות חלבה וניל,גרמים,400.00,100 גרם,false,,12.90,0.0323,true,1,38613
7290001407134,false,פרוסות חלבה שוקו וני,,,פרוסות חלבה שוקו וניל עם,גרמים,400.00,100 גרם,false,,12.90,0.0323,true,1,38614
7290001407547,false,טחינה משומשום מלא 50,,,טחינה משומשום מלא 500 גר',גרמים,500.00,100 גרם,false,,12.90,0.0258,true,1,38615
7290001407592,false,טחינה בארכה מועשר בס,,,"טחינה שומשום 1 ק""ג",קילוגרמים,1.00,"ק""ג",false,,19.90,19.9000,true,1,67684
7290001407813,false,חלבה שאמית + פיסטוק,,,חלבה שאמית + פיסטוק בארכה,גרמים,350.00,100 גרם,false,,14.90,0.0426,true,1,38618
7290001407820,false,חלבה שאמית בארכה,,,חלבה שאמית בארכה,גרמים,350.00,100 גרם,false,,14.90,0.0426,true,1,38619
7290001407844,false,חלבה קלאסית וניל 350,,,חלבה קלאסית וניל 350,גרמים,350.00,100 גרם,false,,13.90,0.0397,true,1,38621
7290001419618,false,וופל בלגי 200 גרם,"גילרו בע""מ",IL,גילרו,גרמים,200.00,100 גרם,false,,2.90,0.0145,true,1,38861
7290001419779,false,וופל עלמה 200 גרם,"גילרו בע""מ",IL,גילרו,גרמים,200.00,100 גרם,false,,2.90,0.0145,true,1,38862
7290001436790,false,מרגז מיני אקסטרה חרי,בלדי,IL,בלדי,גרמים,500.00,100 גרם,false,,27.90,0.0558,true,1,43021
7290001440513,false,מעטפות סיליקון,,,מעטפות סיליקון,יחידה,0.00,יחידה,false,,5.00,0.0000,true,1,82926
7290001461105,false,לחם מחמצת,,,לחם רוסטיק לבן,יח',1.00,יח',false,,16.90,16.9000,true,1,19881
7290001461457,false,באגט רוסטיק קמח מלא,,,בגט רוסטיק קמח מלא ודגנים,יח',1.00,יח',false,,7.90,7.9000,true,1,19885
7290001476208,false,ברי פקאן משולשים צאן,גדישון,IL,מחלבות גד,קילוגרמים,1.00,"ק""ג",true,,129.00,129.0000,true,1,51454
7290001482094,false,פרמז'נו 200 גרם,זנטי,IT,וילי פוד,גרמים,200.00,100 גרם,false,,22.90,0.1145,true,1,39324
7290001482186,false,אננס חתוך 565 גרם,טקרנג,TH,אננס חתוך 565 גרם,גרמים,565.00,100 גרם,false,,5.90,0.0104,true,1,56194
7290001485019,false,גבינת קרם שמנת טבעי,טרה,IL,טרה,גרמים,200.00,100 גרם,false,,10.90,0.0545,true,1,40282
7290001491010,false,*מבצע* תה ירוק יסמין,ויסוצקי,IL,ויסוצקי,גרמים,937.50,100 גרם,false,,17.90,0.0191,true,1,40461
7290001491096,false,*מבצע* תה ירוק לימונ,ויסוצקי,IL,ויסוצקי,גרמים,75.00,100 גרם,false,,37.90,0.5053,true,1,40462
7290001515310,false,כרית קרצוף יפנית סקו,,,כרית קרצוף יפנית סקו,יח',6.00,יח',false,,11.90,1.9833,true,1,38919
7290001515631,false,סקוטש ברייט שלישייה,M3,ES,סקוטש-ברייט,יח',3.00,יח',false,,10.90,3.6333,true,1,38921
7290001548028,false,חומוס,סלטי מונטה קרלו,IL,חומוס,קילוגרמים,1.00,"ק""ג",true,,33.00,33.0000,true,1,66456
7290001548042,false,סלט ביצים,משתנה,IL,סלט ביצים,קילוגרמים,1.00,"ק""ג",true,,55.00,55.0000,true,1,66457
7290001548134,false,כרוב לבן עם שמיר,סלטי מונטה קרלו,,כרוב לבן עם שמיר,קילוגרמים,1.00,"ק""ג",true,,39.00,39.0000,true,1,66458
7290001548141,false,גזר מרוקאי,משתנה,IL,גזר מרוקאי,קילוגרמים,1.00,"ק""ג",true,,39.00,39.0000,true,1,66459
7290001548165,false,פלפל חריף ירוק מקולף,משתנה,IL,פלפל חריף ירוק מקולף,קילוגרמים,1.00,"ק""ג",true,,59.00,59.0000,true,1,66262
7290001548202,false,סלק אדום רצועות,סלטי מונטה קרלו,,סלק אדום רצועות,קילוגרמים,1.00,"ק""ג",true,,39.00,39.0000,true,1,66461
7290001548233,false,חציל ברוטב אדום מחנה,סלטי מונטה קרלו,IL,חציל ברוטב אדום מחנה,קילוגרמים,1.00,"ק""ג",true,,49.00,49.0000,true,1,66462
7290001548271,false,כרוב לבן עם גזר,סלטי מונטה קרלו,,כרוב לבן עם גזר,קילוגרמים,1.00,"ק""ג",true,,39.00,39.0000,true,1,66463
7290001548349,false,"תפו""א במיונז ביתי",סלטי מונטה קרלו,,"תפו""א במיונז ביתי",קילוגרמים,1.00,"ק""ג",true,,39.00,39.0000,true,1,66466
7290001548356,false,חציל במיונז ביתי,סלטי מונטה קרלו,IL,חציל במיונז ביתי,קילוגרמים,1.00,"ק""ג",true,,49.00,49.0000,true,1,66467
7290001548370,false,טבולה,משתנה,IL,טבולה,קילוגרמים,1.00,"ק""ג",true,,55.00,55.0000,true,1,66469
7290001548424,false,כרוב קולסלאו,סלטי מונטה קרלו,,כרוב קולסלאו,קילוגרמים,1.00,"ק""ג",true,,39.00,39.0000,true,1,66470
7290001548462,false,פלפל רצועות מרוקאי,משתנה,IL,פלפל רצועות מרוקאי,קילוגרמים,1.00,"ק""ג",true,,65.00,65.0000,true,1,66472
7290001548509,false,פטריות שמפיניון עם ב,משתנה,IL,פטריות שמפיניון עם ב,קילוגרמים,1.00,"ק""ג",true,,65.00,65.0000,true,1,66473
7290001548523,false,חציל פרוסות בתחמיץ,סלטי מונטה קרלו,IL,חציל פרוסות בתחמיץ,קילוגרמים,1.00,"ק""ג",true,,49.00,49.0000,true,1,66474
7290001548561,false,גזר חריף בלימון,סלטי מונטה קרלו,IL,גזר חריף בלימון,קילוגרמים,1.00,"ק""ג",true,,39.00,39.0000,true,1,66475
7290001548615,false,חציל בטחינה,סלטי מונטה קרלו,IL,חציל בטחינה,קילוגרמים,1.00,"ק""ג",true,,49.00,49.0000,true,1,66476
7290001548653,false,טחינה זהב,סלטי מונטה קרלו,IL,טחינה זהב,קילוגרמים,1.00,"ק""ג",true,,33.00,33.0000,true,1,66477
7290001548691,false,כרוב אדום במיונז בית,סלטי מונטה קרלו,,כרוב אדום במיונז בית,קילוגרמים,1.00,"ק""ג",true,,39.00,39.0000,true,1,66263
7290001548738,false,חציל מרוקאי,סלטי מונטה קרלו,IL,חציל מרוקאי,קילוגרמים,1.00,"ק""ג",true,,49.00,49.0000,true,1,66478
7290001548806,false,מלפפון עם שמיר,משתנה,IL,מלפפון עם שמיר,קילוגרמים,1.00,"ק""ג",true,,39.00,39.0000,true,1,66480
7290001548967,false,חציל תאילנדי,סלטי מונטה קרלו,IL,חציל תאילנדי,קילוגרמים,1.00,"ק""ג",true,,49.00,49.0000,true,1,66483
7290001567760,false,פסטרמה של פעם 300ג,מעדני יחיעם,IL,יחיעם,גרמים,300.00,100 גרם,false,,24.90,0.0830,true,1,38285
7290001567791,false,פסטרמה רומנית 250ג,מעדני יחיעם,IL,יחיעם,גרמים,250.00,100 גרם,false,,24.90,0.0996,true,1,38287
7290001567814,false,סלמי מעושן סגנון איט,מעדני יחיעם,IL,יחיעם,גרמים,300.00,100 גרם,false,,19.90,0.0663,true,1,38289
7290001567937,false,נקניק מפולפל 200 גרם,מעדני יחיעם,IL,יחיעם,גרמים,200.00,100 גרם,false,,12.90,0.0645,true,1,38291
7290001591703,false,קבב אנגוס עגול 500 ג,טיבון ויל,IL,קבב אנגוס עגול 500 ג,גרמים,500.00,100 גרם,false,,22.90,0.0458,true,1,70055
7290001591741,false,קבבוני טלה 500 גרם,טיבון ויל,IL,קבבוני טלה 500 גרם,גרמים,500.00,100 גרם,false,,22.90,0.0458,true,1,70059
7290001594568,false,בירה קרלסברג פחית,קרלסברג ישראל,IL,קרלסברג,מיליליטרים,500.00,"100 מ""ל",false,,8.90,0.0178,true,1,38942
7290001594575,false,בירה טובורג פחית 500,החברה המרכזית קולה,,בירה טובורג פחית 500,מיליליטרים,500.00,"100 מ""ל",false,,8.90,0.0178,true,1,83037
7290001594810,false,מאלטי בירה שחורה מאר,,,מאלטי בירה שחורה מאר,יחידה,0.00,יחידה,false,,24.90,0.0000,true,1,84333
7290001594858,false,*מבצע* טובורג שישיה,קרלסברג ישראל,IL,טובורג,ליטרים,1.98,ליטר,false,,29.90,15.1010,true,1,38943
7290001594865,false,*מבצע* קרלסברג שישיה,קרלסברג ישראל,IL,קרלסברג,ליטרים,1.98,ליטר,false,,29.90,15.1010,true,1,38944
7290001648995,false,קפה רגואן שלישיה,,,קפה רגואן שלישיה,גרמים,300.00,100 גרם,false,,12.90,0.0430,true,1,41008
7290001670224,false,מלית פרג  400 גרם,"פוליבה בע""מ",IL,הנמל,גרמים,400.00,100 גרם,false,,9.90,0.0248,true,1,39237
7290001670514,false,מלית אוכמניות 400 גר,"פוליבה בע""מ",IL,הנמל,גרמים,400.00,100 גרם,false,,9.90,0.0248,true,1,39239
7290001670668,false,קרחונית 12 יחידות,סאדאת איסטנבול,TR,הנמל,יח',12.00,יח',false,,3.90,0.3250,true,1,39240
7290001690147,false,טעם טוב גבינה מותכת,שלושת האופים,IL,מון בלאן,גרמים,120.00,100 גרם,false,,8.90,0.0742,true,1,70105
7290001710111,false,נקניקיות מרגז ארוז 5,מעדני הטלה,IL,מעדני הטלה,גרמים,500.00,100 גרם,false,,19.90,0.0398,true,1,38749
7290001713082,false,תרסיס מסיר שומנים קר,,IL,תרסיס מסיר שומנים קר,ליטרים,1.00,ליטר,false,,9.90,9.9000,true,1,80835
7290001713112,false,תרסיס מסיר אבנית יוח,,IL,תרסיס מסיר אבנית יוח,ליטרים,1.00,ליטר,false,,8.90,8.9000,true,1,80836
7290001713150,false,מתז אקונומיקה קצף 1,"קומפלקס כימיקלים בע""",IL,סנט מוריץ,ליטרים,1.00,ליטר,false,,9.90,9.9000,true,1,57374
7290001713167,false,מתז קצף ניקוי מסיר א,"קומפלקס כימיקלים בע""",IL,סנט מוריץ,ליטרים,1.00,ליטר,false,,9.90,9.9000,true,1,57375
7290001713310,false,קצף אקונומיקה בריח ל,,,קצף אקונומיקה בריח ל,ליטרים,1.00,ליטר,false,,8.90,8.9000,true,1,78838
7290001713440,false,תרסיס לניקוי חלונות,"קומפלקס בע""מ",IL,תרסיס לניקוי חלונות,ליטרים,1.00,ליטר,false,,5.90,5.9000,true,1,71397
7290001713457,false,סבון אסלה מרוכז כחול,"קומפלקס בע""מ",TR,סבון אסלה מרוכז כחול,יח',3.00,יח',false,,10.90,3.6333,true,1,82738
7290001713518,false,"נוזל רהיטים 750 מ""ל",,,נוזל לניקוי רהיטים,מיליליטרים,750.00,"100 מ""ל",false,,11.90,0.0159,true,1,42307
7290001713785,false,מרכך כביסה פיור בייב,"קומפלקס כימיקלים בע""",TR,מרכך כביסה פיור בייב,ליטרים,1.00,ליטר,false,,9.90,9.9000,true,1,71296
7290001713860,false,מרכך כביסה פיור בניח,"קומפלקס כימיקלים בע""",TR,מרכך כביסה פיור בניח,ליטרים,1.00,ליטר,false,,9.90,9.9000,true,1,71297
7290001713921,false,אקונומיקה מבושמת 4 ל,"קומפלקס כימיקלים בע""",IL,סנט מוריץ,ליטרים,4.00,ליטר,false,,8.90,2.2250,true,1,63981
7290001763070,false,סלוטייפ שלישיה,,,סלוטייפ שלישיה,יחידה,0.00,יחידה,false,,2.50,0.0000,true,1,82606
7290001763247,false,סט 10מחברות A5 ROSH-,,,סט 10מחברות A5 ROSH-,יחידה,0.00,יחידה,false,,9.90,0.0000,true,1,80059
7290001763360,false,סט 10 מחברות 40 # A5,,,סט 10 מחברות 40 # A5,יחידה,0.00,יחידה,false,,9.90,0.0000,true,1,80060
7290001780428,false,לייט שוקולד 6 יח’,גלידות נסטלה,IL,גלידות נסטלה,יח',6.00,יח',false,,28.90,4.8167,true,1,40008
7290001791349,false,אקונומיקה פיסגה 4 לי,סנו,IL,פסגה,ליטרים,4.00,ליטר,false,,9.90,2.4750,true,1,39089
7290001865439,false,*מבצע* פמלי אל סבון,אינטרקוסמא,IL,פמלי,ליטרים,1.00,ליטר,false,,9.90,9.9000,true,1,38900
7290001865453,false,*מבצע* פמלי אל סבון,אינטרקוסמא,IL,פמלי,ליטרים,1.00,ליטר,false,,9.90,9.9000,true,1,38901
7290001915011,false,שווארמה פרגית מתובלת,לאטי עזרא,IL,מעדני הטלה,גרמים,500.00,100 גרם,false,,39.90,0.0798,true,1,82889
7290001946121,false,פפריקה 400 ביטון,"דין שיווק וקלייה בע""",IL,תבליני ביטון,גרמים,400.00,100 גרם,false,,17.90,0.0447,true,1,21724
7290001970362,false,מנגו ללא סוכר במשקל,"דין שיווק וקלייה בע""",US,תפזורת - ללא מותג,קילוגרמים,1.00,"ק""ג",true,,90.00,90.0000,true,1,35309
7290001970478,false,אגוזי מלך קלופים חצא,"דין שיווק וקלייה בע""",US,תפזורת - ללא מותג,קילוגרמים,1.00,"ק""ג",true,,59.00,59.0000,true,1,35281
7290001970492,false,קשיו קלוי על גחלים ב,"דין שיווק וקלייה בע""",US,תפזורת - ללא מותג,קילוגרמים,1.00,"ק""ג",true,,96.00,96.0000,true,1,35283
7290001973233,false,מגבונים קמיל 120,"ד""ר פישר",IL,קמיל בלו סנסיטיב,יח',120.00,יח',false,,10.90,0.0908,true,1,39798
7290001979020,false,אננס טבעי במשקל,"דין שיווק וקלייה בע""",US,תפזורת - ללא מותג,קילוגרמים,1.00,"ק""ג",true,,90.00,90.0000,true,1,35310
7290001979082,false,קוקיס במשקל.,,,קוקיס במשקל.,קילוגרמים,1.00,"ק""ג",true,,47.00,47.0000,true,1,66494
7290001979099,false,מאפים במשקל.,,,מאפים במשקל.,קילוגרמים,1.00,"ק""ג",true,,42.00,42.0000,true,1,66495
7290001979105,false,קראנץ שמרים ארוך  במ,,,קראנץ שמרים ארוך  במ,קילוגרמים,1.00,"ק""ג",true,,45.00,45.0000,true,1,66496
7290001989272,false,איקרה לבנה/אדומה,"סלטי שמיר 2006 בע""מ",IL,מעדני מיקי,קילוגרמים,1.00,"ק""ג",true,,49.00,49.0000,true,1,59675
7290001989388,false,נתחי פילה הרינג עם ב,"סלטי שמיר 2006 בע""מ",IL,מעדני מיקי,קילוגרמים,1.00,"ק""ג",true,,55.00,55.0000,true,1,59677
7290001990094,false,סוכר חום צנצנת,סוגת תעשיות בעמ,IL,סוגת,קילוגרמים,1.00,"ק""ג",false,,14.90,14.9000,true,1,38193
7290001990117,false,שומשום 100 גרם,"סוגת תעשיות בע""מ",IL,סוגת,גרמים,100.00,100 גרם,false,,3.90,0.0390,true,1,41654
7290001990261,false,"חומוס 1 ק""ג","סוגת תעשיות בע""מ",IL,סוגת,קילוגרמים,1.00,"ק""ג",false,,14.90,14.9000,true,1,38194
7290001990407,false,"עדשים ירוקים 1 ק""ג","סוגת תעשיות בע""מ",IL,סוגת,קילוגרמים,1.00,"ק""ג",false,,13.80,13.8000,true,1,38197
7290001990414,false,"עדשים אדומים 1 ק""ג","סוגת תעשיות בע""מ",IL,סוגת,קילוגרמים,1.00,"ק""ג",false,,13.80,13.8000,true,1,38198
7290002000143,false,קרם ידיים קלאסיק 80,אינטרקוסמא,IL,פנג'ל,מיליליטרים,80.00,"100 מ""ל",false,,7.90,0.0988,true,1,38904
7290002007234,false,אבקת סוכר 100 גרם,,,אבקת סוכר 100 גרם,גרמים,100.00,100 גרם,false,,1.60,0.0160,true,1,32761
7290002007371,false,פרורי לחם 500 גרם,הנמל,IL,הנמל,גרמים,500.00,100 גרם,false,,6.50,0.0130,true,1,39246
7290002007500,false,קסמים חבית 500 יחידו,הנג טונג,CN,הנמל,יח',500.00,יח',false,,2.90,0.0058,true,1,39249
7290002007852,false,תמצית וניל 55 מל`,ממתקי עלה ייצור שווק,IL,עלה,מיליליטרים,55.00,"100 מ""ל",false,,2.90,0.0527,true,1,39251
7290002008019,false,גמבו שוקו 200 גרם,ממתקי עלה ייצור שווק,IL,הנמל,גרמים,200.00,100 גרם,false,,7.90,0.0395,true,1,42275
7290002008057,false,תמצית רום 55 מל`,ממתקי עלה ייצור שווק,IL,עלה,מיליליטרים,55.00,"100 מ""ל",false,,2.90,0.0527,true,1,39258
7290002008071,false,עטרות חום  2 מספר הנ,הנמל,IL,הנמל,יח',1.00,יח',false,,3.90,3.9000,true,1,39259
7290002008156,false,עטרות חום  5 מספר  ה,הנמל,IL,הנמל,יח',1.00,יח',false,,5.90,5.9000,true,1,39260
7290002008507,false,נייר אפיה 50 יח` 42*,הנמל,NO,הנמל,יח',50.00,יח',false,,7.90,0.1580,true,1,39266
7290002008651,false,קמח תפוח אדמה 500,בשקביץ,IL,הנמל,גרמים,500.00,100 גרם,false,,5.90,0.0118,true,1,39267
7290002008743,false,סוכר וניל 10 יחידות,,,סוכר וניל 10 יחידות,גרמים,100.00,100 גרם,false,,1.90,0.0190,true,1,27750
7290002008750,false,אבקת אפיה 10 יחידות,,,אבקת אפיה 10 יחידות,יח',10.00,יח',false,,1.90,0.1900,true,1,39268
7290002008828,false,גמבו שוקו לבן 200 גר,ממתקי עלה ייצור שווק,IL,הנמל,גרמים,200.00,100 גרם,false,,7.90,0.0395,true,1,42278
7290002008934,false,גמבו עגול 200 גרם,ממתקי עלה ייצור שווק,IL,הנמל,גרמים,200.00,100 גרם,false,,7.90,0.0395,true,1,39269
7290002013006,false,פסטרמה מקסיקנית,זוגלובק,IL,זוגלובק,קילוגרמים,1.00,"ק""ג",true,,79.00,79.0000,true,1,10328
7290002013037,false,פסטרמה פרגיות על לבנ,זוגלובק,IL,זוגלובק,קילוגרמים,1.00,"ק""ג",true,,79.00,79.0000,true,1,10329
7290002013174,false,פסטרמה של פעם,זוגלובק,IL,זוגלובק,קילוגרמים,1.00,"ק""ג",true,,79.00,79.0000,true,1,10330
7290002019787,false,רוטב עגבניות פרי ניר,פריניר,IL,פריניר,גרמים,260.00,100 גרם,false,,3.90,0.0150,true,1,40078
7290002019794,false,רוטב עגבניות פרי ניר,פריניר,IL,פריניר,גרמים,100.00,100 גרם,false,,1.90,0.0190,true,1,40079
7290002026440,false,פרצלס בראנץ' 70 גרם,מוצרי איכות אמריקאיי,IL,בראנץ וקראנץ,גרמים,280.00,100 גרם,false,,14.90,0.0532,true,1,41002
7290002026587,false,וופל בלגי מיני פרווה,מוצרי איכות אמריקאיי,IL,בראנץ וקראנץ,גרמים,280.00,100 גרם,false,,10.90,0.0389,true,1,60423
7290002040019,false,קוסקוס רגיל  350 גרם,קוסקוס,IL,הנמל,גרמים,350.00,100 גרם,false,,5.50,0.0157,true,1,39270
7290002040064,false,קוסקוס דק   350 גרם,קוסקוס,IL,הנמל,גרמים,350.00,100 גרם,false,,5.50,0.0157,true,1,39271
7290002040071,false,קוסקוס עבה 350 גרם,קוסקוס,IL,הנמל,גרמים,350.00,100 גרם,false,,5.50,0.0157,true,1,39272
7290002043188,false,ציפס אורז חום מלא  צ,מימונס אפיה,BG,ציפס פריכיות,גרמים,60.00,גרם,false,,6.90,0.1150,true,1,65509
7290002043218,false,ציפס אורז חום מלא מל,מימונס אפיה,BG,ציפס פריכיות,גרמים,60.00,גרם,false,,6.90,0.1150,true,1,65510
7290002043591,false,ציפס אורז חום מלא פפ,מימונס אפיה,BG,ציפס אורז חום מלא,גרמים,120.00,גרם,false,,11.90,0.0992,true,1,65514
7290002043829,false,*מבצע* פריכיות מלח ה,מימונס אפיה,BG,פריכיות אורז חום מלא,גרמים,200.00,גרם,false,,12.90,0.0645,true,1,65515
7290002053088,false,8 אטריות ביצים 24,פ.פ.ח טאביט,PL,אוריינטל,גרמים,200.00,100 גרם,false,,7.90,0.0395,true,1,38764
7290002057017,false,זיתים נובו ענק,קבוצת יבנה,IL,קבוצת יבנה,גרמים,330.00,100 גרם,false,,8.90,0.0270,true,1,40235
7290002057031,false,זיתים מבוקעים 540 גר,קבוצת יבנה,IL,קבוצת יבנה,גרמים,540.00,100 גרם,false,,8.90,0.0165,true,1,40236
7290002057048,false,סורי מבוקע 540 גרם,קבוצת יבנה,IL,קבוצת יבנה,גרמים,540.00,100 גרם,false,,10.50,0.0194,true,1,40237
7290002057062,false,זיתים ירוקים בינוני,קבוצת יבנה,IL,קבוצת יבנה,גרמים,540.00,100 גרם,false,,6.90,0.0128,true,1,40239
7290002057093,false,זיתים ירוקים גדול 54,קבוצת יבנה,IL,קבוצת יבנה,גרמים,540.00,100 גרם,false,,7.90,0.0146,true,1,40242
7290002057123,false,חרוזית 540 גרם,קבוצת יבנה,IL,קבוצת יבנה,גרמים,540.00,100 גרם,false,,9.50,0.0176,true,1,40244
7290002057130,false,"חרוזית 1.25 ק""ג",קבוצת יבנה,IL,קבוצת יבנה,קילוגרמים,1.25,"ק""ג",false,,19.90,15.9200,true,1,40245
7290002057161,false,זיתים חתוכים מרינד ח,קבוצת יבנה,IL,קבוצת יבנה,גרמים,540.00,100 גרם,false,,8.90,0.0165,true,1,40247
7290002057178,false,זיתים טבעי גדול,קבוצת יבנה,IL,קבוצת יבנה,גרמים,340.00,100 גרם,false,,8.90,0.0262,true,1,40248
7290002057185,false,טבעות זית ירוק 540 ג,קבוצת יבנה,IL,קבוצת יבנה,גרמים,540.00,100 גרם,false,,9.20,0.0170,true,1,40249
7290002057314,false,מלפפון במלח 15-20  1,קבוצת יבנה,IL,קבוצת יבנה,קילוגרמים,1.30,"ק""ג",false,,13.90,10.6923,true,1,42829
7290002057352,false,מלפפון במלח 7-9 540,קבוצת יבנה,IL,קבוצת יבנה,גרמים,540.00,100 גרם,false,,6.50,0.0120,true,1,40252
7290002057369,false,מלפפון 10-12 מלח 540,קבוצת יבנה,IL,קבוצת יבנה,גרמים,540.00,100 גרם,false,,7.50,0.0139,true,1,40253
7290002057376,false,מלפפון 13-17 מלח 540,קבוצת יבנה,IL,קבוצת יבנה,גרמים,540.00,100 גרם,false,,9.90,0.0183,true,1,40254
7290002057383,false,מלפפון 18-25 במלח 54,קבוצת יבנה,IL,קבוצת יבנה,גרמים,540.00,100 גרם,false,,12.90,0.0239,true,1,40255
7290002057413,false,מלפפון בחומץ  15-20,קבוצת יבנה,IL,קבוצת יבנה,קילוגרמים,1.30,"ק""ג",false,,13.90,10.6923,true,1,58076
7290002057437,false,שיפקונית 560 גרם,קבוצת יבנה,,שיפקונית 560 גרם,גרמים,560.00,100 גרם,false,,9.90,0.0177,true,1,65773
7290002057451,false,מלפפון בחומץ 7-9 540,קבוצת יבנה,IL,קבוצת יבנה,גרמים,540.00,100 גרם,false,,6.50,0.0120,true,1,40257
7290002057468,false,מלפפון בחומץ 10-12 5,קבוצת יבנה,IL,קבוצת יבנה,גרמים,540.00,100 גרם,false,,7.50,0.0139,true,1,40258
7290002057475,false,מלפפון בחומץ 13-17 5,קבוצת יבנה,IL,קבוצת יבנה,גרמים,540.00,100 גרם,false,,9.90,0.0183,true,1,40259
7290002057482,false,מלפפון בחומץ 18-25 5,קבוצת יבנה,IL,קבוצת יבנה,גרמים,540.00,100 גרם,false,,12.90,0.0239,true,1,40260
7290002057604,false,שיפקה 540 גרם,קבוצת יבנה,IL,קבוצת יבנה,גרמים,540.00,100 גרם,false,,5.50,0.0102,true,1,40261
7290002057628,false,טבעות זית שחור 560 ג,קבוצת יבנה,IL,קבוצת יבנה,גרמים,560.00,100 גרם,false,,8.90,0.0159,true,1,40262
7290002057703,false,חצילים 540 גרם,קבוצת יבנה,IL,קבוצת יבנה,גרמים,540.00,100 גרם,false,,6.90,0.0128,true,1,40263
7290002057734,false,חרוזית שחור 540 גרם,קבוצת יבנה,IL,קבוצת יבנה,גרמים,540.00,100 גרם,false,,8.90,0.0165,true,1,40264
7290002065555,false,לחמניות 6 ארוך,אנג'ל,IL,אנג'ל,גרמים,450.00,100 גרם,false,,10.90,0.0242,true,1,38251
7290002065616,false,לחם שיפון גרעינים 75,אורנים,IL,אנג'ל,גרמים,750.00,100 גרם,false,,12.90,0.0172,true,1,38252
7290002065623,false,לחם שיפון כפרי 750 ג,אורנים,IL,אנג'ל,גרמים,750.00,100 גרם,false,,12.90,0.0172,true,1,38253
7290002077725,false,סלמון מעושן 100 גרם,דלי דג,IL,דלידג,גרמים,100.00,100 גרם,false,,17.90,0.1790,true,1,42655
7290002107071,false,פטה עזים מעודנת 16%,מחלבת משק צוריאל,IL,משק צוריאל,גרמים,200.00,100 גרם,false,,23.90,0.1195,true,1,40286
7290002107385,false,מה עז - גליל גבינת ע,מחלבת משק צוריאל,IL,משק צוריאל,גרמים,180.00,100 גרם,false,,20.90,0.1161,true,1,40287
7290002107491,false,*מבצע* גבינת עיזים מ,מחלבת משק צוריאל,IL,משק צוריאל,גרמים,250.00,100 גרם,false,,10.90,0.0436,true,1,40288
7290002107798,false,בולגרית מעודנת 5% בג,מחלבת משק צוריאל,IL,משק צוריאל,גרמים,250.00,100 גרם,false,,21.90,0.0876,true,1,40290
7290002107965,false,טבורוג - גבינה לאפיי,מחלבת משק צוריאל,IL,משק צוריאל,גרמים,500.00,100 גרם,false,,22.90,0.0458,true,1,40291
7290002109372,false,בורקס פילו אצבעות בו,שגמור,IL,שגמור,גרמים,700.00,100 גרם,false,,16.90,0.0241,true,1,39896
7290002130567,false,דבש 350 גרם,שטראוס גרופ,IL,יד מרדכי,גרמים,350.00,100 גרם,false,,16.90,0.0483,true,1,40080
7290002130581,false,"דבש יד מרדכי 1 ק""ג",שטראוס גרופ,IL,יד מרדכי,קילוגרמים,1.00,"ק""ג",false,,42.90,42.9000,true,1,40082
7290002132011,false,עוגיות עבאדי 400 גר,עבאדי,IL,עבאדי,גרמים,400.00,100 גרם,false,,17.90,0.0447,true,1,40463
7290002133070,false,קשקבל טורקי 26%,"מחלבת השומרון בע""מ",IL,מחלבת השומרון,קילוגרמים,1.00,"ק""ג",true,,108.00,108.0000,true,1,13142
7290002133094,false,ברינזה צאן 18%,"מחלבת השומרון בע""מ",IL,מחלבת השומרון,קילוגרמים,1.00,"ק""ג",true,,78.00,78.0000,true,1,13143
7290002133117,false,בולגרית מעודנת5%,"מחלבת השומרון בע""מ",IL,מחלבת השומרון,קילוגרמים,1.00,"ק""ג",true,,39.00,39.0000,true,1,13144
7290002133148,false,צפתית רכה 5%,"מחלבת השומרון בע""מ",IL,מחלבת השומרון,קילוגרמים,1.00,"ק""ג",true,,49.00,49.0000,true,1,49376
7290002150077,false,פלאפל קפוא 400 גרם ב,"חמים וטעים בע""מ",IL,"חמים וטעים בע""מ",גרמים,400.00,100 גרם,false,,12.90,0.0323,true,1,39480
7290002150718,false,קרפלך כיסוני בצק במי,"חמים וטעים בע""מ",IL,"חמים וטעים בע""מ",גרמים,400.00,100 גרם,false,,12.90,0.0323,true,1,39484
7290002150732,false,קרפלך כיסוני בצק במי,"חמים וטעים בע""מ",IL,"חמים וטעים בע""מ",גרמים,400.00,100 גרם,false,,12.90,0.0323,true,1,39485
7290002150794,false,סיגרים במילוי בשר 40,"חמים וטעים בע""מ",IL,"חמים וטעים בע""מ",גרמים,400.00,100 גרם,false,,12.90,0.0323,true,1,39486
7290002150817,false,"סיגרים במילוי תפו""א","חמים וטעים בע""מ",IL,"חמים וטעים בע""מ",גרמים,400.00,100 גרם,false,,12.90,0.0323,true,1,39487
7290002157953,false,טונה ויליגר קנולה 4*,ויליגר,IL,ויליגר,גרמים,560.00,100 גרם,false,,19.90,0.0355,true,1,42660
7290002157960,false,טונה ויליגר במים 4*1,ויליגר,IL,ויליגר,גרמים,560.00,100 גרם,false,,19.90,0.0355,true,1,42661
7290002190141,false,ריבת חלב,גלעם,IL,גלעם,גרמים,450.00,100 גרם,false,,13.90,0.0309,true,1,40870
7290002190516,false,ממרח ריבת חלב 500 גר,גלעם,IL,גלעם,גרמים,500.00,100 גרם,false,,13.90,0.0278,true,1,40871
7290002195054,false,המבורגר בלדי 400 גרם,בלדי,IL,בלדי,גרמים,400.00,100 גרם,false,,11.90,0.0298,true,1,43036
7290002195078,false,קבב כבש בלדי 400 גרם,בלדי,IL,בלדי,גרמים,400.00,100 גרם,false,,11.90,0.0298,true,1,43037
7290002195085,false,קבב מזרחי בלדי 400 ג,בלדי,IL,בלדי,גרמים,400.00,100 גרם,false,,11.90,0.0298,true,1,43038
7290002195092,false,קבב רומני בלדי 400 ג,בלדי,IL,בלדי,גרמים,400.00,100 גרם,false,,11.90,0.0298,true,1,43039
7290002198031,false,פסטרמה פרגיות ללחמני,זוגלובק,IL,זוגלובק,קילוגרמים,1.00,"ק""ג",true,,79.00,79.0000,true,1,66674
7290002198048,false,פסטרמנה הודו בתיבול,זוגלובק,IL,זוגלובק,קילוגרמים,1.00,"ק""ג",true,,79.00,79.0000,true,1,66730
7290002198062,false,פסטרמה הודו אקסטרה מ,זוגלובק,IL,זוגלובק,קילוגרמים,1.00,"ק""ג",true,,79.00,79.0000,true,1,70080
7290002198109,false,צלעות אסאדו מעושנת מ,זוגלובק,IL,זוגלובק,קילוגרמים,1.00,"ק""ג",true,,124.00,124.0000,true,1,70962
7290002208235,false,פוקורינו כבשים,מחלבת משק דותן,IL,משק דותן,קילוגרמים,1.00,"ק""ג",true,,125.00,125.0000,true,1,54746
7290002208280,false,תום כבשים,מחלבת משק דותן,IL,משק דותן,קילוגרמים,1.00,"ק""ג",true,,125.00,125.0000,true,1,54749
7290002232995,false,דגש ציפוי פז.,"תירפז בע""מ",IL,דגש,גרמים,500.00,100 גרם,false,,28.90,0.0578,true,1,38246
7290002239185,false,אפונה קפואה גליל,"פרי הגליל בע""""מ",IL,פרי הגליל,גרמים,800.00,100 גרם,false,,9.90,0.0124,true,1,40173
7290002239215,false,אפונה וגזר קפוא פרי,"פרי הגליל בע""""מ",IL,פרי הגליל,גרמים,800.00,100 גרם,false,,9.90,0.0124,true,1,40174
7290002239277,false,גזר גמדי גליל,"פרי הגליל בע""""מ",IL,פרי הגליל,גרמים,800.00,100 גרם,false,,8.90,0.0111,true,1,40175
7290002239307,false,שעועית צהובה חתוכה 8,"פרי הגליל בע""""מ",IL,פרי הגליל,גרמים,800.00,100 גרם,false,,9.90,0.0124,true,1,40176
7290002239338,false,שעועית ירוקה חתוכה 8,"פרי הגליל בע""""מ",IL,פרי הגליל,גרמים,800.00,100 גרם,false,,9.90,0.0124,true,1,40177
7290002239369,false,שעועית ירוקה שלמה,"פרי הגליל בע""""מ",IL,פרי הגליל,גרמים,800.00,100 גרם,false,,9.90,0.0124,true,1,40178
7290002239420,false,תירס קפוא 800 גר,"פרי הגליל בע""""מ",IL,פרי הגליל,גרמים,800.00,100 גרם,false,,9.90,0.0124,true,1,40179
7290002253006,false,דורות שום כתוש טרי 2,דורות,IL,דורות,גרמים,200.00,100 גרם,false,,16.90,0.0845,true,1,38623
7290002253105,false,דורות קוביות שום טרי,דורות,IL,דורות,גרמים,80.00,100 גרם,false,,10.90,0.1363,true,1,38624
7290002253150,false,דורות בזיליקום קצוץ,דורות,IL,דורות,גרמים,70.00,100 גרם,false,,9.90,0.1414,true,1,38625
7290002253167,false,דורות פטרוזיליה קצוצ,דורות,IL,דורות,גרמים,70.00,100 גרם,false,,9.90,0.1414,true,1,38626
7290002253181,false,דורות כוסברה קצוצה 7,דורות,IL,דורות,גרמים,70.00,100 גרם,false,,9.90,0.1414,true,1,38628
7290002253198,false,דורות ג'ינג'ר טרי כת,דורות,IL,דורות,גרמים,90.00,100 גרם,false,,9.90,0.1100,true,1,38629
7290002253235,false,רוטב פסטו דורות 160,דורות,IL,דורות,גרמים,160.00,100 גרם,false,,10.90,0.0681,true,1,38630
7290002259640,false,רדיד אלומיניום דיאמו,ריינולדס,US,דיימונד,מטרים,7.60,מטר,false,,11.90,1.5658,true,1,39283
7290002259664,false,רדיד אלומיניום ארוך,ריינולדס,US,דיימונד,מטרים,60.40,מטר,false,,54.90,0.9089,true,1,39285
7290002265153,false,פלמידה בעישון קר ווא,אס.פי.פיש האוס,IL,אס.פי.פיש האוס,קילוגרמים,1.00,"ק""ג",true,,80.00,80.0000,true,1,52487
7290002265160,false,פלמידה בשמן,אס.פי.פיש האוס,IL,אס.פי.פיש האוס,קילוגרמים,1.00,"ק""ג",true,,95.00,95.0000,true,1,17868
7290002265177,false,פיקלינג,אס.פי.פיש האוס,IL,אס.פי.פיש האוס,קילוגרמים,1.00,"ק""ג",true,,75.00,75.0000,true,1,17869
7290002265191,false,מקרוסקה בואקום,,,מקרוסקה בואקום,קילוגרמים,1.00,"ק""ג",true,,99.00,99.0000,true,1,52488
7290002265214,false,פילה הרינג לבן בשמן,אס.פי.פיש האוס,IL,אס.פי.פיש האוס,קילוגרמים,1.00,"ק""ג",true,,50.00,50.0000,true,1,17871
7290002265245,false,פילה הרינג כבוש,אס.פי.פיש האוס,IL,אס.פי.פיש האוס,קילוגרמים,1.00,"ק""ג",true,,50.00,50.0000,true,1,17873
7290002277248,false,מון בלאן זעתר,שלושת האופים,IL,מון בלאן,גרמים,120.00,100 גרם,false,,8.90,0.0742,true,1,39902
7290002278528,false,כרית שבת כלין 2 יח',מ.א ייצור ושיווק מטל,IL,Bianco,יח',2.00,יח',false,,6.90,3.4500,true,1,38713
7290002281405,false,סלט דג סלמון 2*160 ג,ויליגר,IL,ויליגר,גרמים,320.00,100 גרם,false,,9.90,0.0309,true,1,56149
7290002281436,false,סטייק טונה בהירה,בין דין פישרי ויאטנם,CN,דלי דג,קילוגרמים,1.00,"ק""ג",true,,44.90,44.9000,true,1,68618
7290002281498,false,צהובה מגורדת ריץ 500,שלושת האופים,PL,ריץ,גרמים,500.00,100 גרם,false,,17.90,0.0358,true,1,55948
7290002291046,false,המבורגר בלדי 480 גרם,בלדי,IL,בלדי,גרמים,480.00,100 גרם,false,,22.90,0.0477,true,1,43040
7290002319016,false,אבקת אפיה עשיריות,"מיה תעשיות מזון בע""מ",IL,מיה,גרמים,100.00,100 גרם,false,,1.90,0.0190,true,1,39779
7290002319023,false,סוכר וניל עשיריות,"מיה תעשיות מזון בע""מ",IL,מיה,גרמים,100.00,100 גרם,false,,1.90,0.0190,true,1,39780
7290002319054,false,פרג טחון 100 גרם,מיה,IL,פרג טחון 100 גרם,גרמים,100.00,100 גרם,false,,4.90,0.0490,true,1,68256
7290002319061,false,קוקוס טחון 100 גרם,מיה,IL,קוקוס טחון 100 גרם,גרמים,100.00,100 גרם,false,,3.70,0.0370,true,1,68257
7290002319078,false,שומשום 100 גרם,"מיה תעשיות מזון בע""מ",IL,מיה,גרמים,100.00,100 גרם,false,,2.90,0.0290,true,1,39782
7290002319115,false,חומוס גדול 500 גרם,"מיה תעשיות מזון בע""מ",IL,מיה,גרמים,500.00,100 גרם,false,,6.90,0.0138,true,1,39783
7290002319139,false,שעועית לבנה 500 גרם,"מיה תעשיות מזון בע""מ",IL,מיה,גרמים,500.00,100 גרם,false,,7.90,0.0158,true,1,42623
7290002319177,false,פופקורן 500 גרם,"מיה תעשיות מזון בע""מ",IL,מיה,גרמים,500.00,100 גרם,false,,4.90,0.0098,true,1,39785
7290002319191,false,עדשים ירוקות 500 גרם,"מיה תעשיות מזון בע""מ",IL,מיה,גרמים,500.00,100 גרם,false,,6.90,0.0138,true,1,39787
7290002319207,false,כוסמת 500 גרם,"מיה תעשיות מזון בע""מ",IL,מיה,גרמים,500.00,100 גרם,false,,5.90,0.0118,true,1,39788
7290002319375,false,קורנפלור 200 גרם (חד,"מיה תעשיות מזון בע""מ",IL,מיה,גרמים,200.00,100 גרם,false,,2.90,0.0145,true,1,63511
7290002319771,false,תמצית אפיה וניל,"מיה תעשיות מזון בע""מ",IL,מיה,מיליליטרים,50.00,"100 מ""ל",false,,2.90,0.0580,true,1,39791
7290002319788,false,תמצית אפיה רום,"מיה תעשיות מזון בע""מ",IL,מיה,מיליליטרים,50.00,"100 מ""ל",false,,2.90,0.0580,true,1,39792
7290002319795,false,תמצית אפיה שקדים 60,מיה,IL,תמצית אפיה שקדים 60,מיליליטרים,60.00,"100 מ""ל",false,,3.90,0.0650,true,1,68263
7290002319825,false,אבקת סוכר 100 גרם,"מיה תעשיות מזון בע""מ",IL,מיה,גרמים,100.00,100 גרם,false,,1.90,0.0190,true,1,39793
7290002327028,false,גחנון שלושת האופים 6,אופרה,IL,אופרה,גרמים,650.00,100 גרם,false,,13.90,0.0214,true,1,39903
7290002327042,false,"בורקס תפו""א שלושת הא",אופרה,IL,אופרה,גרמים,800.00,100 גרם,false,,15.90,0.0199,true,1,39904
7290002327059,false,"בצק עלים 1 ק""ג",אופרה,IL,אופרה,קילוגרמים,1.00,"ק""ג",false,,16.90,16.9000,true,1,39905
7290002327073,false,בורקס גבינה שלושת,אופרה,IL,אופרה,גרמים,800.00,100 גרם,false,,16.90,0.0211,true,1,39907
7290002331360,false,*מבצע* נביעות ספורט,נביעות,IL,נביעות,ליטרים,3.00,ליטר,false,,12.90,4.3000,true,1,38951
7290002331421,false,נביעות שישיה 755,נביעות,IL,נביעות,ליטרים,4.53,ליטר,false,,16.90,3.7307,true,1,38952
7290002331483,false,נביעות בייבי 320 מל,נביעות,IL,נביעות,ליטרים,1.92,ליטר,false,,13.90,7.2396,true,1,38953
7290002331490,false,מים נביעות 1 ליטר,נביעות,IL,נביעות,ליטרים,1.00,ליטר,false,,2.90,2.9000,true,1,38954
7290002345015,false,סינטה דק דק אל גאוצו,טיבון ויל,IL,אל גאוצו,גרמים,250.00,100 גרם,false,,16.90,0.0676,true,1,42665
7290002345022,false,אנטריקוט דק דק 250 ג,טיבון ויל,IL,אל גאוצו,גרמים,250.00,100 גרם,false,,15.90,0.0636,true,1,42666
7290002345060,false,גבינת מאסדם הולנדי,ויזר,NL,גבינת מאסדם הולנדי,קילוגרמים,1.00,"ק""ג",true,,75.00,75.0000,true,1,36933
7290002345077,false,שניצל בקר דק 250 גרם,טיבון ויל,IL,טיבון ויל,גרמים,250.00,100 גרם,false,,14.90,0.0596,true,1,42667
7290002349914,false,מטליות מיקרופייבר יו,,IL,מטליות מיקרופייבר יו,יח',5.00,יח',false,,5.90,1.1800,true,1,85277
7290002349921,false,מטליות מיקרופייבר לר,,IL,מטליות מיקרופייבר לר,יח',2.00,יח',false,,12.90,6.4500,true,1,85272
7290002349938,false,מטליות מיקרופייבר מק,,IL,מטליות מיקרופייבר מק,יח',5.00,יח',false,,11.90,2.3800,true,1,85274
7290002349945,false,כריות יפניות יוחננוף,,IL,כריות יפניות יוחננוף,יח',12.00,יח',false,,11.90,0.9917,true,1,85273
7290002349969,false,כריות קרצוף ללכלוך ק,,IL,כריות קרצוף ללכלוך ק,יח',3.00,יח',false,,6.90,2.3000,true,1,85275
7290002349983,false,מטליות רצפה מיקרופיי,,IL,מטליות רצפה מיקרופיי,יח',3.00,יח',false,,12.90,4.3000,true,1,85276
7290002353836,false,סרדין רוברט בשמן זית,רמירז,PT,סרדין רוברט,גרמים,140.00,100 גרם,false,,8.90,0.0636,true,1,39908
7290002360124,false,*מבצע* פומפדור חליטת,TEEKANNE- POMPADOU,DE,פומפדור,גרמים,30.00,100 גרם,false,,10.90,0.3633,true,1,40927
7290002360155,false,*מבצע* פומפדור חליטת,TEEKANNE- POMPADOU,DE,פומפדור,גרמים,30.00,100 גרם,false,,10.90,0.3633,true,1,40928
7290002360285,false,*מבצע* פומפדור חליטת,TEEKANNE- POMPADOU,DE,פומפדור,גרמים,30.00,100 גרם,false,,10.90,0.3633,true,1,40932
7290002370123,false,*מבצע* גבינת עיזים ר,פסטור,ES,וילי פוד,קילוגרמים,1.00,"ק""ג",true,,80.00,80.0000,true,1,36153
7290002370253,false,*מבצע* גבינה גורגונז,איגור SRL,IT,say cheese,קילוגרמים,1.00,"ק""ג",true,,100.00,100.0000,true,1,41447
7290002370420,false,גבינת גאודה - הולנד,אמלטי,NL,וילי פוד,קילוגרמים,1.00,"ק""ג",true,,69.00,69.0000,true,1,60422
7290002370789,false,*מבצע* גבינת כבשים ע,אל פסטור,ES,*מבצע* גבינת כבשים ע,קילוגרמים,1.00,"ק""ג",true,,120.00,120.0000,true,1,71005
7290002370925,false,*מבצע* גבינת גאודה ע,רובין הולנד,NL,וילי פוד,קילוגרמים,1.00,"ק""ג",true,,90.00,90.0000,true,1,71006
7290002370994,false,*מבצע* גאודה עם פטרי,רובין הולנד,NL,*מבצע* גאודה עם פטרי,קילוגרמים,1.00,"ק""ג",true,,110.00,110.0000,true,1,71007
7290002371533,false,סלסולי פסטרמה דבש 12,טירת- צבי,IL,טירת- צבי,גרמים,120.00,100 גרם,false,,12.90,0.1075,true,1,41155
7290002371540,false,קורנדביף 120 גרם,טירת- צבי,IL,טירת- צבי,גרמים,120.00,100 גרם,false,,12.90,0.1075,true,1,41156
7290002371571,false,פסטרמה פרגית לבאגט,טירת- צבי,IL,טירת- צבי,קילוגרמים,1.00,"ק""ג",true,,79.00,79.0000,true,1,16704
7290002371854,false,נקניקיות חריפות טירת,טירת- צבי,IL,טירת- צבי,קילוגרמים,1.00,"ק""ג",false,,22.90,22.9000,true,1,41157
7290002374268,false,שמן חמניות מילומור,סוגת,IL,שמן חמניות מילומור,ליטרים,1.00,ליטר,false,,10.90,10.9000,true,1,69230
7290002374312,true,"שמן קנולה ""מילומור""",שמן תעשיות,IL,עץ הזית,ליטרים,1.00,ליטר,false,,10.90,10.9000,true,1,40419
7290002374640,false,שמן קנולה בריאות מהט,שמן תעשיות,IL,עץ הזית,ליטרים,1.00,ליטר,false,,16.50,16.5000,true,1,40421
7290002381808,false,נר נשמה 24 שעות בפח,,,נר נשמה 24 שעות בפח,יחידה,0.00,יחידה,false,,2.00,0.0000,true,1,81232
7290002385127,false,לאבנה שמן זית וזעתר,מחלבות גד,IL,מחלבות גד,קילוגרמים,1.00,"ק""ג",true,,41.00,41.0000,true,1,12365
7290002385196,false,גבינה כחולה גלגל 29%,מחלבות גד,IL,מחלבות גד,קילוגרמים,1.00,"ק""ג",true,,129.00,129.0000,true,1,26884
7290002385431,false,בולגרית מסורתית 16%,דשן,IL,מחלבות גד,קילוגרמים,1.00,"ק""ג",true,,56.00,56.0000,true,1,12368
7290002385455,false,בולגרית מעודנת 24% מ,דשן,IL,מחלבות גד,קילוגרמים,1.00,"ק""ג",true,,61.00,61.0000,true,1,12369
7290002385486,false,גבינת שמנת טבעית 30%,מחלבות גד,IL,מחלבות גד,קילוגרמים,1.00,"ק""ג",true,,45.00,45.0000,true,1,12370
7290002385493,false,גבינת שמנת זיתים 30%,מחלבות גד,IL,מחלבות גד,קילוגרמים,1.00,"ק""ג",true,,45.00,45.0000,true,1,12371
7290002385509,false,גבינת שמנת שום שמיר,מחלבות גד,IL,מחלבות גד,קילוגרמים,1.00,"ק""ג",true,,45.00,45.0000,true,1,12372
7290002385738,false,מנצ'גו משולשים 34%,גדישון,IL,מחלבות גד,קילוגרמים,1.00,"ק""ג",true,,135.00,135.0000,true,1,51456
7290002385745,false,פקורינו משולשים מהדר,גדישון,IL,מחלבות גד,קילוגרמים,1.00,"ק""ג",true,,130.00,130.0000,true,1,51457
7290002404583,false,*מבצע* יין קברנה ברא,,,*מבצע* יין קברנה ברא,מיליליטרים,750.00,"100 מ""ל",false,,32.90,0.0439,true,1,42463
7290002404606,false,*מבצע* יין שיראז ברא,יקבי ארזה,IL,ארזה,מיליליטרים,750.00,"100 מ""ל",false,,32.90,0.0439,true,1,42465
7290002404613,false,*מבצע* יין וירטואוז,יקבי ארזה,IL,ארזה,מיליליטרים,750.00,"100 מ""ל",false,,42.90,0.0572,true,1,42466
7290002404958,false,*מבצע* יין גנוסר 1 ל,יקבי ארזה,IL,גנוסר,ליטרים,1.00,ליטר,false,,15.90,15.9000,true,1,42471
7290002410713,false,קישקע 500 גרם,מעדני הטלה,IL,מעדני הטלה,גרמים,500.00,100 גרם,false,,9.90,0.0198,true,1,42080
7290002410874,false,רבעי פרגיות ממולאות,מעדני הטלה,IL,מעדני הטלה,קילוגרמים,1.00,"ק""ג",true,,49.90,49.9000,true,1,50339
7290002461562,false,נקניקיות מיני מרגז 5,מעדני הטלה,IL,מעדני הטלה,גרמים,500.00,100 גרם,false,,24.90,0.0498,true,1,38753
7290002479109,false,"דבש 1 ק""ג עמק חפר",מכוורת עמק חפר,IL,"דבש 1 ק""ג עמק חפר",גרמים,1000.00,100 גרם,false,,39.90,0.0399,true,1,60454
7290002479352,false,דבש 350 גר עמק חפר,מכוורת עמק חפר,IL,דבש 350 גר עמק חפר,גרמים,350.00,100 גרם,false,,15.90,0.0454,true,1,60455
7290002479925,false,דבש לחיץ 350 גרם עמק,מכוורת עמק חפר,IL,דבש לחיץ 350 גרם עמק,גרמים,350.00,100 גרם,false,,16.90,0.0483,true,1,42735
7290002485025,false,חומוס מסעדות 500,"סלטי שמיר 2006 בע""מ",IL,סלטי שמיר,גרמים,500.00,100 גרם,false,,13.90,0.0278,true,1,40400
7290002485049,false,חומוס מסבחה 500,"סלטי שמיר 2006 בע""מ",IL,סלטי שמיר,גרמים,500.00,100 גרם,false,,13.90,0.0278,true,1,40402
7290002485063,false,חומוס אבו גוש 500,"סלטי שמיר 2006 בע""מ",IL,סלטי שמיר,גרמים,500.00,100 גרם,false,,13.90,0.0278,true,1,40404
7290002487364,false,בורקס פילו גבינה וזי,שגמור,IL,שגמור,גרמים,700.00,100 גרם,false,,16.90,0.0241,true,1,39915
7290002507604,false,פיצת השף-שגב 320 גרם,שלושת האופים,IL,שלושת האופים,גרמים,320.00,100 גרם,false,,12.90,0.0403,true,1,39922
7290002511229,false,*מבצע* בולגרית מעודנ,"מחלבת המושבה בע""מ",IL,מחלבת המושבה,קילוגרמים,1.00,"ק""ג",true,,40.00,40.0000,true,1,52485
7290002511236,false,*מבצע* בולגרית מעודנ,"מחלבת המושבה בע""מ",IL,מחלבת המושבה,קילוגרמים,1.00,"ק""ג",true,,40.00,40.0000,true,1,49377
7290002511243,false,בולגרית 16%,"מחלבת המושבה בע""מ",IL,מחלבת המושבה,קילוגרמים,1.00,"ק""ג",true,,45.00,45.0000,true,1,17820
7290002511250,false,ג. שמנת שמיר 30%,"מחלבת המושבה בע""מ",IL,מחלבת המושבה,קילוגרמים,1.00,"ק""ג",true,,39.00,39.0000,true,1,17821
7290002511267,false,ג. שמנת פסטו 30%,"מחלבת המושבה בע""מ",IL,מחלבת המושבה,קילוגרמים,1.00,"ק""ג",true,,39.00,39.0000,true,1,17822
7290002511274,false,ג. שמנת זיתים 30%,"מחלבת המושבה בע""מ",IL,מחלבת המושבה,קילוגרמים,1.00,"ק""ג",true,,39.00,39.0000,true,1,17823
7290002511427,false,*מבצע* אצבעות שוקולד,"מחלבת המושבה בע""מ",IL,מחלבת המושבה,קילוגרמים,1.00,"ק""ג",true,,57.00,57.0000,true,1,17827
7290002512004,false,צנעני מלווח 16*900גר,צנעני מוצרי בצק,IL,צנעני,גרמים,900.00,100 גרם,false,,19.90,0.0221,true,1,38834
7290002512011,false,צנעני גחנון 15*900גר,צנעני מוצרי בצק,IL,צנעני,גרמים,900.00,100 גרם,false,,19.90,0.0221,true,1,38835
7290002512035,false,צנעני בצק עלים 1 קג,צנעני מוצרי בצק,IL,צנעני,קילוגרמים,1.00,"ק""ג",false,,17.90,17.9000,true,1,38836
7290002512509,false,מלוואח אלפא 700 גרם,,,מלוואח אלפא 700 גרם,גרמים,700.00,100 גרם,false,,9.90,0.0141,true,1,42183
7290002512554,false,גחנון אלפא 700 גרם,,,גחנון אלפא 700 גרם,גרמים,700.00,100 גרם,false,,9.90,0.0141,true,1,42184
7290002515333,false,"קמיל אל סבון 500 מ""ל","ד""ר פישר",IL,קמיל בלו סנסיטיב,מיליליטרים,500.00,"100 מ""ל",false,,17.90,0.0358,true,1,39799
7290002515371,false,*מבצע* קמיל בלו 1 לי,"ד""ר פישר",IL,קמיל בלו,ליטרים,1.00,ליטר,false,,21.90,21.9000,true,1,39800
7290002517108,false,אורגנו 10 גרם,"תבליני טעם וריח בע""מ",IL,"תבליני טעם וריח בע""מ",גרמים,10.00,100 גרם,false,,6.90,0.6900,true,1,41039
7290002517290,false,קינמון טחון 40 גרם,"תבליני טעם וריח בע""מ",IL,"תבליני טעם וריח בע""מ",גרמים,40.00,100 גרם,false,,6.90,0.1725,true,1,41041
7290002517337,false,אורגנו שקית 20 גרם,"תבליני טעם וריח בע""מ",IL,"תבליני טעם וריח בע""מ",גרמים,20.00,100 גרם,false,,5.90,0.2950,true,1,41042
7290002517375,false,בזיליקום שקית 30 גרם,"תבליני טעם וריח בע""מ",IL,"תבליני טעם וריח בע""מ",גרמים,30.00,100 גרם,false,,5.90,0.1967,true,1,41043
7290002517726,false,מקל קינמון 15 גרם,"תבליני טעם וריח בע""מ",IL,"תבליני טעם וריח בע""מ",גרמים,15.00,100 גרם,false,,6.90,0.4600,true,1,41052
7290002517801,false,צ'ילי גרוס חריף 30 ג,"תבליני טעם וריח בע""מ",IL,"תבליני טעם וריח בע""מ",גרמים,30.00,100 גרם,false,,6.90,0.2300,true,1,41054
7290002517825,false,פלפל לבן טחון 40 גרם,"תבליני טעם וריח בע""מ",IL,"תבליני טעם וריח בע""מ",גרמים,40.00,100 גרם,false,,8.90,0.2225,true,1,43184
7290002517863,false,ציפורן טחון 40 גרם,"תבליני טעם וריח בע""מ",IL,"תבליני טעם וריח בע""מ",גרמים,40.00,100 גרם,false,,9.90,0.2475,true,1,41057
7290002542780,false,שישיית בירה סטלה 330,,,שישיית בירה סטלה 330,ליטרים,1.98,ליטר,false,,34.90,17.6263,true,1,68567
7290002542865,false,שישיית בירה הוגרדן,,BE,שישיית בירה הוגרדן,ליטרים,1.98,ליטר,false,,49.90,25.2020,true,1,68574
7290002543237,false,קלוגס קורנפלקס 750 ג,חברת קלוגס גרמניה,DE,קלוגס,גרמים,750.00,100 גרם,false,,13.90,0.0185,true,1,41075
7290002560333,false,שקיות אוכל מארז שלשה,,,שקיות אוכל מארז שלשה,יח,3.00,יח,false,,7.90,2.6333,true,1,60239
7290002596448,false,חזה בקר כבוש קפוא.,מעדני הטלה,IL,מעדני הטלה,קילוגרמים,1.00,"ק""ג",true,,39.90,39.9000,true,1,50340
7290002608509,false,לחם מחמצת זיתי קלמטה,,,לחם רוסטיק לבן,יח',1.00,יח',false,,16.90,16.9000,true,1,36064
7290002608516,false,לחם מחמצת מקמח מלא,,,לחם רוסטיק לבן,יח',1.00,יח',false,,16.90,16.9000,true,1,36065
7290002608523,false,לחם מחמצת כוסמין,,,לחם רוסטיק לבן,יח',1.00,יח',false,,16.90,16.9000,true,1,36066
7290002627098,false,פיצה ביס שלושת האופי,שגמור,IL,פיצה ביס שלושת האופי,גרמים,350.00,100 גרם,false,,12.90,0.0369,true,1,69460
7290002627753,false,*מבצע* פיצה זוג יוחנ,סוילה אס.אר.אל ויטו,IT,יוחננוף,גרמים,640.00,100 גרם,false,,19.90,0.0311,true,1,64685
7290002628309,false,לשון בקר חלק קפוא,JBS S.A,BR,בלדי,קילוגרמים,1.00,"ק""ג",true,,29.90,29.9000,true,1,85695
7290002651116,false,גחנון חמסי 1 קג לא א,חמסי,IL,חמסי,קילוגרמים,1.00,"ק""ג",false,,15.90,15.9000,true,1,38755
7290002651123,false,מלאווח חמסי 1 קג,חמסי,IL,חמסי,קילוגרמים,1.00,"ק""ג",false,,15.90,15.9000,true,1,38756
7290002651253,false,גחנון אפוי חמסי 600,חמסי,IL,חמסי,גרמים,600.00,100 גרם,false,,15.90,0.0265,true,1,38757
7290002657866,false,פילה אמנון קפוא  5-7,מאומינג שינזי,CN,נטו,קילוגרמים,1.00,"ק""ג",true,,24.90,24.9000,true,1,63148
7290002674221,false,משחת שיניים אקווה פר,גלקסוסמיתקליין,GB,אקווה פרש,מיליליטרים,100.00,"100 מ""ל",false,,11.90,0.1190,true,1,39286
7290002692393,false,"שמן קנולה מועשר ""עץ",שמן תעשיות,IL,עץ הזית,ליטרים,1.00,ליטר,false,,15.90,15.9000,true,1,40422
7290002692768,false,"תרסיס שמן קנולה  ""עץ",שמן תעשיות,IL,עץ הזית,מיליליטרים,200.00,"100 מ""ל",false,,15.90,0.0795,true,1,40426
7290002692782,false,תרסיס שמן זית ללא תו,שמן תעשיות,IL,עץ הזית,מיליליטרים,200.00,"100 מ""ל",false,,15.90,0.0795,true,1,40427
7290002695028,false,סטייק עוף.,כל הבשר,IL,כל הבשר,קילוגרמים,1.00,"ק""ג",true,,21.90,21.9000,true,1,51288
7290002695127,false,טחון הודו זוגות,כל הבשר,IL,כל הבשר,קילוגרמים,1.00,"ק""ג",false,,14.90,14.9000,true,1,42519
7290002695295,false,זוג טחון בקר חלק 2*5,כל הבשר,IL,כל הבשר,קילוגרמים,1.00,"ק""ג",false,,29.90,29.9000,true,1,42527
7290002695448,false,סטייק אנטריקוט מעובד,כל הבשר,IL,כל הבשר,קילוגרמים,1.00,"ק""ג",true,,39.90,39.9000,true,1,51291
7290002695608,false,טחון בקר זוגות 2*500,כל הבשר,IL,כל הבשר,קילוגרמים,1.00,"ק""ג",false,,25.90,25.9000,true,1,42534
7290002695684,false,גולש בקר במגש .,כל הבשר,IL,כל הבשר,קילוגרמים,1.00,"ק""ג",true,,33.90,33.9000,true,1,51295
7290002695752,false,טחון עוף זוגות,כל הבשר,IL,כל השר,קילוגרמים,1.00,"ק""ג",false,,14.90,14.9000,true,1,42538
7290002695813,false,בשר מס 5 חלק קפוא מע,כל הבשר,IL,כל הבשר,קילוגרמים,1.00,"ק""ג",true,,39.90,39.9000,true,1,51297
7290002715504,false,מגיק בכוס טעם עוף,ויינברג,SG,מג'יק,גרמים,70.00,100 גרם,false,,4.50,0.0643,true,1,39933
7290002715511,false,מגיק בכוס בשר,ויינברג,SG,מג'יק,גרמים,70.00,100 גרם,false,,4.50,0.0643,true,1,39934
7290002715528,false,מגיק בכוס ירקות,ויינברג,SG,מג'יק,גרמים,70.00,100 גרם,false,,4.50,0.0643,true,1,39935
7290002715580,false,מגיק בכוס סיני,ויינברג,SG,מג'יק,גרמים,70.00,100 גרם,false,,4.50,0.0643,true,1,39936
7290002730262,false,*מבצע* פלמוליב כלים,Colgate - Greece,GR,פלמוליב  כלים,מיליליטרים,750.00,"100 מ""ל",false,,8.90,0.0119,true,1,40936
7290002730811,false,קולגייט אדומה ג'ל פס,CP-Poland swidnica,PL,קולגייט,מיליליטרים,100.00,"100 מ""ל",false,,11.90,0.1190,true,1,40942
7290002730958,false,*מבצע* פלמוליב סבון,CP - Turkey+60,TR,פלמוליב סבון,גרמים,400.00,100 גרם,false,,9.90,0.0248,true,1,40945
7290002735014,false,מלאווח 600 גרם,יינון,IL,יינון,גרמים,750.00,100 גרם,false,,13.90,0.0185,true,1,41795
7290002735021,false,ג'חנון 750 גרם,יינון,IL,יינון,גרמים,750.00,100 גרם,false,,13.90,0.0185,true,1,41796
7290002735274,false,ג'חנון אפוי למיקרוגל,יינון,IL,יינון,גרמים,600.00,100 גרם,false,,16.90,0.0282,true,1,41801
7290002750383,false,לחם מחמצת טוסקני כפר,,,לחם טוסקאני כפרי עגול,יח',1.00,יח',false,,16.90,16.9000,true,1,19895
7290002750963,false,באגט רוסטיק,,,בגט רוסטיק,יח',1.00,יח',false,,7.90,7.9000,true,1,19903
7290002752332,false,מנטוס פירות,פרפטי ואן מלה,NL,מנטוס,גרמים,37.50,100 גרם,false,,2.90,0.0773,true,1,39716
7290002752349,false,גליל מנטוס סוכריות ל,פרפטי ואן מלה,NL,מנטוס,גרמים,37.50,100 גרם,false,,2.90,0.0773,true,1,39717
7290002752493,false,טיק טק  מנטה רביעייה,פררו,EC,פררו,גרמים,64.00,100 גרם,false,,9.90,0.1547,true,1,41328
7290002753223,false,טיק טק תפוז רביעיה,פררו,EC,פררו,גרמים,64.00,100 גרם,false,,9.90,0.1547,true,1,43460
7290002753995,false,קישוטי עוגה,וורנר,DE,וורנר,גרמים,150.00,100 גרם,false,,15.90,0.1060,true,1,39718
7290002757139,false,מלאווח 700 גרם שלושת,אופרה,IL,אופרה,גרמים,700.00,100 גרם,false,,11.90,0.0170,true,1,39939
7290002757146,false,קובה חמוסטה למרק 1 ק,,IL,שלושת האופים,קילוגרמים,1.00,"ק""ג",false,,17.90,17.9000,true,1,66724
7290002757511,false,קציצות דג לבישול 750,דלידג,IL,דלידג,גרמים,750.00,100 גרם,false,,24.90,0.0332,true,1,39940
7290002757535,false,בורקס פילו אצבעות גב,שגמור,IL,שגמור,גרמים,700.00,100 גרם,false,,16.90,0.0241,true,1,39942
7290002766056,false,שרי תמר וויטני,,,שרי תמר וויטני,יח',1.00,יח',false,,8.90,8.9000,true,1,27698
7290002768074,false,דרמפון גדול,"אמיליה קוסמטיקס בע""מ",IL,דרמפון,ליטרים,1.00,ליטר,false,,17.90,17.9000,true,1,39093
7290002768159,false,בת אורן סבון נוז,"אמיליה קוסמטיקס בע""מ",IL,בת אורן,מיליליטרים,500.00,"100 מ""ל",false,,17.90,0.0358,true,1,39094
7290002769996,false,עוגת קראנץ 500 גרם,ר.כ עוגיות הזהב,IL,עוגת קראנץ 500 גרם,גרמים,500.00,100 גרם,false,,14.90,0.0298,true,1,41135
7290002771104,false,קפה קלוי וטחון עם הל,,,קפה אלנחלה הל 500 גרם,גרמים,500.00,100 גרם,false,,29.90,0.0598,true,1,38219
7290002771111,false,קפה קלוי וטחון עם הל,,,קפה אלנחלה הל 250 גרם,גרמים,250.00,100 גרם,false,,15.90,0.0636,true,1,38220
7290002771128,false,קפה קלוי וטחון בלי ה,,,קפה אלנחלה 250 גרם,גרמים,250.00,100 גרם,false,,15.90,0.0636,true,1,38221
7290002782131,false,*מבצע* דאודורנט ספרי,ביסקול,IL,פנינה רוזנבלום בע'מ,מיליליטרים,150.00,"100 מ""ל",false,,19.90,0.1327,true,1,40200
7290002782735,false,דאודורנט ספריי לגבר,ביסקול,IL,פנינה רוזנבלום בע'מ,מיליליטרים,150.00,"100 מ""ל",false,,17.90,0.1193,true,1,40201
7290002793311,false,שירות והחלפה מילוי ג,סודה סטרים,IL,סודה סטרים,יח',1.00,יח',false,,56.90,56.9000,true,1,40026
7290002814016,false,מסיר שומנים קר מתז 7,"קומפלקס כימיקלים בע""",IL,סנט מוריץ,מיליליטרים,750.00,"100 מ""ל",false,,12.90,0.0172,true,1,39310
7290002814023,false,מבהיק אסלות אסלונית,"קומפלקס כימיקלים בע""",IL,סנט מוריץ,מיליליטרים,750.00,"100 מ""ל",false,,4.90,0.0065,true,1,39311
7290002814054,false,מתז אנטרטיק מתז 1 לי,"קומפלקס כימיקלים בע""",IL,סנט מוריץ,ליטרים,1.00,ליטר,false,,9.90,9.9000,true,1,57376
7290002814078,false,אנטרטיק 1 ליטר צילינ,"קומפלקס כימיקלים בע""",IL,סנט מוריץ,ליטרים,1.00,ליטר,false,,4.90,4.9000,true,1,39313
7290002814306,false,כדוריות סבון אסלה עם,,TR,כדוריות סבון אסלה עם,יח',3.00,יח',false,,9.90,3.3000,true,1,87149
7290002814528,false,אסלות 1 ליטר צילינדר,"קומפלקס כימיקלים בע""",IL,סנט מוריץ,ליטרים,1.00,ליטר,false,,4.90,4.9000,true,1,39317
7290002814580,false,טורנדו גרגירים לפתיח,"קומפלקס כימיקלים בע""",IL,טורנדו,גרמים,200.00,100 גרם,false,,9.90,0.0495,true,1,39318
7290002814603,false,מסיר שומנים קר מבושם,"קומפלקס כימיקלים בע""",IL,סנט מוריץ,מיליליטרים,750.00,"100 מ""ל",false,,9.90,0.0132,true,1,34839
7290002814795,false,כדוריות סבון אסלה לי,,TR,כדוריות סבון אסלה לי,יח',3.00,יח',false,,9.90,3.3000,true,1,87150
7290002814801,false,כדוריות סבון אסלה פר,,TR,כדוריות סבון אסלה פר,יח',3.00,יח',false,,9.90,3.3000,true,1,87151
7290002814818,false,כדוריות סבון אסלה עם,,TR,כדוריות סבון אסלה עם,יח',3.00,יח',false,,9.90,3.3000,true,1,87152
7290002814825,false,סבון אסלה כדוריות של,"קומפלקס כימיקלים בע""",,סבון אסלה כדוריות של,יח,3.00,יח,false,,9.90,3.3000,true,1,65749
7290002814917,false,נוזל רצפות 4 ליטר,,,נוזל רצפות 4 ליטר,ליטרים,4.00,ליטר,false,,9.90,2.4750,true,1,39321
7290002814931,false,רצפות 4 ליטר בניחוח,"קומפלקס כימיקלים בע""",IL,סנט מוריץ,ליטרים,4.00,ליטר,false,,9.90,2.4750,true,1,39322
7290002824183,false,סקי 500 גרם 5%,שטראוס גרופ,IL,שטראוס,גרמים,500.00,100 גרם,false,,9.30,0.0186,true,1,40335
7290002824466,false,דנונה ביו  0% 200 גר,שטראוס גרופ,IL,שטראוס,מיליליטרים,200.00,"100 מ""ל",false,,3.50,0.0175,true,1,40336
7290002824640,false,סקי 5% 250 גרם,שטראוס גרופ,IL,שטראוס,גרמים,250.00,100 גרם,false,,4.95,0.0198,true,1,40337
7290002825722,false,כרוב אדום 500,שטראוס גרופ,IL,שטראוס,גרמים,500.00,100 גרם,false,,13.90,0.0278,true,1,40338
7290002842002,false,קוואקר אנגלי פח 500,מורנינג פוד,GB,מורפלקס,גרמים,500.00,100 גרם,false,,9.90,0.0198,true,1,40213
7290002862222,false,פירורי לחם לבנים 1 ק,,,פירורי לחם לבנים 1 ק,יח',1.00,יח',false,,9.90,9.9000,true,1,43620
7290002862444,false,פירורי לחם מוזהבים 1,,,פירורי לחם מוזהב 800ג,קילוגרמים,1.00,"ק""ג",false,,9.90,9.9000,true,1,43624
7290002862482,false,פירורי לחם מתובלים ק,,,פירורי לחם מתובלים 500ג,גרמים,500.00,100 גרם,false,,7.90,0.0158,true,1,43625
7290002868996,false,קוטג' 5% 250 גרם נעם,טרה,IL,טרה,גרמים,250.00,100 גרם,false,,5.30,0.0212,true,1,40292
7290002871248,false,טובורג חוזר,קרלסברג ישראל,IL,טובורג,מיליליטרים,500.00,"100 מ""ל",false,,7.90,0.0158,true,1,38958
7290002871361,false,קרלסברג חוזר,קרלסברג ישראל,IL,קרלסברג,מיליליטרים,500.00,"100 מ""ל",false,,7.90,0.0158,true,1,38959
7290002879633,false,וופל בלגי 550 גרם,אן.וי ביסקוויטרי טיז,BE,וופל בלגי 550 גרם,גרמים,550.00,100 גרם,false,,21.90,0.0398,true,1,68063
7290002881209,false,*מבצע* רסק תפוחי עץ,,,רסק תפוחי עץ,גרמים,720.00,100 גרם,false,,9.90,0.0138,true,1,40877
7290002881216,false,*מבצע* רסק תפוחי עץ,,,רסק תפוחי עץ,גרמים,700.00,100 גרם,false,,9.90,0.0141,true,1,40878
7290002881230,false,אננס חתוך 820 גרם,"אניס פארם בע""מ",VN,אננס חתוך 820 גרם,גרמים,820.00,100 גרם,false,,7.50,0.0091,true,1,64833
7290002881247,false,אננס פרוס 820 גרם,"אניס פארם בע""מ",VN,אננס פרוס 820 גרם,גרמים,820.00,100 גרם,false,,8.90,0.0109,true,1,64834
7290002881254,false,קוקטייל פירות 820 גר,סאן רייז,TH,תומר,גרמים,820.00,100 גרם,false,,9.90,0.0121,true,1,42968
7290002881261,false,ליצ'י שלם 565 גרם,תומר,CN,תומר,גרמים,565.00,100 גרם,false,,8.90,0.0158,true,1,54821
7290002881407,false,נודלס דק 400 ג,אופאל,CN,תומר,גרמים,400.00,100 גרם,false,,7.90,0.0198,true,1,40879
7290002881414,false,נודלס עבה 400 ג,אופאל,CN,תומר,גרמים,400.00,100 גרם,false,,7.90,0.0198,true,1,40880
7290002881612,false,לפתן דובדבנים חמוצים,Fructo sliven jsc,BG,תומר,גרמים,700.00,100 גרם,false,,8.90,0.0127,true,1,42972
7290002881742,false,לבבות דקל חתוך,Inaexpo,EC,תומר,גרמים,220.00,100 גרם,false,,7.90,0.0359,true,1,40885
7290002881940,false,סרדין מרוקאי בשמן 12,,,סרדין מרוקאי בשמן 125 גרם,גרמים,125.00,100 גרם,false,,4.90,0.0392,true,1,40888
7290002881957,false,סרדין מרוקאי חריף 12,,,סרדין מרוקאי חריף 125 גרם,גרמים,125.00,100 גרם,false,,4.90,0.0392,true,1,40889
7290002900313,false,פסטרמה בסגנון ספרדי,טירת- צבי,IL,טירת- צבי,קילוגרמים,1.00,"ק""ג",true,,79.00,79.0000,true,1,16712
7290002900436,false,פסטרמה בסגנון איטלקי,טירת- צבי,IL,טירת- צבי,קילוגרמים,1.00,"ק""ג",true,,79.00,79.0000,true,1,16713
7290002909569,false,פילה ברבוניה 400 גרם,טאנ-היי,,פילה ברבוניה 400 גרם,גרמים,400.00,100 גרם,false,,24.90,0.0622,true,1,43054
7290002909804,false,פילה מרלוזה ללא עור,אל מאריסקו,AR,בלדי,קילוגרמים,1.00,"ק""ג",true,,29.90,29.9000,true,1,49380
7290002909880,false,פולי סויה -אדממה 400,ZHEJIANG,CN,בלדי,גרמים,400.00,100 גרם,false,,6.90,0.0173,true,1,43058
7290002919926,false,בשר מס 4 חלק קפוא,JBS S.A,BR,בלדי,קילוגרמים,1.00,"ק""ג",true,,34.90,34.9000,true,1,84684
7290002921165,false,הזלין ספריי לניקוי ר,פריקה,DE,הזלין,מיליליטרים,400.00,"100 מ""ל",false,,37.90,0.0947,true,1,39691
7290002921240,false,קרבונה מסיר כתמים מר,קרבונה,US,קרבונה,מיליליטרים,651.00,"100 מ""ל",false,,26.90,0.0413,true,1,39692
7290002925729,false,מ.שיניים גם וגם,,,מ.שיניים גם וגם,מיליליטרים,120.00,"100 מ""ל",false,,14.90,0.1242,true,1,39096
7290002925798,false,מ.שיניים גם וגם,,,מ.שיניים גם וגם,מיליליטרים,120.00,"100 מ""ל",false,,14.90,0.1242,true,1,39097
7290002929642,false,טונה ויליגר בשמן 4*1,ויליגר,IL,ויליגר,גרמים,560.00,100 גרם,false,,19.90,0.0355,true,1,39948
7290002954040,false,שמן תירס 1 ליטר,לסיור,FR,שוקחה,ליטרים,1.00,ליטר,false,,14.90,14.9000,true,1,38133
7290002954187,false,"אורז יסמין 5 ק""ג",,,"אורז יסמין 5 ק""ג",קילוגרמים,5.00,"ק""ג",false,,39.90,7.9800,true,1,41270
7290002971955,false,קמח שטיבל 650  ל.צ.נ,טחנת קמח דגן-שטיבל,IL,קמח שטיבל 650  ל.צ.נ,קילוגרמים,1.00,"ק""ג",false,,7.90,7.9000,true,1,42333
7290002971962,false,קמח חיטה מלא % 100 ל,טחנת קמח דגן-שטיבל,IL,קמח חיטה מלא % 100 ל,קילוגרמים,1.00,"ק""ג",false,,7.90,7.9000,true,1,42334
7290002971986,false,קמח שיפון מלא  ל.צ.נ,טחנת קמח דגן-שטיבל,IL,קמח שיפון מלא  ל.צ.נ,קילוגרמים,1.00,"ק""ג",false,,7.90,7.9000,true,1,42335
7290002971993,false,קמח כוסמין מלא שטיבל,טחנת קמח דגן-שטיבל,IL,קמח כוסמין מלא שטיבל,קילוגרמים,1.00,"ק""ג",false,,12.90,12.9000,true,1,42336
7290002972006,false,קמח שטיבל  405 ל.צ.נ,טחנת קמח דגן-שטיבל,IL,קמח שטיבל  405 ל.צ.נ,קילוגרמים,1.00,"ק""ג",false,,7.90,7.9000,true,1,42337
7290002972365,false,קמח שטיבל 13 תופחל.צ,טחנת קמח דגן-שטיבל,IL,קמח שטיבל 13 תופחל.צ,קילוגרמים,1.00,"ק""ג",false,,7.90,7.9000,true,1,42338
7290002972518,false,קמח רב תכליתי 2.27 ק,טחנת קמח דגן-שטיבל,IL,קמח רב תכליתי 2.27 ק,גרמים,2270.00,100 גרם,false,,14.90,0.0066,true,1,42340
7290002973669,false,שטיבל 2 קמח לחם  ל.צ,טחנת קמח דגן-שטיבל,IL,שטיבל,קילוגרמים,1.00,"ק""ג",false,,7.90,7.9000,true,1,55082
7290002973676,false,קמח שטיבל 18 - חלה ל,טחנת קמח דגן-שטיבל,IL,שטיבל,קילוגרמים,1.00,"ק""ג",false,,7.90,7.9000,true,1,55083
7290002973829,false,קמח כוסמין לבן  ל.צ.,"שטיבל בע""מ",IL,שטיבל,קילוגרמים,1.00,"ק""ג",false,,13.90,13.9000,true,1,63795
7290002974116,false,קמח כפרי שטיבל 3 ל.צ,"שטיבל בע""מ",IL,שטיבל,קילוגרמים,1.00,"ק""ג",false,,8.90,8.9000,true,1,64086
7290002974239,false,קמח עוגות שטיבל 5 ל.,"שטיבל בע""מ",IL,שטיבל,קילוגרמים,1.00,"ק""ג",false,,7.90,7.9000,true,1,64088
7290002974314,false,קמח פיצה שטיבל 440 ל,טחנת קמח דגן-שטיבל,IL,שטיבל,קילוגרמים,1.00,"ק""ג",false,,9.90,9.9000,true,1,64241
7290002974338,false,קמח מניטובה 17.5% חל,טחנת קמח דגן-שטיבל,IL,קמח מניטובה 17.5% חל,קילוגרמים,1.00,"ק""ג",false,,11.90,11.9000,true,1,69845
7290002974352,false,קמח מלא חיטה ישראלית,טחנת קמח דגן-שטיבל,IL,קמח מלא חיטה ישראלית,קילוגרמים,1.00,"ק""ג",false,,8.50,8.5000,true,1,69846
7290002986294,false,פתיבר גמבו 600 גרם,,,פתיבר גמבו 600 גרם,גרמים,600.00,100 גרם,false,,10.90,0.0182,true,1,41808
7290002986300,false,פתיבר גמבו שוקו 600,,,פתיבר גמבו שוקו 600 גרם,גרמים,600.00,100 גרם,false,,10.90,0.0182,true,1,41809
7290002987963,false,חומוס אחלה 1 קג,שטראוס גרופ,IL,אחלה,קילוגרמים,1.00,"ק""ג",false,,13.90,13.9000,true,1,41480
7290003006021,false,קוביה פטה עם זיתים 2,גבינות ניצן,IL,גבינות ניצן,קילוגרמים,1.00,"ק""ג",true,,70.00,70.0000,true,1,6153
7290003006120,false,פלפל פיקנטי ממולא,גבינות ניצן,IL,גבינות ניצן,קילוגרמים,1.00,"ק""ג",true,,159.00,159.0000,true,1,6154
7290003009183,false,סירופ פריגת דיאט תפו,סירופ - גבעת חיים,IL,סירופ דיאט,מיליליטרים,750.00,"100 מ""ל",false,,21.90,0.0292,true,1,38967
7290003009312,false,בוטן קלוי 200 גרם,"ששון ושות' בע""מ",IL,קליית גת,גרמים,200.00,100 גרם,false,,6.90,0.0345,true,1,39719
7290003009329,false,בוטן אמריקאי 200 גרם,"ג'י אנד ג'י בע""מ",IL,קליית גת,גרמים,200.00,100 גרם,false,,5.90,0.0295,true,1,39720
7290003009336,false,קבוקים 200 גרם,"ג'י אנד ג'י בע""מ",IL,קליית גת,גרמים,200.00,100 גרם,false,,5.90,0.0295,true,1,39721
7290003009596,false,סירופ פריגת דיאט אשכ,סירופ - גבעת חיים,IL,סירופ דיאט,מיליליטרים,750.00,"100 מ""ל",false,,21.90,0.0292,true,1,38969
7290003009640,false,סחוט תפוז 1 ליטר,פריגת מצוננים,IL,סחוט טבעי,ליטרים,1.00,ליטר,false,,15.90,15.9000,true,1,40293
7290003013128,false,פתיל צף מתומן גדול,,,פתיל צף מתומן גדול,יח',1.00,יח',false,,3.90,3.9000,true,1,43426
7290003015627,false,*מבצע* ריצפז פרש 2 ל,סנו,IL,ריצפז,ליטרים,2.00,ליטר,false,,14.90,7.4500,true,1,39100
7290003015634,false,*מבצע* ריצפז פרש 2,סנו,IL,ריצפז,ליטרים,2.00,ליטר,false,,14.90,7.4500,true,1,39101
7290003015641,false,*מבצע* ריצפז פרש 2 ל,סנו,IL,ריצפז,ליטרים,2.00,ליטר,false,,14.90,7.4500,true,1,39102
7290003023196,false,מוקה יוטבתה,שטראוס גרופ,IL,יטבתה,מיליליטרים,225.00,"100 מ""ל",false,,2.90,0.0129,true,1,40340
7290003026029,false,קמיל בלו סנסיטיב 500,"ד""ר פישר",IL,קמיל בלו סנסיטיב,גרמים,500.00,100 גרם,false,,17.90,0.0358,true,1,39801
7290003026036,false,*מבצע* קמיל פלוס 1 ל,"ד""ר פישר",IL,קמיל בלו סנסיטיב,ליטרים,1.00,ליטר,false,,24.90,24.9000,true,1,39802
7290003026227,false,*מבצע* קמיל אלדמע 1,"ד""ר פישר",IL,קמיל בלו סנסיטיב,ליטרים,1.00,ליטר,false,,24.90,24.9000,true,1,39803
7290003026234,false,*מבצע* קמיל בלו תחלי,"ד""ר פישר",IL,קמיל בלו סנסיטיב,מיליליטרים,500.00,"100 מ""ל",false,,19.90,0.0398,true,1,39804
7290003026319,false,*מבצע* משחה לתינוק ק,"ד""ר פישר",IL,קמיל בלו סנסיטיב,גרמים,120.00,100 גרם,false,,14.90,0.1242,true,1,42632
7290003029181,false,שוקו 1 ליטר,שטראוס גרופ,IL,יטבתה,ליטרים,1.00,ליטר,false,,11.90,11.9000,true,1,40342
7290003029372,false,בננה 1 ליטר,שטראוס גרופ,IL,יטבתה,ליטרים,1.00,ליטר,false,,11.90,11.9000,true,1,40344
7290003029389,false,"בננה פקק 250 מ""ל",שטראוס גרופ,IL,יטבתה,מיליליטרים,250.00,"100 מ""ל",false,,5.50,0.0220,true,1,40345
7290003029433,false,"שוקו פקק 250 מ""ל",שטראוס גרופ,IL,יטבתה,מיליליטרים,250.00,"100 מ""ל",false,,5.50,0.0220,true,1,40346
7290003029532,false,מוקה 1 ליטר,שטראוס גרופ,IL,יטבתה,ליטרים,1.00,ליטר,false,,11.90,11.9000,true,1,40347
7290003029792,false,מארז 8 שקיות שוקו,שטראוס גרופ,IL,יטבתה,ליטרים,1.80,ליטר,false,,18.90,10.5000,true,1,40349
7290003029815,false,חלב 3% בקבוק 2 ליטר,שטראוס גרופ,IL,יטבתה,ליטרים,2.00,ליטר,false,,14.90,7.4500,true,1,40350
7290003029907,false,אייס קפה 1 ליטר,שטראוס גרופ,IL,יטבתה,ליטרים,1.00,ליטר,false,,11.90,11.9000,true,1,40352
7290003031702,false,"נקניקיות הודו 1 ק""ג",טירת- צבי,IL,טירת צבי,קילוגרמים,1.00,"ק""ג",false,,24.90,24.9000,true,1,43338
7290003031740,false,*מבצע* פסטרמה בדבש מ,טירת- צבי,IL,טירת צבי,גרמים,400.00,100 גרם,false,,24.90,0.0622,true,1,41162
7290003031788,false,*מבצע* פסטרמה+סלמי מ,טירת- צבי,IL,טירת צבי,גרמים,800.00,100 גרם,false,,24.90,0.0311,true,1,43339
7290003054657,false,חרדל דיז'ון אקסטרא פ,REINE DE DIJON S.A,FR,ריין דיז'ון,גרמים,370.00,100 גרם,false,,9.90,0.0268,true,1,41079
7290003055050,false,"מ.אף ""סיון 150"" דף ר",חי,IL,סיון,יח',150.00,יח',false,,4.90,0.0327,true,1,42366
7290003055081,false,טישו סיון נילון 100,חי,IL,סיון,יח',100.00,יח',false,,2.90,0.0290,true,1,42368
7290003055197,false,מפיון דיספנסר 40X100,חי,IL,חי,יח',100.00,יח',false,,2.90,0.0290,true,1,42371
7290003055548,false,טישו  פיור שביעיה,חי,IL,פיור,יח',7.00,יח',false,,13.90,1.9857,true,1,42376
7290003069682,false,בצק פילאס 500 גרם,שגמור,IL,שגמור,גרמים,500.00,100 גרם,false,,16.90,0.0338,true,1,39950
7290003072606,false,נקניקיות עוף מיני 35,טירת- צבי,IL,טירת- צבי,גרמים,350.00,100 גרם,false,,10.90,0.0311,true,1,81181
7290003072804,false,*מבצע* פסטרמה של פעם,טירת- צבי,IL,טירת צבי,גרמים,200.00,100 גרם,false,,17.90,0.0895,true,1,58603
7290003072811,false,*מבצע* נקניקיות בראט,טירת- צבי,IL,טירת צבי,גרמים,320.00,100 גרם,false,,17.90,0.0559,true,1,58604
7290003072859,false,רוסטביף 120 גרם,טירת- צבי,IL,טירת- צבי,גרמים,120.00,100 גרם,false,,23.90,0.1992,true,1,60005
7290003072965,false,קבנוס חריף מעושן 120,טירת- צבי,IL,טירת- צבי,גרמים,120.00,100 גרם,false,,9.90,0.0825,true,1,81153
7290003072972,false,קבנוס בתיבול שום 120,טירת- צבי,IL,טירת- צבי,גרמים,120.00,100 גרם,false,,9.90,0.0825,true,1,81154
7290003075102,false,"לבנה 1ק""ג בגביע",,,"לבנה 1ק""ג בגביע",קילוגרמים,1.00,"ק""ג",false,,34.90,34.9000,true,1,41722
7290003075553,false,לבנה 500 גרם,,,לבנה 500 גרם,גרמים,500.00,100 גרם,false,,19.90,0.0398,true,1,38258
7290003075850,false,לבנה זעתר 250 גרם,,,לבנה זעתר 250 גרם,גרמים,250.00,100 גרם,false,,11.90,0.0476,true,1,38260
7290003102136,false,צמר גפן COTTON SOFT,A.P. Ltd,TR,כוטון סופט,גרמים,100.00,100 גרם,false,,4.50,0.0450,true,1,38696
7290003102280,false,צימרוני שסתום לתינוק,,,צמרוני אוזניים לתינוק 55,יח',55.00,יח',false,,3.50,0.0636,true,1,38697
7290003102587,false,מברשת לבקבוק+מברשת ל,N.L. Product,CN,טוליפס,יח',1.00,יח',false,,6.90,6.9000,true,1,38698
7290003102891,false,שקיות צליה הוסטס 10י,B.P. Ltd,TR,הוסטס,יח',10.00,יח',false,,3.50,0.3500,true,1,38699
7290003102976,false,צימרוני אוז' פל' בקו,S.T.O Co Ltd,CN,כוטון סופט,יח',200.00,יח',false,,3.90,0.0195,true,1,38700
7290003107148,false,קמח לבן 1 קג,טחנות קמח דגן בעמ,IL,דגן,קילוגרמים,1.00,"ק""ג",false,,3.90,3.9000,true,1,42416
7290003107216,false,קמח לבן בהיר ארוז,טחנות קמח דגן בעמ,IL,דגן,קילוגרמים,1.00,"ק""ג",false,,5.90,5.9000,true,1,39597
7290003107223,false,"סולת לנדא ארוז 1 ק""ג",טחנות קמח דגן בעמ,IL,דגן,קילוגרמים,1.00,"ק""ג",false,,6.00,6.0000,true,1,39598
7290003126712,false,יוגורט עיזים טבעי 15,מחלבת משק צוריאל,IL,משק צוריאל,גרמים,150.00,100 גרם,false,,5.80,0.0387,true,1,40294
7290003126958,false,*מבצע* טופו גולמי בו,מחלבת משק צוריאל,IL,משק צוריאל,גרמים,300.00,100 גרם,false,,9.90,0.0330,true,1,40295
7290003142361,false,פופקורן הוטפופ מתוק,פופז,US,הוטפופ,גרמים,500.00,100 גרם,false,,14.90,0.0298,true,1,85573
7290003142422,false,גרעיני חמניה ללא מלח,"ג'י אנד ג'י בע""מ",IL,קליית גת,גרמים,180.00,100 גרם,false,,5.90,0.0328,true,1,39725
7290003143139,false,סילאן 900 גרם קליית,,,סילאן 900 גרם,גרמים,900.00,100 גרם,false,,12.90,0.0143,true,1,39728
7290003143146,false,ממרח תמרים 450 גרם,,,ממרח תמרים 450 גרם,גרמים,450.00,100 גרם,false,,4.90,0.0109,true,1,39729
7290003143276,false,יוגטה מרשמלו 180 גרם,תות ממתקי איכות,IL,יוגטה,גרמים,180.00,100 גרם,false,,6.90,0.0383,true,1,39730
7290003143337,false,סילאן טבעי לחיץ 350,,,סילאן 900 גרם,גרמים,350.00,100 גרם,false,,14.90,0.0426,true,1,43727
7290003144419,false,סילאן טבעי 710 גרם ק,,,סילאן 900 גרם,גרמים,710.00,100 גרם,false,,19.90,0.0280,true,1,39738
7290003145751,false,*מבצע* קשיו קלוי 200,"ששון ושות' בע""מ",IL,קליית גת,גרמים,200.00,100 גרם,false,,15.90,0.0795,true,1,39757
7290003145959,false,פקאן טבעי 150 גרם,,,פקאן טבעי 150 גרם,גרמים,150.00,100 גרם,false,,19.90,0.1327,true,1,39758
7290003185726,false,קבב מזרחי 500 גרם,טיבון ויל,IL,טיבון ויל,גרמים,500.00,100 גרם,false,,17.90,0.0358,true,1,39954
7290003189045,false,צהובה הלנדית 22% א.ח,צי תעשיות מזון יבנה,IL,כפיר,קילוגרמים,1.00,"ק""ג",true,,35.00,35.0000,true,1,51829
7290003189076,false,פיצרלה מגורדת,צי תעשיות מזון יבנה,IL,כפיר,גרמים,500.00,100 גרם,false,,18.90,0.0378,true,1,40225
7290003189144,false,"צהובה הולנדית 1 ק""ג",צי תעשיות מזון יבנה,IL,כפיר,קילוגרמים,1.00,"ק""ג",false,,33.90,33.9000,true,1,40226
7290003189199,false,צהובה חריפה 24% א.ח.,צי תעשיות מזון יבנה,IL,כפיר,קילוגרמים,1.00,"ק""ג",true,,35.00,35.0000,true,1,14451
7290003189267,false,הצהובה הטובה 5% 200,צי תעשיות מזון יבנה,IL,כפיר,גרמים,200.00,100 גרם,false,,13.90,0.0695,true,1,40228
7290003189274,false,צהובה מעושנת 22% א.ח,צי תעשיות מזון יבנה,IL,כפיר,קילוגרמים,1.00,"ק""ג",true,,40.00,40.0000,true,1,51830
7290003208586,false,*מבצע* מרטיני ביאנקו,,,"מרטיני וורמוט לבן 750 מ""ל",מיליליטרים,750.00,"100 מ""ל",false,,44.90,0.0599,true,1,39823
7290003220380,false,עוגיות סנדביץ שוקו,מגדנית הדר,IL,מעדני מלך,גרמים,150.00,100 גרם,false,,3.50,0.0233,true,1,42199
7290003220397,false,עוגיות סנדביץ וניל,מגדנית הדר,IL,מעדני מלך,גרמים,150.00,100 גרם,false,,3.50,0.0233,true,1,42200
7290003220403,false,קרקר מעדני המלך,מגדנית הדר,IL,מעדני מלך,גרמים,110.00,100 גרם,false,,2.90,0.0264,true,1,42201
7290003220410,false,קרקר מעדני המלך,מגדנית הדר,IL,מעדני מלך,גרמים,110.00,100 גרם,false,,2.90,0.0264,true,1,42202
7290003220434,false,פתיבר מעדני המלך וני,מגדנית הדר,IL,מעדני מלך,גרמים,110.00,100 גרם,false,,2.90,0.0264,true,1,42204
7290003220441,false,פתיבר מעדני המלך שוק,מגדנית הדר,IL,מעדני מלך,גרמים,110.00,100 גרם,false,,2.90,0.0264,true,1,42205
7290003220465,false,פתיבר 500 גרם מעדני,מגדנית הדר,IL,מעדני מלך,גרמים,500.00,100 גרם,false,,7.90,0.0158,true,1,42207
7290003220533,false,רוטב צילי ווק 700 מל,תאי פרידה אינדסטרי ב,TH,WOK,מיליליטרים,700.00,"100 מ""ל",false,,10.90,0.0156,true,1,38874
7290003220588,false,צילי מתוק ללא סוכר ו,תאי פרידה אינדסטרי ב,TH,WOK,מיליליטרים,700.00,"100 מ""ל",false,,13.90,0.0199,true,1,38876
7290003220595,false,אורז לסושי ווק 1 קג,"מיה תעשיות מזון בע""מ",IL,WOK,קילוגרמים,1.00,"ק""ג",false,,10.90,10.9000,true,1,38877
7290003220649,false,"שמן שומשום 150 מ""ל",הו צ'קינג הינג אוי פ,SG,WOK,מיליליטרים,150.00,"100 מ""ל",false,,13.90,0.0927,true,1,42208
7290003220717,false,אצות נורי לסושי 10 י,ג'י וואן גלובול נאט,TH,WOK,יח',10.00,יח',false,,9.90,0.9900,true,1,38879
7290003220748,false,רוטב סויה ווק 640 מל,ליאנג סאנג האנד הואד,TH,WOK,מיליליטרים,640.00,"100 מ""ל",false,,10.90,0.0170,true,1,38881
7290003220779,false,"מקלות אורז 3 מ""מ",אסיאן סופירה פודס חב,TH,WOK,גרמים,400.00,100 גרם,false,,8.90,0.0223,true,1,42210
7290003220786,false,"מקלות אורז 5 מ""מ",אסיאן סופירה פודס חב,TH,WOK,גרמים,400.00,100 גרם,false,,8.90,0.0223,true,1,42211
7290003220830,false,"חומץ אורז 500 מ""ל",דיאמונד פריזרוד פודס,TH,WOK,מיליליטרים,500.00,"100 מ""ל",false,,14.90,0.0298,true,1,38883
7290003220939,false,מקלוני אורז דקים,אסיאן סופירה פודס חב,TH,WOK,גרמים,400.00,100 גרם,false,,8.90,0.0223,true,1,42214
7290003220977,false,ביסקויט ירח חצי מצופ,מגדנית הדר,IL,הדר,גרמים,175.00,100 גרם,false,,5.90,0.0337,true,1,67180
7290003229116,false,פסטרמה בדבש טירת צבי,טירת- צבי,IL,טירת- צבי,גרמים,400.00,100 גרם,false,,25.90,0.0647,true,1,41164
7290003229123,false,פסטרמה גחלים טירת צב,טירת- צבי,IL,טירת- צבי,גרמים,400.00,100 גרם,false,,25.90,0.0647,true,1,41165
7290003229147,false,נקניק סלמי טירת צבי,טירת- צבי,IL,טירת- צבי,גרמים,300.00,100 גרם,false,,25.90,0.0863,true,1,41166
7290003229154,false,נקניק קוניאק טירת צב,טירת- צבי,IL,טירת- צבי,גרמים,300.00,100 גרם,false,,25.90,0.0863,true,1,41167
7290003229192,false,כתף בקר טירת צבי 400,טירת- צבי,IL,טירת- צבי,גרמים,400.00,100 גרם,false,,25.90,0.0647,true,1,41168
7290003258284,false,קרם גוף מספר 3,א.ל ארמן,IL,פנינה רוזנבלום בע'מ,מיליליטרים,350.00,"100 מ""ל",false,,28.90,0.0826,true,1,67591
7290003258406,false,"ווקס לשיער 100 מ""ל",ארמן,IL,פנינה רוזנבלום בע'מ,מיליליטרים,100.00,"100 מ""ל",false,,16.90,0.1690,true,1,40204
7290003268252,false,לחם חיטה לילדים,דגנית עין בר,IL,לחם חיטה לילדים,גרמים,750.00,100 גרם,false,,12.90,0.0172,true,1,41354
7290003272273,false,חמוציות ללא סוכר,"דין שיווק וקלייה בע""",US,תפזורת - ללא מותג,קילוגרמים,1.00,"ק""ג",true,,70.00,70.0000,true,1,21728
7290003272280,false,חמוציות שלמות,"דין שיווק וקלייה בע""",US,תפזורת - ללא מותג,קילוגרמים,1.00,"ק""ג",true,,70.00,70.0000,true,1,21729
7290003287253,false,נקניקיות מרגז 500 גר,בלדי,IL,בלדי,גרמים,500.00,100 גרם,false,,27.90,0.0558,true,1,43062
7290003287284,false,קבב ביתי 600 גרם הקצ,בלדי,IL,בלדי,גרמים,600.00,100 גרם,false,,27.90,0.0465,true,1,43064
7290003318100,false,וופל שוקו מנעמים 200,,,וופל מנעמית 200 גרם,גרמים,200.00,100 גרם,false,,3.50,0.0175,true,1,40464
7290003318131,false,מנעמים אגוז 200 גרם,,,וופל מנעמית 200 גרם,גרמים,200.00,100 גרם,false,,3.50,0.0175,true,1,40465
7290003318155,false,וופל לימון מנעמים 20,,,וופל מנעמים לימון 200 גרם,גרמים,200.00,100 גרם,false,,3.50,0.0175,true,1,40466
7290003318599,false,וופל וניל מנעמים 200,,,וופל מנעמית 200 גרם,גרמים,200.00,100 גרם,false,,3.50,0.0175,true,1,56897
7290003321155,false,דנונה בר פקאן,שטראוס גרופ,IL,שטראוס,גרמים,183.00,100 גרם,false,,4.30,0.0235,true,1,40353
7290003387205,false,ספיד סטיק בסיסי ירוק,Colgate - USA,US,ספיד סטיק,גרמים,56.00,100 גרם,false,,16.90,0.3018,true,1,40946
7290003401369,false,קרם לחות נטורל קלאסי,"אמיליה קוסמטיקס בע""מ",IL,נטורל פורמולה,מיליליטרים,400.00,"100 מ""ל",false,,19.90,0.0497,true,1,39103
7290003401376,false,קרם לחות נטורל קלאסי,"אמיליה קוסמטיקס בע""מ",IL,נטורל פורמולה,מיליליטרים,400.00,"100 מ""ל",false,,19.90,0.0497,true,1,39104
7290003402809,false,חטיף ריזס שוקולד לבן,,,חטיף ריזס שוקולד לבן,גרמים,39.00,100 גרם,false,,3.90,0.1000,true,1,56537
7290003423909,false,חטיף הרשי שוקולד לבן,,,חטיף שוקולד לבן עם שברי ע,גרמים,43.00,100 גרם,false,,4.90,0.1140,true,1,39760
7290003424283,false,פילה סלמון קפוא,אלימנטוס,CL,ג. עופר,קילוגרמים,1.00,"ק""ג",true,,64.90,64.9000,true,1,66109
7290003427154,false,*מבצע* שמן זית כתית,זיתא - י.ט.ב תעשיות,IL,זיתא,מיליליטרים,750.00,"100 מ""ל",false,,27.90,0.0372,true,1,40467
7290003438006,false,אוליביה פסטו איטלקי,אוליביה,IL,אוליביה,גרמים,190.00,100 גרם,false,,12.90,0.0679,true,1,38770
7290003438013,false,אולביה זיתים ירוקים,אוליביה,IL,אוליביה,גרמים,190.00,100 גרם,false,,12.90,0.0679,true,1,38771
7290003438020,false,ממרח עגבניות אוליביה,אוליביה,IL,אוליביה,גרמים,190.00,100 גרם,false,,12.90,0.0679,true,1,38772
7290003438709,false,אוליביה זיתים שחורים,אוליביה,IL,אוליביה,גרמים,190.00,100 גרם,false,,12.90,0.0679,true,1,38773
7290003438853,false,אוליביה אריסה חריפה,,,אוליביה אריסה חריפה 180 ג,גרמים,180.00,100 גרם,false,,12.90,0.0717,true,1,38774
7290003438990,false,אוליביה עיטורי עגבני,אוליביה,IL,אוליביה,גרמים,280.00,100 גרם,false,,15.90,0.0568,true,1,38775
7290003444009,false,חטיף ריזס במילוי חמא,,,חטיף ריזס במילוי חמאת בוט,גרמים,42.00,100 גרם,false,,3.90,0.0929,true,1,39762
7290003450602,false,חרדל לחיץ 255 גרם,היינץ צפון אמריקה מק,US,היינץ,גרמים,255.00,100 גרם,false,,7.90,0.0310,true,1,41081
7290003457991,false,קורנטו מאגדת שישיית,גלידות שטראוס,IL,קורנטו,גרמים,360.00,100 גרם,false,,32.90,0.0914,true,1,38819
7290003461677,false,*מבצע* חומוס אסלי 1,"סלטי שמיר 2006 בע""מ",IL,אסלי,קילוגרמים,1.00,"ק""ג",false,,11.90,11.9000,true,1,69803
7290003461868,false,*מבצע* חציל במיונז א,"סלטי שמיר 2006 בע""מ",IL,אסלי,קילוגרמים,1.00,"ק""ג",false,,11.90,11.9000,true,1,69804
7290003475124,false,עננים צמר גפן 100 גר,SEPTONA,GR,עננים,גרמים,100.00,100 גרם,false,,6.90,0.0690,true,1,40948
7290003478002,false,סחוג של רומיה 150 גר,הסחוג הביתי של רומיה,IL,הסחוג הביתי של רומיה,גרמים,150.00,100 גרם,false,,8.90,0.0593,true,1,43270
7290003478019,false,סחוג של רומיה 150 גר,הסחוג הביתי של רומיה,IL,הסחוג הביתי של רומיה,גרמים,150.00,100 גרם,false,,8.90,0.0593,true,1,43271
7290003478132,false,פלפל צומה רומיה 250,,,פלפל צומה רומיה 250,גרמים,250.00,100 גרם,false,,9.90,0.0396,true,1,43273
7290003478149,false,אריסה רומיה 250 גרם,הסחוג הביתי של רומיה,IL,הסחוג הביתי של רומיה,גרמים,250.00,100 גרם,false,,9.90,0.0396,true,1,43274
7290003478156,false,שום כתוש 250 גרם,הסחוג הביתי של רומיה,IL,הסחוג הביתי של רומיה,גרמים,250.00,100 גרם,false,,10.90,0.0436,true,1,43275
7290003478200,false,לימון כבוש 250 גרם,הסחוג הביתי של רומיה,IL,הסחוג הביתי של רומיה,גרמים,250.00,100 גרם,false,,9.90,0.0396,true,1,43276
7290003514007,false,מנה שקדי מרק מנה 400,Mana,IL,מנה,גרמים,400.00,100 גרם,false,,9.90,0.0248,true,1,40949
7290003521074,false,סרקל 1 ליטר,"ד""ר פישר",IL,סרקל,ליטרים,1.00,ליטר,false,,28.90,28.9000,true,1,39805
7290003521081,false,סרקל 1 ליטר,"ד""ר פישר",IL,סרקל,ליטרים,1.00,ליטר,false,,28.90,28.9000,true,1,39806
7290003521166,false,סרקל קרם רוזמרין,"ד""ר פישר",IL,סרקל,מיליליטרים,325.00,"100 מ""ל",false,,24.90,0.0766,true,1,39807
7290003521197,false,סרקל מתיר קשרים,"ד""ר פישר",IL,סרקל,מיליליטרים,340.00,"100 מ""ל",false,,24.90,0.0732,true,1,39808
7290003521203,false,*מבצע* סרקל שמפו 2 ל,"ד""ר פישר",IL,סרקל,ליטרים,2.00,ליטר,false,,35.90,17.9500,true,1,39809
7290003521395,false,קמיל בלו 2 ליטר אל ס,"ד""ר פישר",IL,קמיל בלו סנסיטיב,ליטרים,2.00,ליטר,false,,37.90,18.9500,true,1,39811
7290003521463,false,קמיל סנסטיב 2 ליטר א,"ד""ר פישר",IL,קמיל בלו סנסיטיב,ליטרים,2.00,ליטר,false,,37.90,18.9500,true,1,39813
7290003550753,false,טונה פוסידון רביעיה,פוסידון,IL,פוסידון,גרמים,432.00,100 גרם,false,,19.90,0.0461,true,1,39957
7290003570164,false,מינוט שווארמה פרגית,בלדי,IL,מינוט שווארמה פרגית,גרמים,300.00,100 גרם,false,,26.90,0.0897,true,1,40983
7290003570928,false,קבב בלדי 500 גרם הקצ,בלדי,IL,בלדי,גרמים,500.00,100 גרם,false,,27.90,0.0558,true,1,43082
7290003571550,false,סטייק טונה אלבקור,,,סטייק טונה אלבקור,קילוגרמים,1.00,"ק""ג",true,,44.90,44.9000,true,1,58063
7290003578108,false,אננס חתוך וילי פוד 8,טקרנג,TH,וילי פוד,גרמים,850.00,100 גרם,false,,8.90,0.0105,true,1,39327
7290003578177,false,תירס גמדי 410 גרם,מג'סטיק פוד,TH,וילי פוד,גרמים,410.00,100 גרם,false,,6.90,0.0168,true,1,39328
7290003578290,false,מקלוני אורז דקים,XIMAN ZHONGSHI,CN,וילי פוד,גרמים,300.00,100 גרם,false,,5.90,0.0197,true,1,39330
7290003578313,false,דובדבנים בסירופ 680,יורוביקה,HR,וילי פוד,גרמים,680.00,100 גרם,false,,9.90,0.0146,true,1,39331
7290003583782,false,קערה מילאנו שקופה קו,,,קערה מילאנו שקופה קו,יחידה,0.00,יחידה,false,,6.90,0.0000,true,1,85786
7290003583850,false,מתקן כביסה פלסטיק DR,,,מתקן כביסה פלסטיק DR,יחידה,0.00,יחידה,false,,109.00,0.0000,true,1,86703
7290003586165,false,סט לייט וינטג' 10+7,,,סט לייט וינטג' 10+7,יחידה,0.00,יחידה,false,,25.90,0.0000,true,1,86119
7290003586455,false,א- מפיות שנה טובה עם,,,א- מפיות שנה טובה עם,יחידה,0.00,יחידה,false,,6.90,0.0000,true,1,78426
7290003586608,false,גליל מפה דגם רומא לב,,,גליל מפה דגם רומא לב,יחידה,0.00,יחידה,false,,39.90,0.0000,true,1,86704
7290003598311,false,מינוט סטייק 300 גרם,בלדי,IL,בלדי,גרמים,300.00,100 גרם,false,,26.90,0.0897,true,1,40986
7290003598472,false,סלמון מנות נורבגי קפ,סאנסי,NO,בלדי,קילוגרמים,1.00,"ק""ג",true,,74.90,74.9000,true,1,52658
7290003643004,false,אורז בסמטי 1 קג,סוגת תעשיות בעמ,IL,סוגת,קילוגרמים,1.00,"ק""ג",false,,12.90,12.9000,true,1,38200
7290003643134,false,סוכר וניל,"י. כהן בע""מ",IL,סוגת,גרמים,100.00,100 גרם,false,,1.90,0.0190,true,1,38202
7290003643158,false,קורנפלור 200 גר,"י. כהן בע""מ",IL,סוגת,גרמים,200.00,100 גרם,false,,2.90,0.0145,true,1,38204
7290003643172,false,אבקת סוכר,"י. כהן בע""מ",IL,סוגת,גרמים,100.00,100 גרם,false,,1.70,0.0170,true,1,38206
7290003643387,false,"סוכר לבן בצנצנת 1ק""ג","סוגת תעשיות בע""מ",IL,סוגת,קילוגרמים,1.00,"ק""ג",false,,7.90,7.9000,true,1,38208
7290003643646,false,*מבצע* סוכר דמררה צנ,סוגת תעשיות בעמ,IL,סוגת,קילוגרמים,1.00,"ק""ג",false,,9.90,9.9000,true,1,38209
7290003643684,false,אפונה 500 גרם,"סוגת תעשיות בע""מ",IL,סוגת,גרמים,500.00,100 גרם,false,,5.90,0.0118,true,1,38210
7290003643707,false,גריסים סוגת 500 ג,"סוגת תעשיות בע""מ",IL,סוגת,גרמים,500.00,100 גרם,false,,4.90,0.0098,true,1,38211
7290003643714,false,חומוס 500 גרם,"סוגת תעשיות בע""מ",IL,סוגת,גרמים,500.00,100 גרם,false,,7.90,0.0158,true,1,38212
7290003643738,false,חיטה 500 גרם,"סוגת תעשיות בע""מ",IL,סוגת,גרמים,500.00,100 גרם,false,,4.90,0.0098,true,1,41657
7290003643745,false,כוסמת 500 גר,"סוגת תעשיות בע""מ",IL,סוגת,גרמים,500.00,100 גרם,false,,6.90,0.0138,true,1,38213
7290003643752,false,עדשים ירוקים 500 גרם,"סוגת תעשיות בע""מ",IL,סוגת,גרמים,500.00,100 גרם,false,,6.90,0.0138,true,1,38214
7290003643769,false,עדשים אדומים 500 גרם,"סוגת תעשיות בע""מ",IL,סוגת,גרמים,500.00,100 גרם,false,,6.90,0.0138,true,1,38215
7290003643776,false,פופקורן 500 גרם,"סוגת תעשיות בע""מ",IL,סוגת,גרמים,500.00,100 גרם,false,,5.50,0.0110,true,1,38216
7290003643783,false,קוקוס 100 גרם,"סוגת תעשיות בע""מ",IL,סוגת,גרמים,100.00,100 גרם,false,,3.90,0.0390,true,1,41658
7290003643806,false,שעועית לבנה 500 גרם,"סוגת תעשיות בע""מ",IL,סוגת,גרמים,500.00,100 גרם,false,,11.90,0.0238,true,1,38217
7290003643813,false,שעועית אדומה 500 גר,"סוגת תעשיות בע""מ",IL,סוגת,גרמים,500.00,100 גרם,false,,10.90,0.0218,true,1,38218
7290003648009,false,מקרוסקה בוואקום,"סלטי שמיר 2006 בע""מ",IL,מעדני מיקי,קילוגרמים,1.00,"ק""ג",true,,139.00,139.0000,true,1,59672
7290003648207,false,פילה הרינג בשמן בסגנ,"סלטי שמיר 2006 בע""מ",IL,מעדני מיקי,קילוגרמים,1.00,"ק""ג",true,,55.00,55.0000,true,1,59673
7290003680016,false,סט 4 מיכלים 500,,,סט 4 מיכלים 500,יחידה,0.00,יחידה,false,,12.90,0.0000,true,1,76888
7290003680030,false,סלסלה מישרדית 35*26*,,,סלסלה מישרדית 35*26*,יחידה,0.00,יחידה,false,,5.00,0.0000,true,1,76889
7290003680139,false,כלי עגול 2000,,,כלי עגול 2000,יחידה,0.00,יחידה,false,,5.90,0.0000,true,1,76891
7290003680351,false,סלסלה גדולה 35*26*14,,,סלסלה גדולה 35*26*14,יחידה,0.00,יחידה,false,,8.00,0.0000,true,1,85484
7290003680443,false,משפך 160 ג'מבו,,,משפך 160 ג'מבו,יחידה,0.00,יחידה,false,,2.90,0.0000,true,1,83798
7290003680764,false,מסננת ענק עם ידיות,,,מסננת ענק עם ידיות,יח',1.00,יח',false,,10.90,10.9000,true,1,43206
7290003681303,false,שעועית מעורבת 500 גר,"מיה תעשיות מזון בע""מ",IL,מיה,גרמים,500.00,100 גרם,false,,7.90,0.0158,true,1,42627
7290003681334,false,קוקוס טחון 400 גרם,מיה,IL,קוקוס טחון 400 גרם,גרמים,400.00,100 גרם,false,,9.90,0.0248,true,1,68266
7290003681365,false,קישוט לעוגה בצנצנת 7,"מיה תעשיות מזון בע""מ",IL,מיה,גרמים,70.00,100 גרם,false,,4.90,0.0700,true,1,39794
7290003681693,false,חומוס לבן ענק 500 גר,"מיה תעשיות מזון בע""מ",IL,מיה,גרמים,500.00,100 גרם,false,,9.90,0.0198,true,1,39795
7290003726592,true,טופו ויילר 300 גרם ב,משק ויילר,IL,משק ויילר,גרמים,300.00,100 גרם,false,,10.90,0.0363,true,1,57166
7290003726615,true,טופו ויילר 300 גרם,משק ויילר,IL,משק ויילר,גרמים,300.00,100 גרם,false,,10.90,0.0363,true,1,57167
7290003726622,false,טופו פיקנטי 300 גרם,משק ויילר,IL,טופו פיקנטי 300 גרם,גרמים,300.00,100 גרם,false,,10.90,0.0363,true,1,71014
7290003726783,false,שניצל טופו עם תירס 4,קפוא זן,,שניצל טופו עם תירס 4,גרמים,420.00,100 גרם,false,,27.90,0.0664,true,1,82639
7290003726868,false,טופו חומוס בתוספת עג,משק ויילר,IL,ויילר,גרמים,300.00,100 גרם,false,,11.90,0.0397,true,1,71015
7290003726875,false,טופו חומוס בתוספת פס,משק ויילר,IL,ויילר,גרמים,300.00,100 גרם,false,,11.90,0.0397,true,1,71016
7290003779499,false,גינגר יח',נסטלה צרפת קפה,IL,גינגר טרי ארוז,גרמים,200.00,100 גרם,false,,7.90,0.0395,true,1,70042
7290003781065,false,מלפפונים בחומץ 680 ג,,,מלפפונים בסגנון צרפתי,גרמים,680.00,100 גרם,false,,9.90,0.0146,true,1,39333
7290003781652,false,צלפים 350 גרם,טינטאש,TR,וילי פוד,גרמים,350.00,100 גרם,false,,8.90,0.0254,true,1,39334
7290003804252,false,תיבולית הודי בדצ 12x,אתר חיפה אבקות - Foo,IL,KNORR,גרמים,72.00,100 גרם,false,,7.90,0.1097,true,1,16202
7290003804320,false,תיבולית שום פטרוזליה,אתר חיפה אבקות - Foo,IL,KNORR,גרמים,72.00,100 גרם,false,,7.90,0.1097,true,1,16204
7290003804368,false,תיבולית בזיליקום בדצ,אתר חיפה אבקות - Foo,IL,KNORR,גרמים,72.00,100 גרם,false,,7.90,0.1097,true,1,16207
7290003804382,false,תיבולית פטריות בדצ 1,אתר חיפה אבקות - Foo,IL,KNORR,גרמים,72.00,100 גרם,false,,7.90,0.1097,true,1,16209
7290003805501,false,פתית שוודי 300 גרם,אתר שפע - Food,IL,PATIT,גרמים,300.00,100 גרם,false,,14.90,0.0497,true,1,16243
7290003807178,false,רוטב סויה בסגנון סינ,אתר חיפה  778 - Food,IL,KNORR,מיליליטרים,300.00,"100 מ""ל",false,,9.90,0.0330,true,1,16280
7290003807482,false,קנור טריאקי 370גר,אתר חיפה  778 - Food,IL,KNORR,מיליליטרים,300.00,"100 מ""ל",false,,9.90,0.0330,true,1,16286
7290003825257,false,שמרדף פוליו חב' 50יח,,,שמרדף פוליו חב' 50יח,יחידה,0.00,יחידה,false,,5.90,0.0000,true,1,78629
7290003864478,false,סרדין מרוקאי 110 גרם,גולדן פרייז,TH,וילי פוד,גרמים,110.00,100 גרם,false,,4.90,0.0445,true,1,39335
7290003864485,false,סרדין ברוטב עגבניות,גולדן פרייז,TH,וילי פוד,גרמים,110.00,100 גרם,false,,4.90,0.0445,true,1,39336
7290003864492,false,סרדין בשמן חריף 110,גולדן פרייז,TH,וילי פוד,גרמים,110.00,100 גרם,false,,4.90,0.0445,true,1,39337
7290003882922,false,עלי גפן ממולאים 400,,,עלי גפן ממולאים 400 גרם,גרמים,400.00,100 גרם,false,,8.90,0.0223,true,1,39339
7290003893027,false,מרלוזה ארגנטינאי במש,פארגיפקו דל סאדסטה,AR,ווינר פוד,קילוגרמים,1.00,"ק""ג",true,,29.90,29.9000,true,1,50393
7290003893645,false,מקרל שלם קפוא.,פאלגיה מאלוי,NO,וינר פוד,קילוגרמים,1.00,"ק""ג",true,,21.90,21.9000,true,1,50397
7290003893843,false,פילה אמנון 5-7 ללא ע,איינן צ'דקסין,CN,וינר פוד,קילוגרמים,1.00,"ק""ג",true,,29.90,29.9000,true,1,50399
7290003896141,false,חטיף אלמנדוס 200 גרם,"ג'י אנד ג'י בע""מ",IL,קליית גת,גרמים,200.00,100 גרם,false,,8.90,0.0445,true,1,42595
7290003956012,false,פטאקי 16%,"מחלבת השומרון בע""מ",IL,מחלבת השומרון,קילוגרמים,1.00,"ק""ג",true,,29.00,29.0000,true,1,13164
7290003989096,false,חציל פיקנטי 500,שטראוס גרופ,IL,שטראוס,גרמים,500.00,100 גרם,false,,15.90,0.0318,true,1,40355
7290003989539,false,רביולי גבינה 400 EAT,שטראוס גרופ,IL,שטראוס,גרמים,400.00,100 גרם,false,,19.90,0.0497,true,1,40356
7290003989553,false,טרטוליני פטריות 400,שטראוס גרופ,IL,שטראוס,גרמים,400.00,100 גרם,false,,19.90,0.0497,true,1,40357
7290004011284,false,ריץ בסיס להכנת קצפת,ריץ',US,ריץ',מיליליטרים,212.00,"100 מ""ל",false,,6.90,0.0325,true,1,39960
7290004011345,false,ריץ קצפת פרווה ארוסו,ריץ',US,ריץ',מיליליטרים,250.00,"100 מ""ל",false,,8.90,0.0356,true,1,39963
7290004011819,false,המבורגר ריב אנטריקוט,טיבון ויל,IL,טיבון ויל,גרמים,360.00,100 גרם,false,,21.90,0.0608,true,1,39964
7290004011826,false,מיני המבורגר ריב אל,טיבון ויל,IL,טיבון ויל,גרמים,320.00,100 גרם,false,,21.90,0.0684,true,1,39965
7290004014407,false,עדשי שוקולד אם אנד א,מרס,US,מ&מ'ס,גרמים,48.00,100 גרם,false,,4.90,0.1021,true,1,41321
7290004026776,false,לחם מחמצת אגוזים וצי,,,לחם רוסטיק,יח',1.00,יח',false,,16.90,16.9000,true,1,33321
7290004030018,false,"מיץ לימון 500 מ""ל",פריניב,IL,פרי ניב,מיליליטרים,500.00,"100 מ""ל",false,,6.90,0.0138,true,1,41398
7290004030100,false,מיץ תפוזים סחוט וולנ,פריניב,IL,פריניב,ליטרים,1.00,ליטר,false,,15.90,15.9000,true,1,61211
7290004030216,false,מיץ חמוציות 1 ליטר,פריניב,IL,פרי ניב,ליטרים,1.00,ליטר,false,,12.90,12.9000,true,1,41402
7290004030445,false,תפוזים סחוט 1 ליטר,פריניב,IL,פרי ניב,ליטרים,1.00,ליטר,false,,13.90,13.9000,true,1,41406
7290004030544,false,לימונענע 1 ליטר,פריניב,IL,פרי ניב,ליטרים,1.00,ליטר,false,,12.90,12.9000,true,1,41409
7290004030612,false,*מבצע* מיץ קיווי אגס,פריניב,IL,פרי ניב,ליטרים,1.00,ליטר,false,,12.90,12.9000,true,1,41411
7290004030834,false,מיץ רימונים 1 ליטר,פריניב,IL,פרי ניב,ליטרים,1.00,ליטר,false,,22.90,22.9000,true,1,41417
7290004063016,false,מלח שולחן,,,מלח שולחן,קילוגרמים,1.00,"ק""ג",false,,1.70,1.7000,true,1,38762
7290004063115,false,מלח מטבח,,,מלח מטבח,קילוגרמים,1.00,"ק""ג",false,,1.70,1.7000,true,1,38763
7290004064099,false,*מבצע* מטחנה מלח מהר,מלח הארץ אילת,IL,מלח הארץ,גרמים,300.00,100 גרם,false,,13.90,0.0463,true,1,40475
7290004064105,false,*מבצע* מטחנה מלח עשב,מלח הארץ אילת,IL,מלח הארץ,גרמים,250.00,100 גרם,false,,13.90,0.0556,true,1,40476
7290004064174,false,מלח ההימלאיה דק בצנצ,מלח הארץ אילת,IL,מלח ההימלאיה דק בצנצ,קילוגרמים,1.00,"ק""ג",false,,14.90,14.9000,true,1,56363
7290004064181,false,מלח ההימלאיה גס בצנצ,מלח הארץ אילת,IL,מלח ההימלאיה גס בצנצ,קילוגרמים,1.00,"ק""ג",false,,14.90,14.9000,true,1,56364
7290004064198,false,*מבצע* מטחנת מלח אקס,מלח הארץ אילת,IL,מלח הארץ,גרמים,115.00,100 גרם,false,,13.90,0.1209,true,1,53798
7290004064228,false,*מבצע* מטחנת מלח אקס,מלח הארץ אילת,IL,מלח הארץ,גרמים,250.00,100 גרם,false,,13.90,0.0556,true,1,53800
7290004064297,false,מלח מועשר ביוד בצנצנ,מלח הארץ אילת,IL,מלח הארץ,קילוגרמים,1.00,"ק""ג",false,,8.90,8.9000,true,1,58189
7290004064303,false,מלח אטלנטי בצנצנת 80,מלח הארץ אילת,IL,מלח הארץ,גרמים,800.00,100 גרם,false,,17.90,0.0224,true,1,58190
7290004064334,false,*מבצע* מלח פלוס שום,מלח הארץ אילת,IL,*מבצע* מלח פלוס שום,גרמים,175.00,100 גרם,false,,8.90,0.0509,true,1,68010
7290004064358,false,"מלח דק 1 ק""ג",,IL,מלח הארץ,קילוגרמים,1.00,"ק""ג",false,,4.90,4.9000,true,1,60129
7290004064365,false,מלח דק מועשר ביוד 1,,IL,מלח הארץ,קילוגרמים,1.00,"ק""ג",false,,5.90,5.9000,true,1,60130
7290004064389,false,מלח דק הימלאייה 250,מלח הארץ אילת,IL,מלח הארץ,גרמים,250.00,100 גרם,false,,9.90,0.0396,true,1,66693
7290004068028,false,"ציזיקי לשתיה 500 מ""ל",גדיה,IL,מחלבות גד,גרמים,500.00,100 גרם,false,,9.50,0.0190,true,1,39850
7290004068172,false,יוגורט עיזים בדלי,גדישון,IL,מחלבות גד,גרמים,600.00,100 גרם,false,,16.90,0.0282,true,1,39852
7290004068196,false,מוצרלה לפיצה,מחלבות גד,IL,מחלבות גד,גרמים,500.00,100 גרם,false,,29.90,0.0598,true,1,33817
7290004068332,false,קממבר בקר משולשים 25,טבע עז,IL,מחלבות גד,קילוגרמים,1.00,"ק""ג",true,,120.00,120.0000,true,1,51459
7290004068424,false,גאודה בקר גלגל 30%,גדישון,IL,מחלבות גד,קילוגרמים,1.00,"ק""ג",true,,110.00,110.0000,true,1,51460
7290004068585,false,גאודה עיזים גלגל 30%,מחלבת אמלטי הולנד,NL,מחלבות גד,קילוגרמים,1.00,"ק""ג",true,,130.00,130.0000,true,1,51461
7290004068912,false,גרנה פדנו צ'אנקים,מחלבות גד,IT,מחלבות גד,קילוגרמים,1.00,"ק""ג",true,,130.00,130.0000,true,1,60440
7290004078270,false,פלמוליב צילינדר לימו,Colgate - Greece,GR,פלמוליב  כלים,ליטרים,1.00,ליטר,false,,13.90,13.9000,true,1,40959
7290004078690,false,*מבצע* אגקס שירותים,Colgate - Belgium,FR,אג'קס,גרמים,750.00,100 גרם,false,,9.90,0.0132,true,1,40961
7290004078942,false,ליידי ספיד סטיק גל ב,Colgate - USA,US,ליידי ספיד סטיק,גרמים,85.00,100 גרם,false,,24.90,0.2929,true,1,40962
7290004119225,false,יופלה יוגורט אננס %3,תנובה,IL,יופלה,גרמים,150.00,100 גרם,false,,4.80,0.0320,true,1,40746
7290004119928,false,קרלו מעדן וניל רביעי,תנובה,IL,קרלו,גרמים,125.00,100 גרם,false,,2.90,0.0232,true,1,40748
7290004119973,false,קרלו מעדן שוקו רביעי,תנובה,IL,קרלו,גרמים,125.00,100 גרם,false,,2.90,0.0232,true,1,40749
7290004120061,false,קרלו שוניל 1.5% 125,תנובה,IL,קרלו,גרמים,125.00,100 גרם,false,,2.90,0.0232,true,1,40750
7290004120108,false,יופלה דיאט יוגורט דו,תנובה,IL,יופלה,גרמים,150.00,100 גרם,false,,4.80,0.0320,true,1,40751
7290004120566,false,*מבצע* פיראוס בולגרי,תנובה,IL,פיראוס,גרמים,250.00,100 גרם,false,,18.90,0.0756,true,1,40753
7290004120573,false,*מבצע* פיראוס בולגרי,תנובה,IL,פיראוס,גרמים,250.00,100 גרם,false,,18.90,0.0756,true,1,40754
7290004120634,false,*מבצע* פיראוס בולגרי,תנובה,IL,פיראוס,גרמים,250.00,100 גרם,false,,18.90,0.0756,true,1,40755
7290004121488,false,יופלה דיאט אפרסק 0%,תנובה,IL,יופלה,גרמים,150.00,100 גרם,false,,4.80,0.0320,true,1,40757
7290004121525,false,מאגדת שמיניה יופלה פ,תנובה,IL,יופלה,ליטרים,1.20,ליטר,false,,28.90,24.0833,true,1,40758
7290004121754,false,יופלה יוגורט עוגת גב,תנובה,IL,יופלה,גרמים,150.00,100 גרם,false,,4.80,0.0320,true,1,40759
7290004121853,false,פיראוס קוביות בולגרי,תנובה,IL,פיראוס,גרמים,200.00,100 גרם,false,,19.90,0.0995,true,1,40761
7290004122119,false,פתיתי פרמזן לפסטה 10,תנובה,IL,השף הלבן,גרמים,100.00,100 גרם,false,,10.90,0.1090,true,1,40763
7290004122270,false,עמק פרוס בקופסא 200,תנובה,IL,תנובה,גרמים,200.00,100 גרם,false,,15.90,0.0795,true,1,40765
7290004122348,false,עמק לייט פרוס 200 גר,תנובה,IL,תנובה,גרמים,200.00,100 גרם,false,,16.90,0.0845,true,1,40766
7290004122676,false,פיראוס חמד לייט 5%,תנובה,IL,פיראוס,גרמים,250.00,100 גרם,false,,17.90,0.0716,true,1,40768
7290004122683,false,אצבעות 28% חטיף גבינ,תנובה,IL,תנובה,גרמים,172.00,100 גרם,false,,15.90,0.0924,true,1,40769
7290004124205,false,יופלה דיאט יוגורט תו,תנובה,IL,יופלה,גרמים,150.00,100 גרם,false,,4.80,0.0320,true,1,40773
7290004124847,false,קצפת צמחית השף הלבן,תנובה,IL,השף הלבן,מיליליטרים,500.00,"100 מ""ל",false,,14.90,0.0298,true,1,40774
7290004125370,false,שמנת אורגינל 9% 200מ,תנובה,IL,תנובה,מיליליטרים,200.00,"100 מ""ל",false,,3.50,0.0175,true,1,40776
7290004125400,false,אשל 4.5% 200מל מהדרי,תנובה,IL,תנובה,מיליליטרים,206.00,"100 מ""ל",false,,1.65,0.0080,true,1,40777
7290004125417,false,גיל 3% 200מל מהדרין,תנובה,IL,תנובה,מיליליטרים,206.00,"100 מ""ל",false,,1.51,0.0073,true,1,40778
7290004125455,false,שמנת אורגינל 15% 200,תנובה,IL,תנובה,מיליליטרים,200.00,"100 מ""ל",false,,2.40,0.0120,true,1,40779
7290004125462,false,שמנת אורגינל 15% 500,תנובה,IL,תנובה,מיליליטרים,500.00,"100 מ""ל",false,,6.00,0.0120,true,1,40780
7290004125509,false,שמנת 100 גרם 15% חצי,תנובה,IL,תנובה,מיליליטרים,100.00,"100 מ""ל",false,,1.60,0.0160,true,1,40781
7290004125578,false,משקה סויה מועשר 1 לי,תנובה,IL,תנובה,ליטרים,1.00,ליטר,false,,9.90,9.9000,true,1,40782
7290004125585,false,משקה סויה וניל על הב,תנובה,IL,תנובה,ליטרים,1.00,ליטר,false,,9.90,9.9000,true,1,40783
7290004125721,false,שמנת לבישול 15% 250,תנובה,IL,השף הלבן,מיליליטרים,250.00,"100 מ""ל",false,,7.90,0.0316,true,1,40785
7290004125738,false,שמנת מתוקה להקצפה32%,תנובה,IL,השף הלבן,מיליליטרים,250.00,"100 מ""ל",false,,6.00,0.0240,true,1,40786
7290004125776,false,עמק פרוס 28% 400 גרם,תנובה,IL,תנובה,גרמים,400.00,100 גרם,false,,27.90,0.0697,true,1,40787
7290004126674,false,טל העמק לייט %9 200,תנובה,IL,תנובה,גרמים,200.00,100 גרם,false,,18.90,0.0945,true,1,40790
7290004126759,false,יופלה דיאט פירות יער,תנובה,IL,יופלה,גרמים,150.00,100 גרם,false,,4.80,0.0320,true,1,40791
7290004126872,false,שוקו תנובה בבקבוק 25,תנובה,IL,תנובה,גרמים,250.00,100 גרם,false,,5.30,0.0212,true,1,40792
7290004127329,false,קוטג תנובה  גביע 250,תנובה,IL,תנובה,גרמים,250.00,100 גרם,false,,5.50,0.0220,true,1,40794
7290004127336,false,קוטג תנובה גביע 250,תנובה,IL,תנובה,גרמים,250.00,100 גרם,false,,5.50,0.0220,true,1,40795
7290004127800,false,גבינה לבנה 5% 500 גר,תנובה,IL,תנובה,גרמים,500.00,100 גרם,false,,9.90,0.0198,true,1,40796
7290004127817,false,גבינה לבנה 9% 500 גר,תנובה,IL,תנובה,גרמים,500.00,100 גרם,false,,9.30,0.0186,true,1,40797
7290004127862,false,גבינה לבנה 5% 750 גר,תנובה,IL,תנובה,גרמים,750.00,100 גרם,false,,14.70,0.0196,true,1,40798
7290004127916,false,גבינה לבנה 0.5% 500,תנובה,IL,תנובה,גרמים,500.00,100 גרם,false,,9.30,0.0186,true,1,40799
7290004128333,false,פיראוס לאבנה גביע 50,תנובה,IL,פיראוס,גרמים,500.00,100 גרם,false,,18.90,0.0378,true,1,40801
7290004128401,false,פטה כבשים 20%,תנובה,IL,פיראוס,קילוגרמים,1.00,"ק""ג",true,,100.00,100.0000,true,1,17112
7290004128432,false,פתיתים מיוחדים לפיצה,תנובה,IL,השף הלבן,גרמים,500.00,100 גרם,false,,21.90,0.0438,true,1,40804
7290004129101,false,נפוליאון טבעי גביע 2,תנובה,IL,נפוליאון,גרמים,225.00,100 גרם,false,,12.90,0.0573,true,1,40805
7290004129156,false,נפוליאון שום שמיר גב,תנובה,IL,נפוליאון,גרמים,225.00,100 גרם,false,,12.90,0.0573,true,1,40807
7290004130695,false,משקה אייס קפה תנובה,תנובה,IL,תנובה,ליטרים,1.00,ליטר,false,,12.50,12.5000,true,1,40812
7290004130794,false,משקה סויה טבעי במתיק,תנובה,IL,תנובה,ליטרים,1.00,ליטר,false,,9.90,9.9000,true,1,40813
7290004130916,false,יופלה פירות יער בשמנ,תנובה,IL,יופלה,גרמים,150.00,100 גרם,false,,4.80,0.0320,true,1,40814
7290004131074,false,חלב תנובה טרי1ל קרטו,תנובה,IL,תנובה,ליטרים,1.00,ליטר,false,,6.20,6.2000,true,1,40816
7290004131456,false,יופלה לבן 1.5% גביע,תנובה,IL,יופלה,גרמים,200.00,100 גרם,false,,3.70,0.0185,true,1,40820
7290004131531,false,שוקו תנובה בקבוק 1 ל,תנובה,IL,תנובה,ליטרים,1.00,ליטר,false,,11.90,11.9000,true,1,40821
7290004131814,false,פיראוס צפתית 5% מעוד,תנובה,IL,פיראוס,גרמים,200.00,100 גרם,false,,13.90,0.0695,true,1,40822
7290004131845,false,פיראוס לאבנה 9% גביע,תנובה,IL,פיראוס,גרמים,750.00,100 גרם,false,,20.90,0.0279,true,1,42947
7290004132552,false,משקה סויה לייט בטעם,תנובה,IL,תנובה,ליטרים,1.00,ליטר,false,,9.90,9.9000,true,1,40826
7290004132712,false,חטיף אצבעות גבינת מו,תנובה,IL,תנובה,גרמים,172.00,100 גרם,false,,15.90,0.0924,true,1,40828
7290004133511,false,יופלה מאגדת שמיניה ל,תנובה,IL,יופלה,ליטרים,1.20,ליטר,false,,19.90,16.5833,true,1,40832
7290004135058,false,מאגדת קרלו מיני שוקו,תנובה,IL,קרלו,גרמים,800.00,100 גרם,false,,13.20,0.0165,true,1,40838
7290004135324,false,פיראוס בולגרית מעודנ,תנובה,IL,פיראוס,קילוגרמים,1.00,"ק""ג",true,,43.00,43.0000,true,1,52445
7290004135614,false,*מבצע* בולגרית פיראו,תנובה,IL,פיראוס,גרמים,250.00,100 גרם,false,,18.90,0.0756,true,1,40842
7290004136154,false,משקה אייס קפה תנובה,תנובה,IL,תנובה,מיליליטרים,340.00,"100 מ""ל",false,,6.50,0.0191,true,1,40845
7290004136857,false,ג'לי תנובה פטל,תנובה,IL,תנובה,גרמים,125.00,100 גרם,false,,2.20,0.0176,true,1,40849
7290004136864,false,ג'לי תנובה אננס עם ח,תנובה,IL,תנובה,גרמים,125.00,100 גרם,false,,2.60,0.0208,true,1,40850
7290004136871,false,ג'לי תנובה אפרסק עם,תנובה,IL,תנובה,גרמים,125.00,100 גרם,false,,2.60,0.0208,true,1,40851
7290004137021,false,שמנת לבישול 10% 250,תנובה,IL,השף הלבן,מיליליטרים,250.00,"100 מ""ל",false,,7.90,0.0316,true,1,40852
7290004137311,false,עמק לייט פרוס 400 גר,תנובה,IL,תנובה,גרמים,400.00,100 גרם,false,,29.90,0.0747,true,1,40853
7290004146993,false,מרכך לשיער צבוע נקה,,,מרכך לשיער צבוע נקה,יחידה,0.00,יחידה,false,,11.90,0.0000,true,1,70502
7290004147020,false,גיישנית מקורית/יפאני,,,גיישנית מקורית/יפאני,יח',1.00,יח',false,,19.90,19.9000,true,1,63906
7290004147051,false,קיסמי שיניים וולטרס,,,קיסמי שיניים וולטרס,יח',1.00,יח',false,,9.90,9.9000,true,1,63907
7290004147150,false,מגוון ספוגי רחצה,,,מגוון ספוגי רחצה,יח',1.00,יח',false,,9.90,9.9000,true,1,63960
7290004147280,false,כביסון 50/60,,,כביסון 50/60,יח',1.00,יח',false,,9.90,9.9000,true,1,63908
7290004150112,false,חומוס מזרחי פיקנטי פ,"סלטי שמיר 2006 בע""מ",IL,חומוס מזרחי פיקנטי פ,גרמים,300.00,100 גרם,false,,14.90,0.0497,true,1,84185
7290004150136,false,חציל על האש פיקנטי פ,"סלטי שמיר 2006 בע""מ",IL,חציל על האש פיקנטי פ,גרמים,300.00,100 גרם,false,,14.90,0.0497,true,1,84187
7290004150150,false,חציל בטחינה פיקנטי פ,"סלטי שמיר 2006 בע""מ",IL,חציל בטחינה פיקנטי פ,גרמים,300.00,100 גרם,false,,14.90,0.0497,true,1,84196
7290004150167,false,"תפו""א במיונז פיקנטי","סלטי שמיר 2006 בע""מ",IL,"תפו""א במיונז פיקנטי",גרמים,300.00,100 גרם,false,,14.90,0.0497,true,1,84197
7290004150174,false,קולסלאו פיקנטי פרימי,"סלטי שמיר 2006 בע""מ",IL,קולסלאו פיקנטי פרימי,גרמים,300.00,100 גרם,false,,14.90,0.0497,true,1,84198
7290004150198,false,סלק מגורד פיקנטי פרי,"סלטי שמיר 2006 בע""מ",IL,סלק מגורד פיקנטי פרי,גרמים,300.00,100 גרם,false,,14.90,0.0497,true,1,84200
7290004150204,false,מטבוחה פיקנטי פרימיו,"סלטי שמיר 2006 בע""מ",IL,מטבוחה פיקנטי פרימיו,גרמים,300.00,100 גרם,false,,14.90,0.0497,true,1,84201
7290004150211,false,תורכי איסטנבול פיקנט,"סלטי שמיר 2006 בע""מ",IL,תורכי איסטנבול פיקנט,גרמים,300.00,100 גרם,false,,14.90,0.0497,true,1,84202
7290004150235,false,חומוס עם חריף פיקנטי,"סלטי שמיר 2006 בע""מ",IL,חומוס עם חריף פיקנטי,גרמים,300.00,100 גרם,false,,14.90,0.0497,true,1,84204
7290004150365,false,חומוס בטטה פיקנטי פר,"סלטי שמיר 2006 בע""מ",IL,חומוס בטטה פיקנטי פר,גרמים,300.00,100 גרם,false,,14.90,0.0497,true,1,84190
7290004165017,false,"*מבצע* רסק תפו""ע טבע",זנלכל,IL,רסק תפוע ללא סוכר 560 גרם,גרמים,560.00,100 גרם,false,,7.90,0.0141,true,1,54325
7290004199203,false,קיסמי שיניים מבמבוק,H.G.W Produc,CN,הוסטס,יח',300.00,יח',false,,3.50,0.0117,true,1,38705
7290004199579,false,"פלסטר ""100 ""SUNNY PL",A.U. In,CN,סאני פלסטר,יח',100.00,יח',false,,9.90,0.0990,true,1,38707
7290004199784,false,*מבצע* כפפות לאטקס 1,T.G. Sdn,TH,סייף טאצ,יח',100.00,יח',false,,17.90,0.1790,true,1,65285
7290004199791,false,*מבצע* כפפות לאטקס 1,T.G. Sdn,TH,סייף טאצ,יח',100.00,יח',false,,17.90,0.1790,true,1,65286
7290004199807,false,*מבצע* כפפות לאטקס 1,T.G. Sdn,TH,סייף טאצ,יח',100.00,יח',false,,17.90,0.1790,true,1,65287
7290004200831,false,סוללות 2032,,,סוללות 2032,יחידה,0.00,יחידה,false,,5.90,0.0000,true,1,80024
7290004200848,false,סוללת  אלקליין V3,,,סוללת  אלקליין V3,יחידה,0.00,יחידה,false,,5.90,0.0000,true,1,84416
7290004200855,false,סוללות  CR2025,,,סוללות  CR2025,1,1.00,1,false,,5.90,5.9000,true,1,80451
7290004200930,false,זיקוק זוג 15 סמ בשקי,,,זיקוק זוג 15 סמ בשקי,יחידה,0.00,יחידה,false,,9.90,0.0000,true,1,78886
7290004219826,false,מלבין קפה 400 גרם,פריסלנד,NL,וילי פוד,גרמים,400.00,100 גרם,false,,19.90,0.0497,true,1,39344
7290004228804,false,עלי סיגר שלושת האופי,שלושת האופים,IL,עלי סיגר שלושת האופי,גרמים,450.00,100 גרם,false,,11.90,0.0264,true,1,68326
7290004230944,false,מקלות בורקס  פילו גב,,,מקלות בורקס פילו גבינה,גרמים,600.00,100 גרם,false,,16.90,0.0282,true,1,67470
7290004234218,false,ברווז טרי ארוז,"נטו מלינדה סחר בע""מ",IL,ברווז טרי ארוז,קילוגרמים,1.00,"ק""ג",true,,49.90,49.9000,true,1,12693
7290004256319,false,נר  נשמה  72  שעות,"מנורה שי נר בע""מ",IL,מנורה,יח',1.00,יח',false,,7.90,7.9000,true,1,43642
7290004324605,false,מון בלאן רוקפור 120,שבינגטון,GB,מון בלאן,גרמים,120.00,100 גרם,false,,8.90,0.0742,true,1,39970
7290004324858,false,קבב כבש 500 גרם,טיבון ויל,IL,טיבון ויל,גרמים,500.00,100 גרם,false,,17.90,0.0358,true,1,39971
7290004339784,false,המבורגר ניו יורק על,,IL,המבורגר ניו יורק על,גרמים,400.00,100 גרם,false,,24.90,0.0622,true,1,34857
7290004450809,false,דבק פלסטי ‏‏120 גרם,,,דבק פלסטי ‏‏120 גרם,יחידה,0.00,יחידה,false,,2.50,0.0000,true,1,79219
7290004450816,false,דבק פלסטי ‏‏500 גרם,,,דבק פלסטי ‏‏500 גרם,יחידה,0.00,יחידה,false,,10.00,0.0000,true,1,79220
7290004450878,false,דבק נוזלי ‏‏1000 גרם,,,דבק נוזלי ‏‏1000 גרם,יחידה,0.00,יחידה,false,,10.90,0.0000,true,1,79223
7290004452162,false,תיק טבעות PO שחור,,,תיק טבעות PO שחור,יחידה,0.00,יחידה,false,,6.90,0.0000,true,1,79225
7290004452186,false,תיק טבעות PO אדום,,,תיק טבעות PO אדום,יחידה,0.00,יחידה,false,,6.90,0.0000,true,1,79227
7290004462277,false,טאץ' מחברת A4 חשבון,,,טאץ' מחברת A4 חשבון,יחידה,0.00,יחידה,false,,29.90,0.0000,true,1,83266
7290004480332,false,גאודה בקר משולשים 30,גדישון,IL,מחלבות גד,קילוגרמים,1.00,"ק""ג",true,,110.00,110.0000,true,1,70927
7290004480363,false,קאשקבל גלגל 26%,מחלבות גד,IL,מחלבות גד,קילוגרמים,1.00,"ק""ג",true,,125.00,125.0000,true,1,70930
7290004492274,false,גל-גל 400גר' 12x,אתר בייגל - Food,IL,B&B,גרמים,400.00,100 גרם,false,,9.90,0.0248,true,1,16290
7290004492762,false,נשנושים תירס 325גר',אתר בייגל - Food,IL,B&B,גרמים,325.00,100 גרם,false,,11.90,0.0366,true,1,16294
7290004494131,false,גליל קברנה סוביניון,דלתון,IL,גליל קברנה סוביניון,מיליליטרים,750.00,"100 מ""ל",false,,54.90,0.0732,true,1,39493
7290004494919,false,כנען קברנה-שיראז (דל,,,יין יובלים דלתון שיראז,מיליליטרים,750.00,"100 מ""ל",false,,37.90,0.0505,true,1,39496
7290004536336,false,נוזל מילוי 45 לילות,,,נוזל מילוי 45 לילות,יח',1.00,יח',false,,12.90,12.9000,true,1,39288
7290004536770,false,דבק נוזלי ספוגי 4 יח,,,דבק נוזלי ספוגי 4 יח,יחידה,0.00,יחידה,false,,5.00,0.0000,true,1,80040
7290004537241,false,אפונה 800 גרם,,,אפונה 800 גרם,גרמים,800.00,100 גרם,false,,8.90,0.0111,true,1,68473
7290004537265,false,אפונה עדינה 600 גרם,,,אפונה עדינה 600 גרם,גרמים,600.00,100 גרם,false,,9.90,0.0165,true,1,68475
7290004544553,false,לחמניה המבורגר 4 יח,מאפיית אריאל,IL,אריאל,גרמים,360.00,100 גרם,false,,17.90,0.0497,true,1,86577
7290004554354,false,גלידה פנטסיה שוקו ונ,גלידות שטראוס,IL,פנטסיה,גרמים,900.00,100 גרם,false,,20.90,0.0232,true,1,38820
7290004584306,false,4 גמדים תות בננה,שטראוס גרופ,IL,שטראוס,גרמים,400.00,100 גרם,false,,10.90,0.0273,true,1,40358
7290004584351,false,סימפוניה החמישית,שטראוס גרופ,IL,שטראוס,גרמים,200.00,100 גרם,false,,10.90,0.0545,true,1,40359
7290004584528,false,דנונה ביו  1.7% 200,שטראוס גרופ,IL,שטראוס,גרמים,200.00,100 גרם,false,,3.50,0.0175,true,1,40360
7290004585907,false,דני וניל,שטראוס גרופ,IL,שטראוס,גרמים,125.00,100 גרם,false,,2.60,0.0208,true,1,40361
7290004603175,false,מלח ים גס 500 גרם,מלח הארץ אילת,IL,מלח הארץ,גרמים,500.00,100 גרם,false,,7.90,0.0158,true,1,40478
7290004638030,false,נקניקיות עוף ווינר ק,מעדני הטלה והעגל,IL,נקניקיות עוף ווינר ק,גרמים,400.00,100 גרם,false,,14.90,0.0373,true,1,86100
7290004645175,false,טונה פרוס כהה קפוא ר,,,טונה פרוס כהה קפוא ר,קילוגרמים,1.00,"ק""ג",true,,39.90,39.9000,true,1,69112
7290004645748,false,פילה אמנון ללא עור 9,,,פילה אמנון ללא עור 9,קילוגרמים,1.00,"ק""ג",true,,29.90,29.9000,true,1,69114
7290004645809,false,סלמון מנות עם עור רו,,,סלמון מנות עם עור רו,קילוגרמים,1.00,"ק""ג",true,,89.90,89.9000,true,1,69142
7290004645816,false,סלמון ללא עור מארז 4,,,סלמון ללא עור מארז 4,קילוגרמים,1.00,"ק""ג",true,,94.90,94.9000,true,1,69115
7290004645823,false,נילוס פרוס רוזנרס,,,נילוס פרוס רוזנרס,קילוגרמים,1.00,"ק""ג",true,,49.90,49.9000,true,1,69113
7290004652401,false,ג'חנון ללא מרגרינה ש,שגמור,IL,ג'חנון ללא מרגרינה ש,גרמים,650.00,100 גרם,false,,18.90,0.0291,true,1,69461
7290004658946,false,שרדונה פרייבט קולקשי,יקבי כרמל,IL,Private collection,מיליליטרים,750.00,"100 מ""ל",false,,39.90,0.0532,true,1,38717
7290004731083,false,אל סבון כיף 1 ליטר,קוסמופארם,IL,כיף,ליטרים,1.00,ליטר,false,,11.90,11.9000,true,1,39109
7290004731410,false,סקוטש סושי ענק,סנו,IL,סנו סושי,יח',3.00,יח',false,,9.90,3.3000,true,1,39113
7290004731472,false,כיף אל סבון שלישייה,קוסמופארם,IL,כיף,ליטרים,1.50,ליטר,false,,18.90,12.6000,true,1,39114
7290004731557,false,*מבצע* מקסימה למייבש,סנו,IL,סנו,מיליליטרים,750.00,"100 מ""ל",false,,14.90,0.0199,true,1,39116
7290004731564,false,*מבצע* מקסימה למייבש,סנו,IL,סנו,מיליליטרים,750.00,"100 מ""ל",false,,14.90,0.0199,true,1,39117
7290004731670,false,דאופרש אפרסק מנדרינה,סנו,IL,דואופרש,מיליליטרים,300.00,"100 מ""ל",false,,10.90,0.0363,true,1,39118
7290004731687,false,דאופרש וניל,סנו,IL,דואופרש,מיליליטרים,300.00,"100 מ""ל",false,,10.90,0.0363,true,1,39119
7290004737719,false,אספרגוס שלם,heze sanqing food,CN,וילי פוד,גרמים,330.00,100 גרם,false,,9.90,0.0300,true,1,39345
7290004737900,false,חלב מרוכז,,,חלב ממותק,גרמים,397.00,100 גרם,false,,9.90,0.0249,true,1,39346
7290004768294,false,פילה אמנון קפוא 7-9,BAIYANG,CN,הדייג,קילוגרמים,1.00,"ק""ג",true,,29.90,29.9000,true,1,59043
7290004861025,false,בולגרית 5%,"מחלבת המושבה בע""מ",IL,מחלבת המושבה,קילוגרמים,1.00,"ק""ג",true,,45.00,45.0000,true,1,49584
7290004861056,false,צפתית 5% - המושבה,"מחלבת המושבה בע""מ",IL,מחלבת המושבה,קילוגרמים,1.00,"ק""ג",true,,42.00,42.0000,true,1,49585
7290004861063,false,גבינת קש 9%,"מחלבת המושבה בע""מ",IL,מחלבת המושבה,קילוגרמים,1.00,"ק""ג",true,,45.00,45.0000,true,1,17833
7290004861278,false,ג. שמנת 30%,"מחלבת המושבה בע""מ",IL,מחלבת המושבה,קילוגרמים,1.00,"ק""ג",true,,39.00,39.0000,true,1,17836
7290004861285,false,טבורוג 9%,"מחלבת המושבה בע""מ",IL,מחלבת המושבה,קילוגרמים,1.00,"ק""ג",true,,35.00,35.0000,true,1,17837
7290004861315,false,לאבנה כפרית 5%,"מחלבת המושבה בע""מ",IL,מחלבת המושבה,קילוגרמים,1.00,"ק""ג",true,,42.00,42.0000,true,1,17838
7290004861421,false,גבינת חלומי 30%,"מחלבת המושבה בע""מ",IL,מחלבת המושבה,קילוגרמים,1.00,"ק""ג",true,,85.00,85.0000,true,1,17840
7290004861520,false,5% ג. שמנת טבעי,"מחלבת המושבה בע""מ",IL,מחלבת המושבה,קילוגרמים,1.00,"ק""ג",true,,30.00,30.0000,true,1,17841
7290004914219,false,מפיץ ריח לרכב,,,מפיץ ריח לרכב,יח',1.00,יח',false,,12.90,12.9000,true,1,77154
7290004914752,false,מפיץ ריח קלאסיק,,,מפיץ ריח קלאסיק,יחידה,0.00,יחידה,false,,12.90,0.0000,true,1,77155
7290004914820,false,פריח ריח סנרייז,,,פריח ריח סנרייז,יחידה,0.00,יחידה,false,,12.90,0.0000,true,1,77156
7290004914851,false,עץ ריח שלוש +1,,,עץ ריח שלוש +1,יחידה,0.00,יחידה,false,,10.00,0.0000,true,1,77157
7290004944032,false,חומוס אמיתי אסלי 400,"סלטי שמיר 2006 בע""מ",IL,אסלי,גרמים,400.00,100 גרם,false,,9.90,0.0248,true,1,69806
7290004944049,false,טחינה אסלי 400 גרם,"סלטי שמיר 2006 בע""מ",IL,אסלי,גרמים,400.00,100 גרם,false,,9.90,0.0248,true,1,69807
7290004944056,false,חציל במיונז אסלי 400,"סלטי שמיר 2006 בע""מ",IL,אסלי,גרמים,400.00,100 גרם,false,,9.90,0.0248,true,1,69808
7290004944063,false,תורכי אסלי 400 גרם,"סלטי שמיר 2006 בע""מ",IL,אסלי,גרמים,400.00,100 גרם,false,,10.90,0.0273,true,1,69809
7290004982355,false,גבינת צ'דר טריפל 34%,שבינגטון,GB,גבינת צ'דר טריפל 34%,קילוגרמים,1.00,"ק""ג",true,,130.00,130.0000,true,1,26916
7290004982393,false,*מבצע* גבינת ברס בלו,בנוגראן,FR,ברס בלו,קילוגרמים,1.00,"ק""ג",true,,160.00,160.0000,true,1,27699
7290005008184,false,פלמוליב תחליב רחצה ש,CP - Turkey+60,TR,פלמוליב סבון,מיליליטרים,500.00,"100 מ""ל",false,,15.90,0.0318,true,1,40964
7290005008191,false,פלמוליב סנסיישן RELA,CP - Turkey+60,TR,פלמוליב סבון,מיליליטרים,500.00,"100 מ""ל",false,,15.90,0.0318,true,1,40965
7290005011405,false,עמבה הודית 500 גרם,תבליני שמש,IL,תבליני שמש,גרמים,500.00,100 גרם,false,,9.90,0.0198,true,1,63980
7290005041129,false,"קבב מזרחי 1 ק""ג",מעדני הטלה,IL,מעדני הטלה,קילוגרמים,1.00,"ק""ג",false,,45.90,45.9000,true,1,38759
7290005041198,false,קבב כבש ביתי 1 קג,מעדני הטלה,IL,מעדני הטלה,קילוגרמים,1.00,"ק""ג",false,,45.90,45.9000,true,1,38761
7290005068058,false,תירס קל פרי גליל 550,"פרי הגליל בע""""מ",IL,פרי הגליל,גרמים,550.00,100 גרם,false,,6.90,0.0125,true,1,40182
7290005079238,false,פטה עיזים מעודנת 16%,מחלבת משק צוריאל,IL,משק צוריאל,קילוגרמים,1.00,"ק""ג",true,,90.00,90.0000,true,1,51896
7290005079290,false,צהובה נעם 15% מהדרין,טרה,IL,טרה,קילוגרמים,1.00,"ק""ג",true,,64.00,64.0000,true,1,26441
7290005079344,false,מוצרלה 22% נעם,טרה,IL,נעם,קילוגרמים,1.00,"ק""ג",true,,77.00,77.0000,true,1,35120
7290005079412,false,אמנטל חריץ נעם,טרה,IL,נעם,קילוגרמים,1.00,"ק""ג",true,,57.00,57.0000,true,1,32653
7290005084355,false,סנסודיין דואל,גלקסוסמיתקליין,GB,סנסודיין,גרמים,75.00,100 גרם,false,,21.90,0.2920,true,1,39289
7290005113222,false,מיקס זיתים 540 גרם,קבוצת יבנה,IL,קבוצת יבנה,גרמים,540.00,100 גרם,false,,9.90,0.0183,true,1,40268
7290005168475,false,תירוש מובחר 100% 1 ל,יקבי ציון,IL,תירוש מובחר 100% 1 ל,ליטרים,1.00,ליטר,false,,16.90,16.9000,true,1,71157
7290005174513,false,חצילים במיונז 500 ג,שטראוס גרופ,IL,שטראוס,גרמים,500.00,100 גרם,false,,14.90,0.0298,true,1,40362
7290005174551,false,חומוס יום-יום 125 גר,שטראוס גרופ,IL,שטראוס,גרמים,125.00,100 גרם,false,,4.70,0.0376,true,1,40363
7290005174568,false,חציל במיונז 125 גרם,שטראוס גרופ,IL,שטראוס,גרמים,125.00,100 גרם,false,,4.70,0.0376,true,1,40364
7290005174575,false,טחינה 125 משובחת,שטראוס גרופ,IL,שטראוס,גרמים,125.00,100 גרם,false,,4.70,0.0376,true,1,40365
7290005175428,false,קמח תירס פולנטה 500,ריבארה,AR,וילי פוד,גרמים,500.00,100 גרם,false,,5.90,0.0118,true,1,39347
7290005197758,false,עוגיות חיוכים 150 גר,אפיפית נצרת תעשיות ב,IL,עלית,גרמים,150.00,100 גרם,false,,4.90,0.0327,true,1,40091
7290005199578,false,פלטיניום נטול 200,שטראוס גרופ,IL,עלית,גרמים,200.00,100 גרם,false,,24.90,0.1245,true,1,40093
7290005199738,false,מאסט פלוס,שטראוס גרופ,IL,עלית,גרמים,28.00,100 גרם,false,,4.00,0.1429,true,1,40095
7290005200786,false,תפוציפס 50/65 גרם,שטראוס פריטו ליי (מל,IL,עלית,גרמים,50.00,100 גרם,false,,3.50,0.0700,true,1,40132
7290005201882,false,קפה טורקי שקית 200 ג,שטראוס גרופ,IL,עלית,גרמים,200.00,100 גרם,false,,15.90,0.0795,true,1,40098
7290005270000,false,עלי סיגר מרוקאי 500,"חמים וטעים בע""מ",IL,"חמים וטעים בע""מ",גרמים,500.00,100 גרם,false,,13.90,0.0278,true,1,39491
7290005287206,false,ס.ק  טונה בשמן 160גר,"סטארקיסט פודור בע""מ",IL,סטארקיסט,גרמים,640.00,100 גרם,false,,24.90,0.0389,true,1,41084
7290005287251,false,ס.ק  טונה במים 160גר,"סטארקיסט פודור בע""מ",IL,סטארקיסט,גרמים,640.00,100 גרם,false,,24.90,0.0389,true,1,41085
7290005287657,false,ממרח טונה סטארקיסט 1,"סטארקיסט פודור בע""מ",,סטארקיסט,גרמים,160.00,100 גרם,false,,5.90,0.0369,true,1,69106
7290005296246,false,דריין אאוט פותח סתימ,סאמיט,US,Drain Out,מיליליטרים,946.00,"100 מ""ל",false,,27.90,0.0295,true,1,39696
7290005296260,false,אסטוניש רסס נגב 750,אסטוניש,GB,אסטוניש,מיליליטרים,750.00,"100 מ""ל",false,,11.90,0.0159,true,1,39697
7290005326387,false,אוליביה עגבניות מיוב,אוליביה,IL,אוליביה,גרמים,270.00,100 גרם,false,,15.90,0.0589,true,1,38778
7290005326523,false,אוליביה פסטו פטרוזיל,,,אוליביה פסטו פטרוזיליה ונ,גרמים,180.00,100 גרם,false,,12.90,0.0717,true,1,38780
7290005358739,false,בשר ראש חלק  קפוא,,,בשר ראש חלק  קפוא,קילוגרמים,1.00,"ק""ג",true,,69.90,69.9000,true,1,55358
7290005358753,false,לשון חלק  קפוא,,,לשון חלק  קפוא,קילוגרמים,1.00,"ק""ג",true,,29.90,29.9000,true,1,55351
7290005358852,false,בשר מס 5 חלק קפוא,ש.י.ל.ה סחר וקירור ב,PY,ש.י.ל.ה סחר,קילוגרמים,1.00,"ק""ג",true,,69.90,69.9000,true,1,56410
7290005358869,false,בשר מס 6 חלק קפוא,,,בשר מס 6 חלק קפוא,קילוגרמים,1.00,"ק""ג",true,,39.90,39.9000,true,1,56753
7290005358883,false,בשר מס 8 חלק קפוא.,,,בשר מס 8 חלק קפוא.,קילוגרמים,1.00,"ק""ג",true,,29.90,29.9000,true,1,53660
7290005384851,false,מיץ לימון משומר 200,,,מיץ לימון משומר 200,מיליליטרים,200.00,"100 מ""ל",false,,2.90,0.0145,true,1,39350
7290005387043,false,בשר מס 2 חלק קפוא.,JBS S.A,BR,בלדי,קילוגרמים,1.00,"ק""ג",true,,39.90,39.9000,true,1,71293
7290005418716,false,קרם לחות ברגע נטורל,"אמיליה קוסמטיקס בע""מ",IL,נטורל פורמולה,מיליליטרים,400.00,"100 מ""ל",false,,20.90,0.0522,true,1,39123
7290005418723,false,קרם לחות ברגע נטורל,,,קרם לחות ברגע נטורל,מיליליטרים,400.00,"100 מ""ל",false,,20.90,0.0522,true,1,39124
7290005423055,false,סנו פורטה פלוס 1  לי,סנו,IL,סנו פורטה פלוס 1  לי,מיליליטרים,1000.00,"100 מ""ל",false,,17.90,0.0179,true,1,56281
7290005423253,false,*מבצע* מקסימה למייבש,סנו,IL,סנו,מיליליטרים,750.00,"100 מ""ל",false,,14.90,0.0199,true,1,39126
7290005423499,false,סנו נירוסטה,סנו,IL,סנו,מיליליטרים,500.00,"100 מ""ל",false,,19.90,0.0398,true,1,39131
7290005423543,false,אורביטול הלבנה 145 ג,טרופיקל דגיל קוסמטיק,IL,אורביטול,גרמים,145.00,100 גרם,false,,7.90,0.0545,true,1,39133
7290005423567,false,סושי מטליות 40,זינרגד,IL,סנו סושי,יח',40.00,יח',false,,18.90,0.4725,true,1,39134
7290005423635,false,ריצפז דוחה תיקנים 2,סנו,IL,ריצפז,ליטרים,2.00,ליטר,false,,20.90,10.4500,true,1,39135
7290005423734,false,מרכך מקסימה 4 ליטר,סנו,IL,מקסימה,ליטרים,4.00,ליטר,false,,21.90,5.4750,true,1,39136
7290005423871,false,אורביטול שלישיה,טרופיקל דגיל קוסמטיק,IL,אורביטול,גרמים,435.00,100 גרם,false,,15.90,0.0366,true,1,39138
7290005423918,false,מרכך מקסימה 4 ליטר,סנו,IL,מקסימה,ליטרים,4.00,ליטר,false,,21.90,5.4750,true,1,39140
7290005424021,false,ריפרש מנטרל ריחות פר,,IL,ריפרש מנטרל ריחות פר,מיליליטרים,350.00,"100 מ""ל",false,,15.90,0.0454,true,1,82878
7290005424403,false,אל סבון כיף 1 ליטר,קוסמופארם,IL,כיף,ליטרים,1.00,ליטר,false,,11.90,11.9000,true,1,39144
7290005424700,false,סנו פורטה פלוס 1 ליט,סנו,IL,סנו פורטה פלוס 1 ליט,מיליליטרים,1000.00,"100 מ""ל",false,,17.90,0.0179,true,1,41499
7290005424762,false,ריצפז חרקים+ווקס,סנו,IL,ריצפז,ליטרים,2.00,ליטר,false,,25.90,12.9500,true,1,39147
7290005424809,false,סקוטש סושי ענק,סנו,IL,סנו סושי,יח',3.00,יח',false,,9.90,3.3000,true,1,39150
7290005424847,false,מפיות 150,איפק,TR,סנו סושי,יח',150.00,יח',false,,6.90,0.0460,true,1,39151
7290005425073,false,דואופרש אפרסק,סנו,IL,דואופרש,מיליליטרים,300.00,"100 מ""ל",false,,10.90,0.0363,true,1,39153
7290005425127,false,*מבצע* מרסס מנקה שומ,סנו,,*מבצע* מרסס מנקה שומ,מיליליטרים,750.00,"100 מ""ל",false,,9.90,0.0132,true,1,56287
7290005425202,false,"מקסימה ביו 2.5 ק""ג",סנו,IL,מקסימה,קילוגרמים,2.50,"ק""ג",false,,23.90,9.5600,true,1,39155
7290005425646,false,סנוקליר 1 ליטר,סנו,IL,סנוקליר,ליטרים,1.00,ליטר,false,,10.90,10.9000,true,1,39156
7290005425714,false,שמפו שטיחים פלוס 600,סנו,IL,סנו,מיליליטרים,600.00,"100 מ""ל",false,,25.90,0.0432,true,1,39157
7290005426186,false,סקוטש שלישייה ענק,סנו,IL,סנו סושי,יח',3.00,יח',false,,17.90,5.9667,true,1,39161
7290005426193,false,ספוג הפלא,U.F.O.,US,סנו סושי,יח',6.00,יח',false,,9.90,1.6500,true,1,39162
7290005426629,false,דואו פרש דובדבן,סנו,IL,דואופרש,מיליליטרים,300.00,"100 מ""ל",false,,10.90,0.0363,true,1,39168
7290005426940,false,קיי 300 פלוס 8,סנו,IL,סנו,מיליליטרים,400.00,"100 מ""ל",false,,19.90,0.0497,true,1,39170
7290005426964,false,*מבצע* סנובון כחול ש,סנו,IL,סנובון,גרמים,165.00,100 גרם,false,,12.90,0.0782,true,1,39171
7290005427107,false,סושי מגבות נייר שישי,סנו,IL,סנו סושי,מטרים,63.48,מטר,false,,10.90,0.1717,true,1,39173
7290005427633,false,כיף גל שיער,קוסמופארם,IL,כיף,קילוגרמים,1.00,"ק""ג",false,,19.90,19.9000,true,1,39184
7290005427763,false,אל סבון כיף 2 ליטר ג,קוסמופארם,IL,כיף,ליטרים,2.00,ליטר,false,,19.90,9.9500,true,1,39186
7290005427787,false,קרמה לחות שיער,קוסמופארם,IL,קרמה,מיליליטרים,400.00,"100 מ""ל",false,,16.90,0.0422,true,1,39187
7290005429279,false,"מקסימה ז'אול 6 ק""ג",סנו,IL,מקסימה,קילוגרמים,6.00,"ק""ג",false,,44.90,7.4833,true,1,39194
7290005429286,false,"מקסימה ביו 6 ק""ג",סנו,IL,מקסימה,קילוגרמים,6.00,"ק""ג",false,,44.90,7.4833,true,1,39195
7290005430602,false,*מבצע* אוקסיגן מסיר,סנו,IL,אוקסיג'ן,מיליליטרים,750.00,"100 מ""ל",false,,14.90,0.0199,true,1,39197
7290005430671,false,פוליויקס קרמיקה 2 לי,סנו,IL,פוליויקס,ליטרים,2.00,ליטר,false,,19.90,9.9500,true,1,39198
7290005431883,false,מלבי חלבי 165 גרם,תנובה,IL,תנובה,גרמים,165.00,100 גרם,false,,5.90,0.0358,true,1,59638
7290005431906,false,קדאיף 82 גרם,תנובה,IL,תנובה,גרמים,82.00,100 גרם,false,,5.90,0.0720,true,1,59640
7290005431913,false,עוגת גבינה פירורים 9,תנובה,IL,תנובה,גרמים,92.00,100 גרם,false,,5.90,0.0641,true,1,59641
7290005431920,false,עוגת גבינה פירורים ל,תנובה,IL,תנובה,גרמים,78.00,100 גרם,false,,5.90,0.0756,true,1,59642
7290005431937,false,טירמיסו 82 גרם,תנובה,IL,תנובה,גרמים,82.00,100 גרם,false,,5.90,0.0720,true,1,59643
7290005431968,false,מלבי שמנת 150 גרם,תנובה,IL,תנובה,גרמים,150.00,100 גרם,false,,6.90,0.0460,true,1,64644
7290005477669,false,דרמפון סבון נוזלי,"אמיליה קוסמטיקס בע""מ",IL,דרמפון,ליטרים,1.00,ליטר,false,,17.90,17.9000,true,1,39200
7290005500893,false,ג'ל לעיצוב השיער לקו,א.ל ארמן,IL,פנינה רוזנבלום בע'מ,קילוגרמים,1.00,"ק""ג",false,,15.90,15.9000,true,1,42805
7290005500978,false,"מסיר לק ריחני 200 מ""",,,פנינה,מיליליטרים,200.00,"100 מ""ל",false,,9.90,0.0495,true,1,64623
7290005509445,false,מיני קוקיס בטעם חמאה,Carmit,IL,כרמית,גרמים,600.00,100 גרם,false,,15.90,0.0265,true,1,39508
7290005559907,false,פיצה משפחתית גבינה,מעדנות,IL,מעדנות,גרמים,500.00,100 גרם,false,,19.90,0.0398,true,1,41181
7290005559914,false,פיצה משפחתית זיתים,מעדנות,IL,מעדנות,גרמים,550.00,100 גרם,false,,19.90,0.0362,true,1,41182
7290005559990,false,*מבצע* בצק פילאס טור,מעדנות,IL,מעדנות,גרמים,600.00,100 גרם,false,,19.90,0.0332,true,1,41184
7290005591761,false,דבש לחיץ 400 גרם,שטראוס גרופ,IL,יד מרדכי,גרמים,400.00,100 גרם,false,,19.90,0.0497,true,1,40099
7290005617331,false,מטאטא ארג'נטה,Pierina,IT,נופר,יח',1.00,יח',false,,15.90,15.9000,true,1,42291
7290005617379,false,יעה נצמד - ז.ס.,Moperia,IT,נופר,יח',1.00,יח',false,,5.90,5.9000,true,1,39301
7290005617423,false,מטאטא מגן פס,,,מטאטא פס+מגן+מקל,יח',1.00,יח',false,,15.90,15.9000,true,1,42293
7290005617560,false,מגב מתכת הברגה,יואלי,IL,נופר,יח',1.00,יח',false,,15.00,15.0000,true,1,42295
7290005617645,false,מגב חלון פלסטיק 20 -,ideal houseware,CN,נופר,יח',1.00,יח',false,,5.00,5.0000,true,1,39304
7290005617690,false,מברשת שירותים,ideal houseware,CN,נופר,יח',1.00,יח',false,,3.90,3.9000,true,1,42298
7290005617843,false,מברשת קירצוף קשה+מקל,Pierina,IT,נופר,יח',1.00,יח',false,,14.90,14.9000,true,1,42300
7290005617850,false,מטאטא מרצדס זהב - ז.,Mascot,IT,נופר,יח',1.00,יח',false,,20.90,20.9000,true,1,42301
7290005617935,false,מברשת כלים ידית גומי,Ningbo cleaning indu,CN,נופר,יח',1.00,יח',false,,10.90,10.9000,true,1,39309
7290005651366,false,בונזו כבד 3 קג,,,בונזו כבד 3 קג,גרמים,3000.00,100 גרם,false,,49.90,0.0166,true,1,62760
7290005669163,false,בלוק A4 ספירל EXCLUS,,,בלוק A4 ספירל EXCLUS,יחידה,0.00,יחידה,false,,15.90,0.0000,true,1,79989
7290005719189,false,לחם מחמצת שיפון אגוז,,,לחם כוסמין,יח',1.00,יח',false,,16.90,16.9000,true,1,63961
7290005761652,false,סיכות 26/6 לשדכן,,,סיכות 26/6 לשדכן,יחידה,0.00,יחידה,false,,5.00,0.0000,true,1,80008
7290005779060,false,בלוק ציור פנדה 240גר,,,בלוק ציור פנדה 240גר,יחידה,0.00,יחידה,false,,5.00,0.0000,true,1,83711
7290005779077,false,בלוק ציור 240גר' 12,,,בלוק ציור 240גר' 12,יחידה,0.00,יחידה,false,,10.00,0.0000,true,1,83712
7290005838002,false,דניאלה וניל,שטראוס גרופ,IL,שטראוס,מיליליטרים,150.00,"100 מ""ל",false,,3.90,0.0260,true,1,40366
7290005838613,false,סקי וניל 125 בודד,שטראוס גרופ,IL,שטראוס,גרמים,125.00,100 גרם,false,,3.70,0.0296,true,1,40367
7290005838972,false,סקי יום יום 5%,שטראוס גרופ,IL,שטראוס,גרמים,125.00,100 גרם,false,,3.10,0.0248,true,1,40368
7290005839078,false,מארז 8 חסכון - ביו 3,שטראוס גרופ,IL,שטראוס,קילוגרמים,1.20,"ק""ג",false,,15.90,13.2500,true,1,40369
7290005839108,false,סימפוניה 5% עם זתים,שטראוס גרופ,IL,שטראוס,גרמים,200.00,100 גרם,false,,10.90,0.0545,true,1,40370
7290005839313,false,מילקי טופ מגולגלת,שטראוס גרופ,IL,שטראוס,גרמים,134.00,100 גרם,false,,4.50,0.0336,true,1,40371
7290005896439,false,מכבי בקבוק חוזר 500,טמפו,IL,מכבי,מיליליטרים,500.00,"100 מ""ל",false,,6.90,0.0138,true,1,39548
7290005896453,false,"מכבי 7.9 חוזר 500 מ""",טמפו,IL,מכבי,מיליליטרים,500.00,"100 מ""ל",false,,6.90,0.0138,true,1,39549
7290005896460,false,בירה איגל לארג 7.8%,טמפו,IL,טמפו,מיליליטרים,500.00,"100 מ""ל",false,,6.50,0.0130,true,1,35300
7290005902048,false,רבמג-מטאטא גומי,,,רבמג-מטאטא גומי,יחידה,0.00,יחידה,false,,77.90,0.0000,true,1,85716
7290005902437,false,מטאטא סיליקון מפרקי,,,מטאטא סיליקון מפרקי,יחידה,0.00,יחידה,false,,92.00,0.0000,true,1,85723
7290005938238,false,צימיצורי 220 גרם,פרסקו חצבה,IL,פרסקו חצבה,גרמים,220.00,100 גרם,false,,17.90,0.0814,true,1,39973
7290005938245,false,ממרח פסטו קלאסי 220,פרסקו חצבה,IL,פרסקו חצבה,גרמים,220.00,100 גרם,false,,17.90,0.0814,true,1,39974
7290005938627,false,ממרח עגבניות מיובשות,פרסקו חצבה,IL,פרסקו,גרמים,220.00,100 גרם,false,,17.90,0.0814,true,1,69342
7290005981579,false,מתקן לסבון כלים,,,מתקן לסבון כלים,יח',1.00,יח',false,,6.90,6.9000,true,1,31434
7290005981623,false,קערה 16,,,קערה 16,יחידה,0.00,יחידה,false,,3.50,0.0000,true,1,85486
7290005981807,false,סבוניה פלסטיק נצמד,,,סבוניה פלסטיק נצמד,יח',1.00,יח',false,,7.90,7.9000,true,1,43222
7290005992018,false,יוגורט עיזים,גדיה,IL,מחלבות גד,גרמים,500.00,100 גרם,false,,12.90,0.0258,true,1,39857
7290005992247,false,גבינת חלומי  24%,מחלבות גד,IL,מחלבות גד,קילוגרמים,1.00,"ק""ג",true,,99.00,99.0000,true,1,12399
7290005992575,false,בולגרית למריחה,מחלבות גד,IL,מחלבות גד,גרמים,250.00,100 גרם,false,,15.90,0.0636,true,1,39859
7290005992667,false,בולגרית מסורתית 5%,דשן,IL,מחלבות גד,קילוגרמים,1.00,"ק""ג",true,,56.00,56.0000,true,1,12404
7290005992735,false,לבנה 250 גרם,מחלבות גד,IL,מחלבות גד,גרמים,250.00,100 גרם,false,,11.90,0.0476,true,1,39860
7290005992858,false,פטה עזים מעודנת  5%,דשן,IL,מחלבות גד,קילוגרמים,1.00,"ק""ג",true,,110.00,110.0000,true,1,12407
7290005992872,false,צפתית פרח במים  5%,מחלבות גד,IL,מחלבות גד,קילוגרמים,1.00,"ק""ג",true,,60.00,60.0000,true,1,51462
7290005992902,false,גבינת שמנת ירקות 30%,מחלבות גד,IL,מחלבות גד,קילוגרמים,1.00,"ק""ג",true,,45.00,45.0000,true,1,12410
7290005992957,false,פטה עיזים מסורתית 20,טבע עז,IL,מחלבות גד,קילוגרמים,1.00,"ק""ג",true,,110.00,110.0000,true,1,12412
7290005996078,false,סרוולט הונגרי 125 גר,מעדני יחיעם,IL,יחיעם,גרמים,125.00,100 גרם,false,,25.90,0.2072,true,1,64033
7290005996153,false,נקניקיות צרפתיות פרי,מעדני יחיעם,IL,מעדני יחיעם,גרמים,280.00,100 גרם,false,,19.90,0.0711,true,1,61059
7290005996160,false,נקניקיות צוריסו פרימ,מעדני יחיעם,IL,מעדני יחיעם,גרמים,280.00,100 גרם,false,,19.90,0.0711,true,1,61060
7290005996221,false,פסטרמה של פעם דק דק,מעדני יחיעם,IL,יחיעם,גרמים,120.00,גרם,false,,12.90,0.1075,true,1,64029
7290005996238,false,פסטרמה בדבש דק דק 12,מעדני יחיעם,IL,יחיעם,גרמים,120.00,גרם,false,,12.90,0.1075,true,1,64030
7290005996276,false,פסטרמה ברביקיו דק דק,מעדני יחיעם,IL,יחיעם,גרמים,120.00,גרם,false,,12.90,0.1075,true,1,64031
7290005996979,false,סלמי פרח 200 גרם,מעדני יחיעם,IL,יחיעם,גרמים,200.00,100 גרם,false,,24.90,0.1245,true,1,71272
7290006065704,false,סטייק הליבוט ללא זנב,דליאן הונגשנג,CN,סטייק הליבוט ללא זנב,קילוגרמים,1.00,"ק""ג",true,,79.90,79.9000,true,1,66557
7290006185501,false,*מבצע* סבון נוזלי 1,סאסא קוסמטיקס,IL,פנינה רוזנבלום בע'מ,ליטרים,1.00,ליטר,false,,8.90,8.9000,true,1,40207
7290006185518,false,*מבצע* סבון נוזלי 1,סאסא קוסמטיקס,IL,פנינה רוזנבלום בע'מ,ליטרים,1.00,ליטר,false,,8.90,8.9000,true,1,40208
7290006185952,false,מגבונים לחים להסרת א,דן מור חומרי טבע וכי,IL,מגבונים לחים להסרת א,יח',1.00,יח',false,,7.90,7.9000,true,1,56202
7290006199942,false,גלידל דובדבן שמיניה,"פלקו בע""מ",IL,הגלידות של פלדמן,יח',8.00,יח',false,,24.90,3.1125,true,1,39630
7290006214003,false,חלבה ממולאת א.חלב נכ,,,חלבה ממולאת א.חלב נכ,קילוגרמים,1.00,"ק""ג",true,,59.00,59.0000,true,1,57542
7290006229588,false,"בירה איגל 500 מ""ל פח",טמפו,IL,טמפו,מיליליטרים,500.00,"100 מ""ל",false,,5.90,0.0118,true,1,35301
7290006232225,false,שמן חודר חלודה 450ML,,,שמן חודר חלודה 450ML,יחידה,0.00,יחידה,false,,19.90,0.0000,true,1,85565
7290006241504,false,קפוא תפוזים 345,פריגת מצוננים,IL,פריז_א,גרמים,345.00,100 גרם,false,,9.90,0.0287,true,1,40301
7290006241511,false,קפוא לימון נענע 340,פריגת מצוננים,IL,פריז_א,גרמים,340.00,100 גרם,false,,9.90,0.0291,true,1,40302
7290006243713,false,בורקס גבינה 800 גרם,,,בורקס גבינה,גרמים,800.00,100 גרם,false,,11.90,0.0149,true,1,42731
7290006251107,false,צ'אי מסאלה 25,ויסוצקי,IL,ויסוצקי,גרמים,50.00,100 גרם,false,,18.90,0.3780,true,1,40479
7290006251275,false,*מבצע* תה ירוק סיני,ויסוצקי,IL,ויסוצקי,גרמים,937.50,100 גרם,false,,17.90,0.0191,true,1,40480
7290006251343,false,*מבצע* מנגו פסיפלורה,ויסוצקי,IL,ויסוצקי,גרמים,38.00,100 גרם,false,,16.90,0.4447,true,1,40482
7290006251374,false,*מבצע* תה ירוק לימונ,ויסוצקי,IL,ויסוצקי,גרמים,937.50,100 גרם,false,,17.90,0.0191,true,1,40483
7290006251589,false,*מבצע* תה ירוק נענע,ויסוצקי,IL,ויסוצקי,גרמים,50.00,100 גרם,false,,37.90,0.7580,true,1,40484
7290006256089,false,גאטו נגרו קברנה סובי,,AR,גאטו נגרו קברנה סובי,מיליליטרים,750.00,"100 מ""ל",false,,39.90,0.0532,true,1,69192
7290006256102,false,גאטו נגרו מרלו,,AR,גאטו נגרו מרלו,מיליליטרים,750.00,"100 מ""ל",false,,39.90,0.0532,true,1,69193
7290006265500,false,פטריות שמפניון,סודות המזרח,IL,פטריות שמפניון,יח',1.00,יח',false,,8.90,8.9000,true,1,6425
7290006265548,false,נבטים סיניים,"סוכרזית בע""מ",IL,נבטים סיניים,יח',1.00,יח',false,,5.90,5.9000,true,1,6426
7290006271174,false,גחנון מעדנות 700 גרם,מעדנות,IL,מעדנות,גרמים,700.00,100 גרם,false,,17.90,0.0256,true,1,41185
7290006271648,false,"בורקס תפו""א מיני",מעדנות,IL,מעדנות,גרמים,800.00,100 גרם,false,,22.90,0.0286,true,1,41188
7290006271655,false,בורקס גבינה מיני,מעדנות,IL,מעדנות,גרמים,800.00,100 גרם,false,,24.90,0.0311,true,1,41189
7290006272072,false,*מבצע* חטיפי פיצה מע,מעדנות,IL,מעדנות,גרמים,650.00,100 גרם,false,,27.90,0.0429,true,1,41191
7290006272430,false,בצק עלים חמאה,מעדנות,IL,מעדנות,גרמים,600.00,100 גרם,false,,27.90,0.0465,true,1,41192
7290006306296,false,רביולי במילוי גבינה,פסטה נונה,IL,פסטה נונה,גרמים,400.00,100 גרם,false,,23.90,0.0597,true,1,39863
7290006306302,false,רביולי במילוי גבינות,פסטה נונה,IL,פסטה נונה,גרמים,400.00,100 גרם,false,,23.90,0.0597,true,1,39864
7290006306319,false,רביולי במילוי בטטה 4,פסטה נונה,IL,פסטה נונה,גרמים,400.00,100 גרם,false,,23.90,0.0597,true,1,39865
7290006306326,false,רביולי במילוי פטריות,פסטה נונה,IL,פסטה נונה,גרמים,400.00,100 גרם,false,,23.90,0.0597,true,1,39866
7290006306333,false,רביולי במילוי תרד וג,פסטה נונה,IL,פסטה נונה,גרמים,400.00,100 גרם,false,,23.90,0.0597,true,1,39867
7290006306340,false,ניוקי תפוחי אדמה 400,פסטה נונה,IL,פסטה נונה,גרמים,400.00,100 גרם,false,,22.90,0.0572,true,1,39868
7290006306357,false,רביולי במילוי גבינת,פסטה נונה,IL,פסטה נונה,גרמים,400.00,100 גרם,false,,22.90,0.0572,true,1,39869
7290006342645,false,טורטיה גדולה 840 גרם,סיטוגלוגידה,TR,טורטיה גדולה 840 גרם,גרמים,840.00,100 גרם,false,,14.90,0.0177,true,1,38309
7290006374653,false,דבש לייט 350 גרם,שטראוס גרופ,IL,יד מרדכי,גרמים,350.00,100 גרם,false,,24.90,0.0711,true,1,40102
7290006374738,false,קונפיטורת תות יד מרד,"בית אל מזון בע""מ",IL,יד מרדכי,גרמים,340.00,100 גרם,false,,11.90,0.0350,true,1,40103
7290006376046,false,סוכר דמררה ארומתי בש,ר.ס,IL,פרמיום,קילוגרמים,1.00,"ק""ג",false,,8.90,8.9000,true,1,42822
7290006424358,false,מפזר חום שוכב /עומד,,,מפזר חום שוכב /עומד,יח',1.00,יח',false,,49.90,49.9000,true,1,54290
7290006449849,false,"תמר מג'הול 1 ק""ג",,,"תמר מג'הול 1 ק""ג",קילוגרמים,1.00,"ק""ג",false,,16.90,16.9000,true,1,56622
7290006492432,false,מוצרלה ביבי,מחלבות גד,IL,מחלבות גד,גרמים,150.00,100 גרם,false,,12.90,0.0860,true,1,39870
7290006492616,false,בולגרית 5% פרוסות,דשן,IL,מחלבות גד,גרמים,250.00,100 גרם,false,,25.90,0.1036,true,1,39871
7290006492630,false,גבינת עיזים גליל,מחלבות גד,IL,מחלבות גד,גרמים,180.00,100 גרם,false,,21.90,0.1217,true,1,39872
7290006492647,false,גבינת עיזים מטבעות,טבע עז,IL,מחלבות גד,גרמים,150.00,100 גרם,false,,22.90,0.1527,true,1,39873
7290006492685,false,לבנה עיזים 250גר,מחלבות גד,IL,מחלבות גד,גרמים,250.00,100 גרם,false,,16.90,0.0676,true,1,39874
7290006492852,false,גבינת עיזים 5% למריח,מחלבות גד,IL,מחלבות גד,גרמים,250.00,100 גרם,false,,15.90,0.0636,true,1,39875
7290006492913,false,לבנה ציזיקי למריחה,מחלבות גד,IL,מחלבות גד,גרמים,250.00,100 גרם,false,,12.90,0.0516,true,1,39876
7290006494917,false,וופל בטעם שוקולד ללא,"גילרו בע""מ",IL,טוסו,גרמים,180.00,100 גרם,false,,7.90,0.0439,true,1,38916
7290006494924,false,וופל בטעם לימון ללא,"גילרו בע""מ",IL,וופל טוסו,גרמים,200.00,100 גרם,false,,9.90,0.0495,true,1,38917
7290006496072,false,משקד סירופ מלבי 750,משקד,IL,משקד,מיליליטרים,750.00,"100 מ""ל",false,,18.90,0.0252,true,1,40220
7290006496225,false,"משקד מי ורדים 750 מ""",משקד,IL,משקד,מיליליטרים,750.00,"100 מ""ל",false,,11.90,0.0159,true,1,40222
7290006511157,false,פטריות שלמות 400 גרם,אוקוצמפ,PL,וילי פוד,גרמים,400.00,100 גרם,false,,7.90,0.0198,true,1,39353
7290006511706,false,*מבצע* גאודה עם כמון,רובין הולנד,NL,בטעם גאודה כמון 30.4%,קילוגרמים,1.00,"ק""ג",true,,90.00,90.0000,true,1,71008
7290006511751,false,שלישיית פיטריות חתוך,לוטס,NL,וילי פוד,גרמים,290.00,100 גרם,false,,11.90,0.0410,true,1,39355
7290006511904,false,*מבצע* גבינת אדם חצי,ברגלנדמיל,AT,וילי פוד,קילוגרמים,1.00,"ק""ג",true,,59.00,59.0000,true,1,10011
7290006546012,false,צ'לי חריף בנוסח מקסי,"פרי הגליל בע""""מ",IL,פרי הגליל,גרמים,580.00,100 גרם,false,,6.90,0.0119,true,1,40186
7290006546302,false,ציפס קיטרינג 1.5,"פרי הגליל בע""""מ",IL,פרי הגליל,קילוגרמים,1.50,"ק""ג",false,,17.90,11.9333,true,1,57248
7290006546302,false,ציפס קיטרינג 1.5,"פרי הגליל בע""""מ",IL,פרי הגליל,קילוגרמים,2.00,"00000000000000000ק""ג",false,,15.90,7.9500,true,1,14004
7290006546388,false,תחתיות ארטישוק 400 ג,"פרי הגליל בע""""מ",IL,פרי הגליל,גרמים,400.00,100 גרם,false,,9.90,0.0248,true,1,40189
7290006546395,false,לקט העונה 800 גר,"פרי הגליל בע""""מ",IL,פרי הגליל,גרמים,800.00,100 גרם,false,,8.90,0.0111,true,1,40190
7290006554017,false,עוגיות מרוקאיות,ארקד,IL,ארקד,גרמים,500.00,100 גרם,false,,17.90,0.0358,true,1,43131
7290006554024,false,עוגיות ביתיות תמרים,ארקד,IL,ארקד,גרמים,500.00,100 גרם,false,,17.90,0.0358,true,1,43132
7290006554031,false,עוגיות ביתיות אגוזים,ארקד,IL,ארקד,גרמים,500.00,100 גרם,false,,17.90,0.0358,true,1,43133
7290006554055,false,עוגיות בטעם טחינה,ארקד,IL,ארקד,גרמים,300.00,100 גרם,false,,17.90,0.0597,true,1,43135
7290006554062,false,עוגיות גרנולה,ארקד,IL,ארקד,גרמים,250.00,100 גרם,false,,17.90,0.0716,true,1,43136
7290006554079,false,עוגיות גרנולה ללא סו,ארקד,IL,ארקד,גרמים,250.00,100 גרם,false,,17.90,0.0716,true,1,43137
7290006554093,false,סהרונים,ארקד,IL,ארקד,גרמים,300.00,100 גרם,false,,17.90,0.0597,true,1,43138
7290006554161,false,עוגיות משקפיים,ארקד,IL,ארקד,גרמים,250.00,100 גרם,false,,17.90,0.0716,true,1,43143
7290006554246,false,עוגיות משקפיים עם סו,ארקד,IL,ארקד,גרמים,250.00,100 גרם,false,,17.90,0.0716,true,1,43145
7290006554314,false,עוגיות עם שקדים ללא,ארקד,IL,ארקד,גרמים,250.00,100 גרם,false,,17.90,0.0716,true,1,43148
7290006554321,false,עוגיות עם אגוזי לוז,ארקד,IL,ארקד,גרמים,250.00,100 גרם,false,,17.90,0.0716,true,1,43149
7290006554345,false,עוגיות תמרים ללא סוכ,ארקד,IL,ארקד,גרמים,250.00,100 גרם,false,,17.90,0.0716,true,1,43150
7290006554413,false,עוגיות מרוקאיות ללא,ארקד,IL,ארקד,גרמים,500.00,100 גרם,false,,17.90,0.0358,true,1,43151
7290006567048,false,פתיתי קוסקוס ישראלי,קוסקוס,IL,אסם,גרמים,350.00,100 גרם,false,,7.50,0.0214,true,1,38636
7290006582355,false,סילאן 900 גרם,טעמי הגליל,IL,שקדיה,גרמים,900.00,100 גרם,false,,9.90,0.0110,true,1,38310
7290006618085,false,אסטוניש מרסס לניקוי,אסטוניש,GB,אסטוניש,מיליליטרים,750.00,"100 מ""ל",false,,11.90,0.0159,true,1,39700
7290006644480,false,תפוזינה תפוזים 0.5 ל,יפאורה תבורי,IL,תפוזינה,מיליליטרים,500.00,"100 מ""ל",false,,5.00,0.0100,true,1,39675
7290006644510,false,תפוזינה ענבים 0.5 ל',יפאורה תבורי,IL,תפוזינה,מיליליטרים,500.00,"100 מ""ל",false,,5.00,0.0100,true,1,39676
7290006644527,false,תפוזינה תות בננה 0.5,יפאורה תבורי,IL,תפוזינה,מיליליטרים,500.00,"100 מ""ל",false,,5.00,0.0100,true,1,42440
7290006652027,false,במבה יום הולדת קדמ.מ,אסם,IL,במבה,גרמים,300.00,100 גרם,false,,23.90,0.0797,true,1,38638
7290006653819,false,קוסקוס דק 350 גרם,קוסקוס,IL,אסם,גרמים,350.00,100 גרם,false,,7.50,0.0214,true,1,38641
7290006660596,false,דגש קמח עדשים אדומות,,,דגש קמח עדשים אדומות,גרמים,500.00,100 גרם,false,,17.90,0.0358,true,1,82230
7290006664037,false,גמדים תפוח בננה רביע,שטראוס גרופ,IL,שטראוס,גרמים,400.00,100 גרם,false,,10.90,0.0273,true,1,40372
7290006664051,false,אקטימל לבן 14,שטראוס גרופ,IL,שטראוס,ליטרים,1.40,ליטר,false,,29.90,21.3571,true,1,40373
7290006664310,false,סקי 3% 250 גרם,שטראוס גרופ,IL,שטראוס,גרמים,250.00,100 גרם,false,,4.70,0.0188,true,1,40374
7290006664402,false,סקי% 5 750 גרם,שטראוס גרופ,IL,שטראוס,גרמים,750.00,100 גרם,false,,13.90,0.0185,true,1,40375
7290006664532,false,דנונה תות 3%,שטראוס גרופ,IL,שטראוס,גרמים,150.00,100 גרם,false,,3.50,0.0233,true,1,40376
7290006664655,false,אקטימל לבן שמינייה,שטראוס גרופ,IL,שטראוס,מיליליטרים,864.00,"100 מ""ל",false,,19.90,0.0230,true,1,40378
7290006664693,false,דנונה אפרסק  3%,שטראוס גרופ,IL,שטראוס,גרמים,180.00,100 גרם,false,,3.50,0.0194,true,1,40379
7290006664990,false,מארז 8 חסכון - ביו 1,שטראוס גרופ,IL,שטראוס,קילוגרמים,1.20,"ק""ג",false,,15.90,13.2500,true,1,40381
7290006666307,false,סלט חומוס 300 גרם,,,סלט חומוס 300 גרם,גרמים,300.00,100 גרם,false,,11.90,0.0397,true,1,40987
7290006666314,false,סלט טחינה 300 גרם,,,סלט טחינה 300 גרם,גרמים,300.00,100 גרם,false,,11.90,0.0397,true,1,40988
7290006666345,false,חציל במיונז 300 גרם,,,חציל במיונז 300 גרם,גרמים,300.00,100 גרם,false,,17.90,0.0597,true,1,40990
7290006666413,false,כרוב שוודי 300 גרם,,,כרוב שוודי 300 גרם,גרמים,300.00,100 גרם,false,,13.90,0.0463,true,1,40991
7290006666420,false,כרוב קולסלו 300 גרם,,,כרוב קולסלו 300 גרם,גרמים,300.00,100 גרם,false,,13.90,0.0463,true,1,40992
7290006666437,false,סלט טורקי 300 גרם,,,סלט טורקי 300 גרם,גרמים,300.00,100 גרם,false,,14.90,0.0497,true,1,40993
7290006666444,false,סלט מטבוחה 300 גרם,,,סלט מטבוחה 300 גרם,גרמים,300.00,100 גרם,false,,17.90,0.0597,true,1,40994
7290006666451,false,סלט סלסה 300 גרם,,,סלט סלסה 300 גרם,גרמים,300.00,100 גרם,false,,17.90,0.0597,true,1,40995
7290006666468,false,גזר בלימון 300 גרם,,,גזר בלימון 300 גרם,גרמים,300.00,100 גרם,false,,17.90,0.0597,true,1,40996
7290006666529,false,פלפל מרוקאי,,,פלפל מרוקאי,גרמים,300.00,100 גרם,false,,17.90,0.0597,true,1,40997
7290006681003,false,קרמיסימו גלידת שרבט,גלידות שטראוס,IL,קרמיסימו,ליטרים,1.33,ליטר,false,,18.90,14.2105,true,1,38822
7290006681553,false,קרמבו וניל 1/8,גלידות שטראוס,IL,שטראוס,יח',8.00,יח',false,,13.90,1.7375,true,1,42149
7290006681560,false,קרמבו מוקה 1/8,גלידות שטראוס,IL,שטראוס,יח',8.00,יח',false,,13.90,1.7375,true,1,42150
7290006704542,false,עלי תרד ניוזילנדי,"סנפרוסט בע""מ",IL,תרד שטוף,יח',1.00,יח',false,,8.90,8.9000,true,1,6443
7290006704931,false,צמד פטריות אקזוטיות,,,צמד פטריות אקזוטיות,יח',1.00,יח',false,,15.90,15.9000,true,1,26533
7290006707079,false,כרעיים עוף קפוא,,,כרעיים עוף קפוא,קילוגרמים,1.00,"ק""ג",true,,27.90,27.9000,true,1,80240
7290006707512,false,שניצל קפוא ארוז,"נטו מלינדה סחר בע""מ",IL,שניצל קפוא ארוז,קילוגרמים,1.00,"ק""ג",true,,34.90,34.9000,true,1,86160
7290006712981,false,קולגייט משחת ילדים 6,CP-Poland swidnica,PL,קולגייט,מיליליטרים,50.00,"100 מ""ל",false,,11.90,0.2380,true,1,40970
7290006739346,false,נקניקיות פרגיות 400,זוגלובק,IL,זוגלובק,גרמים,400.00,100 גרם,false,,13.90,0.0348,true,1,41298
7290006739407,false,שניצל תירס לייט630 ג,זוגלובק,IL,זוגלובק,גרמים,630.00,100 גרם,false,,21.90,0.0348,true,1,41299
7290006739414,false,נקניק קוניאק 300 גרם,זוגלובק,IL,זוגלובק,גרמים,300.00,100 גרם,false,,25.90,0.0863,true,1,41300
7290006739421,false,מעושן איטלקי 300 גרם,זוגלובק,IL,זוגלובק,גרמים,300.00,100 גרם,false,,25.90,0.0863,true,1,41301
7290006739445,false,שניצל תירס 750 גרם,זוגלובק,IL,זוגלובק,גרמים,750.00,100 גרם,false,,21.90,0.0292,true,1,41302
7290006739544,false,כתף בקר 300 גרם,זוגלובק,IL,זוגלובק,גרמים,300.00,100 גרם,false,,25.90,0.0863,true,1,41303
7290006742278,false,פסטרממיה צלויה 330 ג,זוגלובק,IL,זוגלובק,גרמים,330.00,100 גרם,false,,25.90,0.0785,true,1,41311
7290006742315,false,חזה הודו ברביקיו 330,זוגלובק,IL,זוגלובק,גרמים,330.00,100 גרם,false,,25.90,0.0785,true,1,41314
7290006764058,false,בירה נשר חוזר,טמפו,IL,נשר לבן,מיליליטרים,500.00,"100 מ""ל",false,,5.20,0.0104,true,1,39558
7290006764065,false,"נשר מאלט חוזר 500 מ""",טמפו,IL,נ.מאלט,מיליליטרים,500.00,"100 מ""ל",false,,4.90,0.0098,true,1,39559
7290006764072,false,"גולדסטאר חוזר 500 מ""",טמפו,IL,גולדסטאר,מיליליטרים,500.00,"100 מ""ל",false,,6.90,0.0138,true,1,39560
7290006764096,false,בירה איגל חוזר 3.8%,טמפו,IL,איגל,מיליליטרים,500.00,"100 מ""ל",false,,4.90,0.0098,true,1,35344
7290006764157,false,גולדסטאר לא מסונן בק,טמפו,IL,גולדסטאר לא מסונן בק,מיליליטרים,500.00,"100 מ""ל",false,,7.90,0.0158,true,1,59839
7290006764485,false,נשר מאלט שישייה 330,טמפו,IL,נ.מאלט,ליטרים,1.98,ליטר,false,,26.90,13.5859,true,1,39563
7290006765000,false,טורטיה מקמח מלא 540ג,מוטלוקל,TR,טורטיה מקמח מלא 540ג,גרמים,540.00,100 גרם,false,,9.90,0.0183,true,1,38311
7290006765871,false,שקד טבעי במשקל,"דין שיווק וקלייה בע""",US,תפזורת - ללא מותג,קילוגרמים,1.00,"ק""ג",true,,69.00,69.0000,true,1,21732
7290006775016,false,עוגת תפוז 450 גרם,"אחדות ביח""ר לטחינה ח",IL,אחוה,גרמים,450.00,100 גרם,false,,9.90,0.0220,true,1,41896
7290006775023,false,עוגה אנגלית 450 גרם,"אחדות ביח""ר לטחינה ח",IL,אחוה,גרמים,450.00,100 גרם,false,,9.90,0.0220,true,1,38365
7290006775047,false,עוגה בטעם שוקולד 450,"אחדות ביח""ר לטחינה ח",IL,אחוה,גרמים,450.00,100 גרם,false,,9.90,0.0220,true,1,41898
7290006775054,false,עוגת שיש 450 גרם,"אחדות ביח""ר לטחינה ח",IL,אחוה,גרמים,450.00,100 גרם,false,,9.90,0.0220,true,1,38366
7290006775085,false,עוגת שמרים במילוי קר,"אחדות ביח""ר לטחינה ח",IL,אחוה,גרמים,400.00,100 גרם,false,,9.90,0.0248,true,1,41900
7290006775344,false,עוגת שמרים במילוי קר,"אחדות ביח""ר לטחינה ח",IL,אחוה,גרמים,400.00,100 גרם,false,,9.90,0.0248,true,1,41904
7290006784360,false,חלונית 1 ליטר,"קומפלקס כימיקלים בע""",IL,חלונית,ליטרים,1.00,ליטר,false,,5.90,5.9000,true,1,39323
7290006784438,false,מרכך כביסה פיור לאב,"קומפלקס כימיקלים בע""",TR,מרכך כביסה פיור לאב,ליטרים,1.00,ליטר,false,,9.90,9.9000,true,1,82378
7290006788429,false,"דאו רולאון 75 מ""ל","אמיליה קוסמטיקס בע""מ",IL,קרליין,מיליליטרים,75.00,"100 מ""ל",false,,11.90,0.1587,true,1,39216
7290006788559,false,טיטניום דאו ספריי בל,,,טיטניום דאו ספריי בל,מיליליטרים,180.00,"100 מ""ל",false,,14.90,0.0828,true,1,39224
7290006789655,false,*מבצע* קרלין לחות לל,"אמיליה קוסמטיקס בע""מ",IL,קרליין,מיליליטרים,400.00,"100 מ""ל",false,,14.90,0.0373,true,1,39228
7290006805355,false,תערובת לכדורי שוקולד,ג'נרל מילס,IL,פילסברי,גרמים,500.00,100 גרם,false,,16.90,0.0338,true,1,39765
7290006805850,false,תערובת לפנקייק פילסב,ג'נרל מילס,IL,פילסברי,גרמים,450.00,100 גרם,false,,16.90,0.0376,true,1,39766
7290006822192,false,אושן ספריי דיאט 1 לי,פריגת,IL,אושן ספריי,ליטרים,1.00,ליטר,false,,11.90,11.9000,true,1,38982
7290006866363,false,%100 מיץ אשכוליות אד,"גניר (1992) בע""מ",IL,תוצרת מסחרית,ליטרים,1.00,ליטר,false,,15.90,15.9000,true,1,40382
7290006866967,false,*מבצע* נקטר חמוציות,גניר,IL,פרימור,ליטרים,1.00,ליטר,false,,7.90,7.9000,true,1,58548
7290006920829,false,צדר פרוסה 350 גרם,צי תעשיות מזון יבנה,IL,כפיר,גרמים,350.00,100 גרם,false,,14.90,0.0426,true,1,40230
7290006920843,false,מוצרלה פרוסה 350 גרם,צי תעשיות מזון יבנה,IL,כפיר,גרמים,350.00,100 גרם,false,,14.90,0.0426,true,1,40232
7290006920911,false,הולנדית פרוסה 350 גר,צי תעשיות מזון יבנה,IL,כפיר,גרמים,350.00,100 גרם,false,,14.90,0.0426,true,1,40233
7290006983176,false,לחמית שיפון 230 גרם,אסם,IL,לחמית,גרמים,230.00,100 גרם,false,,7.90,0.0343,true,1,38646
7290006983206,false,פלאפל בקלי קלות 180,אסם,IL,אסם,גרמים,180.00,100 גרם,false,,9.50,0.0528,true,1,38647
7290006983527,false,"עוגת הבית תפו""ע עם פ",אסם,IL,הבית,גרמים,400.00,100 גרם,false,,14.90,0.0373,true,1,38648
7290006983763,false,עוגת הבית שוקולד 400,אסם,IL,הבית,גרמים,400.00,100 גרם,false,,10.90,0.0273,true,1,38649
7290006983770,false,עוגת הבית שיש 400 גר,אסם,IL,הבית,גרמים,400.00,100 גרם,false,,10.90,0.0273,true,1,38650
7290006983787,false,עוגת הבית שוקולד צ'י,אסם,IL,הבית,גרמים,400.00,100 גרם,false,,10.90,0.0273,true,1,38651
7290006983794,false,עוגת הבית תפוז 400 ג,אסם,IL,הבית,גרמים,400.00,100 גרם,false,,10.90,0.0273,true,1,38652
7290006992161,false,מטרנה דייסת קורנפלור,מטרנה,IL,מטרנה,גרמים,200.00,100 גרם,false,,12.90,0.0645,true,1,38654
7290006992192,false,מטרנה דייסת סולת 200,מטרנה,IL,מטרנה,גרמים,200.00,100 גרם,false,,12.90,0.0645,true,1,38656
7290006992390,false,מטרנה דייסת וניל 200,מטרנה,IL,מטרנה,גרמים,200.00,100 גרם,false,,12.90,0.0645,true,1,38658
7290008000796,false,משחת שיניים סופרמן י,כצט,IL,כצט,גרמים,50.00,100 גרם,false,,10.90,0.2180,true,1,39294
7290008000826,false,משחה ברבי,כצט,IL,כצט,גרמים,50.00,100 גרם,false,,10.90,0.2180,true,1,39295
7290008005906,false,צנצנת פלסטיק מרובעת,,,צנצנת פלסטיק מרובעת,יחידה,0.00,יחידה,false,,2.90,0.0000,true,1,81648
7290008101356,false,*מבצע* קריספ פנקו זה,א.ל ייצור ושיווק תבל,IL,*מבצע* קריספ פנקו זה,גרמים,300.00,100 גרם,false,,8.90,0.0297,true,1,81613
7290008104050,false,פמינה תחליב אינטימית,כצט,IL,כצט,מיליליטרים,220.00,"100 מ""ל",false,,21.90,0.0995,true,1,39298
7290008154222,false,*מבצע* שניצלונים עוף,עוף טוב,IL,עוף טוב,גרמים,700.00,100 גרם,false,,12.90,0.0184,true,1,38659
7290008175173,false,חמאה 200 גרם ללא מלח,,,חמאה ללא מלח,גרמים,200.00,100 גרם,false,,11.90,0.0595,true,1,42331
7290008175210,false,פרמז'נו מגורדת 90 גר,זנטי,IT,וילי פוד,גרמים,90.00,100 גרם,false,,14.90,0.1656,true,1,39356
7290008175692,false,איטריות נודלס 400גר,פוגי'אן,CN,וילי פוד,גרמים,400.00,100 גרם,false,,7.90,0.0198,true,1,39359
7290008175760,false,*מבצע* גבינת  מנצגו,אלפסטור,ES,וילי פוד,קילוגרמים,1.00,"ק""ג",true,,90.00,90.0000,true,1,10022
7290008175777,false,*מבצע* גבינת איבריקו,,,גבינת איבריקו 31%,קילוגרמים,1.00,"ק""ג",true,,80.00,80.0000,true,1,10023
7290008175814,false,פטריות חתוכות 400 גר,אוקוצמפ,PL,וילי פוד,גרמים,400.00,100 גרם,false,,4.90,0.0123,true,1,39360
7290008175906,false,גבינת עיזים  32%,אלמטאה,NL,וילי פוד,קילוגרמים,1.00,"ק""ג",true,,100.00,100.0000,true,1,10026
7290008190909,false,מיני קוקיס שוקו ציפס,Carmit,IL,כרמית,גרמים,600.00,100 גרם,false,,15.90,0.0265,true,1,39512
7290008330107,false,מרכך כביסה בדין סגול,אתר ליוור - HPC,IL,BADIN,ליטרים,4.00,ליטר,false,,19.90,4.9750,true,1,16312
7290008333115,false,גלטין דגים טהור,ויינברג,IL,ויינברג,גרמים,28.00,100 גרם,false,,9.50,0.3393,true,1,39975
7290008343558,false,סיגרים בשר 1 קג,שלושת האופים,IL,שלושת האופים,קילוגרמים,1.00,"ק""ג",false,,17.90,17.9000,true,1,39978
7290008343565,false,סיגרים תפוא 1 קג,שלושת האופים,IL,שלושת האופים,קילוגרמים,1.00,"ק""ג",false,,17.90,17.9000,true,1,39979
7290008343572,false,"אגרול סיני 1 ק""ג",,IL,שלושת האופים,קילוגרמים,1.00,"ק""ג",false,,17.90,17.9000,true,1,39980
7290008343602,false,קובה בשר 1 קג,שלושת האופים,IL,שלושת האופים,קילוגרמים,1.00,"ק""ג",false,,17.90,17.9000,true,1,39981
7290008343619,false,פסטלים תפוא 1 קג,שלושת האופים,IL,שלושת האופים,קילוגרמים,1.00,"ק""ג",false,,17.90,17.9000,true,1,39982
7290008343626,false,פלאפל 1 קג,שלושת האופים,IL,שלושת האופים,קילוגרמים,1.00,"ק""ג",false,,17.90,17.9000,true,1,39983
7290008344272,false,המבורגר 100% בשר 400,טיבון ויל,IL,טיבון ויל,גרמים,400.00,100 גרם,false,,17.90,0.0447,true,1,39985
7290008345583,false,איקרה ורודה 300 ג,דלי דג,IL,דלידג,גרמים,300.00,100 גרם,false,,18.90,0.0630,true,1,39989
7290008347211,false,אצבעות דג 700 גרם,דלידג,IL,דלידג,גרמים,700.00,100 גרם,false,,19.90,0.0284,true,1,39990
7290008403191,false,קשקבל,ברדי ביר,CH,ברדי ביר,קילוגרמים,1.00,"ק""ג",true,,115.00,115.0000,true,1,28959
7290008403238,false,ברי איסיני 30%,איסיני סנט מר,FR,סנט מר,קילוגרמים,1.00,"ק""ג",true,,125.00,125.0000,true,1,27608
7290008403535,false,פרימדונה חצי גליל,וונדרסטרר,NL,פרימדונה חצי גליל,קילוגרמים,1.00,"ק""ג",true,,159.00,159.0000,true,1,37060
7290008403832,false,אולד רוטרדם בקר.,הנרי ויליך,NL,הגבינות של נני,קילוגרמים,1.00,"ק""ג",true,,170.00,170.0000,true,1,57352
7290008403849,false,אולד רוטרדם עיזים,הנרי ויליך,NL,הגבינות של נני,קילוגרמים,1.00,"ק""ג",true,,200.00,200.0000,true,1,57353
7290008409049,false,שניצלונים מיני מיני,תנובה גליל,IL,מאמא עוף,גרמים,500.00,100 גרם,false,,25.90,0.0518,true,1,41249
7290008409100,false,אצבעות שניצל שומשום,תנובה גליל,IL,מאמא עוף,גרמים,700.00,100 גרם,false,,34.90,0.0499,true,1,41250
7290008409124,false,שניצל גונגל 700 גרם,תנובה גליל,IL,מאמא עוף,גרמים,700.00,100 גרם,false,,34.90,0.0499,true,1,41251
7290008409216,false,שניצל דק דק פריך,תנובה גליל,IL,מאמא עוף,גרמים,700.00,100 גרם,false,,39.90,0.0570,true,1,41252
7290008409407,false,שניצל דק דק ציפס,תנובה גליל,IL,מאמא עוף,גרמים,700.00,100 גרם,false,,39.90,0.0570,true,1,41256
7290008409551,false,מאמא עוף שניצל אמיתי,תנובה גליל,IL,מאמא עוף,גרמים,700.00,100 גרם,false,,39.90,0.0570,true,1,41261
7290008415071,false,צבר חומוס עם טחינה 1,צבר,IL,סלטי צבר,גרמים,150.00,100 גרם,false,,4.90,0.0327,true,1,38660
7290008415514,false,צבר חומוס עם חריף 15,צבר,IL,סלטי צבר,גרמים,150.00,100 גרם,false,,4.90,0.0327,true,1,38661
7290008443616,false,נקה 7 קונדישינר,"אמיליה קוסמטיקס בע""מ",IL,נקה 7,מיליליטרים,750.00,"100 מ""ל",false,,10.90,0.0145,true,1,39231
7290008443630,false,נקה 7 שמפו,"אמיליה קוסמטיקס בע""מ",IL,נקה 7,מיליליטרים,750.00,"100 מ""ל",false,,10.90,0.0145,true,1,39232
7290008443647,false,נקה 7 מרכך,"אמיליה קוסמטיקס בע""מ",IL,נקה 7,מיליליטרים,750.00,"100 מ""ל",false,,10.90,0.0145,true,1,39233
7290008449311,false,ארגז איחסון שקוף מתח,,,ארגז איחסון שקוף מתח,יחידה,0.00,יחידה,false,,75.00,0.0000,true,1,76904
7290008461221,false,סרדין רוברט שמן חמני,רמירז,PT,סרדין רוברט שמן חמני,גרמים,140.00,100 גרם,false,,6.90,0.0493,true,1,39992
7290008461238,false,סרדין רוברט חריף 140,רמירז,PT,סרדין רוברט חריף,גרמים,140.00,100 גרם,false,,6.90,0.0493,true,1,42727
7290008461283,false,טריפל צ'דר 200 גרם,שבינגטון,AO,שבינגטון,גרמים,200.00,100 גרם,false,,23.90,0.1195,true,1,39993
7290008462204,false,*מבצע* חרדל דיזון 38,בונגראן,FR,בונגראן,גרמים,380.00,100 גרם,false,,11.90,0.0313,true,1,39994
7290008462259,false,*מבצע* חרדל דיזון גר,בונגראן,FR,בונגראן,גרמים,380.00,100 גרם,false,,13.90,0.0366,true,1,39995
7290008462310,false,*מבצע* סנט מור,אוריאל,FR,מרסי שף,קילוגרמים,1.00,"ק""ג",true,,160.00,160.0000,true,1,32148
7290008463966,false,עוגת דבש אנטיקוביץ 4,אנטיקוביץ,IL,אנטיקוביץ,גרמים,400.00,100 גרם,false,,5.90,0.0148,true,1,85671
7290008464024,false,פחית גולדסטאר לא מסו,טמפו,IL,גולדסטאר לא מסונן,מיליליטרים,500.00,"100 מ""ל",false,,8.90,0.0178,true,1,39568
7290008464222,false,פחית מכבי 7.9% 500 מ,טמפו,IL,מכבי,מיליליטרים,500.00,"100 מ""ל",false,,7.90,0.0158,true,1,39570
7290008464406,false,"פחית פפסי 330 מ""ל",טמפו,IL,פפסי מקס,מיליליטרים,330.00,"100 מ""ל",false,,4.00,0.0121,true,1,39577
7290008464468,false,"גולדסטאר פחית 500 מ""",טמפו,IL,גולדסטאר,מיליליטרים,500.00,"100 מ""ל",false,,7.90,0.0158,true,1,39578
7290008464475,false,"מכבי 500 מ""ל פחית",טמפו,IL,מכבי,מיליליטרים,500.00,"100 מ""ל",false,,6.90,0.0138,true,1,39579
7290008464604,false,"הייניקן פחית 500 מ""ל",טמפו,IL,היינקן,מיליליטרים,500.00,"100 מ""ל",false,,11.90,0.0238,true,1,39580
7290008464673,false,פחית בירה גולדסטאר ס,טמפו,IL,פחית בירה גולדסטאר ס,מיליליטרים,500.00,"100 מ""ל",false,,7.90,0.0158,true,1,56796
7290008464697,false,*מבצע* מכבי שישייה 7,טמפו,IL,מכבי,ליטרים,1.98,ליטר,false,,24.90,12.5758,true,1,39582
7290008464741,false,*מבצע* גולדסטאר שישי,טמפו,IL,גולדסטאר,ליטרים,1.98,ליטר,false,,24.90,12.5758,true,1,39585
7290008464796,false,*מבצע* הייניקן שישיי,טמפו,IL,היינקן,ליטרים,1.98,ליטר,false,,29.90,15.1010,true,1,39586
7290008466684,false,עוגיות פרימיום חלבי,,,עוגיות פרימיום חלבי,גרמים,250.00,100 גרם,false,,18.90,0.0756,true,1,69997
7290008466707,false,עוגיות פרימיום 250 ג,,,עוגיות פרימיום 250 ג,גרמים,250.00,100 גרם,false,,18.90,0.0756,true,1,60392
7290008589277,false,מיכל 1 ליטר ארוז 4 י,,,מיכל 1 ליטר ארוז 4 י,יחידה,0.00,יחידה,false,,6.90,0.0000,true,1,85603
7290008589987,false,נרות שבת 16,,,נרות שבת 16,יחידה,0.00,יחידה,false,,3.00,0.0000,true,1,80712
7290008590006,false,נרות שבת 12,,,נרות שבת 12,יחידה,0.00,יחידה,false,,3.00,0.0000,true,1,80713
7290008590013,false,נרות שבת 8,,,נרות שבת 8,יחידה,0.00,יחידה,false,,3.00,0.0000,true,1,80714
7290008590082,false,נר נשמה זכוכית 28 שע,,,נר נשמה זכוכית 28 שע,יחידה,0.00,יחידה,false,,3.50,0.0000,true,1,79297
7290008590143,false,נרות שבת דלוקס 3 ש',,,נרות שבת דלוקס 3 ש',יחידה,0.00,יחידה,false,,25.90,0.0000,true,1,81651
7290008611008,false,פילה נסיכת הנילוס 10,נטורס פיש לימיטד,TZ,פילה נסיכת הנילוס 10,קילוגרמים,1.00,"ק""ג",true,,49.90,49.9000,true,1,82143
7290008611091,false,סלמון מנות נורבגי קפ,סיבורן,NO,סלמון מנות נורבגי קפ,קילוגרמים,1.00,"ק""ג",true,,74.90,74.9000,true,1,69862
7290008634045,false,"פלסטר ""30 ""SUNNY PLA",A.U. In,CN,סאני פלסטר,יח',30.00,יח',false,,6.90,0.2300,true,1,38709
7290008634700,false,*מבצע* כפפות לאטקס 1,T.G. Sdn,TH,סייף טאצ,יח',100.00,יח',false,,17.90,0.1790,true,1,65288
7290008636919,false,קקאו הולנדי 200 גרם,מיה,IL,קקאו הולנדי 200 גרם,גרמים,200.00,100 גרם,false,,8.90,0.0445,true,1,68274
7290008636926,false,קקאו הולנדי 500 גרם,מיה,IL,קקאו הולנדי 500 גרם,גרמים,500.00,100 גרם,false,,13.90,0.0278,true,1,68284
7290008644112,false,מטבוחה יום יום 125 ג,שטראוס גרופ,IL,שטראוס,גרמים,125.00,100 גרם,false,,4.70,0.0376,true,1,40383
7290008644235,false,סלט עלי בייבי,שטראוס גרופ,IL,שטראוס,גרמים,120.00,100 גרם,false,,9.90,0.0825,true,1,14953
7290008644945,false,סלט המושבה משפחתי,שטראוס גרופ,IL,שטראוס,גרמים,450.00,100 גרם,false,,10.90,0.0242,true,1,40385
7290008670012,false,רקנאטי קברנה סוביניו,רקנאטי,IL,רקנאטי,מיליליטרים,750.00,"100 מ""ל",false,,49.90,0.0665,true,1,41340
7290008670142,false,יין יסמין רקאנטי יסמ,רקנאטי,IL,רקנאטי,מיליליטרים,750.00,"100 מ""ל",false,,34.90,0.0465,true,1,41342
7290008679428,false,כפפות רנדי בינוני,רנמארק,TH,כפפות רנדי בינוני,יח,1.00,יח,false,,4.90,4.9000,true,1,61942
7290008679459,false,כפפות רנדי בינוני,רנמארק,TH,כפפות רנדי בינוני,יח,1.00,יח,false,,4.90,4.9000,true,1,61944
7290008690713,false,מיץ חמוציות אושן ספר,פריגת,IL,אושן ספריי,ליטרים,1.00,ליטר,false,,11.90,11.9000,true,1,38984
7290008693134,false,דניאלה תות,שטראוס גרופ,IL,שטראוס,גרמים,88.00,100 גרם,false,,3.90,0.0443,true,1,40387
7290008713900,false,שיפון עגול 750 ג,אורנים,IL,אנג'ל,גרמים,750.00,100 גרם,false,,12.90,0.0172,true,1,38256
7290008719087,false,20 מעטפות צבעוניות,,,20 מעטפות צבעוניות,יחידה,0.00,יחידה,false,,10.90,0.0000,true,1,83865
7290008719216,false,כרטיס ברכה,,,כרטיס ברכה,יחידה,0.00,יחידה,false,,5.00,0.0000,true,1,83862
7290008719254,false,פנקס רשימת קניות +מג,,,פנקס רשימת קניות +מג,יחידה,0.00,יחידה,false,,9.90,0.0000,true,1,83866
7290008719278,false,שלישיית מגנטים,,,שלישיית מגנטים,יחידה,0.00,יחידה,false,,12.90,0.0000,true,1,83867
7290008719285,false,מארז כרטיסים+מעטפות,,,מארז כרטיסים+מעטפות,יחידה,0.00,יחידה,false,,12.90,0.0000,true,1,83863
7290008719292,false,המתכונים שלי,,,המתכונים שלי,יחידה,0.00,יחידה,false,,24.90,0.0000,true,1,83868
7290008719308,false,פנקס קטן,,,פנקס קטן,יחידה,0.00,יחידה,false,,12.90,0.0000,true,1,83869
7290008719315,false,פנקס גדול,,,פנקס גדול,יחידה,0.00,יחידה,false,,19.90,0.0000,true,1,83870
7290008719384,false,פנקס תכנון יומי 48 ד,,,פנקס תכנון יומי 48 ד,יחידה,0.00,יחידה,false,,12.90,0.0000,true,1,83864
7290008745239,false,תפוציפס קראנצ',שטראוס פריטו ליי (מל,IL,עלית,גרמים,50.00,100 גרם,false,,3.50,0.0700,true,1,40133
7290008747547,false,תפוציפס קראנצ' טבעי,שטראוס פריטו ליי (מל,IL,עלית,גרמים,200.00,100 גרם,false,,9.90,0.0495,true,1,40135
7290008750264,false,מאסט מסטיק,שטראוס גרופ,IL,עלית,גרמים,28.00,100 גרם,false,,4.00,0.1429,true,1,40111
7290008752244,false,תפוציפס אקסטרא,שטראוס פריטו ליי (מל,IL,עלית,גרמים,50.00,100 גרם,false,,3.50,0.0700,true,1,40136
7290008753111,false,תפוציפס מקסיקני,שטראוס פריטו ליי (מל,IL,עלית,גרמים,50.00,100 גרם,false,,3.50,0.0700,true,1,40137
7290008754415,false,מאסט ללא סוכר,שטראוס גרופ,IL,עלית,גרמים,28.00,100 גרם,false,,4.00,0.1429,true,1,40118
7290008754422,false,מאסט חדש,שטראוס גרופ,IL,עלית,גרמים,28.00,100 גרם,false,,4.00,0.1429,true,1,40119
7290008757980,false,ספרינג קרטוניות רימו,יפאורה תבורי,IL,ספרינג,ליטרים,1.00,ליטר,false,,6.70,6.7000,true,1,39690
7290008775816,false,ערגליות שוקולד 300 ג,אסם,IL,ערגליות,גרמים,300.00,100 גרם,false,,9.90,0.0330,true,1,38664
7290008775823,false,ערגליות תות שדה 300,אסם,IL,ערגליות,גרמים,300.00,100 גרם,false,,9.90,0.0330,true,1,38665
7290008784542,false,סאקי מסג',,,סאקי מסג',יח',1.00,יח',false,,7.90,7.9000,true,1,63910
7290008801119,false,סוביניון בלאן סלקטד,יקבי כרמל,IL,סלקטד,מיליליטרים,750.00,"100 מ""ל",false,,29.90,0.0399,true,1,38721
7290008801157,false,מרלו סלקטד,יקבי כרמל,IL,סלקטד,מיליליטרים,750.00,"100 מ""ל",false,,29.90,0.0399,true,1,38722
7290008801522,false,יין קונקורד,יקבי כרמל,IL,קינג דויד,מיליליטרים,750.00,"100 מ""ל",false,,19.90,0.0265,true,1,38725
7290008801546,false,יין מוסקט קינג דייוי,יקבי כרמל,IL,קינג דויד,מיליליטרים,750.00,"100 מ""ל",false,,19.90,0.0265,true,1,38727
7290008801843,false,קברנה סובניון סלקטד,יקבי כרמל,IL,סלקטד,מיליליטרים,750.00,"100 מ""ל",false,,29.90,0.0399,true,1,38728
7290008801850,false,ריזלינג סלקטד,יקבי כרמל,IL,סלקטד,מיליליטרים,750.00,"100 מ""ל",false,,29.90,0.0399,true,1,38729
7290008802291,false,מרלו פרייבט קולקשיין,יקבי כרמל,IL,Private collection,מיליליטרים,750.00,"100 מ""ל",false,,39.90,0.0532,true,1,38730
7290008802512,false,יין וינו אדום,יקבי כרמל,IL,וינו,מיליליטרים,750.00,"100 מ""ל",false,,19.90,0.0265,true,1,38731
7290008802895,false,קברנה סובניון פרייבט,יקבי כרמל,IL,Private collection,מיליליטרים,750.00,"100 מ""ל",false,,39.90,0.0532,true,1,38732
7290008805384,false,יין מוסקט סלקטד,יקבי כרמל,IL,סלקטד,מיליליטרים,750.00,"100 מ""ל",false,,29.90,0.0399,true,1,38737
7290008805520,false,יין קברנה/מרלו סלקטד,יקבי כרמל,IL,סלקטד,מיליליטרים,750.00,"100 מ""ל",false,,29.90,0.0399,true,1,38738
7290008806961,false,קרמיסימו גלידה חלבית,גלידות שטראוס,IL,קרמיסימו,ליטרים,1.33,ליטר,false,,18.90,14.2105,true,1,38829
7290008806985,false,גלידונית בטעמי שוקו,גלידות שטראוס,IL,קרמיסימו,גרמים,630.00,100 גרם,false,,49.90,0.0792,true,1,38830
7290008807029,false,יין אמרלד ריזלינג טב,יקבי בינימינה,IL,בנימינה,מיליליטרים,750.00,"100 מ""ל",false,,19.90,0.0265,true,1,40195
7290008830676,false,תערובת מן הטבע,"דין שיווק וקלייה בע""",IL,תפזורת - ללא מותג,גרמים,500.00,100 גרם,false,,5.00,0.0100,true,1,21733
7290008830690,false,מובחרים מן הטבע,"דין שיווק וקלייה בע""",US,תפזורת - ללא מותג,גרמים,200.00,100 גרם,false,,10.00,0.0500,true,1,21734
7290008835435,false,בשר מס 5 חלק קפוא,sociedad anonima car,AR,בלדי,קילוגרמים,1.00,"ק""ג",true,,69.90,69.9000,true,1,85267
7290008835442,false,בשר מס 6 חלק קפוא,sociedad anonima car,AR,בלדי,קילוגרמים,1.00,"ק""ג",true,,39.90,39.9000,true,1,85253
7290008835954,false,פילה אמנון 5-7 קפוא.,היינאן קשינגטאי,CN,בלדי,קילוגרמים,1.00,"ק""ג",true,,24.90,24.9000,true,1,63664
7290008835961,false,פילה אמנון 7-9 קפוא,היינאן קשינגטאי,CN,בלדי,קילוגרמים,1.00,"ק""ג",true,,24.90,24.9000,true,1,63665
7290008836494,false,תירוש אפרת 1 ליטר,,,תירוש אפרת 1 ליטר,ליטרים,1.00,ליטר,false,,12.90,12.9000,true,1,39704
7290008849470,false,אוליביה ממרח פלפל צו,אוליביה,IL,אוליביה,גרמים,185.00,100 גרם,false,,12.90,0.0697,true,1,38788
7290008849661,false,ממרח עגבניות מיובשות,אוליביה,IL,אוליביה,גרמים,180.00,100 גרם,false,,11.90,0.0661,true,1,42959
7290008849753,false,רוטב טריאקי עשי,אוליביה,IL,אוליביה,מיליליטרים,360.00,"100 מ""ל",false,,12.90,0.0358,true,1,38797
7290008849777,false,אוליביה צילי מתוק,אוליביה,IL,אוליביה,גרמים,350.00,100 גרם,false,,12.90,0.0369,true,1,38798
7290008866019,false,ברי עיזים בייבי 28%,גבינות יעקבס,,ברי עיזים בייבי 28%,קילוגרמים,1.00,"ק""ג",true,,139.00,139.0000,true,1,69203
7290008866033,false,גאודה עיזים 30%,גבינות יעקבס,,גאודה עיזים 30%,קילוגרמים,1.00,"ק""ג",true,,139.00,139.0000,true,1,69229
7290008866040,false,ברי עיזים 28%,,,ברי עיזים 28%,קילוגרמים,1.00,"ק""ג",true,,139.00,139.0000,true,1,69204
7290008866125,false,מארז מנצגו כמהין,גבינות יעקבס,IL,מארז מנצגו כמהין,קילוגרמים,1.00,"ק""ג",true,,170.00,170.0000,true,1,71364
7290008945202,false,*מבצע* גלילונית משרד,קילט ניהול פרוייקטים,IL,גלילונית,יח',50.00,יח',false,,12.90,0.2580,true,1,38918
7290008975551,false,מטרנה מהדרין חיסכון,מטרנה,IL,מטרנה,גרמים,700.00,100 גרם,false,,47.90,0.0684,true,1,38667
7290008975780,false,בונזו גזע קטן 3 קג,"ביופט בע""מ",IL,בונזו,קילוגרמים,3.00,"ק""ג",false,,49.90,16.6333,true,1,41112
7290008989091,false,פריכיות אורז 310 גרם,"בטר אנד דיפרנט בע""מ",IL,בטר אנד דיפרנט,גרמים,310.00,100 גרם,false,,11.90,0.0384,true,1,38332
7290008989169,false,אורז תפוח 500 גרם בש,"תירפז בע""מ",IL,בטר אנד דיפרנט,גרמים,500.00,100 גרם,false,,18.90,0.0378,true,1,38333
7290008989473,false,ממרח חרובים בטעם שוק,"בטר אנד דיפרנט בע""מ",IL,בטר אנד דיפרנט,גרמים,350.00,100 גרם,false,,11.90,0.0340,true,1,38334
7290008989671,false,ציפוי עדיף פריך (גס),"תירפז בע""מ",IL,b&d,גרמים,250.00,100 גרם,false,,7.90,0.0316,true,1,38337
7290008989695,false,חיטה תפוחה עם דבש 40,אורגניק אגרו פודס,PL,חיטה תפוחה עם דבש 40,גרמים,400.00,100 גרם,false,,13.90,0.0348,true,1,41817
7290009068955,false,חמניות קלופות טבעי,"דין שיווק וקלייה בע""",US,תפזורת - ללא מותג,קילוגרמים,1.00,"ק""ג",true,,45.00,45.0000,true,1,21737
7290009069518,false,ג'ינג'ר מסוכר במשקל,"דין שיווק וקלייה בע""",TH,תפזורת - ללא מותג,קילוגרמים,1.00,"ק""ג",true,,40.00,40.0000,true,1,21741
7290009069990,false,תערובות לאורז - תערו,"דין שיווק וקלייה בע""",IL,תפזורת - ללא מותג,קילוגרמים,1.00,"ק""ג",true,,100.00,100.0000,true,1,21748
7290009077667,false,מלפפון/ירקות במשקל,"דין שיווק וקלייה בע""",,מלפפון/ירקות במשקל,קילוגרמים,1.00,"ק""ג",true,,35.00,35.0000,true,1,33102
7290009077704,false,זית מבוקע/חרוזית/יוו,"דין שיווק וקלייה בע""",,זית מבוקע/חרוזית/יוו,קילוגרמים,1.00,"ק""ג",true,,54.00,54.0000,true,1,33103
7290009090024,false,תבלינים,"דין שיווק וקלייה בע""",IL,נפטון,קילוגרמים,1.00,"ק""ג",true,,200.00,200.0000,true,1,21749
7290009099461,false,פפריקה במשקל,"דין שיווק וקלייה בע""",IL,תבליני ביטון,קילוגרמים,1.00,"ק""ג",true,,35.00,35.0000,true,1,21750
7290009190991,false,עמלת משיכת מזמן,,,עמלת משיכת מזמן,יח',1.00,יח',false,,5.00,5.0000,true,1,27969
7290009951394,false,חלבה במשקל,"דין שיווק וקלייה בע""",IL,ששון הקולה,קילוגרמים,1.00,"ק""ג",true,,39.00,39.0000,true,1,21752
7290009951400,false,סוכריות גומי,"דין שיווק וקלייה בע""",ES,תפזורת - ללא מותג,קילוגרמים,1.00,"ק""ג",true,,40.00,40.0000,true,1,21753
7290009951455,false,תבלינים,"דין שיווק וקלייה בע""",IL,נפטון,קילוגרמים,1.00,"ק""ג",true,,74.00,74.0000,true,1,21757
7290009951462,false,תבלינים,"דין שיווק וקלייה בע""",IL,נפטון,קילוגרמים,1.00,"ק""ג",true,,90.00,90.0000,true,1,21758
7290009951479,false,תבלינים,"דין שיווק וקלייה בע""",IL,נפטון,קילוגרמים,1.00,"ק""ג",true,,160.00,160.0000,true,1,21759
7290009951561,false,סוכריות קשות,"דין שיווק וקלייה בע""",GB,תפזורת - ללא מותג,קילוגרמים,1.00,"ק""ג",true,,40.00,40.0000,true,1,21767
7290010023141,false,*מבצע* לימונענע,ויסוצקי,IL,ויסוצקי,גרמים,50.00,100 גרם,false,,16.90,0.3380,true,1,15754
7290010045006,false,עוגיות לחמי פריכיות,קונדטוריות לחמי,IL,לחמי,גרמים,200.00,100 גרם,false,,18.90,0.0945,true,1,15760
7290010045013,false,עוגיות לחמי עם חמאה,קונדטוריות לחמי,IL,לחמי,גרמים,200.00,100 גרם,false,,18.90,0.0945,true,1,15761
7290010045068,false,עוגיות לחמי נסיכה 25,קונדטוריות לחמי,IL,לחמי,גרמים,250.00,100 גרם,false,,18.90,0.0756,true,1,15764
7290010051502,false,פטרוזליה,על בד,IL,פטרוזיליה,יח',1.00,יח',false,,3.90,3.9000,true,1,19379
7290010051519,false,כוסברה יח',עלמה,IL,כוסברה,יח',1.00,יח',false,,3.90,3.9000,true,1,19380
7290010051526,false,שמיר יח',פאלאס,IL,שמיר,יח',1.00,יח',false,,3.90,3.9000,true,1,19381
7290010051533,false,נענע יח',פאן אינטר,IL,נענע,יח',1.00,יח',false,,3.90,3.9000,true,1,19382
7290010051540,false,סלרי עלים יח',"פאקא תעשיות בע""מ",IL,סלרי עלים,יח',1.00,יח',false,,5.90,5.9000,true,1,19383
7290010051557,false,בצל ירוק יח',פאר פארם,IL,בצל ירוק,יח',1.00,יח',false,,5.90,5.9000,true,1,19384
7290010051571,false,סלרי ראש יח',פוגי'אן,IL,סלרי ראש,יח',1.00,יח',false,,5.90,5.9000,true,1,19386
7290010051595,false,לבבות קיסר,פיור דיזיין,IL,לבבות קיסר,יח',1.00,יח',false,,8.90,8.9000,true,1,19388
7290010065332,false,מחית פרינוק גדול,פרוטה פודווין איי.אס,CZ,רנדי,גרמים,190.00,100 גרם,false,,5.90,0.0311,true,1,7002
7290010065349,false,מחית פרינוק גדול,פרוטה פודווין איי.אס,CZ,רנדי,גרמים,190.00,100 גרם,false,,5.90,0.0311,true,1,7003
7290010065745,false,מחית פרינוק גדול,פרוטה פודווין איי.אס,CZ,רנדי,גרמים,190.00,100 גרם,false,,5.90,0.0311,true,1,7009
7290010066445,false,פילטונה בשמן צמחי 41,תעשיות פילטונה,IL,פילטונה בשמן 414 גרם,גרמים,414.00,100 גרם,false,,13.90,0.0336,true,1,55845
7290010066513,false,*מבצע* פילטונה בשמן,תעשיות פילטונה,IL,פילטונה בשמן רביעיה 158 ג,גרמים,632.00,100 גרם,false,,19.90,0.0315,true,1,22281
7290010066575,false,*מבצע* פילטונה במים,תעשיות פילטונה,IL,פילטונה במים רביעיה 158 ג,גרמים,632.00,100 גרם,false,,19.90,0.0315,true,1,22282
7290010066582,false,*מבצע* פילטונה רביעי,תעשיות פילטונה,IL,פילטונה רביעיה בשמן קנולה,גרמים,632.00,100 גרם,false,,19.90,0.0315,true,1,22283
7290010066957,false,נתחי טונה בשמן צמחי,,,פרינס,גרמים,960.00,100 גרם,false,,29.90,0.0311,true,1,22284
7290010116980,false,שוקולית 850 גרם,שטראוס גרופ,IL,עלית,גרמים,850.00,100 גרם,false,,14.90,0.0175,true,1,13391
7290010117864,false,דוריטוס חריף אש 70 ג,שטראוס פריטו ליי (מל,IL,עלית,גרמים,70.00,100 גרם,false,,3.20,0.0457,true,1,13799
7290010118328,false,מארז תפוציפס שישיה 6,שטראוס פריטו ליי (מל,IL,תפוציפס,גרמים,240.00,100 גרם,false,,11.90,0.0496,true,1,13802
7290010124107,false,סטייק בורגר 400 גרם,בלדי,IL,בלדי,גרמים,400.00,100 גרם,false,,15.90,0.0398,true,1,57779
7290010124190,false,שניצל בקר מלינסה 250,בלדי,IL,בלדי,גרמים,250.00,100 גרם,false,,12.90,0.0516,true,1,57780
7290010124213,false,סינטה בקר דק דק 250,בלדי,IL,בלדי,גרמים,250.00,100 גרם,false,,16.90,0.0676,true,1,57781
7290010124503,false,שומן כבש 200 גרם.,בלדי,IL,בלדי,גרמים,200.00,100 גרם,false,,10.90,0.0545,true,1,18752
7290010153503,false,שעועית בובס 400 גרם,"מיה תעשיות מזון בע""מ",IL,מיה,גרמים,400.00,100 גרם,false,,7.90,0.0198,true,1,12125
7290010154005,false,סחוג תימני 250 גר,תבליני יוחאי ביטון,IL,תבליני יוחאי ביטון,גרמים,250.00,100 גרם,false,,12.90,0.0516,true,1,12778
7290010154029,false,אריסה מתוקה 250 גר,תבליני יוחאי ביטון,IL,תבליני יוחאי ביטון,גרמים,250.00,100 גרם,false,,12.90,0.0516,true,1,12780
7290010154036,false,עמבה 250 גר,תבליני יוחאי ביטון,IL,תבליני יוחאי ביטון,גרמים,250.00,100 גרם,false,,12.90,0.0516,true,1,12781
7290010154050,false,ממרח שיפקה כבוש ביטו,תבליני יוחאי ביטון,IL,תבליני יוחאי ביטון,גרמים,250.00,100 גרם,false,,12.90,0.0516,true,1,82450
7290010154241,false,חזרת ביתית 250 גר,תבליני יוחאי ביטון,IL,תבליני יוחאי ביטון,גרמים,250.00,100 גרם,false,,12.90,0.0516,true,1,12782
7290010154265,false,פלפל צומה 250 ביטון,תבליני יוחאי ביטון,IL,תבליני יוחאי ביטון,גרמים,250.00,100 גרם,false,,12.90,0.0516,true,1,12783
7290010154425,false,סחוג ירוק 130 גרם בי,תבליני יוחאי ביטון,IL,ביטון,גרמים,130.00,100 גרם,false,,7.90,0.0608,true,1,33294
7290010154555,false,ממרח לימון כבוש 250,תבליני יוחאי ביטון,IL,תבליני יוחאי ביטון,גרמים,250.00,100 גרם,false,,12.90,0.0516,true,1,27974
7290010154678,false,אריסה מרוקאית 250 גר,תבליני יוחאי ביטון,IL,תבליני יוחאי ביטון,גרמים,250.00,100 גרם,false,,12.90,0.0516,true,1,37058
7290010154685,false,סלט שום כתוש 250 גרם,תבליני יוחאי ביטון,IL,תבליני יוחאי ביטון,גרמים,250.00,100 גרם,false,,12.90,0.0516,true,1,37059
7290010154692,false,סחוג אדום  250 גר,תבליני יוחאי ביטון,IL,תבליני יוחאי ביטון,גרמים,250.00,100 גרם,false,,12.90,0.0516,true,1,67702
7290010195268,false,*מבצע* פופקורן מופחת,,,*מבצע* פופקורן מופחת,גרמים,425.00,100 גרם,false,,12.90,0.0304,true,1,25557
7290010237784,false,*מבצע* מכבי שנדי 330,טמפו,IL,שנדי,ליטרים,1.98,ליטר,false,,27.90,14.0909,true,1,10912
7290010237890,false,בירה הייניקן חוזר,טמפו,IL,היינקן,מיליליטרים,500.00,"100 מ""ל",false,,8.90,0.0178,true,1,10916
7290010259007,false,עוגיות ביצים בישקוטי,דן קיין,PT,וילי פוד,גרמים,200.00,100 גרם,false,,5.90,0.0295,true,1,10048
7290010259359,false,אטריות נודלס 200 ג,פוג'יאן לונגאי,CN,וילי פוד,גרמים,200.00,100 גרם,false,,4.90,0.0245,true,1,10052
7290010259366,false,אטריות מסולסלות נודל,פוג'יאן לונגאי,CN,וילי פוד,גרמים,200.00,100 גרם,false,,4.90,0.0245,true,1,10053
7290010328093,false,ממרח חלוה 400 גרם,"אחדות ביח""ר לטחינה ח",IL,אחוה,גרמים,400.00,100 גרם,false,,10.70,0.0267,true,1,3859
7290010328246,false,טחינה משומשום מלא אח,"אחדות ביח""ר לטחינה ח",IL,אחוה,גרמים,500.00,100 גרם,false,,9.90,0.0198,true,1,3862
7290010328253,false,טחינה אחוה 500 גרם,"אחדות ביח""ר לטחינה ח",IL,אחוה,גרמים,500.00,100 גרם,false,,9.90,0.0198,true,1,3863
7290010328468,false,חטיפי מיני חלוה בטעמ,"אחדות ביח""ר לטחינה ח",IL,אחוה,גרמים,216.00,100 גרם,false,,9.90,0.0458,true,1,3865
7290010328505,false,חטיפי מיני חלוה ללא,"אחדות ביח""ר לטחינה ח",IL,אחוה,גרמים,150.00,100 גרם,false,,9.90,0.0660,true,1,3867
7290010328680,false,עוגה בטעם שוקולד עם,"אחדות ביח""ר לטחינה ח",IL,אחוה,גרמים,450.00,100 גרם,false,,9.90,0.0220,true,1,3873
7290010328710,false,קצפיות במגש 180 גרם,"אחדות ביח""ר לטחינה ח",IL,אחוה,גרמים,180.00,100 גרם,false,,7.90,0.0439,true,1,33121
7290010328819,false,ממרח שומשום בטעם שוק,"אחדות ביח""ר לטחינה ח",IL,אחוה,גרמים,400.00,100 גרם,false,,10.70,0.0267,true,1,30151
7290010471669,false,דנונה בר תות קורנפלק,שטראוס גרופ,IL,שטראוס,גרמים,175.00,100 גרם,false,,4.30,0.0246,true,1,14972
7290010513703,false,צ'ופסטיקס צפצפה,guilin fengzhu tradi,CN,מזרח ומערב,יח',20.00,יח',false,,6.90,0.3450,true,1,29702
7290010513727,false,פנקו פרורי לחם,qingdao sun growing,CN,מזרח ומערב,גרמים,200.00,100 גרם,false,,7.90,0.0395,true,1,30413
7290010535408,false,קופסא למברשות שיניים,,,קופסא למברשות שיניים,יח',1.00,יח',false,,13.90,13.9000,true,1,63427
7290010589135,false,גליליות קרם 225 גרם,וישם דברי מתיקה,IL,גליליות קרם 225 גרם,גרמים,225.00,100 גרם,false,,29.90,0.1329,true,1,70319
7290010589227,false,כדורים וופר - קרם שו,וישם דברי מתיקה,IL,כדורים וופר - קרם שו,גרמים,300.00,100 גרם,false,,29.90,0.0997,true,1,70321
7290010589388,false,עוגת וופל במילוי ריב,וישם דברי מתיקה,IL,עוגת וופל במילוי ריב,גרמים,270.00,100 גרם,false,,29.90,0.1107,true,1,70317
7290010627004,false,טחינה ירושלים 500 גר,טחינה ירושלים בעמ,IL,טחינה ירושלים,גרמים,500.00,100 גרם,false,,15.90,0.0318,true,1,28303
7290010627844,false,טחינה ירושלים 500 גר,טחינה ירושלים בעמ,IL,טחינה ירושלים,גרמים,500.00,100 גרם,false,,15.90,0.0318,true,1,28300
7290010632121,false,כוס אימון עם ידיות ו,B.B.N.M.F.,CN,טוליפס,יח',1.00,יח',false,,16.90,16.9000,true,1,5310
7290010632534,false,נובי91122-כוס ומכסה,E. I. CO Ltd,CN,נובי,יח',6.00,יח',false,,22.90,3.8167,true,1,5323
7290010632787,false,צימרוני אוזניים עץ 3,L.Y.Q. Tradi,CN,כוטון סופט,יח',300.00,יח',false,,3.50,0.0117,true,1,5334
7290010650019,false,אנדיב/עולש,פמילי,IL,אנדיב/עולש,גרמים,220.00,100 גרם,false,,11.90,0.0541,true,1,6708
7290010650033,false,בצלי שלוט,פנחס,IL,בצלי שלוט,גרמים,350.00,100 גרם,false,,10.90,0.0311,true,1,6710
7290010650040,false,פטריות שיטאקי טרי,"פנטה אמפאק בע""מ",IL,פטריות שיטאקי טרי,גרמים,100.00,100 גרם,false,,9.90,0.0990,true,1,6711
7290010650194,false,גינגר יח',"פסח בא בע""מ",IL,גינגר מגשית 250 גרם,גרמים,250.00,100 גרם,false,,7.90,0.0316,true,1,6717
7290010650255,false,לקט פטריות למרק,,,לקט פטריות למרק,גרמים,25.00,100 גרם,false,,9.90,0.3960,true,1,6718
7290010650279,false,לקט פטריות לפסטה,,,לקט פטריות לפסטה,גרמים,25.00,100 גרם,false,,9.90,0.3960,true,1,6719
7290010650354,false,שורש כורכום טרי ארוז,פסטה לנסי,IL,שורש כורכום טרי ארוז,גרמים,120.00,100 גרם,false,,10.90,0.0908,true,1,6720
7290010650385,false,ליים ארוז 400 גרם,פסטה נונה,IL,ליים ארוז 400 גרם,גרמים,400.00,100 גרם,false,,10.90,0.0273,true,1,22647
7290010650576,false,פטריות שינוקי יחידה,"פנטה אמפאק בע""מ",IL,פטריות שיטאקי טרי,יח,1.00,יח,false,,9.90,9.9000,true,1,59804
7290010650590,false,ריזוטו פטריות מיובשו,,,ריזוטו פטריות מיובשות,גרמים,275.00,100 גרם,false,,10.90,0.0396,true,1,6723
7290010650798,false,תבשיל בורגול ופטריות,,,תבשיל בורגול ופטריות,גרמים,140.00,100 גרם,false,,13.90,0.0993,true,1,59814
7290010650828,false,פטריות שי-מגי לבן,עינת תעשיות מזון אגו,IL,פטריות שי-מגי,גרמים,150.00,100 גרם,false,,11.90,0.0793,true,1,54082
7290010650996,false,פטריות שי-מגי חומות,עינת תעשיות מזון אגו,IL,פטריות שי-מגי,גרמים,150.00,100 גרם,false,,11.90,0.0793,true,1,67687
7290010711123,false,4 כריות מתכת Shiny,מ.א ייצור ושיווק מטל,CN,Shiny,יח',4.00,יח',false,,6.90,1.7250,true,1,5476
7290010711208,false,גליל מטליות צהוב 40,נועם אורים תעשיות בע,IL,Shiny,יח',40.00,יח',false,,16.90,0.4225,true,1,5477
7290010711932,false,9 מטליות רב שימושיות,נועם אורים תעשיות בע,IL,Shiny,יח',9.00,יח',false,,6.90,0.7667,true,1,5486
7290010718627,false,*מבצע* סבון נוזלי 1,סאסא קוסמטיקס,IL,פנינה רוזנבלום בע'מ,ליטרים,1.00,ליטר,false,,8.90,8.9000,true,1,14100
7290010718634,false,*מבצע* סבון נוזלי 1,סאסא קוסמטיקס,IL,פנינה רוזנבלום בע'מ,ליטרים,1.00,ליטר,false,,8.90,8.9000,true,1,14101
7290010748884,false,קרם גוף דר פישר 700,"ד""ר פישר",IL,אפקטיב קר,מיליליטרים,700.00,"100 מ""ל",false,,32.90,0.0470,true,1,12230
7290010757893,false,"בורקס תפו""א ללא גלוט",מאפיית אריאל,IL,"בורקס תפו""א ללא גלוט",גרמים,500.00,100 גרם,false,,19.90,0.0398,true,1,69910
7290010757909,false,בורקס גבינה ללא גלוט,מאפיית אריאל,IL,בורקס גבינה ללא גלוט,גרמים,500.00,100 גרם,false,,19.90,0.0398,true,1,69911
7290010760893,false,"מאפה עלים תפו""א כשל""",,,"בורקס תפו""א כשל""פ 600 גרם",גרמים,600.00,100 גרם,false,,21.90,0.0365,true,1,12920
7290010766185,false,אוליביה ר.פסטה עגבני,אוליביה,IL,אוליביה,גרמים,420.00,100 גרם,false,,12.90,0.0307,true,1,7015
7290010766307,false,רוטב לפסטה בולנז,אוליביה,IL,אוליביה,גרמים,420.00,100 גרם,false,,12.90,0.0307,true,1,7017
7290010766697,false,רוטב אוליביה שקשוקה,אוליביה,IL,אוליביה,גרמים,415.00,100 גרם,false,,12.90,0.0311,true,1,7018
7290010766949,false,ממרח ארטישוק,אוליביה,IL,אוליביה,גרמים,180.00,100 גרם,false,,12.90,0.0717,true,1,7021
7290010766956,false,ממרח פלפלים קלו,אוליביה,IL,אוליביה,גרמים,180.00,100 גרם,false,,12.90,0.0717,true,1,7022
7290010777006,false,לחמניות כוסמין 6 יח',,,פיתות 10 יח,יח',6.00,יח',false,,14.90,2.4833,true,1,66770
7290010777099,false,מארז פיתות 8 יח',פיתה אקספרס,IL,פיתה אקספרס,יח',8.00,יח',false,,11.30,1.4125,true,1,27382
7290010777150,false,פיתות שאשא חיטה מלאה,פיתה אקספרס,IL,פיתה אקספרס,יח',6.00,יח',false,,13.90,2.3167,true,1,6744
7290010777242,false,פיתות 10 יח',,,פיתות 10 יח,יח',10.00,יח',false,,15.90,1.5900,true,1,6747
7290010777297,false,פיתות עשיריה אופים,פיתה אקספרס,IL,פיתה אקספרס,יח',10.00,יח',false,,12.90,1.2900,true,1,6749
7290010777358,false,פיתה 100% כוסמין מלא,פיתה אקספרס,IL,פיתה אקספרס,יח',8.00,יח',false,,15.90,1.9875,true,1,26681
7290010777488,false,פיתה מחמצת 100% קמח,,IL,שאשא,יח,10.00,יח,false,,15.90,1.5900,true,1,79601
7290010777525,false,פיתות 100% כוסמין מל,פיתה אקספרס,IL,פיתות 100% כוסמין מל,גרמים,300.00,100 גרם,false,,15.90,0.0530,true,1,70834
7290010814268,false,שלשות שוקולד לבן 85X,כרמית,,שוקולד לבן שלשות כרמית,גרמים,255.00,100 גרם,false,,9.90,0.0388,true,1,7023
7290010814695,false,שוקולד מריר פרווה לל,כרמית,IL,אגו,גרמים,85.00,100 גרם,false,,4.90,0.0576,true,1,25482
7290010814701,false,שוקולד חלב ללא סוכר,כרמית,IL,אגו,גרמים,85.00,100 גרם,false,,4.90,0.0576,true,1,25483
7290010838219,false,ממתיק סטיביה 100 שקי,קיפל,IL,מרמולייט,יח',100.00,יח',false,,29.90,0.2990,true,1,8077
7290010838424,false,דאק נוזל רענון זוג 2,SC Jonson,NL,דאק,ליטרים,1.50,ליטר,false,,18.90,12.6000,true,1,8078
7290010838431,false,דאק נוזל ים זוג 2*75,SC Jonson,NL,דאק,ליטרים,1.50,ליטר,false,,18.90,12.6000,true,1,8079
7290010849505,false,*מבצע* למברוסקו די ל,קאויקיולי,IT,די לואיג'י,מיליליטרים,750.00,"100 מ""ל",false,,24.90,0.0332,true,1,10724
7290010849512,false,*מבצע* למברוסקו די ל,קאויקיולי,IT,די לואיג'י,מיליליטרים,750.00,"100 מ""ל",false,,24.90,0.0332,true,1,10725
7290010849529,false,*מבצע* למברוסקו די ל,קאויקיולי,IT,די לואיג'י,מיליליטרים,750.00,"100 מ""ל",false,,24.90,0.0332,true,1,10726
7290010883356,false,כפפות אלוורה,Z.H.RUBBER,CN,סנו סושי,יח',2.00,יח',false,,8.90,4.4500,true,1,9143
7290010883363,false,כפפות אלוורה,Z.H.RUBBER,CN,סנו סושי,יח',2.00,יח',false,,8.90,4.4500,true,1,9144
7290010883370,false,כפפות אלוורה,Z.H.RUBBER,CN,סנו סושי,יח',2.00,יח',false,,8.90,4.4500,true,1,9145
7290010903931,false,"כוכבי תירס 1 ק""ג בד""",,,שניצל תירס תפוגן,גרמים,1000.00,100 גרם,false,,21.90,0.0219,true,1,57958
7290010931330,false,מטבוחה 500,שטראוס גרופ,IL,שטראוס,גרמים,500.00,100 גרם,false,,13.90,0.0278,true,1,14980
7290010945146,false,קוטג' 3% 250 גרם-נעם,טרה,IL,טרה,גרמים,250.00,100 גרם,false,,5.30,0.0212,true,1,14720
7290010945306,false,חלב בקרטון 3% 2 ליטר,טרה,IL,טרה,ליטרים,2.00,ליטר,false,,12.40,6.2000,true,1,14721
7290010945450,false,גבינה לבנה 250 גרם 3,טרה,IL,טרה,גרמים,250.00,100 גרם,false,,4.70,0.0188,true,1,14722
7290010945481,false,גבינה לבנה 500 גרם 5,טרה,IL,טרה,גרמים,500.00,100 גרם,false,,9.90,0.0198,true,1,14723
7290011015862,false,סירופ פריגת דיאט לימ,סירופ - גבעת חיים,IL,סירופ דיאט,מיליליטרים,750.00,"100 מ""ל",false,,21.90,0.0292,true,1,8876
7290011015985,false,סירופ דיאט אננס פריג,סירופ - גבעת חיים,IL,סירופ דיאט,מיליליטרים,750.00,"100 מ""ל",false,,21.90,0.0292,true,1,68529
7290011017866,false,פחית קוקה קולה 330 מ,קוקה קולה ישראל,IL,קוקה קולה,מיליליטרים,330.00,"100 מ""ל",false,,5.00,0.0152,true,1,8882
7290011017873,false,פחית קולה זירו 330 מ,קוקה קולה ישראל,IL,קוקה קולה ZERO,מיליליטרים,330.00,"100 מ""ל",false,,5.00,0.0152,true,1,8883
7290011018184,false,פיוזטי אפרסק 500 מל,FUZE TEA,IL,FUZE TEA,מיליליטרים,500.00,"100 מ""ל",false,,6.00,0.0120,true,1,8886
7290011018214,false,פיוז טי תה קר בטעם מ,,,פיוז טי תה קר בטעם מ,מיליליטרים,500.00,"100 מ""ל",false,,6.00,0.0120,true,1,87219
7290011018368,false,בירה ויינשטפיין שישי,קרלסברג ישראל,DE,ויינשטפן,ליטרים,1.98,ליטר,false,,59.90,30.2525,true,1,32442
7290011018443,false,פחית פאנטה אורנג' 33,קוקה קולה ישראל,IL,פאנטה,מיליליטרים,330.00,"100 מ""ל",false,,5.00,0.0152,true,1,23627
7290011018832,false,פחיות קולה שישיה,קוקה קולה ישראל,IL,קוקה קולה,ליטרים,1.98,ליטר,false,,22.00,11.1111,true,1,8895
7290011018924,false,פחיות קולה דיאט שישי,קוקה קולה ישראל,IL,DIET COKE,ליטרים,1.98,ליטר,false,,22.00,11.1111,true,1,8898
7290011026066,false,סרקל 1 ליטר 2ב-1,"ד""ר פישר",IL,סרקל,ליטרים,1.00,ליטר,false,,28.90,28.9000,true,1,12232
7290011051525,false,ספרינג Tea אפרסק 0.5,יפאורה תבורי,IL,ספרינג Tea,מיליליטרים,500.00,"100 מ""ל",false,,5.00,0.0100,true,1,11160
7290011064020,false,בולגרית בעיר 200ג,גבינות ניצן,IL,גבינות עמיר ניצן,גרמים,200.00,100 גרם,false,,13.90,0.0695,true,1,61423
7290011064075,false,לבנה אבו גוש 200 גרם,גבינות ניצן,IL,גבינות עמיר ניצן,גרמים,200.00,100 גרם,false,,13.90,0.0695,true,1,27510
7290011090340,false,עלי בייבי נספק,פריגת,IL,בייבי מיקס 150 גרם נספק,גרמים,150.00,100 גרם,false,,7.90,0.0527,true,1,19390
7290011090357,false,חסה רומית,פריגת מצוננים,IL,עלי חסה שטופה 300 גרם,גרמים,300.00,100 גרם,false,,8.90,0.0297,true,1,19391
7290011090388,false,טימין - קורנית יח',,IL,טימין,יח',1.00,יח',false,,4.90,4.9000,true,1,19393
7290011090401,false,חסה משי,פריקה,IL,חסה משי,יח',1.00,יח',false,,7.90,7.9000,true,1,19395
7290011090418,false,בזיליקום יח',פרנו,IL,בזיליקום,יח',1.00,יח',false,,4.90,4.9000,true,1,19396
7290011090425,false,אורגנו יח',פרסקו חצבה,IL,אורגנו,יח',1.00,יח',false,,4.90,4.9000,true,1,19397
7290011090463,false,רוזמרין יח',צ'יפיטה,IL,רוזמרין,יח',1.00,יח',false,,4.90,4.9000,true,1,19399
7290011090500,false,עירית יח',קאויקיולי,IL,עירית,יח',1.00,יח',false,,4.90,4.9000,true,1,19402
7290011090746,false,תרד,קאנקי,IL,תרד עלים,יח',1.00,יח',false,,7.90,7.9000,true,1,19403
7290011090821,false,שורש פטרוזליה,קארלסרו,IL,שורש פטרוזיליה,יח',1.00,יח',false,,5.90,5.9000,true,1,19405
7290011090913,false,פלפל צילי יח',,,פלפל צילי יח',יח',1.00,יח',false,,5.90,5.9000,true,1,26678
7290011090937,false,שיבה יח',קהן - 3P Local Food,IL,שיבה,יח',1.00,יח',false,,3.90,3.9000,true,1,19407
7290011090944,false,סלק עלים יח',קו.אל.טי.די.קיאוניונ,IL,סלק עלים,יח',1.00,יח',false,,5.90,5.9000,true,1,19408
7290011094874,false,לבבות חסה,קואסט סיפוד,IL,חסה לבבות,יח',1.00,יח',false,,10.90,10.9000,true,1,19409
7290011115203,false,סבון נקה מוצק רביעיה,"גליל כימיכלים בע""מ",IL,נקה 7,גרמים,400.00,100 גרם,false,,10.90,0.0273,true,1,743
7290011115241,false,סבון נקה מוצק רביעיה,"גליל כימיכלים בע""מ",IL,נקה 7,גרמים,400.00,100 גרם,false,,10.90,0.0273,true,1,744
7290011115258,false,סבון נקה מוצק רביעיה,"גליל כימיכלים בע""מ",IL,נקה 7,גרמים,400.00,100 גרם,false,,10.90,0.0273,true,1,745
7290011115265,false,סבון נקה מוצק רביעיה,"גליל כימיכלים בע""מ",IL,נקה 7,גרמים,400.00,100 גרם,false,,10.90,0.0273,true,1,746
7290011115289,false,סבון נקה מוצק רביעיה,"גליל כימיכלים בע""מ",IL,נקה 7,גרמים,400.00,100 גרם,false,,10.90,0.0273,true,1,748
7290011126452,false,*מבצע* קמומיל ונענע,ויסוצקי,IL,ויסוצקי,גרמים,37.50,100 גרם,false,,16.90,0.4507,true,1,15773
7290011126469,false,*מבצע* קמומיל ודבש,ויסוצקי,IL,ויסוצקי,גרמים,38.00,100 גרם,false,,16.90,0.4447,true,1,15774
7290011131395,false,מוזלי קראנצ'י 30% פי,וויטליה,MK,גרין,קילוגרמים,1.00,"ק""ג",false,,24.90,24.9000,true,1,3483
7290011131654,false,מוזלי קראנצ'י ביג מי,וויטליה,MK,גרין,קילוגרמים,1.00,"ק""ג",false,,24.90,24.9000,true,1,3486
7290011133375,false,*מבצע* שנדי שישייה א,טמפו,IL,שנדי,ליטרים,1.98,ליטר,false,,27.90,14.0909,true,1,10922
7290011142001,false,לחם שיפון בורודינסקי,,,לחם דואט 550 גרם,גרמים,550.00,100 גרם,false,,11.90,0.0216,true,1,21095
7290011142018,false,לחם שיפון נבסקי 600,,,לחם שיפון נבסקי 600 גרם,גרמים,600.00,100 גרם,false,,11.90,0.0198,true,1,21096
7290011142049,false,לחם קל לבריאות 630 ג,,,לחם קל לבריאות 630 גרם,גרמים,630.00,100 גרם,false,,11.90,0.0189,true,1,21099
7290011142070,false,לחם אשדודי 630 גרם,,,לחם אשדודי 630 גרם,גרמים,630.00,100 גרם,false,,11.90,0.0189,true,1,21101
7290011142094,false,לחם שיפון פטרובסקי 6,,,לחם שיפון פטרובסקי 650 גר,גרמים,600.00,100 גרם,false,,12.90,0.0215,true,1,21103
7290011142148,false,לחמניות המבורגר שמינ,,,לחמניות המבורגר שמינ,גרמים,450.00,100 גרם,false,,10.90,0.0242,true,1,22461
7290011142193,false,לחמניות עם צימוקים ר,,,לחמניות עם צימוקים רביעיה,גרמים,400.00,100 גרם,false,,11.90,0.0298,true,1,21106
7290011142315,false,לחם פרנה רביעייה 550,,,לחם פרנה רביעייה 550 גרם,גרמים,550.00,100 גרם,false,,13.90,0.0253,true,1,21107
7290011142407,false,"לחם 7 דגנים 1 ק""ג",,,"לחם שבעה דגנים 1.100 ק""ג",קילוגרמים,1.10,"ק""ג",false,,15.90,14.4545,true,1,21108
7290011142445,false,לחם כוסמין בריוש 600,אלון חברה ליצור שיוו,IL,לחם כוסמין בריוש 600,גרמים,620.00,100 גרם,false,,14.90,0.0240,true,1,41552
7290011142551,false,לחם טוסט 750 גרם,אלון חברה ליצור שיוו,,לחם טוסט 750 גרם,גרמים,750.00,100 גרם,false,,14.90,0.0199,true,1,65717
7290011142650,false,לחם 100% שיפון 900 ג,,IL,לחם 100% שיפון 900 ג,גרמים,900.00,100 גרם,false,,15.90,0.0177,true,1,36222
7290011154035,false,תרכיז תפוחיים סחוט 5,טעמי הגליל,IL,תרכיז תפוחיים סחוט 5,מיליליטרים,500.00,"100 מ""ל",false,,21.90,0.0438,true,1,62240
7290011154080,false,תרכיז תפוחיים צלול 5,טעמי הגליל,IL,תרכיז תפוחיים צלול 5,מיליליטרים,500.00,"100 מ""ל",false,,21.90,0.0438,true,1,62241
7290011194215,false,דניאלה בננה,שטראוס גרופ,IL,שטראוס,מיליליטרים,150.00,"100 מ""ל",false,,3.90,0.0260,true,1,14981
7290011194246,false,קוטג'  5% 250 גרם,שטראוס גרופ,IL,שטראוס,גרמים,250.00,100 גרם,false,,5.80,0.0232,true,1,14982
7290011223038,false,עלים לקרמשניט 300 גר,Bonomi,IT,וונט וונט,גרמים,300.00,100 גרם,false,,14.90,0.0497,true,1,8084
7290011223045,false,בישקוטים 200 גרם,Bonomi,IT,דנש,גרמים,200.00,100 גרם,false,,5.90,0.0295,true,1,8085
7290011223229,false,דאק ג'ל אסלה טיפות ט,DEOFLOR,IT,דאק,מיליליטרים,55.00,"100 מ""ל",false,,9.90,0.1800,true,1,8092
7290011223243,false,דאק ג'ל אסלה לבנדר 5,DEOFLOR,IT,דאק,מיליליטרים,55.00,"100 מ""ל",false,,9.90,0.1800,true,1,8093
7290011240318,false,"שאטו דה למר 750 מ""ל",יקבי ציון,IL,"שאטו דה למר 750 מ""ל",מיליליטרים,750.00,"100 מ""ל",false,,18.90,0.0252,true,1,71161
7290011240837,false,שאטו דה למר מרלו 750,יקבי ציון,IL,שאטו דה למר מרלו 750,מיליליטרים,750.00,"100 מ""ל",false,,18.90,0.0252,true,1,71162
7290011240905,false,"מוסקט לבן 750 מ""ל צי",יקבי ציון,IL,"מוסקט לבן 750 מ""ל צי",מיליליטרים,750.00,"100 מ""ל",false,,29.90,0.0399,true,1,71258
7290011249748,false,רולים במילוי 100 גרם,"גילרו בע""מ",IL,גילרו,גרמים,100.00,100 גרם,false,,2.90,0.0290,true,1,7803
7290011249755,false,רולים במילוי 100 גרם,"גילרו בע""מ",IL,גילרו,גרמים,100.00,100 גרם,false,,2.90,0.0290,true,1,7804
7290011254025,false,דוחן 500 גרם,"מיה תעשיות מזון בע""מ",IL,מיה,גרמים,500.00,100 גרם,false,,6.90,0.0138,true,1,27675
7290011254032,false,קינואה 500 גרם,"מיה תעשיות מזון בע""מ",IL,מיה,גרמים,500.00,100 גרם,false,,9.90,0.0198,true,1,12136
7290011254254,false,שוקולד ציפס 300 גרם,"מיה תעשיות מזון בע""מ",IL,מיה,גרמים,300.00,100 גרם,false,,6.90,0.0230,true,1,12137
7290011254346,false,קינואה 1 ק''ג,"מיה תעשיות מזון בע""מ",IL,מיה,קילוגרמים,1.00,"ק""ג",false,,15.90,15.9000,true,1,27679
7290011254605,false,תערובת קדירה לקט לחמ,"מיה תעשיות מזון בע""מ",IL,מיה,גרמים,600.00,100 גרם,false,,9.90,0.0165,true,1,27680
7290011254612,false,תערובת קדירה לקט ברי,"מיה תעשיות מזון בע""מ",IL,מיה,גרמים,600.00,100 גרם,false,,9.90,0.0165,true,1,27681
7290011254728,false,ג'לטין טהור 25 גרם,"מיה תעשיות מזון בע""מ",IL,מיה,גרמים,25.00,100 גרם,false,,9.90,0.3960,true,1,68289
7290011254773,false,שעועית ארגנטינאית 50,"מיה תעשיות מזון בע""מ",IL,מיה,גרמים,500.00,100 גרם,false,,7.90,0.0158,true,1,12141
7290011254780,false,שעועית ארגנטינאית 1,"מיה תעשיות מזון בע""מ",IL,מיה,קילוגרמים,1.00,"ק""ג",false,,14.90,14.9000,true,1,12142
7290011300975,false,"סבון נוזלי 500 מ""ל",סאסא קוסמטיקס,IL,פנינה רוזנבלום בע'מ,מיליליטרים,500.00,"100 מ""ל",false,,5.90,0.0118,true,1,14102
7290011300999,false,"סבון נוזלי 500 מ""ל",סאסא קוסמטיקס,IL,פנינה רוזנבלום בע'מ,מיליליטרים,500.00,"100 מ""ל",false,,5.90,0.0118,true,1,14104
7290011378028,false,חלבה ללא סוכר 350 גר,רושדי תעשיות מזון,IL,חלבה ללא סוכר 350 גר,גרמים,350.00,100 גרם,false,,13.90,0.0397,true,1,15783
7290011378233,false,"לל""ס מאגדת 6 יחידות",רושדי תעשיות מזון,IL,"לל""ס מאגדת 6 יחידות חטיף",יח',6.00,יח',false,,10.90,1.8167,true,1,15784
7290011378769,false,מאגדת חטיף חלבה- וני,רושדי תעשיות מזון,IL,מאגדת חטיף חלבה- וניל,גרמים,126.00,100 גרם,false,,10.90,0.0865,true,1,15788
7290011378776,false,מאגדת חטיף חלבה - פי,רושדי תעשיות מזון,IL,מאגדת חטיף חלבה - פיסטוק,גרמים,126.00,100 גרם,false,,10.90,0.0865,true,1,15789
7290011379018,false,מארז פטריות זוג,,IL,מארז פטריות זוג,יח',1.00,יח',false,,15.90,15.9000,true,1,6449
7290011417284,false,שום ישראלי יחידה,,,שום ישראלי יחידה,יח,1.00,יח,false,,4.90,4.9000,true,1,63935
7290011435226,false,*מבצע* דבש לחיץ 650,שטראוס גרופ,IL,יד מרדכי,גרמים,650.00,100 גרם,false,,29.90,0.0460,true,1,13400
7290011438142,false,"אייס קפה 350 מ""ל",שטראוס גרופ,IL,יטבתה,מיליליטרים,350.00,"100 מ""ל",false,,6.20,0.0177,true,1,14988
7290011447281,false,מטרנה חלבי שלב 2 חיס,מטרנה,IL,מטרנה,גרמים,700.00,100 גרם,false,,47.90,0.0684,true,1,4469
7290011447304,false,מטרנה חלבי שלב 3 חיס,מטרנה,IL,מטרנה,גרמים,700.00,100 גרם,false,,47.90,0.0684,true,1,4470
7290011447359,false,מטרנה מהדרין שלב 1 ח,מטרנה,IL,מטרנה,גרמים,700.00,100 גרם,false,,47.90,0.0684,true,1,4473
7290011447373,false,מטרנה מהדרין שלב 2 ח,מטרנה,IL,מטרנה,גרמים,700.00,100 גרם,false,,47.90,0.0684,true,1,4474
7290011447908,false,"סופר קט עוף 3 ק""ג",מעברות,IL,סופר קט,קילוגרמים,3.00,"ק""ג",false,,49.90,16.6333,true,1,55117
7290011459123,false,מברשת מגהץ סגורה מינ,Ningbo cleaning indu,CN,נופר,יח',1.00,יח',false,,5.90,5.9000,true,1,9820
7290011459253,false,מגב שטיפה איכותי 55,,,מגב שטיפה איכותי 55,יחידה,0.00,יחידה,false,,15.00,0.0000,true,1,79339
7290011459307,false,מגב קליק (פטנט) 40,רפקו,IL,נופר,יח',1.00,יח',false,,12.90,12.9000,true,1,9824
7290011459314,false,מטאטא לקה - ז.ס.,Mascot,IT,נופר,יח',1.00,יח',false,,15.00,15.0000,true,1,9825
7290011459352,false,מגב שטיפה - ז.ס.,Atlas Kaya,TR,נופר,יח',1.00,יח',false,,10.00,10.0000,true,1,9826
7290011459437,false,מברשת כלים,ideal houseware,CN,נופר,יח',1.00,יח',false,,5.90,5.9000,true,1,9831
7290011459512,false,מברשת שירותים כפולה,Ningbo cleaning indu,CN,נופר,יח',1.00,יח',false,,10.90,10.9000,true,1,9832
7290011459529,false,מגב חלון 22 מפואר,Pierina,IT,נופר,יח',1.00,יח',false,,9.90,9.9000,true,1,9833
7290011459536,false,מנקה אבק נוצות,ideal houseware,CN,נופר,יח',1.00,יח',false,,12.90,12.9000,true,1,9834
7290011459666,false,יעה + מקל מתקפל - ז.,Moperia,IT,נופר,יח',1.00,יח',false,,10.90,10.9000,true,1,26545
7290011459857,false,מגב סיליקון,Ningbo cleaning indu,CN,נופר,יח',1.00,יח',false,,35.00,35.0000,true,1,9839
7290011459956,false,מקל מתכת 150 - לבן,Metalstick,IT,נופר,יח',1.00,יח',false,,6.90,6.9000,true,1,9840
7290011473211,false,'עדש אדום 500ג,אורז ע'י,CN,תבואות,גרמים,500.00,100 גרם,false,,12.90,0.0258,true,1,14344
7290011473433,false,כוסמת אורגנית 500 ג,אורז ע'י,CN,תבואות,גרמים,500.00,100 גרם,false,,9.90,0.0198,true,1,14358
7290011473655,false,ס.קנים 1 קילו,ארוז ע' תבואות,BR,תבואות,קילוגרמים,1.00,"ק""ג",false,,10.90,10.9000,true,1,14366
7290011474911,false,זרעי צ'יה טבעי 300 ג,גרייט נורתרן,MX,GREAT,גרמים,300.00,100 גרם,false,,17.90,0.0597,true,1,14386
7290011498160,false,שמן קוקוס אורגני 100,אלמנדוס,IL,שמן קוקוס אורגני 100,ליטרים,1.00,ליטר,false,,44.90,44.9000,true,1,81378
7290011498177,false,שקד לבן 700 גרם,אלמנדוס,IL,שקד לבן 700 גרם,גרמים,700.00,100 גרם,false,,64.90,0.0927,true,1,81369
7290011498221,false,סילאן תמרים טבעי 900,אלמנדוס,IL,סילאן תמרים טבעי 900,גרמים,900.00,100 גרם,false,,16.90,0.0188,true,1,81379
7290011498887,false,חטיפי תמר במילוי חמא,אלמנדוס,IL,חטיפי תמר במילוי חמא,גרמים,150.00,100 גרם,false,,17.90,0.1193,true,1,81372
7290011498948,false,חטיפי תמר מצופה שוקו,אלמנדוס,IL,חטיפי תמר מצופה שוקו,גרמים,150.00,100 גרם,false,,17.90,0.1193,true,1,81374
7290011498962,false,ממרח שקד לבן 300 גרם,אלמנדוס,IL,ממרח שקד לבן 300 גרם,גרמים,300.00,100 גרם,false,,34.90,0.1163,true,1,81376
7290011499051,false,פטה כבשים 250גר,גדישון,IL,מחלבות גד,גרמים,250.00,100 גרם,false,,24.90,0.0996,true,1,12426
7290011499105,false,בולגרית 5% 250 גרם,דשן,IL,מחלבות גד,גרמים,250.00,100 גרם,false,,21.90,0.0876,true,1,12427
7290011499112,false,בולגרית גד 16% 250גר,דשן,IL,מחלבות גד,גרמים,250.00,100 גרם,false,,21.90,0.0876,true,1,12428
7290011499129,false,בולגרית קוביות,דשן,IL,מחלבות גד,גרמים,200.00,100 גרם,false,,19.90,0.0995,true,1,12429
7290011499303,false,פטה עיזים מעודנת 5%,דשן,IL,מחלבות גד,גרמים,250.00,100 גרם,false,,29.90,0.1196,true,1,12434
7290011499327,false,בולגרית מעודנת חלב ב,דשן,IL,מחלבות גד,גרמים,250.00,100 גרם,false,,21.90,0.0876,true,1,12436
7290011499341,false,גבינת קאשקבל 200 גרם,מחלבות גד,IL,מחלבות גד,גרמים,200.00,100 גרם,false,,25.90,0.1295,true,1,12438
7290011499358,false,פטה עיזים 200 גרם,טבע עז,IL,מחלבות גד,גרמים,200.00,100 גרם,false,,24.90,0.1245,true,1,12439
7290011499365,false,גבינת חלומי 200 גרם,מחלבות גד,IL,מחלבות גד,גרמים,200.00,100 גרם,false,,19.90,0.0995,true,1,12440
7290011499419,false,גבינה במרקם שמנת 5%,מחלבות גד,IL,מחלבות גד,גרמים,200.00,100 גרם,false,,11.90,0.0595,true,1,12442
7290011499525,false,לבנה 9% 500 גרם,מחלבות גד,IL,מחלבות גד,גרמים,500.00,100 גרם,false,,19.90,0.0398,true,1,12445
7290011499624,false,גבינת שמנת ניו יורק,מחלבות גד,IL,מחלבות גד,גרמים,200.00,100 גרם,false,,12.90,0.0645,true,1,12446
7290011499846,false,ריקוטה פרסקה 9% 300,מחלבות גד,IL,מחלבות גד,גרמים,300.00,100 גרם,false,,16.90,0.0563,true,1,12450
7290011499853,false,גבינת שמנת זיתים 30%,מחלבות גד,IL,מחלבות גד,גרמים,200.00,100 גרם,false,,12.90,0.0645,true,1,12451
7290011502867,false,גרנולה 500 גרם,"דין שיווק וקלייה בע""",IL,ששון הקולה,גרמים,500.00,100 גרם,false,,12.90,0.0258,true,1,2904
7290011502874,false,גרנולה 500 גרם,"דין שיווק וקלייה בע""",IL,שקדיה,גרמים,500.00,100 גרם,false,,12.90,0.0258,true,1,2905
7290011505806,false,קיסמי שיניים דנטאליי,W.H.J.C. Co,CN,הוסטס,יח',200.00,יח',false,,7.90,0.0395,true,1,5364
7290011515683,false,אקסטרים וניל 6 יח',גלידות נסטלה,IL,אקסטרים,יח',6.00,יח',false,,32.90,5.4833,true,1,13028
7290011515911,false,לייט ריבת חלב 6 יח’,גלידות נסטלה,IL,גלידות נסטלה,יח',6.00,יח',false,,28.90,4.8167,true,1,13029
7290011518561,false,אקטימל 14 תות,שטראוס גרופ,IL,שטראוס,ליטרים,1.40,ליטר,false,,29.90,21.3571,true,1,14995
7290011524548,false,גרגירי חומוס 800ג,"פרי הגליל בע""""מ",IL,פרי הגליל,גרמים,800.00,100 גרם,false,,9.90,0.0124,true,1,14043
7290011524555,false,שעועית לבנה 800ג,"פרי הגליל בע""""מ",IL,פרי הגליל,גרמים,800.00,100 גרם,false,,11.90,0.0149,true,1,14044
7290011524968,false,"פולי סויה 1ק""ג","פרי הגליל בע""""מ",IL,GREEN @ FRESH,קילוגרמים,1.00,"ק""ג",false,,14.90,14.9000,true,1,14045
7290011525712,false,*מבצע* קמיל בלו סנסט,"ד""ר פישר",IL,קמיל בלו סנסיטיב,ליטרים,1.00,ליטר,false,,24.90,24.9000,true,1,12238
7290011525729,false,*מבצע* קמיל בלו סנסט,"ד""ר פישר",IL,קמיל בלו סנסיטיב,ליטרים,1.00,ליטר,false,,24.90,24.9000,true,1,12239
7290011530358,false,שייק איט FRIDAY כתום,ELH,IL,שייק איט FRIDAY כתום,גרמים,450.00,100 גרם,false,,29.90,0.0664,true,1,67556
7290011530532,false,שייק איט MONDAY ירוק,ELH,IL,שייק איט MONDAY ירוק,גרמים,450.00,100 גרם,false,,29.90,0.0664,true,1,63877
7290011530747,false,שייק איט WEDNESDAY ס,ELH,IL,שייק איט WEDNESDAY ס,גרמים,450.00,100 גרם,false,,29.90,0.0664,true,1,63880
7290011530822,false,אורז בסמטי קשמיר יוח,,,אורז בסמטי קשמיר יוח,קילוגרמים,1.00,"ק""ג",false,,9.90,9.9000,true,1,63314
7290011530945,false,קרפציו עגל 210 גר',בלדי,IL,בלדי,גרמים,210.00,100 גרם,false,,39.90,0.1900,true,1,60120
7290011570507,false,קמח נטול גלוטן כרגיל,אשבל -מזון פונקציונל,IL,אשבל,גרמים,450.00,100 גרם,false,,15.90,0.0353,true,1,21894
7290011570798,false,קמח עוגה בטעם שוקולד,אשבל -מזון פונקציונל,IL,אשבל,גרמים,450.00,100 גרם,false,,15.90,0.0353,true,1,29461
7290011587307,false,תחתיות ארטישוק,Egyptian spanish co,EG,תומר,גרמים,400.00,100 גרם,false,,9.90,0.0248,true,1,17457
7290011587444,false,מוזלי עם פירות,Vitalia nikola ltd,MK,תומר,גרמים,600.00,100 גרם,false,,12.90,0.0215,true,1,17458
7290011587451,false,גרנולה פירות ואגוזים,,,גרנולה פירות ואגוזים,גרמים,600.00,100 גרם,false,,12.90,0.0215,true,1,17459
7290011587468,false,מוזלי עם אגוזים,Vitalia nikola ltd,MK,תומר,גרמים,600.00,100 גרם,false,,12.90,0.0215,true,1,17460
7290011587697,false,ממרח עגבניות פסטו 36,Sunto gida sun ve ti,TR,תומר,גרמים,360.00,100 גרם,false,,11.90,0.0331,true,1,17465
7290011587758,false,נודלס דק 200 גרם,אופאל,CN,תומר,גרמים,200.00,100 גרם,false,,4.90,0.0245,true,1,17467
7290011587765,false,נודלס עבה 200 גרם,,,נודלס עבה 200 גרם,גרמים,200.00,100 גרם,false,,4.90,0.0245,true,1,17468
7290011593087,false,שמן זית כתית מעולה ס,שמן זית סבא חביב,IL,סבא חביב,מיליליטרים,750.00,"100 מ""ל",false,,29.90,0.0399,true,1,28406
7290011598211,false,*מבצע* אנטי קאלק 700,סנו,IL,אנטי קאלק,מיליליטרים,700.00,"100 מ""ל",false,,14.90,0.0213,true,1,9147
7290011598372,false,סושי מטלית מיקרופייב,N.S.,CN,סנו סושי,יח',1.00,יח',false,,10.90,10.9000,true,1,9149
7290011598457,false,נייר טואלט סופט 48 ג,סנו,IL,סנו סופט,מטרים,883.00,מטר,false,,42.90,0.0486,true,1,9151
7290011607180,false,קולון 101 1.250,זוהר דליה,IL,קולון,קילוגרמים,1.25,"ק""ג",false,,12.90,10.3200,true,1,7252
7290011618025,false,נגיסי אורז לתינוקות,want-want,CN,וונט וונט,גרמים,50.00,100 גרם,false,,14.90,0.2980,true,1,8102
7290011622428,false,כתמטמינים חטיף בריאו,אשבול,IL,גולדן הארט,גרמים,45.00,100 גרם,false,,5.90,0.1311,true,1,7027
7290011622664,false,כתמטמינים טחינה חטיף,אשבול,IL,גולדן הארט,גרמים,45.00,100 גרם,false,,5.90,0.1311,true,1,32601
7290011644000,false,מקלות תירס מתוקים ממ,סנקי,IL,מקלות תירס מתוקים ממ,גרמים,80.00,100 גרם,false,,4.90,0.0613,true,1,57472
7290011668136,false,*מבצע* מסכת שיער מחל,א.ל ארמן,IL,פנינה רוזנבלום בע'מ,קילוגרמים,1.00,"ק""ג",false,,26.90,26.9000,true,1,14105
7290011668259,false,קרם לחות ועיצוב לשיע,א.ל ארמן,IL,פנינה רוזנבלום בע'מ,מיליליטרים,400.00,"100 מ""ל",false,,21.90,0.0547,true,1,14107
7290011668419,false,*מבצע* שמפו לשיער רג,א.ל ארמן,IL,פנינה רוזנבלום בע'מ,מיליליטרים,750.00,"100 מ""ל",false,,8.90,0.0119,true,1,14111
7290011668426,false,*מבצע* מרכך יומי לשי,א.ל ארמן,IL,פנינה רוזנבלום בע'מ,מיליליטרים,750.00,"100 מ""ל",false,,8.90,0.0119,true,1,14112
7290011668457,false,*מבצע* שמפו שמן זית,א.ל ארמן,IL,פנינה רוזנבלום בע'מ,מיליליטרים,750.00,"100 מ""ל",false,,8.90,0.0119,true,1,14115
7290011668464,false,*מבצע* מרכך לשיער גל,א.ל ארמן,IL,פנינה רוזנבלום בע'מ,מיליליטרים,750.00,"100 מ""ל",false,,8.90,0.0119,true,1,14116
7290011668471,false,*מבצע* שמפו רימונים,א.ל ארמן,IL,פנינה רוזנבלום בע'מ,מיליליטרים,750.00,"100 מ""ל",false,,8.90,0.0119,true,1,14117
7290011725402,false,חסה ערבית מהדרין - א,קוסטר - תורכיה,IL,חסה מהדרין,יח',1.00,יח',false,,5.90,5.9000,true,1,68858
7290011725419,false,פטרוזיליה מהדרין - א,קונספסיון/ פניסקור/,IL,פטרוזיליה מהדרין,יח',1.00,יח',false,,4.90,4.9000,true,1,68856
7290011725426,false,כוסברה מהדרין - ארוז,קונסרבאס פרדו,IL,כוסברה מהדרין,יח',1.00,יח',false,,4.90,4.9000,true,1,68859
7290011725433,false,נענע מהדרין - ארוז,קונסרווס אל.ג'י. זאס,IL,נענע מהדרין,יח',1.00,יח',false,,4.90,4.9000,true,1,68860
7290011725440,false,שמיר מהדרין - ארוז,קונסרבס,IL,שמיר מהדרין,יח',1.00,יח',false,,4.90,4.9000,true,1,68861
7290011725464,false,סלרי עלים מהדרין - א,,IL,סלרי עלים מהדרין,יח',1.00,יח',false,,5.90,5.9000,true,1,68863
7290011725488,false,"כרוב לבן מהדרין ק""ג",קוסמופול,IL,כרוב לבן מהדרין,קילוגרמים,1.00,"ק""ג",true,,11.90,11.9000,true,1,68865
7290011725525,false,לבבות חסה,קילט ניהול פרוייקטים,IL,רוזמרין מהדרין,יח',1.00,יח',false,,10.90,10.9000,true,1,68867
7290011743833,false,סנסודיין פרונאמל 75,גלקסוסמיתקליין,GB,סנסודיין,גרמים,75.00,100 גרם,false,,25.90,0.3453,true,1,9741
7290011765088,false,קרמה ג'ל גילוח,קוסמופארם,TR,קרמה מן,מיליליטרים,200.00,"100 מ""ל",false,,13.90,0.0695,true,1,9153
7290011765446,false,משחת שיניים בוב ספוג,טרופיקל דגיל קוסמטיק,IL,אורביטול,גרמים,70.00,100 גרם,false,,7.90,0.1129,true,1,9169
7290011765613,false,מסיר עובש בניחוח לימ,סנו,IL,מסיר עובש בניחוח לימ,מיליליטרים,1000.00,"100 מ""ל",false,,15.90,0.0159,true,1,56282
7290011800840,false,צבר טחינה בלאדי רפי,צבר,IL,סלטי צבר,גרמים,400.00,100 גרם,false,,14.90,0.0373,true,1,4478
7290011860271,false,ביס בול טבעי 700 גרם,תפוגן,IL,תפוגן,גרמים,700.00,100 גרם,false,,15.90,0.0227,true,1,4480
7290011877095,false,צמד רדיד אלומיניום א,בורסה פזרי,TR,סנו סושי,מטרים,15.00,מטר,false,,19.90,1.3267,true,1,9173
7290011877101,false,סנו מוד,סנו,IL,סנומוד,מיליליטרים,150.00,"100 מ""ל",false,,9.90,0.0660,true,1,9174
7290011877446,false,קרם למניעת גירויים ב,קוסמופארם,IL,בייבי כיף,מיליליטרים,100.00,"100 מ""ל",false,,9.90,0.0990,true,1,9176
7290011877842,false,סנו סושי שקיות וואקו,,,סנו סושי שקיות וואקו,יח',2.00,יח',false,,24.90,12.4500,true,1,9180
7290011877859,false,סנו אינסטלטור 200 ג,סנו,IL,סנו אינסטלטור,גרמים,200.00,100 גרם,false,,13.90,0.0695,true,1,9181
7290011877866,false,"מקסימה מאסק 6 ק""ג",סנו,IL,מקסימה,קילוגרמים,6.00,"ק""ג",false,,44.90,7.4833,true,1,9182
7290011923273,false,טופו אורגני 300גרם ל,,IL,טופו אורגני 300גרם ל,גרמים,300.00,100 גרם,false,,11.90,0.0397,true,1,34829
7290011923303,false,טופו טבעי 300גרם ליב,,IL,טופו טבעי 300גרם ליב,גרמים,300.00,100 גרם,false,,9.90,0.0330,true,1,34830
7290011931162,false,סוכרלייט נוזלי,"סוכרזית בע""מ",IL,סוכרזית,גרמים,220.00,100 גרם,false,,22.90,0.1041,true,1,13403
7290011947309,false,זית סורי מבוקע עם לי,זיתא - י.ט.ב תעשיות,IL,זיתא,גרמים,220.00,100 גרם,false,,13.50,0.0614,true,1,15797
7290011947316,false,זיתי קלמטה  215 גרם,זיתא - י.ט.ב תעשיות,IL,זיתא,גרמים,215.00,100 גרם,false,,13.50,0.0628,true,1,15798
7290011947521,false,*מבצע* שמן זית כתית,זיתא - י.ט.ב תעשיות,IL,זיתא,מיליליטרים,750.00,"100 מ""ל",false,,27.90,0.0372,true,1,31285
7290011947743,false,מיקס זית ירוק וזית ק,זיתא - י.ט.ב תעשיות,IL,זיתא,גרמים,215.00,100 גרם,false,,13.50,0.0628,true,1,60126
7290011947781,false,מיקס זית ירוק וזית ק,זיתא - י.ט.ב תעשיות,IL,זיתא,גרמים,190.00,100 גרם,false,,13.90,0.0732,true,1,65879
7290011947798,false,זית קלמטה ללא גלעין,זיתא - י.ט.ב תעשיות,IL,זיתא,גרמים,190.00,100 גרם,false,,13.90,0.0732,true,1,65880
7290011947903,false,מיקס זיתים יווני 232,זיתא - י.ט.ב תעשיות,IL,זיתא,גרמים,232.00,100 גרם,false,,13.50,0.0582,true,1,67064
7290011964344,false,שום גבישי 120 גרם,"תבליני טעם וריח בע""מ",IL,"תבליני טעם וריח בע""מ",גרמים,120.00,100 גרם,false,,9.90,0.0825,true,1,20020
7290011964542,false,פפריקה מתוקה 400 גרם,"תבליני טעם וריח בע""מ",IL,"תבליני טעם וריח בע""מ",גרמים,400.00,100 גרם,false,,22.90,0.0572,true,1,20021
7290011964566,false,תערובת גריל לעוף 400,"תבליני טעם וריח בע""מ",IL,"תבליני טעם וריח בע""מ",גרמים,400.00,100 גרם,false,,22.90,0.0572,true,1,20023
7290011964603,false,כורכום טחון 400 גרם,"תבליני טעם וריח בע""מ",IL,"תבליני טעם וריח בע""מ",גרמים,400.00,100 גרם,false,,22.90,0.0572,true,1,20025
7290011964658,false,מלח לימון 170 גרם,"תבליני טעם וריח בע""מ",IL,"תבליני טעם וריח בע""מ",גרמים,170.00,100 גרם,false,,9.90,0.0582,true,1,20028
7290011964689,false,תערובת לתיבול על האש,"תבליני טעם וריח בע""מ",IL,"תבליני טעם וריח בע""מ",גרמים,100.00,100 גרם,false,,9.90,0.0990,true,1,20029
7290011964702,false,תערובת תיבול לשווארמ,"תבליני טעם וריח בע""מ",IL,"תבליני טעם וריח בע""מ",גרמים,100.00,100 גרם,false,,9.90,0.0990,true,1,20031
7290011987015,false,פילה הרינג בואקום 20,אס.פי.פיש האוס,IL,אס.פי.פיש האוס,גרמים,200.00,100 גרם,false,,10.90,0.0545,true,1,63161
7290011987466,false,סלמון מעושן פרוס 200,אס.פי.פיש האוס,IL,אס.פי.פיש האוס,גרמים,200.00,100 גרם,false,,38.90,0.1945,true,1,17894
7290011987480,false,סלמון פרוס 300 גרם,אס.פי.פיש האוס,IL,אס.פי.פיש,גרמים,300.00,100 גרם,false,,56.90,0.1897,true,1,63159
7290012001994,false,חרדל דיז'ון גרעינים,REINE DE DIJON S.A,FR,ריין דיז'ון,גרמים,350.00,100 גרם,false,,9.90,0.0283,true,1,20340
7290012022203,false,קליליות חיטה מלאה,דילייט 2005,IL,קליליות,גרמים,100.00,100 גרם,false,,13.90,0.1390,true,1,20857
7290012022227,false,קליליות חיטה,דילייט 2005,IL,קליליות,גרמים,60.00,100 גרם,false,,11.90,0.1983,true,1,20858
7290012022272,false,קליליות קידס,דילייט 2005,IL,קליליות,גרמים,30.00,100 גרם,false,,10.50,0.3500,true,1,32606
7290012025822,false,סלק אסלי 400 גרם,"סלטי שמיר 2006 בע""מ",IL,אסלי,גרמים,400.00,100 גרם,false,,9.90,0.0248,true,1,69811
7290012046193,false,סקושט ברייט ספוג קרצ,M3,ES,סקוטש-ברייט,יח',9.00,יח',false,,14.90,1.6556,true,1,71377
7290012116032,false,מרכך פיות 750 מיל,קוסמופארם,IL,כיף,מיליליטרים,750.00,"100 מ""ל",false,,10.90,0.0145,true,1,9188
7290012116070,false,"אלסבון פיות 750 מ""ל",קוסמופארם,IL,כיף,מיליליטרים,750.00,"100 מ""ל",false,,10.90,0.0145,true,1,9190
7290012116261,false,ג'ל חיטוי סנו מדיק 5,סנו,IL,ג'ל חיטוי סנו מדיק 5,מיליליטרים,500.00,"100 מ""ל",false,,19.90,0.0398,true,1,62002
7290012116537,false,"מקסימה מאסק 2.5 ק""ג",סנו,IL,מקסימה,קילוגרמים,2.50,"ק""ג",false,,23.90,9.5600,true,1,23085
7290012116551,false,אנטי קלאק 4ב1 2 ל,סנו,IL,אנטי קאלק,ליטרים,2.00,ליטר,false,,19.90,9.9500,true,1,9195
7290012116612,false,רביעיית מברשת שיניים,z.h. plastic,CN,אורביטול,יח',4.00,יח',false,,10.90,2.7250,true,1,9196
7290012116674,false,דאודרנט גל קרמה מן,קוסמופארם,IL,כיף,יח',1.00,יח',false,,13.90,13.9000,true,1,9198
7290012117091,false,"מקסימה סנסטיב 6 ק""ג",סנו,IL,מקסימה,קילוגרמים,6.00,"ק""ג",false,,44.90,7.4833,true,1,9206
7290012117275,false,סנוקליר שקית מילוי 7,סנו,IL,סנוקליר,מיליליטרים,750.00,"100 מ""ל",false,,5.90,0.0079,true,1,9208
7290012117428,false,*מבצע* גל רחצה לגבר,קוסמופארם,IL,קרמה מן,מיליליטרים,700.00,"100 מ""ל",false,,14.90,0.0213,true,1,9212
7290012117435,false,*מבצע* גל רחצה לגבר,קוסמופארם,IL,קרמה מן,מיליליטרים,700.00,"100 מ""ל",false,,14.90,0.0213,true,1,9213
7290012117534,false,מרכך מקסימה מרוכז 1,סנו,IL,מקסימה,ליטרים,1.00,ליטר,false,,17.90,17.9000,true,1,9214
7290012117541,false,מרכך מקסימה מרוכז 1,,,מרכך מקסימה מרוכז 1,ליטרים,1.00,ליטר,false,,17.90,17.9000,true,1,9215
7290012117558,false,מרכך מקסימה מרוכז 1,סנו,IL,מקסימה,ליטרים,1.00,ליטר,false,,17.90,17.9000,true,1,9216
7290012117916,false,סנו אינסטלטור נוזלי,סנו,IL,סנו אינסטלטור,ליטרים,1.00,ליטר,false,,26.90,26.9000,true,1,9227
7290012159480,false,יין לבן חצי יבש מבעב,,,יין לבן חצי יבש מבעבע,מיליליטרים,700.00,"100 מ""ל",false,,24.90,0.0356,true,1,6858
7290012159497,false,יין לבן יבש מבעבע,,,יין לבן יבש מבעבע,מיליליטרים,700.00,"100 מ""ל",false,,24.90,0.0356,true,1,6859
7290012191091,false,מדליק פחמים ראש גפרו,,IL,מנורה,יח',1.00,יח',false,,5.90,5.9000,true,1,58362
7290012193163,false,*מבצע* פמלי אל סבון,אינטרקוסמא,IL,פמלי,ליטרים,1.00,ליטר,false,,9.90,9.9000,true,1,8119
7290012226021,false,סלמי מעושן פראג 400,זוגלובק,IL,זוגלובק,גרמים,400.00,100 גרם,false,,14.90,0.0373,true,1,10385
7290012226120,false,קבנוס 135 גרם,זוגלובק,IL,זוגלובק,גרמים,135.00,100 גרם,false,,9.90,0.0733,true,1,10386
7290012226922,false,קבנוס בטעם שום 135 ג,זוגלובק,IL,זוגלובק,גרמים,135.00,100 גרם,false,,9.90,0.0733,true,1,10388
7290012226939,false,קבנוס בטעם צילי 135,זוגלובק,IL,זוגלובק,גרמים,135.00,100 גרם,false,,9.90,0.0733,true,1,10389
7290012226991,false,נקניקיות גמבו 1.5 קג,זוגלובק,IL,זוגלובק,קילוגרמים,1.50,"ק""ג",false,,26.90,17.9333,true,1,10391
7290012227172,false,פסטרמה כפרית+ חרמון,זוגלובק,IL,זוגלובק,גרמים,600.00,100 גרם,false,,25.90,0.0432,true,1,10393
7290012227325,false,סלמי מעושן דק דק 120,זוגלובק,IL,זוגלובק,גרמים,120.00,100 גרם,false,,12.90,0.1075,true,1,36136
7290012227776,false,פסטרמה הודו מחפוד 40,זוגלובק,IL,זוגלובק,גרמים,400.00,100 גרם,false,,19.90,0.0497,true,1,36524
7290012227783,false,תה מעושן מחפוד 400 ג,זוגלובק,IL,זוגלובק,גרמים,400.00,100 גרם,false,,17.90,0.0447,true,1,36525
7290012227912,false,קבנוס מעודן 135 גרם,זוגלובק,IL,זוגלובק,גרמים,135.00,100 גרם,false,,9.90,0.0733,true,1,27952
7290012227981,false,פסטרמה ברביקיו 120 ג,זוגלובק,IL,זוגלובק,גרמים,120.00,100 גרם,false,,12.90,0.1075,true,1,36138
7290012227998,false,חזה בקר 120 גרם,זוגלובק,IL,זוגלובק,גרמים,120.00,100 גרם,false,,12.90,0.1075,true,1,36139
7290012228124,false,קבנוס סטיקס 50 גרם,זוגלובק,IL,זוגלובק,גרמים,50.00,100 גרם,false,,9.90,0.1980,true,1,35797
7290012228261,false,נקניקיות בוקוורסט הו,זוגלובק,IL,זוגלובק,גרמים,300.00,100 גרם,false,,19.90,0.0663,true,1,31927
7290012228766,false,קבנוס מחפוד 120 גרם,זוגלובק,,קבנוס מחפוד 120 גרם,גרמים,120.00,100 גרם,false,,9.90,0.0825,true,1,65698
7290012245244,false,צ'יפס משפחתי קלאסי 2,קפוא זן,IL,צ'יפס משפחתי קלאסי 2,קילוגרמים,2.50,"ק""ג",false,,28.90,11.5600,true,1,81089
7290012245275,false,צ'יפס בטטה קריספי 1,קפוא זן,IL,צ'יפס בטטה קריספי 1,קילוגרמים,1.00,"ק""ג",false,,25.90,25.9000,true,1,86978
7290012245312,false,צ'יפס אמריקאי קפוא 7,,,צ'יפס אמריקאי קפוא 7,גרמים,1500.00,100 גרם,false,,18.90,0.0126,true,1,61052
7290012245329,false,צ'יפס קלאסי קפוא 1.5,,,צ'יפס קלאסי קפוא 1.5,גרמים,1500.00,100 גרם,false,,18.90,0.0126,true,1,61053
7290012245336,false,סטייק צ'יפס קפוא 1.5,,,סטייק צ'יפס קפוא 1.5,גרמים,1500.00,100 גרם,false,,18.90,0.0126,true,1,61054
7290012247729,false,כנפיים עוף קפוא,"נטו מלינדה סחר בע""מ",,כנפיים עוף קפוא,קילוגרמים,1.00,"ק""ג",true,,8.90,8.9000,true,1,77715
7290012275401,false,"בירה מולר 500 מ""ל",ואן פור,GR,????,מיליליטרים,500.00,"100 מ""ל",false,,3.50,0.0070,true,1,67738
7290012309878,false,חלבה פיסטוק 500 גרם,אחדות,IL,ששון הקולה,גרמים,500.00,100 גרם,false,,14.90,0.0298,true,1,2908
7290012313073,false,מיקס זיתים מגולענים,קבוצת יבנה,IL,מיקס זיתים מגולענים,גרמים,560.00,100 גרם,false,,10.90,0.0195,true,1,71330
7290012313141,false,מלפפון במלח פרוסות,קבוצת יבנה,IL,קבוצת יבנה,גרמים,320.00,100 גרם,false,,6.50,0.0203,true,1,14520
7290012313240,false,מיקס זית ירוק וקמלטה,קבוצת יבנה,,מיקס זית ירוק וקמלטה,גרמים,560.00,100 גרם,false,,11.50,0.0205,true,1,65774
7290012313417,false,מיקס זיתים 215 גרם,קבוצת יבנה,IL,מיקס זיתים 215 גרם,גרמים,215.00,100 גרם,false,,11.90,0.0553,true,1,82027
7290012313424,false,זית קלמטה שלם 215 גר,קבוצת יבנה,IL,זית קלמטה שלם 215 גר,גרמים,215.00,100 גרם,false,,11.90,0.0553,true,1,82028
7290012313431,false,זית מרוקאי יבש 215 ג,קבוצת יבנה,IL,זית מרוקאי יבש 215 ג,גרמים,215.00,100 גרם,false,,11.90,0.0553,true,1,82025
7290012313448,false,זית מעדנייה מתובל 21,קבוצת יבנה,IL,זית מעדנייה מתובל 21,גרמים,215.00,100 גרם,false,,11.90,0.0553,true,1,82029
7290012367717,false,*מבצע* קרם ידים אפקט,"ד""ר פישר",IL,אפקטיב קר,מיליליטרים,150.00,"100 מ""ל",false,,11.90,0.0793,true,1,12244
7290012367908,false,שמן אלוורה לתינוק 20,"ד""ר פישר",IL,"ד""ר פישר",מיליליטרים,200.00,"100 מ""ל",false,,16.90,0.0845,true,1,29447
7290012404955,false,ספרינג Collection נק,יפאורה תבורי,IL,ספרינג,ליטרים,1.25,ליטר,false,,12.40,9.9200,true,1,11177
7290012404993,false,ספרינג Collection נק,יפאורה תבורי,IL,ספרינג,ליטרים,1.25,ליטר,false,,11.90,9.5200,true,1,11179
7290012413643,false,*מבצע* תה ירוק קמומי,ויסוצקי,IL,ויסוצקי,גרמים,937.50,100 גרם,false,,17.90,0.0191,true,1,15808
7290012450730,false,גליל לבן-שחור טנדרלי,,,גליל לבן-שחור טנדרלי,יחידה,0.00,יחידה,false,,39.90,0.0000,true,1,86705
7290012450754,false,גליל לבן-כסף טנדרלי,,,גליל לבן-כסף טנדרלי,יחידה,0.00,יחידה,false,,39.90,0.0000,true,1,86706
7290012470493,false,כובע רחצה 2 שכבות ענ,,,כובע רחצה 2 שכבות ענ,יח',1.00,יח',false,,13.90,13.9000,true,1,63917
7290012483608,false,אורז בסמטי מובחר 5 ק,lt foods,IN,DAAWAT,קילוגרמים,5.00,"ק""ג",false,,49.90,9.9800,true,1,10079
7290012522581,false,טבעול שניצל תירס ללא,טבעול ישראל,IL,טבעול,גרמים,664.00,100 גרם,false,,19.90,0.0300,true,1,4487
7290012561405,false,דורות בצל חצי מטוגן,דורות,IL,דורות,גרמים,180.00,100 גרם,false,,9.90,0.0550,true,1,4496
7290012576423,false,ספיישל רזרב גוורצטרמ,טמפו,IL,ספיישל רזרב גוורצטרמ,מיליליטרים,750.00,"100 מ""ל",false,,54.90,0.0732,true,1,69323
7290012576614,false,יין פרימייר לבן,ברקן סגל,IL,פרמייר,מיליליטרים,750.00,"100 מ""ל",false,,26.90,0.0359,true,1,10935
7290012619335,false,מדליק פחמים טבעי (24,,,מדליק פחמים טבעי (24,יחידה,0.00,יחידה,false,,12.90,0.0000,true,1,79299
7290012642036,false,לה פסטה 5 ספגטי,מוטלו,TR,לה פסטה,גרמים,400.00,100 גרם,false,,3.50,0.0088,true,1,28769
7290012642586,false,ערמונים 100 גרם,Tangshan huiyuan foo,CN,תומר,גרמים,100.00,100 גרם,false,,4.90,0.0490,true,1,17491
7290012645051,false,יוגורט  עיזים בגביע,חלב הארץ,IL,חלב הארץ,גרמים,350.00,100 גרם,false,,11.90,0.0340,true,1,63354
7290012645075,false,*מבצע* יוגורט כבשים,חלב הארץ,IL,חלב הארץ,גרמים,350.00,100 גרם,false,,9.90,0.0283,true,1,67324
7290012645181,false,*מבצע* לאבנה עיזים 5,חלב הארץ,IL,*מבצע* לאבנה עיזים 5,גרמים,200.00,100 גרם,false,,9.90,0.0495,true,1,77229
7290012645280,false,יוגורט כבשים טבעי 15,חלב הארץ,IL,חלב הארץ,גרמים,150.00,100 גרם,false,,4.90,0.0327,true,1,29865
7290012645297,false,יוגורט עיזים טבעי בג,חלב הארץ,IL,חלב הארץ,גרמים,150.00,100 גרם,false,,4.90,0.0327,true,1,29866
7290012645389,false,יוגורט עיזים טבעי 1,חלב הארץ,IL,חלב הארץ,ליטרים,1.00,ליטר,false,,21.90,21.9000,true,1,29869
7290012665059,false,קובה למרק 400 גרם,"חמים וטעים בע""מ",IL,"חמים וטעים בע""מ",גרמים,400.00,100 גרם,false,,12.90,0.0323,true,1,10668
7290012803215,false,וופל בלגי ללא סוכר ב,"גילרו בע""מ",IL,טוסו,גרמים,200.00,100 גרם,false,,9.90,0.0495,true,1,8131
7290012803222,false,וופל בלגי בטעם לימון,"גילרו בע""מ",IL,טוסו,גרמים,200.00,100 גרם,false,,9.90,0.0495,true,1,8132
7290012803314,false,סוכרלוז 300 טבליות,קיפל,IL,מרמולייט,גרמים,22.00,100 גרם,false,,39.90,1.8136,true,1,8133
7290012803451,false,שוקולד מריר 62% 100,ALTINMARKA,TR,טוסו,גרמים,100.00,100 גרם,false,,8.90,0.0890,true,1,8137
7290012803765,false,שוקולד מריר 100 גרם,ALTINMARKA,TR,טוסו,גרמים,100.00,100 גרם,false,,8.90,0.0890,true,1,8144
7290012803789,false,שוקולד מריר אגוזים 1,ALTINMARKA,TR,טוסו,גרמים,100.00,100 גרם,false,,8.90,0.0890,true,1,8146
7290012823251,false,אל סבון כיף 1 ליטר,קוסמופארם,IL,כיף,ליטרים,1.00,ליטר,false,,11.90,11.9000,true,1,9232
7290012823381,false,מרכך מקסימה מרוכז 1,סנו,IL,מקסימה,ליטרים,1.00,ליטר,false,,17.90,17.9000,true,1,9234
7290012823398,false,*מבצע* מטליות סנו רי,דינאמיק תעשיות,IL,ריצפז,יח',10.00,יח',false,,9.90,0.9900,true,1,33513
7290012823558,false,מטליות לחות סושי לרי,דינאמיק,IL,סנו סושי,יח',10.00,יח',false,,10.90,1.0900,true,1,9236
7290012823589,false,*מבצע* ריצפז פרש 2 ל,סנו,IL,ריצפז,ליטרים,2.00,ליטר,false,,14.90,7.4500,true,1,9239
7290012823602,false,סופט לבן 32 גלילים,סנו,IL,סנו סופט,מטרים,589.00,מטר,false,,29.90,0.0508,true,1,9240
7290012823794,false,אל סבון כיף 2 ליטר ל,קוסמופארם,IL,כיף,ליטרים,2.00,ליטר,false,,19.90,9.9500,true,1,9245
7290012850073,false,מחית סלט פירות 190 ג,NOVOFRUCHT SK S.R.O,SK,BELOVED,גרמים,190.00,100 גרם,false,,5.90,0.0311,true,1,15332
7290012864001,false,נבטי חמניה ארוז,קרונוס,IL,נבטי חמניה,1,1.00,1,false,,8.90,8.9000,true,1,1742
7290012864025,false,מיקס אלפלפא חמניה,קרלסברג יבוא יצוא,IL,נבטים אלפלפא,1,1.00,1,false,,5.90,5.9000,true,1,1743
7290012864032,false,מיקס עדשים ונבטוטים,קרלסברג ישראל,IL,נבטוטים,1,1.00,1,false,,8.90,8.9000,true,1,1744
7290012864131,false,נבטי עדשים שחורות,,IL,עדשים שחורות מונבטות,1,1.00,1,false,,8.90,8.9000,true,1,1749
7290012884986,false,ציפס לתנור עד 4% שומ,תפוגן,IL,תפוגן,קילוגרמים,1.50,"ק""ג",false,,24.90,16.6000,true,1,4498
7290012899348,false,טבעות זיתים מושחרים,פרי חן,IL,טבעות זיתים מושחרים,גרמים,550.00,100 גרם,false,,8.90,0.0162,true,1,68964
7290012921025,false,בקבוק בירה מלכה בהיר,בירה מלכה,IL,מלכה,מיליליטרים,330.00,"100 מ""ל",false,,12.90,0.0391,true,1,10734
7290012921032,false,בקבוק בירה מלכה אדמו,בירה מלכה,IL,מלכה,מיליליטרים,330.00,"100 מ""ל",false,,12.90,0.0391,true,1,10735
7290012921063,false,בקבוק בירה מלכה הינד,בירה מלכה,IL,מלכה,מיליליטרים,330.00,"100 מ""ל",false,,12.90,0.0391,true,1,54694
7290012931062,false,10 אטבי הדור החדש,מ.א ייצור ושיווק מטל,CN,Shiny,יח',10.00,יח',false,,6.90,0.6900,true,1,5489
7290012931925,false,2 כריות מתכת(כסף+זהב,מ.א ייצור ושיווק מטל,CN,Shiny,יח',2.00,יח',false,,4.90,2.4500,true,1,5497
7290012938405,false,רדיד אלומיניום רחב ו,ריינולדס,US,דיימונד,מטרים,7.60,מטר,false,,16.90,2.2237,true,1,9749
7290012938580,false,סנסודיין הלבנה עדינה,,,סנסודיין הלבנה עדינה,גרמים,75.00,100 גרם,false,,21.90,0.2920,true,1,27017
7290012938597,false,"סנסודיין רליף 75 מ""ל","סמית קליין ביצ'ם בע""",SK,סנסודיין,מיליליטרים,75.00,"100 מ""ל",false,,25.90,0.3453,true,1,9751
7290012938740,false,"סנסודיין מנטה 75 מ""ל",גלקסוסמיתקליין,GB,סנסודיין,מיליליטרים,75.00,"100 מ""ל",false,,21.90,0.2920,true,1,9753
7290012938924,false,*מבצע* אקווה פרש מי,גלקסוסמיתקליין,GB,*מבצע* אקווה פרש מי,מיליליטרים,500.00,"100 מ""ל",false,,12.90,0.0258,true,1,9754
7290012962165,false,כפפות משק בית איזי ט,B.H.R. & P.P,CN,איזי טאצ',יח',2.00,יח',false,,3.90,1.9500,true,1,5376
7290012962578,false,צימרוני אוזניים עץ ב,S.T.O Co Ltd,CN,כוטון סופט,יח',300.00,יח',false,,6.90,0.0230,true,1,5385
7290012962684,false,שקיות צליה ג'מבו 50X,B.P. Ltd,TR,הוסטס,יח',5.00,יח',false,,3.50,0.7000,true,1,5388
7290012982927,false,פילה לברק 5-7 קפוא.,"יאנגגינג סיפורט בע""מ",CN,פילה לברק 5-7 קפוא.,קילוגרמים,1.00,"ק""ג",true,,44.90,44.9000,true,1,27632
7290012983153,false,*מבצע* סילאן טבעי 40,חצר כינרת מוצרי תמר,IL,תמר כנרת,יחידה,0.00,יחידה,false,,14.90,0.0000,true,1,65877
7290012983160,false,סילאן 400 לחיץ,חצר כינרת מוצרי תמר,IL,סילאן 400 לחיץ,גרמים,400.00,100 גרם,false,,11.90,0.0298,true,1,65878
7290013027399,false,לחם אנגל 100% קל,אנג'ל,IL,אנג'ל,גרמים,750.00,100 גרם,false,,12.90,0.0172,true,1,2236
7290013038234,false,אקווה נובה שישייה 2,טמפו,IL,א.נובה,ליטרים,12.00,ליטר,false,,9.50,0.7917,true,1,10937
7290013068361,false,*מבצע* שמן זית אליעד,אליעד,IL,שמן זית אליעד 750 מל,מיליליטרים,750.00,"100 מ""ל",false,,31.90,0.0425,true,1,18927
7290013068682,false,*מבצע* שמן זית אליעד,אליעד,IL,שמן זית אליעד 750 מל,מיליליטרים,750.00,"100 מ""ל",false,,31.90,0.0425,true,1,18929
7290013068699,false,*מבצע* שמן זית אליעד,אליעד,IL,אליעד בית בד בגולן,מיליליטרים,750.00,"100 מ""ל",false,,31.90,0.0425,true,1,22005
7290013068705,false,*מבצע* שמן זית אליעד,אליעד,IL,שמן זית אליעד 750 מל,מיליליטרים,750.00,"100 מ""ל",false,,31.90,0.0425,true,1,18930
7290013083661,false,מטרנה אקסטרה קר שלב,מטרנה,IL,מטרנה,גרמים,700.00,100 גרם,false,,58.90,0.0841,true,1,4500
7290013083678,false,מטרנה אקסטרה קר שלב,מטרנה,IL,מטרנה,גרמים,700.00,100 גרם,false,,58.90,0.0841,true,1,4501
7290013083685,false,מטרנה אקסטרה קר שלב,מטרנה,IL,מטרנה,גרמים,700.00,100 גרם,false,,58.90,0.0841,true,1,4502
7290013117212,false,בורקס פילו גבינה,מעדנות,IL,מעדנות,גרמים,600.00,100 גרם,false,,19.90,0.0332,true,1,16799
7290013117229,false,"בורקס פילו תפו""א",מעדנות,IL,מעדנות,גרמים,600.00,100 גרם,false,,19.90,0.0332,true,1,16800
7290013117243,false,בורקס פילו בולגרית,מעדנות,IL,מעדנות,גרמים,600.00,100 גרם,false,,19.90,0.0332,true,1,16802
7290013117410,false,*מבצע* בצק פריך מתוק,מעדנות,IL,מעדנות,גרמים,900.00,100 גרם,false,,19.90,0.0221,true,1,16803
7290013117427,false,*מבצע* בצק פריך מלוח,מעדנות,IL,מעדנות,גרמים,900.00,100 גרם,false,,19.90,0.0221,true,1,16804
7290013117526,false,*מבצע* בצק שמרים למא,מעדנות,IL,מעדנות,גרמים,900.00,100 גרם,false,,19.90,0.0221,true,1,16806
7290013121028,false,לחם לבן 500 גרם,אביב קונדיטוריה מעול,IL,גרין לייט,גרמים,500.00,100 גרם,false,,17.90,0.0358,true,1,2028
7290013121103,false,רביעיית שליש באגט 40,אביב קונדיטוריה מעול,IL,גרין לייט,גרמים,400.00,100 גרם,false,,17.90,0.0447,true,1,2032
7290013121127,false,לחמיני'ס 420 גרם,אביב קונדיטוריה מעול,IL,גרין לייט,גרמים,420.00,100 גרם,false,,17.90,0.0426,true,1,2034
7290013121158,false,רביעיית לחמניות סנדו,אביב קונדיטוריה מעול,IL,גרין לייט,גרמים,460.00,100 גרם,false,,17.90,0.0389,true,1,2037
7290013121165,false,שישיית לחמניות נקניק,אביב קונדיטוריה מעול,IL,גרין לייט,גרמים,460.00,100 גרם,false,,17.90,0.0389,true,1,2038
7290013121776,false,לחם כפרי ללס 700 גרם,אביב קונדיטוריה מעול,IL,גרין לייט,גרמים,700.00,100 גרם,false,,18.90,0.0270,true,1,2060
7290013144171,false,*מבצע* תערובת עוגת ש,מימונס אפיה,IL,א.ל ייצור ושיווק תבלינים,גרמים,560.00,100 גרם,false,,12.90,0.0230,true,1,19613
7290013144232,false,פודינג וניל 80 גרם,מימונס אפיה,IL,א.ל ייצור ושיווק תבלינים,גרמים,80.00,100 גרם,false,,4.90,0.0613,true,1,19619
7290013144249,false,פודינג שוקולד 95ג,מימונס אפיה,IL,א.ל ייצור ושיווק תבלינים,גרמים,95.00,100 גרם,false,,4.90,0.0516,true,1,19620
7290013144263,false,תערובת מלבי 112 גרם,מימונס אפיה,IL,א.ל ייצור ושיווק תבלינים,גרמים,112.00,100 גרם,false,,9.90,0.0884,true,1,19621
7290013144317,false,גלילית וופל למילוי 1,מימונס אפיה,IL,הגביע,יח',18.00,יח',false,,21.90,1.2167,true,1,19624
7290013144393,false,תמצית וניל 50 גרם,מימונס אפיה,IL,א.ל ייצור ושיווק תבלינים,גרמים,50.00,100 גרם,false,,4.90,0.0980,true,1,19630
7290013144409,false,תמצית רום 50 גרם,מימונס אפיה,IL,א.ל ייצור ושיווק תבלינים,גרמים,50.00,100 גרם,false,,4.90,0.0980,true,1,19631
7290013144508,false,"תמצית מי ורדים 50 מ""",מימונס אפיה,IL,א.ל ייצור ושיווק תבלינים,מיליליטרים,50.00,"100 מ""ל",false,,9.90,0.1980,true,1,19638
7290013144515,false,"צבע מאכל 50 מ""ל",מימונס אפיה,IL,א.ל ייצור ושיווק תבלינים,מיליליטרים,50.00,"100 מ""ל",false,,4.30,0.0860,true,1,19639
7290013144614,false,סירופ מייפל 100% 236,מימונס אפיה,CA,LES INDUSRIES,מיליליטרים,236.00,"100 מ""ל",false,,29.90,0.1267,true,1,19643
7290013145031,false,אגוזי לוז מסוכרים 10,מימונס אפיה,IL,א.ל ייצור ושיווק תבלינים,גרמים,100.00,100 גרם,false,,13.90,0.1390,true,1,19649
7290013145093,false,שקד מולבן גרוס 100ג,מימונס אפיה,IL,א.ל ייצור ושיווק תבלינים,גרמים,100.00,100 גרם,false,,12.90,0.1290,true,1,19653
7290013145109,false,שקד טבעי מולבן 100 ג,מימונס אפיה,IL,א.ל ייצור ושיווק תבלינים,גרמים,100.00,100 גרם,false,,12.90,0.1290,true,1,19654
7290013145116,false,שקד מולבן מקלות 100,מימונס אפיה,IL,א.ל ייצור ושיווק תבלינים,גרמים,100.00,100 גרם,false,,12.90,0.1290,true,1,19655
7290013145178,false,קוקוס טחון לבן 100ג,מימונס אפיה,IL,א.ל ייצור ושיווק תבלינים,גרמים,100.00,100 גרם,false,,4.50,0.0450,true,1,19660
7290013145192,false,שומשום 100 גרם,מימונס אפיה,IL,א.ל ייצור ושיווק תבלינים,גרמים,100.00,100 גרם,false,,4.60,0.0460,true,1,19661
7290013145215,false,שומשום 400 גרם,מימונס אפיה,IL,א.ל ייצור ושיווק תבלינים,גרמים,400.00,100 גרם,false,,14.90,0.0373,true,1,19662
7290013145277,false,עלים לקרמשניט 300 גר,מימונס אפיה,IL,מימונס,גרמים,300.00,100 גרם,false,,16.90,0.0563,true,1,32567
7290013145390,false,שוקולד ציפס 250 גרם,מימונס אפיה,IL,אינטרגטה,גרמים,250.00,100 גרם,false,,8.90,0.0356,true,1,19665
7290013145406,false,שוקולד ציפס לבן 250,מימונס אפיה,IL,אינטרגטה,גרמים,250.00,100 גרם,false,,9.90,0.0396,true,1,19666
7290013145437,false,שוקולד ציפס מריר 250,מימונס אפיה,IL,אינטרגטה,גרמים,250.00,100 גרם,false,,13.90,0.0556,true,1,19667
7290013145444,false,שוקולד צ'יפס 66%,מימונס אפיה,IL,אינטרגטה,גרמים,250.00,100 גרם,false,,15.90,0.0636,true,1,19668
7290013145529,false,סוכריות צבעוניות לקי,מימונס אפיה,IL,א.ל ייצור ושיווק תבלינים,גרמים,90.00,100 גרם,false,,5.90,0.0656,true,1,19670
7290013145567,false,מיני עדשים 90 גרם,מימונס אפיה,IL,א.ל ייצור ושיווק תבלינים,גרמים,90.00,100 גרם,false,,10.90,0.1211,true,1,19672
7290013145574,false,ערכת קישוט לעוגות 10,מימונס אפיה,IL,א.ל ייצור ושיווק תבלינים,גרמים,100.00,100 גרם,false,,12.50,0.1250,true,1,19673
7290013145628,false,סוכריות צבעוניות לקי,א.ל ייצור ושיווק תבל,IL,א.ל ייצור ושיווק תבלינים,גרמים,200.00,100 גרם,false,,8.90,0.0445,true,1,19675
7290013145710,false,דובדבנים מסוכרים 100,מימונס אפיה,IL,א.ל ייצור ושיווק תבלינים,גרמים,100.00,100 גרם,false,,9.90,0.0990,true,1,19681
7290013145826,false,פודינג וניל,מימונס אפיה,IL,א.ל ייצור ושיווק תבלינים,גרמים,80.00,100 גרם,false,,4.90,0.0613,true,1,19688
7290013145833,false,פודינג שוקולד,מימונס אפיה,IL,א.ל ייצור ושיווק תבלינים,גרמים,80.00,100 גרם,false,,4.90,0.0613,true,1,19689
7290013145840,false,סוכר וניל 10יח,מימונס אפיה,IL,י. כהן,גרמים,100.00,100 גרם,false,,2.20,0.0220,true,1,19690
7290013145857,false,אבקת אפיה 10יח,מימונס אפיה,IL,י. כהן,גרמים,100.00,100 גרם,false,,2.20,0.0220,true,1,19691
7290013145864,false,גלטין טהור 28 גרם,מימונס אפיה,IL,א.ל ייצור ושיווק תבלינים,גרמים,28.00,100 גרם,false,,11.90,0.4250,true,1,19692
7290013145918,false,אבקת סוכר 100 גרם,מימונס אפיה,IL,א.ל ייצור ושיווק תבלינים,גרמים,100.00,100 גרם,false,,1.90,0.0190,true,1,19695
7290013145956,false,שמרים יבשים 500 גרם,מימונס אפיה,CN,ANGEL YEAST,גרמים,500.00,100 גרם,false,,13.90,0.0278,true,1,19699
7290013145963,false,שמרים יבשים מימונס 1,מימונס אפיה,CN,ANGEL YEAST,גרמים,125.00,100 גרם,false,,5.90,0.0472,true,1,19700
7290013146199,false,*מבצע* קרם נוגט 350ג,מימונס אפיה,IL,אינטרגטה,גרמים,350.00,100 גרם,false,,13.90,0.0397,true,1,19709
7290013146274,false,מארז 8 יח תחתיות מרנ,מימונס אפיה,IL,מימוס,גרמים,100.00,100 גרם,false,,19.90,0.1990,true,1,60061
7290013146298,false,טארטלטים-תחתיות בצק,א.ל ייצור ושיווק תבל,IL,מימונס,גרמים,120.00,100 גרם,false,,20.90,0.1742,true,1,28624
7290013146670,false,*מבצע* סוכריות לב לק,מימונס אפיה,,מימונס,גרמים,60.00,100 גרם,false,,9.90,0.1650,true,1,61499
7290013153418,false,סחוט לימונענע 1 ליטר,פריגת מצוננים,IL,סחוט טבעי,ליטרים,1.00,ליטר,false,,16.10,16.1000,true,1,24751
7290013153593,false,פריגת 100% תפוזים מת,"גת,גבעת חיים",IL,פריגת,ליטרים,1.00,ליטר,false,,11.90,11.9000,true,1,37752
7290013268020,false,מרכך מקסימה מרוכז 1,סנו,IL,מקסימה,ליטרים,1.00,ליטר,false,,17.90,17.9000,true,1,9255
7290013268037,false,מרכך מקסימה מרוכז 1,סנו,IL,מקסימה,ליטרים,1.00,ליטר,false,,17.90,17.9000,true,1,9256
7290013268372,false,פוליווקס פרקט 2 ליטר,סנו,IL,פוליויקס,ליטרים,2.00,ליטר,false,,19.90,9.9500,true,1,63655
7290013268839,false,פוליווקס פרקט 2 ליטר,סנו,IL,פוליויקס,ליטרים,2.00,ליטר,false,,19.90,9.9500,true,1,38050
7290013268891,false,אוקסיג'ן ג'ל 3 ליטר,סנו,IL,אוקסיג'ן,ליטרים,3.00,ליטר,false,,28.90,9.6333,true,1,9282
7290013268907,false,מקסימה גל 3 ליטר,סנו,IL,מקסימה,ליטרים,3.00,ליטר,false,,28.90,9.6333,true,1,9283
7290013268983,false,מרכך מקסימה מרוכז בב,סנו,IL,מקסימה,ליטרים,1.00,ליטר,false,,17.90,17.9000,true,1,67871
7290013268990,false,מרכך מקסימה מרוכז 1,סנו,IL,מקסימה,ליטרים,1.00,ליטר,false,,17.90,17.9000,true,1,9284
7290013269003,false,מרכך מקסימה בייבי מר,סנו,IL,מקסימה,ליטרים,1.00,ליטר,false,,17.90,17.9000,true,1,27476
7290013269096,false,מטליות לחות למוצרי ע,טרופיקל דגיל קוסמטיק,IL,סנו,יח',20.00,יח',false,,18.90,0.9450,true,1,9285
7290013269157,false,*מבצע* מקסימה למייבש,,,מקסימה למייבש,מיליליטרים,750.00,"100 מ""ל",false,,14.90,0.0199,true,1,9287
7290013269263,false,מקסימה גל 3 ליטר,סנו,IL,מקסימה,ליטרים,3.00,ליטר,false,,28.90,9.6333,true,1,9289
7290013269621,false,*מבצע* ריצפז פרש הום,סנו,IL,ריצפז,ליטרים,2.00,ליטר,false,,19.90,9.9500,true,1,54125
7290013269638,false,ספוג הפלא סנו סושי,U.F.O.,US,סנו סושי,יח',6.00,יח',false,,9.90,1.6500,true,1,9294
7290013269645,false,*מבצע* מטליות סנו רי,דגיל,IL,ריצפז,יח',10.00,יח',false,,9.90,0.9900,true,1,9295
7290013269652,false,*מבצע* פוליווקס 2 לי,סנו,IL,פוליויקס,ליטרים,2.00,ליטר,false,,14.90,7.4500,true,1,9296
7290013269669,false,ריצפז פנטזיה 3 ליטר,סנו,IL,ריצפז,ליטרים,3.00,ליטר,false,,12.90,4.3000,true,1,9297
7290013269751,false,*מבצע* מטליות סנו רי,דגיל,IL,ריצפז,יח',10.00,יח',false,,9.90,0.9900,true,1,54126
7290013269850,false,נייר אפיה אקולוגי 50,טופלסט,IL,סנו סושי,יח',50.00,יח',false,,14.90,0.2980,true,1,9303
7290013269911,false,K333,סנו,IL,סנו,מיליליטרים,750.00,"100 מ""ל",false,,29.90,0.0399,true,1,9305
7290013284310,false,רוטב פסטה 240 ג פרי,פריניר,IL,פריניר,גרמים,240.00,100 גרם,false,,4.90,0.0204,true,1,12805
7290013284662,false,רוטב פיצה 240 ג פרי,פריניר,IL,פריניר,גרמים,240.00,100 גרם,false,,4.90,0.0204,true,1,12812
7290013310118,false,ממחטות כיס שישיה תלת,F. Srl,IT,פנטזיה,יח',6.00,יח',false,,3.90,0.6500,true,1,5392
7290013310378,false,כפפות ניטריל 80 יח מ,G.G. Co Ltd,TH,איזי טאצ',יח',80.00,יח',false,,24.90,0.3112,true,1,5404
7290013310385,false,כפפות ניטריל 80 יח מ,G.G. Co Ltd,TH,איזי טאצ',יח',80.00,יח',false,,24.90,0.3112,true,1,5405
7290013310392,false,כפפות ניטריל 80 יח מ,G.G. Co Ltd,TH,איזי טאצ',יח',80.00,יח',false,,24.90,0.3112,true,1,5406
7290013310408,false,כפפות ניטריל 80 יח מ,G.G. Co Ltd,TH,איזי טאצ',יח',80.00,יח',false,,24.90,0.3112,true,1,5407
7290013358356,false,מאסטר שף פירורי לחם,EinatFood,IL,מנה,גרמים,320.00,100 גרם,false,,6.90,0.0216,true,1,18140
7290013358363,false,מאסטר שף  פירורי לחם,Mana,IL,מנה,גרמים,300.00,100 גרם,false,,9.90,0.0330,true,1,18141
7290013358431,false,מאסטר שף קרוטונים לס,עינת תעשיות מזון אגו,IL,קרוטונים לסלט 200ג,גרמים,200.00,100 גרם,false,,11.90,0.0595,true,1,18147
7290013358448,false,מאסטר שף קרוטונים לס,עינת תעשיות מזון אגו,IL,קרוטונים לסלט 200ג,גרמים,200.00,100 גרם,false,,11.90,0.0595,true,1,18148
7290013358530,false,מאסטר שף אסייאתי רוט,קי.אר.אס. ספייסי פוד,TH,מנה מאסטר שף,מיליליטרים,700.00,"100 מ""ל",false,,12.90,0.0184,true,1,18156
7290013358547,false,מאסטר שף אסייאתי רוט,קי.אר.אס. ספייסי פוד,TH,מנה מאסטר שף,מיליליטרים,700.00,"100 מ""ל",false,,12.90,0.0184,true,1,18157
7290013358585,false,מאסטר שף  נודלס ביצי,לינהאנג אינדסטריאל,CH,נודלס ביצים להקפצה מנה,גרמים,400.00,100 גרם,false,,7.90,0.0198,true,1,18159
7290013361981,false,"ציפס קיטרינג 2 ק""ג","פרי הגליל בע""""מ",IL,פרי הגליל,קילוגרמים,2.00,"ק""ג",false,,22.90,11.4500,true,1,14046
7290013361998,false,"סטייק ציפס 2 ק""ג","פרי הגליל בע""""מ",IL,פרי הגליל,קילוגרמים,2.00,"ק""ג",false,,22.90,11.4500,true,1,14047
7290013366085,false,תירס סופר סוויט ארוז,,,תירס סופר סוויט ארוז,יח',1.00,יח',false,,21.90,21.9000,true,1,37911
7290013366252,false,נבטוטים,שיפקה,IL,נבטי בזיל,יח',1.00,יח',false,,8.90,8.9000,true,1,59478
7290013366634,false,חסה סלנובה,שמיניית מעדן חלב שוק,IL,ראשי סלנובה,יח',1.00,יח',false,,11.90,11.9000,true,1,1724
7290013366641,false,עלי רוקולה,שמן שאן,IL,עלי רוקולה,יח',1.00,יח',false,,11.90,11.9000,true,1,1725
7290013366658,false,עלי סלנובה,שמן תעשיות,IL,עלי סלנובה,יח',1.00,יח',false,,11.90,11.9000,true,1,1726
7290013366665,false,חסה גמביט קראנצ'ית ב,,,חסה גמביט קראנצ'ית ב,יח',1.00,יח',false,,13.90,13.9000,true,1,86459
7290013366719,false,באק צ'וי,,,באק צ'וי,יח',1.00,יח',false,,13.90,13.9000,true,1,26428
7290013389114,false,"ניוקי תפו""א",,,"ניוקי תפו""א",גרמים,500.00,100 גרם,false,,5.90,0.0118,true,1,17511
7290013389138,false,ניוקי שלושה צבעים,,,ניוקי שלושה צבעים,גרמים,500.00,100 גרם,false,,5.90,0.0118,true,1,17513
7290013389145,false,מיני ניוקי 500 גרם,,,מיני ניוקי 500 גרם,גרמים,500.00,100 גרם,false,,5.90,0.0118,true,1,17514
7290013389381,false,"קמח תירס פולנטה 1 ק""",מולינו פילה,IT,"קמח תירס פולנטה 1 ק""",קילוגרמים,1.00,"ק""ג",false,,9.90,9.9000,true,1,82087
7290013412409,false,טופ פד סופגנית מקסי,DPL,IL,די פי אל,יח,15.00,יח,false,,8.90,0.5933,true,1,64110
7290013424914,false,*מבצע* אפרסק פלחים 5,בינזו לונגשינטיאנרן,CN,*מבצע* אפרסק פלחים 5,גרמים,500.00,100 גרם,false,,6.90,0.0138,true,1,83857
7290013424921,false,*מבצע* קיווי פרוס 50,בינזו לונגשינטיאנרן,CN,*מבצע* קיווי פרוס 50,גרמים,500.00,100 גרם,false,,6.90,0.0138,true,1,83858
7290013430083,false,בירה אלכסנדר בלונד 3,אלכסנדר,IL,אלכסנדר,מיליליטרים,330.00,"100 מ""ל",false,,12.90,0.0391,true,1,24795
7290013433107,false,גרנולה חלבה ותמרים 4,אפקט טבעי,IL,שקוף זה טבעי,גרמים,300.00,100 גרם,false,,19.90,0.0663,true,1,64223
7290013440648,false,אבטיח 5 יח׳,גלידות נסטלה,IL,גלידות נסטלה,גרמים,540.00,100 גרם,false,,25.90,0.0480,true,1,13041
7290013442284,false,גבינת ברי 22% 140 גר,מוטק'ה החולב,IL,גבינת ברי 22% 140 גר,גרמים,140.00,100 גרם,false,,25.90,0.1850,true,1,86202
7290013442307,false,גבינת קממבר פקאן 23%,מוטק'ה החולב,IL,גבינת קממבר פקאן 23%,גרמים,140.00,100 גרם,false,,25.90,0.1850,true,1,86204
7290013442345,false,גבינת ארוטן כמהין 23,מוטק'ה החולב,IL,גבינת ארוטן כמהין 23,גרמים,150.00,100 גרם,false,,29.90,0.1993,true,1,86208
7290013462039,false,*מבצע* אמול פורטה שמ,"ד""ר פישר",IL,*מבצע* אמול פורטה שמ,מיליליטרים,500.00,"100 מ""ל",false,,49.90,0.0998,true,1,57850
7290013472199,false,ערמונים קלופים וקלוי,הבי ליקואן,CN,וילי פוד,גרמים,100.00,100 גרם,false,,4.90,0.0490,true,1,10086
7290013472892,false,בולגריה קוביות 200 ג,קוליוס,GR,וילי פוד,גרמים,200.00,100 גרם,false,,9.90,0.0495,true,1,10092
7290013492005,false,"תפו""א למיקרו",שרווין ווליאמס,IL,"תפו""א אדום/לבן למיקרו",יח',1.00,יח',false,,6.90,6.9000,true,1,21519
7290013504357,false,פח שובך 10 ליטר איכו,,,פח שובך 10 ליטר איכו,יחידה,0.00,יחידה,false,,20.90,0.0000,true,1,84425
7290013504708,false,מטאטא נצנץ שחור - ז.,Mascot,IT,נופר,יח',1.00,יח',false,,15.90,15.9000,true,1,9846
7290013520067,false,לחמניה עשיריה ארוז,,,לחמניה עשיריה ארוז,יח',10.00,יח',false,,13.90,1.3900,true,1,24297
7290013520111,false,לחמניית המבורגר 6 יח,,IL,אגמי,גרמים,600.00,100 גרם,false,,13.90,0.0232,true,1,66132
7290013520142,false,לחמניה ביס קל 8 יח',,,לחם בריאות זיתים,100 יח',8.00,100 יח',false,,13.90,1.7375,true,1,24271
7290013520463,false,לחם כוסמין 600 גרם,מאפיית אגמי,,לחם כוסמין 600 גרם,גרמים,600.00,100 גרם,false,,15.90,0.0265,true,1,29076
7290013520500,false,לחמניות כוסמין 8 יח,מאפיית אגמי,IL,לחמניות כוסמין 8 יח,גרמים,400.00,100 גרם,false,,15.90,0.0398,true,1,34451
7290013525253,false,טחינה מיוחדת,"סלטי שמיר 2006 בע""מ",IL,סלטי שמיר,גרמים,160.00,100 גרם,false,,5.90,0.0369,true,1,15594
7290013525260,false,חציל במיונז,"סלטי שמיר 2006 בע""מ",IL,סלטי שמיר,גרמים,160.00,100 גרם,false,,5.90,0.0369,true,1,15595
7290013525710,false,חומוס עם טחינה,"סלטי שמיר 2006 בע""מ",IL,סלטי שמיר,גרמים,160.00,100 גרם,false,,5.90,0.0369,true,1,15598
7290013525819,false,שום כתוש 150 גרם,"סלטי שמיר 2006 בע""מ",IL,סלטי שמיר,גרמים,150.00,100 גרם,false,,9.90,0.0660,true,1,15604
7290013531117,false,רוטב  פסטה לילדים יכ,זנלכל,IL,רוטב פסטה בולונז 260 גרם,גרמים,240.00,100 גרם,false,,5.50,0.0229,true,1,10272
7290013531490,false,פול מתובל יכין 550 ג,זנלכל,IL,פול מתובל יכין 550 ג,גרמים,550.00,100 גרם,false,,9.90,0.0180,true,1,10278
7290013531612,false,רוטב  נפוליטנה יכין,זנלכל,IL,רוטב פסטה 260 גרם,גרמים,240.00,100 גרם,false,,5.50,0.0229,true,1,54346
7290013531629,false,רוטב  פומודורו יכין,זנלכל,IL,רוטב פסטה 260 גרם,גרמים,240.00,100 גרם,false,,5.50,0.0229,true,1,54347
7290013531759,false,*מבצע* שעועית במים י,זנלכל,IL,שעועית אפויה יכין 580 גרם,גרמים,550.00,100 גרם,false,,8.90,0.0162,true,1,54362
7290013534057,false,צ'יפס בטטה 100 גרם,מיה,,צ'יפס בטטה 100 גרם,גרמים,100.00,100 גרם,false,,7.90,0.0790,true,1,36321
7290013540874,false,פילטונה בשמן קנולה 4,תעשיות פילטונה,IL,פילטונה בשמן 414 גרם,גרמים,414.00,100 גרם,false,,13.90,0.0336,true,1,55846
7290013558800,false,עלי תרד 250 גרם,ששון ציון,IL,עלי תרד 500 גרם,גרמים,250.00,100 גרם,false,,12.90,0.0516,true,1,21134
7290013558824,false,שורש בזיל\רוזמרין\רו,תאי,IL,בזיליקום,גרמים,100.00,100 גרם,false,,7.50,0.0750,true,1,21135
7290013558855,false,לבבות חסה,רימון,IL,עלי רומית,יח',1.00,יח',false,,10.90,10.9000,true,1,29056
7290013580009,false,המבורגר זהב 400 גרם,בלדי,IL,בלדי,גרמים,400.00,100 גרם,false,,15.90,0.0398,true,1,57778
7290013585233,false,פחית ספרייט זירו 330,קוקה קולה ישראל,IL,ספרייט,מיליליטרים,330.00,"100 מ""ל",false,,5.00,0.0152,true,1,24336
7290013585240,false,ספרייט זירו 1.5 ליטר,קוקה קולה ישראל,IL,ספרייט,ליטרים,1.50,ליטר,false,,8.80,5.8667,true,1,8913
7290013585387,false,קוקה קולה זירו 1 ליט,קוקה קולה ישראל,IL,קוקה קולה,ליטרים,1.00,ליטר,false,,6.50,6.5000,true,1,8920
7290013585394,false,קוקה קולה 1 ליטר,קוקה קולה ישראל,IL,קוקה קולה,ליטרים,1.00,ליטר,false,,6.90,6.9000,true,1,8921
7290013585967,false,פחיות ספרייט זירו שי,קוקה קולה ישראל,IL,קוקה קולה,ליטרים,1.98,ליטר,false,,22.00,11.1111,true,1,27237
7290013608260,false,מיץ רימונים 100%מיץ,"גניר (1992) בע""מ",IL,תוצרת מסחרית,ליטרים,1.00,ליטר,false,,22.90,22.9000,true,1,15003
7290013608482,false,נקטר מנגו ‏1‏ל,גניר,IL,פרימור,ליטרים,1.00,ליטר,false,,7.90,7.9000,true,1,30176
7290013608550,false,נקטר תפוזים ‏1‏ל,גניר,IL,פרימור,ליטרים,1.00,ליטר,false,,7.90,7.9000,true,1,30177
7290013608635,false,משקה לימונים עם נענע,גניר,IL,פרימור,ליטרים,1.00,ליטר,false,,7.90,7.9000,true,1,31357
7290013608673,false,נקטר תפוחי עץ ‏1‏ל,גניר,IL,פרימור,ליטרים,1.00,ליטר,false,,7.90,7.9000,true,1,30179
7290013608680,false,מיץ עגבניות 1ל,גניר,IL,פרימור,ליטרים,1.00,ליטר,false,,6.50,6.5000,true,1,30180
7290013608864,false,מיץ פירות הדר סחוט 1,"גניר (1992) בע""מ",IL,תוצרת מסחרית,ליטרים,1.00,ליטר,false,,15.90,15.9000,true,1,64606
7290013645364,false,עוגיות מזרחיות,"מוצרי הכט בע""מ",IL,GFREE,גרמים,200.00,100 גרם,false,,16.90,0.0845,true,1,26970
7290013655301,false,כוס יין+רגל-12 יח,,,כוס יין+רגל-12 יח,יחידה,0.00,יחידה,false,,19.90,0.0000,true,1,83299
7290013675545,false,שניצל כלי תחבורה 700,תנובה גליל,IL,מאמא עוף,גרמים,700.00,100 גרם,false,,34.90,0.0499,true,1,37431
7290013677839,false,בורגול 1 ק''ג,"מיה תעשיות מזון בע""מ",IL,מיה,קילוגרמים,1.00,"ק""ג",false,,6.90,6.9000,true,1,12159
7290013677846,false,כוסמת 1 ק'ג,"מיה תעשיות מזון בע""מ",IL,מיה,קילוגרמים,1.00,"ק""ג",false,,11.90,11.9000,true,1,12160
7290013702050,false,שוופס Water ענבים 0.,יפאורה תבורי,IL,שוופס,מיליליטרים,500.00,"100 מ""ל",false,,5.00,0.0100,true,1,11184
7290013702883,false,שוופס מוגז פירות לימ,,,שוופס מוגז פירות לימ,מיליליטרים,500.00,"100 מ""ל",false,,5.00,0.0100,true,1,26511
7290013713049,false,בירה גיימס 0.33 ליטר,,IL,בירה גיימס 0.33 ליטר,מיליליטרים,330.00,"100 מ""ל",false,,12.90,0.0391,true,1,57973
7290013713124,false,בירה גיימס מונדי אל,,IL,בירה גיימס מונדי אל,מיליליטרים,330.00,"100 מ""ל",false,,12.90,0.0391,true,1,87040
7290013724939,false,חמוציות בשוקולד מריר,"דין שיווק וקלייה בע""",IL,שקדיה,גרמים,140.00,100 גרם,false,,10.90,0.0779,true,1,2912
7290013724946,false,שקדים בשוקולד מריר 1,"דין שיווק וקלייה בע""",IL,שקדיה,גרמים,140.00,100 גרם,false,,10.90,0.0779,true,1,2913
7290013725707,false,"שמן שומשום 150 מ""ל","דין שיווק וקלייה בע""",TH,סו שף,מיליליטרים,150.00,"100 מ""ל",false,,14.90,0.0993,true,1,21783
7290013787170,false,רוטב שמנת פטריות 200,תנובה,IL,פסטה ריקו,גרמים,200.00,100 גרם,false,,11.90,0.0595,true,1,65893
7290013787392,false,*מבצע* רביולי גבינות,תנובה,IL,פסטה ריקו,גרמים,330.00,100 גרם,false,,21.90,0.0664,true,1,65887
7290013787408,false,*מבצע* רביולי בטטה פ,תנובה,IL,פסטה ריקו,גרמים,330.00,100 גרם,false,,21.90,0.0664,true,1,65888
7290013787415,false,*מבצע* רביולי ריקוטה,תנובה,IL,פסטה ריקו,גרמים,330.00,100 גרם,false,,21.90,0.0664,true,1,65889
7290013787422,false,*מבצע* פלין פטריות ב,תנובה,IL,פסטה ריקו,גרמים,330.00,100 גרם,false,,22.90,0.0694,true,1,65890
7290013847454,false,טונה סטארקיסט בשמן ק,"סטארקיסט פודור בע""מ",IL,סטארקיסט,גרמים,640.00,100 גרם,false,,24.90,0.0389,true,1,57319
7290013847553,false,ס.ק  דל נתרן במים 16,"סטארקיסט פודור בע""מ",IL,סטארקיסט,גרמים,640.00,100 גרם,false,,24.90,0.0389,true,1,26168
7290013848345,false,*מבצע* מטליות לחות ל,סנו,IL,*מבצע* מטליות לחות ל,יח',150.00,יח',false,,17.90,0.1193,true,1,56288
7290013848727,false,סנו פרש מכשיר אוטומט,סנו,IL,סנו פרש מכשיר אוטומט,יח',1.00,יח',false,,44.90,44.9000,true,1,35060
7290013848758,false,ג'ל כביסה מקסימה ביי,סנו,IL,מקסימה,ליטרים,3.00,ליטר,false,,34.90,11.6333,true,1,9318
7290013883407,false,*מבצע* דזיטול מרסס ל,מרקה,ES,דזיטול,מיליליטרים,750.00,"100 מ""ל",false,,12.90,0.0172,true,1,11303
7290013906205,false,פסטרמה שום וצילי 400,טירת- צבי,IL,טירת- צבי,גרמים,400.00,100 גרם,false,,25.90,0.0647,true,1,16829
7290013906236,false,סלמי גלבוע 400 גרם,טירת- צבי,IL,טירת צבי,גרמים,400.00,100 גרם,false,,19.90,0.0497,true,1,16831
7290013906441,false,קבנוס טירת צבי 120 ג,טירת- צבי,IL,טירת- צבי,גרמים,120.00,100 גרם,false,,9.90,0.0825,true,1,16833
7290013906496,false,פסטרמה עגל רומנית 12,טירת- צבי,IL,טירת- צבי,גרמים,120.00,100 גרם,false,,12.90,0.1075,true,1,81149
7290013906687,false,צמד כפרית ברביקיו וד,טירת- צבי,IL,טירת- צבי,גרמים,600.00,100 גרם,false,,24.90,0.0415,true,1,23459
7290013906694,false,*מבצע* נקניקיות עוף,טירת צבי,IL,*מבצע* נקניקיות עוף,קילוגרמים,1.50,"ק""ג",false,,29.90,19.9333,true,1,70854
7290013927101,false,עוגת תפוחים ללא תוספ,"אחדות ביח""ר לטחינה ח",IL,עוגת תפוחים ללא סוכר,גרמים,450.00,100 גרם,false,,11.90,0.0264,true,1,3879
7290013927200,false,עוגת שוקולד ציפס עשי,"אחדות ביח""ר לטחינה ח",IL,אחוה,גרמים,400.00,100 גרם,false,,10.90,0.0273,true,1,3886
7290013927804,false,טחינה גולמית מלא אחו,"אחדות ביח""ר לטחינה ח",,טחינה גולמית מלא אחו,קילוגרמים,1.00,"ק""ג",false,,18.90,18.9000,true,1,85446
7290013927996,false,עוגת שמרים קרנץ בטעם,"אחדות ביח""ר לטחינה ח",IL,אחוה,גרמים,400.00,100 גרם,false,,9.90,0.0248,true,1,63557
7290013979735,false,מפה מובלטת 137X274 ס,,,מפה מובלטת 137X274 ס,יחידה,0.00,יחידה,false,,10.90,0.0000,true,1,78428
7290014002197,false,*מבצע* חליטת קמומיל,ויסוצקי,IL,ויסוצקי,גרמים,50.00,100 גרם,false,,16.90,0.3380,true,1,15818
7290014002203,false,*מבצע* חליטת לימונית,ויסוצקי,IL,ויסוצקי,גרמים,50.00,100 גרם,false,,16.90,0.3380,true,1,15819
7290014002944,false,*מבצע* חמדת שקד,ויסוצקי,IL,ויסוצקי,גרמים,75.00,100 גרם,false,,16.90,0.2253,true,1,15832
7290014002982,false,*מבצע* תה ירוק לימונ,ויסוצקי,IL,ויסוצקי,גרמים,937.50,100 גרם,false,,17.90,0.0191,true,1,15833
7290014046016,false,פסטרמה של פעם 100% 2,מעדני יחיעם,IL,יחיעם,גרמים,250.00,100 גרם,false,,24.90,0.0996,true,1,2740
7290014046047,false,*מבצע* צמד פסטרמות 6,מעדני יחיעם,IL,יחיעם,גרמים,600.00,100 גרם,false,,24.90,0.0415,true,1,2743
7290014046474,false,*מבצע* נקניקיות עוף,מעדני יחיעם,IL,יחיעם,קילוגרמים,1.50,"ק""ג",false,,26.90,17.9333,true,1,30642
7290014046757,false,סלמי תה 300 גרם,מעדני יחיעם,IL,יחיעם,גרמים,300.00,100 גרם,false,,19.90,0.0663,true,1,28331
7290014046764,false,סלמי פפרוני 200 גרם,מעדני יחיעם,IL,יחיעם,גרמים,200.00,100 גרם,false,,12.90,0.0645,true,1,37044
7290014059085,false,סנסודיין שיקום והגנה,"סמית קליין ביצ'ם בע""",GB,סנסודיין,מיליליטרים,75.00,"100 מ""ל",false,,25.90,0.3453,true,1,9764
7290014059436,false,סנסודיין לשיקום והגנ,"סמית קליין ביצ'ם בע""",GB,סנסודיין,מיליליטרים,75.00,"100 מ""ל",false,,25.90,0.3453,true,1,9767
7290014066359,false,לנדוור קפסולות אספרס,קפה לנדוור,IL,לנדוור,גרמים,50.00,100 גרם,false,,16.90,0.3380,true,1,62207
7290014066366,false,לנדוור קפסולות אספרס,קפה לנדוור,IL,לנדוור,גרמים,50.00,100 גרם,false,,16.90,0.3380,true,1,62208
7290014066533,false,לנדוור קפסולות אספרס,קפה לנדוור,IL,לנדוור,גרמים,50.00,100 גרם,false,,16.90,0.3380,true,1,62213
7290014079847,false,צמד פטריות בייבי בלה,,,צמד פטריות בייבי בלה,יח',2.00,יח',false,,15.90,7.9500,true,1,26534
7290014083813,false,שפרוטים מעושנים בשמן,Briavais Vilns,LV,וילי פוד,גרמים,190.00,100 גרם,false,,7.90,0.0416,true,1,10106
7290014094260,false,שום מקולף ארוז,תבליני יוחאי ביטון,IL,שום מקולף ארוז,גרמים,170.00,100 גרם,false,,9.90,0.0582,true,1,6457
7290014094529,false,"רוטב סויה 300 מ""ל אה",גוואנגזו,CN,אהרוני,מיליליטרים,300.00,"100 מ""ל",false,,9.90,0.0330,true,1,2954
7290014094536,false,"רוטב סויה 700 מ""ל אה",ליאן יו,TH,אהרוני,מיליליטרים,700.00,"100 מ""ל",false,,18.90,0.0270,true,1,2955
7290014095861,false,שיבולת שועל דקה 500,"דין שיווק וקלייה בע""",IL,"דין שיווק וקלייה בע""מ",גרמים,500.00,100 גרם,false,,5.90,0.0118,true,1,2983
7290014095946,false,פקאן בשוקולד מריר 14,"שקדיה גבע תעשיות בע""",IL,שקדיה,גרמים,140.00,100 גרם,false,,10.90,0.0779,true,1,2984
7290014095953,false,פקאן בשוקולד חלב 140,"שקדיה גבע תעשיות בע""",IL,שקדיה,גרמים,140.00,100 גרם,false,,10.90,0.0779,true,1,2985
7290014095960,false,שיבולת שועל עבה 500,"דין שיווק וקלייה בע""",IL,"דין שיווק וקלייה בע""מ",גרמים,500.00,100 גרם,false,,5.90,0.0118,true,1,2986
7290014126343,false,עוגיות בישקוטים וניל,Bonomi,IT,דנש,גרמים,200.00,100 גרם,false,,5.90,0.0295,true,1,8168
7290014126428,false,סטיביה 150 טבליות,Surel,CN,מרמולייט,יח',150.00,יח',false,,24.90,0.1660,true,1,8169
7290014204478,false,*מבצע* קרם גוף מס' 4,א.ל ארמן,IL,פנינה רוזנבלום בע'מ,מיליליטרים,340.00,"100 מ""ל",false,,19.90,0.0585,true,1,69566
7290014204560,false,*מבצע* שלישיית סבון,יהודה אריאל,IL,פנינה רוזנבלום,מיליליטרים,1500.00,"100 מ""ל",false,,10.90,0.0073,true,1,27716
7290014204645,false,שמפו קרטין לאחר החלק,א.ל ארמן,IL,פנינה רוזנבלום,מיליליטרים,750.00,"100 מ""ל",false,,24.90,0.0332,true,1,23175
7290014204683,false,*מבצע* סבון משאבה 1,יהודה אריאל,IL,פנינה רוזנבלום בע'מ,ליטרים,1.00,ליטר,false,,8.90,8.9000,true,1,14137
7290014204690,false,*מבצע* סבון משאבה 1,יהודה אריאל,IL,פנינה רוזנבלום בע'מ,ליטרים,1.00,ליטר,false,,8.90,8.9000,true,1,14138
7290014204706,false,*מבצע* סבון משאבה 1,יהודה אריאל,IL,פנינה רוזנבלום בע'מ,ליטרים,1.00,ליטר,false,,8.90,8.9000,true,1,14139
7290014205659,false,לבבות דקל שלם 400 גר,,,לבבות דקל שלם 400 גר,גרמים,400.00,100 גרם,false,,9.90,0.0248,true,1,85642
7290014206519,false,שקיות הקפאה 200 יח,,,שקיות הקפאה 200 יח,יח',1.00,יח',false,,6.90,6.9000,true,1,56086
7290014217003,false,פפריקה בטעם מעושן 90,"תבליני טעם וריח בע""מ",IL,"תבליני טעם וריח בע""מ",גרמים,90.00,100 גרם,false,,9.90,0.1100,true,1,20038
7290014217010,false,T-BUL לדגים 90 גרם,"תבליני טעם וריח בע""מ",IL,"תבליני טעם וריח בע""מ",גרמים,90.00,100 גרם,false,,9.90,0.1100,true,1,20039
7290014217027,false,T-BUL לעוף 120 גרם,"תבליני טעם וריח בע""מ",IL,"תבליני טעם וריח בע""מ",גרמים,120.00,100 גרם,false,,9.90,0.0825,true,1,20040
7290014217065,false,אורגנו 40 גרם,"תבליני טעם וריח בע""מ",IL,"תבליני טעם וריח בע""מ",גרמים,30.00,100 גרם,false,,9.90,0.3300,true,1,20044
7290014217119,false,תערובת תיבול לצ'יפס,"תבליני טעם וריח בע""מ",IL,"תבליני טעם וריח בע""מ",גרמים,100.00,100 גרם,false,,9.90,0.0990,true,1,20045
7290014217140,false,ראס אל חנות 100 גרם,"תבליני טעם וריח בע""מ",IL,"תבליני טעם וריח בע""מ",גרמים,100.00,100 גרם,false,,9.90,0.0990,true,1,20048
7290014217157,false,תערובת תיבול טוסקנה,"תבליני טעם וריח בע""מ",IL,"תבליני טעם וריח בע""מ",גרמים,120.00,100 גרם,false,,9.90,0.0825,true,1,20049
7290014217164,false,פטרוזיליה 20 גרם,"תבליני טעם וריח בע""מ",IL,"תבליני טעם וריח בע""מ",גרמים,20.00,100 גרם,false,,9.90,0.4950,true,1,20050
7290014217171,false,תערובת תיבול גריל דג,"תבליני טעם וריח בע""מ",IL,"תבליני טעם וריח בע""מ",גרמים,100.00,100 גרם,false,,9.90,0.0990,true,1,20051
7290014217201,false,סומק 45  גרם,"תבליני טעם וריח בע""מ",IL,"תבליני טעם וריח בע""מ",גרמים,45.00,100 גרם,false,,6.90,0.1533,true,1,24809
7290014217225,false,גריל עוף 120 גרם,"תבליני טעם וריח בע""מ",IL,"תבליני טעם וריח בע""מ",גרמים,120.00,100 גרם,false,,9.90,0.0825,true,1,20052
7290014217263,false,תערובת לתיבול פרגיות,"תבליני טעם וריח בע""מ",IL,"תבליני טעם וריח בע""מ",גרמים,100.00,100 גרם,false,,9.90,0.0990,true,1,27142
7290014217348,false,צ'ילי גרוס 70 גרם,"תבליני טעם וריח בע""מ",IL,"תבליני טעם וריח בע""מ",גרמים,70.00,100 גרם,false,,9.90,0.1414,true,1,20055
7290014217355,false,אבקת קארי 100 גרם,"תבליני טעם וריח בע""מ",IL,"תבליני טעם וריח בע""מ",גרמים,100.00,100 גרם,false,,9.90,0.0990,true,1,20056
7290014217362,false,תערובת תיבול לקציצות,"תבליני טעם וריח בע""מ",IL,"תבליני טעם וריח בע""מ",גרמים,100.00,100 גרם,false,,9.90,0.0990,true,1,20057
7290014217393,false,אבקת צ'ילי חריף 30 ג,"תבליני טעם וריח בע""מ",IL,"תבליני טעם וריח בע""מ",גרמים,30.00,100 גרם,false,,6.90,0.2300,true,1,68189
7290014217409,false,תערובת עשבי תיבול הר,"תבליני טעם וריח בע""מ",IL,"תבליני טעם וריח בע""מ",גרמים,100.00,100 גרם,false,,9.90,0.0990,true,1,68713
7290014217485,false,תערובת תיבול קייג'ון,"תבליני טעם וריח בע""מ",IL,"תבליני טעם וריח בע""מ",גרמים,100.00,100 גרם,false,,9.90,0.0990,true,1,29257
7290014217515,false,תערובת ציפוי מאפה מל,"תבליני טעם וריח בע""מ",IL,"תבליני טעם וריח בע""מ",גרמים,90.00,100 גרם,false,,9.90,0.1100,true,1,38059
7290014217911,false,פלפל אדום מתוק שקית,טייפונג פודס,CN,פלפל אדום מתוק שקית,גרמים,150.00,100 גרם,false,,12.90,0.0860,true,1,56490
7290014218321,false,בורקס יפו גבינה 600ג,מעדנות,IL,מעדנות,גרמים,600.00,100 גרם,false,,17.90,0.0298,true,1,25883
7290014218338,false,בורקס יפו תפוא 600ג,מעדנות,IL,מעדנות,גרמים,600.00,100 גרם,false,,15.90,0.0265,true,1,25887
7290014256620,false,*מבצע* יין קריניאנו,יקבי כרמל,IL,סלקטד,מיליליטרים,750.00,"100 מ""ל",false,,23.90,0.0319,true,1,5547
7290014258723,false,מטרנה צמחי 700 גרם ש,מטרנה,IL,מטרנה,גרמים,700.00,100 גרם,false,,66.90,0.0956,true,1,4514
7290014258730,false,מטרנה צמחי שלב 3 700,מטרנה,IL,מטרנה,גרמים,700.00,100 גרם,false,,66.90,0.0956,true,1,4515
7290014288584,false,נייר אפיה 50 יח 37*4,,,נייר אפיה 50 יח 37*4,יח',50.00,יח',false,,7.90,0.1580,true,1,35727
7290014288614,false,רדיד אלומיניום 30 מט,,,רדיד אלומיניום 30 מט,מטרים,30.00,מטר,false,,15.90,0.5300,true,1,55984
7290014288980,false,נייר טישו חמישייה 10,,,נייר טישו חמישייה 10,יח',5.00,יח',false,,9.90,1.9800,true,1,58613
7290014325043,false,"פודינג וניל 1 ק""ג",מיה,IL,"פודינג וניל 1 ק""ג",קילוגרמים,1.00,"ק""ג",false,,13.90,13.9000,true,1,68323
7290014325050,false,קורנפלור 500 גרם,"מיה תעשיות מזון בע""מ",IL,מיה,גרמים,500.00,100 גרם,false,,3.90,0.0078,true,1,68153
7290014338593,false,שמן קנולה 1 ליטר יוח,ברוקלמן,DE,יוחננוף,ליטרים,1.00,ליטר,false,,8.90,8.9000,true,1,28570
7290014347205,false,תחתוני מקסי,,,תחתוני מקסי,יחידה,0.00,יחידה,false,,25.00,0.0000,true,1,77582
7290014397163,false,סנו פרש מילוי,סנו,IL,סנו פרש מילוי,יח',1.00,יח',false,,12.90,12.9000,true,1,35062
7290014397170,false,סנו פרש מילוי סופט ב,סנו,IL,סנו פרש מילוי סופט ב,יח',1.00,יח',false,,12.90,12.9000,true,1,35063
7290014397200,false,שלישיית מברשות שיניי,z.h. plastic,CN,אורביטול,יח',3.00,יח',false,,10.90,3.6333,true,1,9341
7290014397279,false,שקיות מזון XL 300 יח,"אשפלסט תעשיות בע""מ",IL,סנו סושי,יח',300.00,יח',false,,11.90,0.0397,true,1,9346
7290014397286,false,מרכך מקסימה מרוכז 1,סנו,IL,מקסימה,ליטרים,1.00,ליטר,false,,17.90,17.9000,true,1,9347
7290014397507,false,סנופרש הום תרסיס,סנו,IL,סנופרש,מיליליטרים,350.00,"100 מ""ל",false,,10.90,0.0311,true,1,9353
7290014397521,false,סנופרש הום תרסיס,סנו,IL,סנופרש,מיליליטרים,350.00,"100 מ""ל",false,,10.90,0.0311,true,1,9355
7290014397538,false,סנופרש הום תרסיס,סנו,IL,סנופרש,מיליליטרים,350.00,"100 מ""ל",false,,10.90,0.0311,true,1,9356
7290014397767,false,*מבצע* ריצפז פרש הום,סנו,IL,ריצפז,ליטרים,2.00,ליטר,false,,19.90,9.9500,true,1,9371
7290014397873,false,מרכך מקסימה 4 ליטר,סנו,IL,מקסימה,ליטרים,4.00,ליטר,false,,21.90,5.4750,true,1,59405
7290014426061,false,משחה הלו קיטי,כצט,IL,כצט,גרמים,50.00,100 גרם,false,,10.90,0.2180,true,1,9770
7290014435360,false,חומוס עם רוטב חריף,"סלטי שמיר 2006 בע""מ",IL,סלטי שמיר,גרמים,400.00,100 גרם,false,,10.90,0.0273,true,1,15607
7290014435391,false,חומוס אורגינל עם גרג,"סלטי שמיר 2006 בע""מ",IL,סלטי שמיר,גרמים,400.00,100 גרם,false,,10.90,0.0273,true,1,15610
7290014435704,false,סלמון מעושן 100 גרם,שמיר פל דגים,IL,שמיר,גרמים,100.00,100 גרם,false,,19.90,0.1990,true,1,23198
7290014435803,false,מטיאס הולנדי (פרובנצ,"סלטי שמיר 2006 בע""מ",IL,שמיר,גרמים,180.00,100 גרם,false,,18.90,0.1050,true,1,23200
7290014435810,false,הרינג כבוש במרינת חמ,שמיר פל דגים,IL,שמיר,גרמים,180.00,100 גרם,false,,18.90,0.1050,true,1,23201
7290014435827,false,פילה מקרל מעושן בשמן,שמיר פל דגים,IL,שמיר,גרמים,180.00,100 גרם,false,,24.90,0.1383,true,1,23202
7290014435834,false,מקרל מעושן פרוס בשמן,שמיר פל דגים,IL,שמיר,גרמים,180.00,100 גרם,false,,24.90,0.1383,true,1,23203
7290014435841,false,פילה מטיאס  הולנדי ב,שמיר פל דגים,IL,שמיר,גרמים,180.00,100 גרם,false,,18.90,0.1050,true,1,23204
7290014435872,false,סלט הרינג עם מיונז 1,שמיר פל דגים,IL,שמיר,גרמים,200.00,100 גרם,false,,18.90,0.0945,true,1,23205
7290014435889,false,סלט מטיאס עם מיונז 1,שמיר פל דגים,IL,שמיר,גרמים,200.00,100 גרם,false,,18.90,0.0945,true,1,23206
7290014455245,false,גרנה פדנו משולש 200ג,מחלבות גד,IT,גד,גרמים,200.00,100 גרם,false,,23.90,0.1195,true,1,24797
7290014455252,false,גרנה פדנו מגורד 100ג,מחלבות גד,IT,גד,גרמים,100.00,100 גרם,false,,10.90,0.1090,true,1,24798
7290014455320,false,מוצרלה פרסקה 100גרם,,,מוצרלה פרסקה 100גרם,גרמים,100.00,100 גרם,false,,8.90,0.0890,true,1,12463
7290014455467,false,מעדן שיבולת שועל וחל,מחלבות גד,IL,מעדני גד,גרמים,150.00,100 גרם,false,,5.50,0.0367,true,1,25501
7290014455610,false,יוגורט עיזים תות 125,מחלבות גד,IL,מחלבות גד,גרמים,125.00,100 גרם,false,,6.00,0.0480,true,1,29206
7290014459137,false,"סטייק ציפס 1.5 ק""ג",תפוגן,IL,תפוגן,קילוגרמים,1.50,"ק""ג",false,,23.90,15.9333,true,1,4519
7290014459373,false,תפוגן ציפס קראנצי לת,תפוגן,IL,תפוגן,קילוגרמים,1.50,"ק""ג",false,,24.90,16.6000,true,1,25797
7290014459472,false,"ציפס קלאסי 2 ק""ג","תעשיות תפוגן בע""מ",IL,תפוגן,קילוגרמים,2.00,"ק""ג",false,,24.90,12.4500,true,1,30636
7290014459632,false,"טוגן 1.5 ק""ג",תפוגן,IL,"טוגן 1.5 ק""ג",קילוגרמים,1.50,"ק""ג",false,,15.90,10.6000,true,1,54567
7290014471412,false,*מבצע* מיזלי בוטנים,"דין שיווק וקלייה בע""",IL,שקדיה,קילוגרמים,1.00,"ק""ג",false,,19.90,19.9000,true,1,2987
7290014471429,false,*מבצע* מיזלי פירות 1,"דין שיווק וקלייה בע""",IL,שקדיה,קילוגרמים,1.00,"ק""ג",false,,19.90,19.9000,true,1,2988
7290014471436,false,*מבצע* מיזלי צימוקים,"דין שיווק וקלייה בע""",IL,שקדיה,קילוגרמים,1.00,"ק""ג",false,,19.90,19.9000,true,1,2989
7290014471443,false,*מבצע* גרנולה צימוקי,"דין שיווק וקלייה בע""",IL,שקדיה,קילוגרמים,1.00,"ק""ג",false,,19.90,19.9000,true,1,2990
7290014472990,false,ממרח 100% שקדים 300,שקרצי,IL,שקדיה,גרמים,300.00,100 גרם,false,,29.90,0.0997,true,1,3023
7290014480209,false,"תפ""ע זהוב ברשת",משתנה,IL,"תפו""ע סמיט",קילוגרמים,1.00,"ק""ג",true,,7.90,7.9000,true,1,65556
7290014480216,false,"תפ""ע סמיט ברשת",משתנה,IL,"תפו""ע סמיט",קילוגרמים,1.00,"ק""ג",true,,7.90,7.9000,true,1,65557
7290014480223,false,"תפ""ע חרמון ברשת",משתנה,IL,"תפו""ע סמיט",קילוגרמים,1.00,"ק""ג",true,,7.90,7.9000,true,1,65558
7290014480230,false,"תפ""ע גלה ברשת",משתנה,IL,"תפו""ע גאלה",קילוגרמים,1.00,"ק""ג",true,,7.90,7.9000,true,1,66126
7290014499973,false,קש מעוצב בצבעי נאון-,,,קש מעוצב בצבעי נאון-,יחידה,0.00,יחידה,false,,9.90,0.0000,true,1,78650
7290014499997,false,שקיות קוקי + סוגרים,,,שקיות קוקי + סוגרים,יחידה,0.00,יחידה,false,,3.90,0.0000,true,1,87061
7290014500006,false,צלחת 10 עגולה מתכלה,,,צלחת 10 עגולה מתכלה,יחידה,0.00,יחידה,false,,20.90,0.0000,true,1,87062
7290014500334,false,Error 2042,,,Error 2042,יחידה,0.00,יחידה,false,,10.90,0.0000,true,1,78651
7290014500440,false,קש בצבעי נאון באריזת,,,קש בצבעי נאון באריזת,יחידה,0.00,יחידה,false,,15.90,0.0000,true,1,78653
7290014525290,false,מרבה סלים דליס קריספ,Biocentury,NL,מרבה,גרמים,125.00,100 גרם,false,,10.90,0.0872,true,1,27074
7290014525306,false,מרבה סלים דליס קריספ,Biocentury,NL,מרבה,גרמים,125.00,100 גרם,false,,10.90,0.0872,true,1,27075
7290014525313,false,מרבה סלים דליס קריספ,Biocentury,NL,מרבה,גרמים,125.00,100 גרם,false,,10.90,0.0872,true,1,27076
7290014534650,false,לה פסטה צינור,מוטלו,TR,לה פסטה,גרמים,400.00,100 גרם,false,,3.50,0.0088,true,1,28770
7290014534667,false,לה פסטה קונכיה,מוטלו,TR,לה פסטה,גרמים,400.00,100 גרם,false,,3.50,0.0088,true,1,28771
7290014534674,false,לה פסטה פרפר,מוטלו,TR,לה פסטה,גרמים,400.00,100 גרם,false,,3.50,0.0088,true,1,28772
7290014534681,false,לה פסטה בורג,מוטלו,TR,לה פסטה,גרמים,400.00,100 גרם,false,,3.50,0.0088,true,1,28773
7290014534698,false,לה פסטה תלתל,מוטלו,TR,לה פסטה,גרמים,400.00,100 גרם,false,,3.50,0.0088,true,1,28774
7290014534704,false,לה פסטה אטריות מרק,מוטלו,TR,לה פסטה,גרמים,400.00,100 גרם,false,,3.50,0.0088,true,1,28775
7290014543218,false,פרוזן,,,פרוזן,יחידה,0.00,יחידה,false,,6.90,0.0000,true,1,84864
7290014547322,false,זוג מברשות שיניים סנ,,,זוג מברשות שיניים סנ,יח',2.00,יח',false,,29.90,14.9500,true,1,56380
7290014625587,false,מפה רנר דגם רוז לבן-,,,מפה רנר דגם רוז לבן-,יחידה,0.00,יחידה,false,,5.90,0.0000,true,1,78430
7290014634046,false,ריבה לייט אוכמניות 5,הדרום תעשיות מזון בע,IL,ריבה לייט אוכמניות 5,גרמים,500.00,100 גרם,false,,21.90,0.0438,true,1,37492
7290014634060,false,ריבה לייט פירות יער,הדרום תעשיות מזון בע,IL,ריבה לייט פירות יער,גרמים,500.00,100 גרם,false,,21.90,0.0438,true,1,37494
7290014634077,false,ריבה לייט תות 500 גר,הדרום תעשיות מזון בע,IL,ריבה לייט תות 500 גר,גרמים,500.00,100 גרם,false,,21.90,0.0438,true,1,37495
7290014674004,false,קריספ פירורי לחם שומ,א.ל ייצור ושיווק תבל,IL,קריספ פירורי לחם שומ,גרמים,300.00,100 גרם,false,,7.80,0.0260,true,1,81614
7290014692299,false,*מבצע* גבינת ברי 125,ארלה,DK,וילי פוד,גרמים,125.00,100 גרם,false,,14.90,0.1192,true,1,10112
7290014692305,false,*מבצע* גבינת קממבר 1,ארלה,DK,CASTELLO,גרמים,125.00,100 גרם,false,,14.90,0.1192,true,1,10113
7290014692541,false,צהובה מגורדת גולדן 5,מנטואה סורגלטי,IT,אודם מגורדת,גרמים,500.00,100 גרם,false,,19.50,0.0390,true,1,10126
7290014692565,false,גרעיני תירס מתוק 320,מגסטיק פוד,TH,וילי פוד,גרמים,320.00,100 גרם,false,,4.90,0.0153,true,1,10127
7290014692817,false,*מבצע* גבינת מוצרלה,,,גבינת מוצרלה מגורדת 200 ג,גרמים,200.00,100 גרם,false,,12.90,0.0645,true,1,10137
7290014704572,false,קפה טורקי יוחננוף 10,רג'ואן,IL,קפה טורקי יוחננוף 10,גרמים,100.00,100 גרם,false,,5.90,0.0590,true,1,85946
7290014704602,false,מארז קפה טורקי יוחננ,רג'ואן,IL,מארז קפה טורקי יוחננ,גרמים,255.00,100 גרם,false,,13.90,0.0545,true,1,85952
7290014731028,false,כוס שתייה חמה 8B,,,כוס שתייה חמה 8B,יח',50.00,יח',false,,8.90,0.1780,true,1,27565
7290014731158,false,סכומ חדפ 100 יח' סכי,,,סכומ חדפ 100 יח' סכי,יחידה,0.00,יחידה,false,,10.00,0.0000,true,1,79623
7290014731271,false,כוס שתיה קרה 80יח,,,כוס שתיה קרה 80יח,1,1.00,1,false,,5.90,5.9000,true,1,80782
7290014749078,false,מקלוני קבנוס עוף טוב,עוף טוב,IL,עוף טוב,גרמים,200.00,100 גרם,false,,15.90,0.0795,true,1,59625
7290014749245,false,*מבצע* ע.ט צונגו רצו,עוף טוב,IL,*מבצע* ע.ט צונגו רצו,גרמים,600.00,100 גרם,false,,29.90,0.0498,true,1,64171
7290014749764,false,עוף טוב שניצל עוף בי,עוף טוב,IL,עוף טוב,גרמים,700.00,100 גרם,false,,34.90,0.0499,true,1,63883
7290014758100,false,מאגדת יוגורט ביו 3%,אוליביה,IL,תנובה,ליטרים,1.20,ליטר,false,,15.90,13.2500,true,1,17243
7290014758148,false,גלבוע פרוס סמי מעדני,תנובה,IL,תנובה,גרמים,400.00,100 גרם,false,,19.90,0.0497,true,1,17245
7290014759084,false,נפוליאון 16% גביע 22,תנובה,IL,נפוליאון,גרמים,225.00,100 גרם,false,,12.90,0.0573,true,1,17265
7290014759534,false,בולגרית למריחה פיראו,תנובה,IL,פיראוס,גרמים,200.00,100 גרם,false,,12.90,0.0645,true,1,17269
7290014759909,false,גבינת פטה 5% 250 גרם,תנובה,IL,פיראוס,גרמים,250.00,100 גרם,false,,26.90,0.1076,true,1,17276
7290014759978,false,קשקבל גלעד 27% פלח 2,תנובה,IL,קולאז,גרמים,200.00,100 גרם,false,,24.90,0.1245,true,1,17277
7290014759985,false,פלח פרמזן גבע 23% 20,תנובה,IL,קולאז,גרמים,200.00,100 גרם,false,,23.90,0.1195,true,1,17278
7290014759992,false,פלח רוקפור גליל 27%,תנובה,IL,קולאז,גרמים,140.00,100 גרם,false,,18.90,0.1350,true,1,17279
7290014760141,false,משקה שקדים טרי 1 ליט,תנובה,IL,משקה שקדים טרי 1 ליט,ליטרים,1.00,ליטר,false,,11.90,11.9000,true,1,22342
7290014760448,false,גלבוע 22%  400 גרם,תנובה,IL,תנובה,גרמים,400.00,100 גרם,false,,22.90,0.0572,true,1,17293
7290014760912,false,גוש חלב 28% 400 גרם,תנובה,IL,תנובה,גרמים,400.00,100 גרם,false,,24.90,0.0622,true,1,17314
7290014761018,false,גיל בטעם וניל 125 גר,תנובה,IL,תנובה,גרמים,125.00,100 גרם,false,,1.30,0.0104,true,1,59983
7290014761056,false,YOLO מעדן שוקולד חלב,תנובה,IL,YOLO,גרמים,123.00,100 גרם,false,,4.30,0.0350,true,1,17317
7290014761063,false,YOLO מעדן שוקולד מרי,תנובה,IL,YOLO,גרמים,123.00,100 גרם,false,,4.30,0.0350,true,1,17318
7290014761070,false,YOLO מעדן שוקולד לבן,תנובה,IL,YOLO,גרמים,123.00,100 גרם,false,,4.30,0.0350,true,1,17319
7290014761193,false,פרילי פירות יער 1.5%,תנובה,IL,פרילי,גרמים,125.00,100 גרם,false,,3.30,0.0264,true,1,17321
7290014761414,false,YOLO מעדן שכבות שוקו,תנובה,IL,יולו,גרמים,122.00,100 גרם,false,,4.30,0.0352,true,1,17330
7290014761438,false,בולגרית 24% סמי מעדנ,תנובה,IL,פיראוס,גרמים,400.00,100 גרם,false,,25.90,0.0647,true,1,17331
7290014761612,false,YOLO מעדן שכבות שוקו,תנובה,IL,יולו,גרמים,122.00,100 גרם,false,,4.30,0.0352,true,1,17335
7290014762756,false,נפוליאון 16% עם בצל,תנובה,IL,נפוליאון,גרמים,225.00,100 גרם,false,,12.90,0.0573,true,1,25880
7290014762800,false,מעדן סויה שוקולד גבי,תנובה,IL,תנובה,מיליליטרים,125.00,"100 מ""ל",false,,3.70,0.0296,true,1,33511
7290014762831,false,נפוליאון זיתים עם חל,תנובה,IL,נפוליאון,גרמים,225.00,100 גרם,false,,12.90,0.0573,true,1,27505
7290014762848,false,פתיתי גלבוע 22% 500,תנובה,IL,גלבוע,גרמים,500.00,100 גרם,false,,32.90,0.0658,true,1,33066
7290014762909,false,מוצרלה פתיתים 20% שו,תנובה,IL,תנובה,גרמים,200.00,100 גרם,false,,15.90,0.0795,true,1,27408
7290014763098,false,קרם גבינת שמנת 5% עם,תנובה,IL,תנובה,גרמים,200.00,100 גרם,false,,10.90,0.0545,true,1,27423
7290014763272,false,יוגורט סויה לשתיה תו,תנובה,IL,משקה סויה,מיליליטרים,236.00,"100 מ""ל",false,,4.90,0.0208,true,1,27787
7290014763395,false,עמק סמי מעדניה  600,תנובה,IL,עמק,גרמים,600.00,100 גרם,false,,29.90,0.0498,true,1,30209
7290014791091,false,שוופס מוגז פירות למו,,,שוופס מוגז פירות למו,מיליליטרים,500.00,"100 מ""ל",false,,5.00,0.0100,true,1,26512
7290014791725,false,שוופס מוגז פירות תפו,,,שוופס מוגז פירות תפו,מיליליטרים,500.00,"100 מ""ל",false,,5.00,0.0100,true,1,26513
7290014855434,false,מגבוני בייביסיטר פרפ,DPL,IL,בייביסיטר פרופורמנס,יח',288.00,יח',false,,14.90,0.0517,true,1,23599
7290014855458,false,מגבוני בייביסיטר פרפ,DPL,IL,בייביסיטר פרופורמנס,יח',288.00,יח',false,,14.90,0.0517,true,1,23600
7290014860070,false,מקלוני אורז ללא גלוט,oriental food co.ltd,TH,oriental,גרמים,454.00,100 גרם,false,,10.90,0.0240,true,1,29876
7290014860155,false,מחצלת במבו שטוחה 24*,GOILIN FENGZHU TRADI,CN,מזרח ומערב,יח',1.00,יח',false,,7.90,7.9000,true,1,29704
7290014890145,false,גבינת שמנת טבעי 25%,גבינות יעקבס,IL,משק יעקבס,גרמים,225.00,100 גרם,false,,9.90,0.0440,true,1,58304
7290014890152,false,גבינת שמנת זיתים 25%,גבינות יעקבס,IL,משק יעקבס,גרמים,225.00,100 גרם,false,,9.90,0.0440,true,1,58305
7290014890176,false,*מבצע* ריקוטה 5% 250,גבינות יעקבס,IL,משק יעקבס,גרמים,250.00,100 גרם,false,,9.90,0.0396,true,1,59057
7290014890589,false,יוגורט יוני,גבינות יעקבס,IL,יוגורט יוני,מיליליטרים,850.00,"100 מ""ל",false,,19.90,0.0234,true,1,71359
7290014901247,false,שמפו קרטין לאחר החלק,ארמן,IL,סטייל,מיליליטרים,750.00,"100 מ""ל",false,,24.90,0.0332,true,1,9776
7290014901254,false,מרכך קרטין לאחר החלק,ארמן,IL,סטייל,מיליליטרים,750.00,"100 מ""ל",false,,24.90,0.0332,true,1,9777
7290014901308,false,סנסודיין סדרת פרימיו,"סמית קליין ביצ'ם בע""",GB,סנסודיין,מיליליטרים,75.00,"100 מ""ל",false,,25.90,0.3453,true,1,9779
7290014901315,false,סנסודיין סדרת פרימיו,"סמית קליין ביצ'ם בע""",GB,סנסודיין,מיליליטרים,75.00,"100 מ""ל",false,,25.90,0.3453,true,1,9780
7290014901896,false,מי פה סנסודיין 500 מ,גלקסוסמיתקליין,GB,סנסודיין,מיליליטרים,500.00,"100 מ""ל",false,,25.90,0.0518,true,1,24353
7290014905207,false,ג'ל כחול מבושם לניקו,אייפי אס,TR,הפי,מיליליטרים,750.00,"100 מ""ל",false,,7.90,0.0105,true,1,11318
7290014931008,false,פטרוזיליה עם שורש,תחנת קמח המפרץ,IL,פטרוזיליה,יח',1.00,יח',false,,6.90,6.9000,true,1,21137
7290014931053,false,בזיליקום עם שורש,"תירפז בע""מ",IL,בזיליקום,יח',1.00,יח',false,,7.50,7.5000,true,1,21139
7290014931077,false,עירית עם שורש,תעשיות תמרוקים שיק 1,IL,עירית,יח',1.00,יח',false,,7.50,7.5000,true,1,21141
7290014931084,false,אורגנו עם שורש,תפוגן,IL,אורגנו,יח',1.00,יח',false,,7.50,7.5000,true,1,21142
7290014931107,false,נענע עם שורש,קלסיקלטת,IL,נענע,יח',1.00,יח',false,,7.50,7.5000,true,1,21144
7290014931176,false,חסה רומית,רימון,IL,עלי רומית,יח',1.00,יח',false,,8.90,8.9000,true,1,21145
7290014931190,false,שורש פאקצ'וי,לאונרדו ממתקים,IL,פאקצ'וי,יח',1.00,יח',false,,11.90,11.9000,true,1,21147
7290014931206,false,שורש גרגיר נחלים,"הקסטר בע""מ",IL,גרגיר נחלים,יח',1.00,יח',false,,8.90,8.9000,true,1,21148
7290014940901,false,לחם פשוט מלא 750 גרם,אנג'ל,IL,לחם פשוט מלא 750 גרם,גרמים,750.00,100 גרם,false,,13.90,0.0185,true,1,22866
7290014962521,false,משחת שיניים טפטפים ג,כצט,IL,כצט,מיליליטרים,50.00,"100 מ""ל",false,,10.90,0.2180,true,1,9787
7290014974562,false,גביעי גלידה 24 יח,"גילרו בע""מ",IL,גילרו,גרמים,120.00,100 גרם,false,,5.90,0.0492,true,1,32379
7290015005548,false,"ציפס זיג זג 2 ק""ג","פרי הגליל בע""""מ",IL,פרי הגליל,קילוגרמים,2.00,"ק""ג",false,,22.90,11.4500,true,1,34065
7290015009003,false,חומץ בן יין לבן 500,אקובינתל,ES,אקובינתל,מיליליטרים,500.00,"100 מ""ל",false,,13.90,0.0278,true,1,35202
7290015009010,false,חומץ בן יין אדום 500,אקובינתל,ES,אקובינתל,מיליליטרים,500.00,"100 מ""ל",false,,13.90,0.0278,true,1,35203
7290015025942,false,קרם ידיים קלאסי עם ש,אינטרקוסמא,IL,פנג'ל,מיליליטרים,80.00,"100 מ""ל",false,,7.90,0.0988,true,1,24279
7290015037273,false,פטרוזיליה חסלט,נסטלה שוויץ - רורשאך,IL,פטרוזיליה חסלט,יח',1.00,יח',false,,6.40,6.4000,true,1,11383
7290015037280,false,כוסברה חסלט,ס.ר.ל פוסטל,IL,כוסברה חסלט,יח',1.00,יח',false,,6.40,6.4000,true,1,11384
7290015037396,false,נענע חסלט,סאלט,IL,נענע חסלט,יח',1.00,יח',false,,6.40,6.4000,true,1,61154
7290015037419,false,סלרי חסלט,עבאדי,IL,סלרי חסלט,יח',1.00,יח',false,,7.40,7.4000,true,1,11389
7290015037433,false,חסה ערבית חסלט,נסטלה קוריאה - קפה,IL,חסה ערבית חסלט,יח',1.00,יח',false,,7.40,7.4000,true,1,11391
7290015037655,false,כרובית קפוא 600 גרם,י.ש. ירקות עליים,IL,כרובית קפוא 600 גרם,גרמים,600.00,100 גרם,false,,29.90,0.0498,true,1,71218
7290015037662,false,ברוקולי קפוא 600 גרם,י.ש. ירקות עליים,IL,ברוקולי קפוא 600 גרם,גרמים,600.00,100 גרם,false,,29.90,0.0498,true,1,71219
7290015037693,false,לבבות חסה - מגשית,נסטלה שוויץ - רורשאך,IL,פטרוזיליה חסלט,יח',1.00,יח',false,,12.90,12.9000,true,1,69057
7290015039246,false,טונה רביעייה בשמן,טרופיקל,TH,וילי פוד,גרמים,640.00,100 גרם,false,,19.90,0.0311,true,1,10156
7290015039338,false,טונה במים רביעיה 160,,,טונה במים רביעיה 160*4 גר,גרמים,640.00,100 גרם,false,,19.90,0.0311,true,1,10159
7290015129121,false,סקיני פסטה נודלס.,הוויזאי וונגיה,CN,סקיני פסטה,גרמים,270.00,100 גרם,false,,10.90,0.0404,true,1,23560
7290015129145,false,סקיני פסטה ספגטי.,הוויזאי וונגיה,CN,סקיני פסטה,גרמים,270.00,100 גרם,false,,10.90,0.0404,true,1,23562
7290015129220,false,סקיני פסטה קוסקוס.,הוויזאי וונגיה,CN,סקיני פסטה,גרמים,270.00,100 גרם,false,,10.90,0.0404,true,1,23563
7290015129251,false,סקיני פסטה פטוצ''יני,הוויזאי וונגיה,CN,סקיני פסטה,גרמים,270.00,100 גרם,false,,10.90,0.0404,true,1,23565
7290015129404,false,סקיני מארז חמישיה -,,,סקיני מארז חמישיה -,גרמים,121.00,100 גרם,false,,24.90,0.2058,true,1,82233
7290015129435,false,סקיני מארז חמישיה -,,,סקיני מארז חמישיה -,גרמים,121.00,100 גרם,false,,26.90,0.2223,true,1,82236
7290015129657,false,סקיני פסטה פנה,,,סקיני פסטה פנה,גרמים,270.00,100 גרם,false,,10.90,0.0404,true,1,82237
7290015129756,false,סקיני פסטה שיבולת שו,הוויזאי וונגיה,CN,סקיני פסטה,גרמים,270.00,100 גרם,false,,10.90,0.0404,true,1,43881
7290015139267,false,"שוקולד מריר לל""ס שקד",כרמית,,כרמית,גרמים,85.00,100 גרם,false,,4.90,0.0576,true,1,23041
7290015150088,false,*מבצע* מחית עגבניות,,,מחית עגבניות,גרמים,700.00,100 גרם,false,,9.90,0.0141,true,1,15852
7290015150118,false,עגבניות חתוכות דק 3*,ויסוצקי,IL,עגבניות חתוכות דק,קילוגרמים,1.20,"ק""ג",false,,16.90,14.0833,true,1,15855
7290015150583,false,*מבצע* תה ירוק לימון,ויסוצקי,IL,ויסוצקי,גרמים,937.50,100 גרם,false,,17.90,0.0191,true,1,24161
7290015150903,false,*מבצע* 25 ירוק קינמו,ויסוצקי,IL,ויסוצקי,גרמים,937.50,100 גרם,false,,17.90,0.0191,true,1,28304
7290015155021,false,פרמיו חטיף דנטלי לכל,רונדו,DE,רנדי,גרמים,110.00,100 גרם,false,,9.90,0.0900,true,1,61475
7290015155823,false,מחית פרינוק תפוח 120,פרוטה פודווין איי.אס,CZ,רנדי,גרמים,120.00,100 גרם,false,,5.90,0.0492,true,1,33553
7290015155847,false,מחית פרינוק סלט פירו,פרוטה פודווין איי.אס,CZ,רנדי,גרמים,120.00,100 גרם,false,,5.90,0.0492,true,1,33555
7290015156769,false,מחית פרינוק תפוח ואו,פרוטה פודווין איי.אס,CZ,רנדי,גרמים,120.00,100 גרם,false,,5.90,0.0492,true,1,54385
7290015156776,false,מחית פרינוק פירות טר,פרוטה פודווין איי.אס,CZ,רנדי,גרמים,120.00,100 גרם,false,,5.90,0.0492,true,1,36997
7290015156790,false,מחית פרינוק לפתן פיר,פרוטה פודווין איי.אס,CZ,רנדי,גרמים,120.00,100 גרם,false,,5.90,0.0492,true,1,36998
7290015164832,false,מחית קארי ירוקה,theppadungporn cocon,TH,mae ploy,גרמים,400.00,100 גרם,false,,19.90,0.0497,true,1,30414
7290015178174,false,פסטו בטעם פרמז'ן אול,אוליביה,IL,אוליביה,גרמים,180.00,100 גרם,false,,11.90,0.0661,true,1,65902
7290015178181,false,ארטישוק ברוזמרין אול,אוליביה,IL,אוליביה,גרמים,180.00,100 גרם,false,,11.90,0.0661,true,1,65903
7290015193139,false,רוטב צ'ילי מתוק ללא,תאי פרידה אינדסטרי ב,TH,WOK,מיליליטרים,300.00,"100 מ""ל",false,,8.90,0.0297,true,1,7822
7290015193269,false,שמן שומשום שחור 150,הו צ'קינג הינג אוי פ,SG,WOK,מיליליטרים,150.00,"100 מ""ל",false,,13.90,0.0927,true,1,23242
7290015193573,false,"מקלות אורז 2 מ""מ",אסיאן סופירה פודס חב,TH,WOK,גרמים,400.00,100 גרם,false,,8.90,0.0223,true,1,32749
7290015193665,false,קמח מצה 500 גרם חמץ,,,קמח מצה 500 גרם,גרמים,500.00,100 גרם,false,,5.90,0.0118,true,1,35617
7290015257695,false,מגש קריסל מלבן מדורג,,,מגש קריסל מלבן מדורג,יחידה,0.00,יחידה,false,,7.90,0.0000,true,1,84456
7290015282000,false,איקרה אדומה 200 גרם,"סלטי שמיר 2006 בע""מ",IL,שמיר,גרמים,200.00,100 גרם,false,,12.90,0.0645,true,1,64437
7290015282390,false,סלט תורכי 200 גרם,"סלטי שמיר 2006 בע""מ",IL,סלטי שמיר,גרמים,200.00,100 גרם,false,,11.90,0.0595,true,1,65339
7290015282581,false,חומוס עם חריף 200 גר,"סלטי שמיר 2006 בע""מ",IL,סלטי שמיר,גרמים,200.00,100 גרם,false,,9.90,0.0495,true,1,32916
7290015282604,false,טחינה מיוחדת 200 גרם,"סלטי שמיר 2006 בע""מ",IL,סלטי שמיר,גרמים,200.00,100 גרם,false,,9.90,0.0495,true,1,65340
7290015282628,false,חציל בטעם כבד 200 גר,"סלטי שמיר 2006 בע""מ",IL,סלטי שמיר,גרמים,200.00,100 גרם,false,,11.90,0.0595,true,1,32924
7290015282635,false,חומוס מסבחה 200 גרם,"סלטי שמיר 2006 בע""מ",IL,סלטי שמיר,גרמים,200.00,100 גרם,false,,9.90,0.0495,true,1,32925
7290015282642,false,חומוס אבו גוש 200 גר,"סלטי שמיר 2006 בע""מ",IL,סלטי שמיר,גרמים,200.00,100 גרם,false,,9.90,0.0495,true,1,32926
7290015282666,false,סלט טונה בריאות 200,"סלטי שמיר 2006 בע""מ",IL,סלטי שמיר,גרמים,200.00,100 גרם,false,,16.90,0.0845,true,1,32918
7290015282680,false,קישוא בטעם כבד 200 ג,"סלטי שמיר 2006 בע""מ",IL,סלטי שמיר,גרמים,200.00,100 גרם,false,,11.90,0.0595,true,1,32928
7290015282697,false,כרוב אדום 200 גרם,"סלטי שמיר 2006 בע""מ",IL,סלטי שמיר,גרמים,200.00,100 גרם,false,,11.90,0.0595,true,1,65341
7290015282710,false,קוביות סלק 200 גרם,"סלטי שמיר 2006 בע""מ",IL,סלטי שמיר,גרמים,200.00,100 גרם,false,,9.90,0.0495,true,1,32930
7290015282734,false,מטבוחה ביתית 200 גרם,"סלטי שמיר 2006 בע""מ",IL,סלטי שמיר,גרמים,200.00,100 גרם,false,,11.90,0.0595,true,1,65342
7290015282741,false,חציל תאילנדי 200 גרם,"סלטי שמיר 2006 בע""מ",IL,סלטי שמיר,גרמים,200.00,100 גרם,false,,11.90,0.0595,true,1,65343
7290015282796,false,תפוחי אדמה 200 גרם,"סלטי שמיר 2006 בע""מ",IL,סלטי שמיר,גרמים,200.00,100 גרם,false,,11.90,0.0595,true,1,65346
7290015320481,false,שוקולד מריר 60% 100,,,שוקולד מריר 60% 100גר,גרמים,100.00,100 גרם,false,,3.90,0.0390,true,1,62280
7290015324007,false,פלפל שחור גרוס שקית,"תבליני טעם וריח בע""מ",IL,"תבליני טעם וריח בע""מ",גרמים,80.00,100 גרם,false,,9.90,0.1238,true,1,20058
7290015324014,false,פלפל שחור טחון שקית,"תבליני טעם וריח בע""מ",IL,"תבליני טעם וריח בע""מ",גרמים,80.00,100 גרם,false,,9.90,0.1238,true,1,20059
7290015324038,false,פפריקה בשמן שקית 80,"תבליני טעם וריח בע""מ",IL,"תבליני טעם וריח בע""מ",גרמים,80.00,100 גרם,false,,5.90,0.0738,true,1,20060
7290015324045,false,פפריקה חריפה שקית 80,"תבליני טעם וריח בע""מ",IL,"תבליני טעם וריח בע""מ",גרמים,80.00,100 גרם,false,,5.90,0.0738,true,1,20061
7290015324052,false,פפריקה מתוקה שקית 80,"תבליני טעם וריח בע""מ",IL,"תבליני טעם וריח בע""מ",גרמים,80.00,100 גרם,false,,5.90,0.0738,true,1,20062
7290015324069,false,גריל עוף שקית 80 גרם,"תבליני טעם וריח בע""מ",IL,"תבליני טעם וריח בע""מ",גרמים,80.00,100 גרם,false,,5.90,0.0738,true,1,20063
7290015324076,false,זעתר מעורב שקית 80 ג,"תבליני טעם וריח בע""מ",IL,"תבליני טעם וריח בע""מ",גרמים,80.00,100 גרם,false,,5.90,0.0738,true,1,20064
7290015324083,false,מלח לימון שקית 80 גר,"תבליני טעם וריח בע""מ",IL,"תבליני טעם וריח בע""מ",גרמים,80.00,100 גרם,false,,5.90,0.0738,true,1,20065
7290015324090,false,כמון טחון שקית 80 גר,"תבליני טעם וריח בע""מ",IL,"תבליני טעם וריח בע""מ",גרמים,80.00,100 גרם,false,,5.90,0.0738,true,1,20066
7290015324106,false,כורכום טחון שקית 80,"תבליני טעם וריח בע""מ",IL,"תבליני טעם וריח בע""מ",גרמים,80.00,100 גרם,false,,5.90,0.0738,true,1,20067
7290015324113,false,בהרט שקית 80 גרם,"תבליני טעם וריח בע""מ",IL,"תבליני טעם וריח בע""מ",גרמים,80.00,100 גרם,false,,5.90,0.0738,true,1,20068
7290015324120,false,שום גבישי שקית 80 גר,"תבליני טעם וריח בע""מ",IL,"תבליני טעם וריח בע""מ",גרמים,80.00,100 גרם,false,,7.90,0.0988,true,1,20069
7290015324151,false,חוואיג' למרק שקית 80,"תבליני טעם וריח בע""מ",IL,"תבליני טעם וריח בע""מ",גרמים,80.00,100 גרם,false,,5.90,0.0738,true,1,20070
7290015324168,false,תערובת לתיבול על האש,"תבליני טעם וריח בע""מ",IL,"תבליני טעם וריח בע""מ",גרמים,80.00,100 גרם,false,,5.90,0.0738,true,1,20071
7290015324175,false,תערובת לתיבול שוארמה,"תבליני טעם וריח בע""מ",IL,"תבליני טעם וריח בע""מ",גרמים,80.00,100 גרם,false,,5.90,0.0738,true,1,20072
7290015324281,false,בצל מטוגן שק 200 גרם,שנידרס,NL,טעם וריח,גרמים,200.00,100 גרם,false,,7.90,0.0395,true,1,30941
7290015324427,false,סודה לשתיה שקית 80 ג,"תבליני טעם וריח בע""מ",IL,טעם וריח,גרמים,80.00,100 גרם,false,,3.90,0.0487,true,1,34310
7290015324519,false,תערובת תיבול לפיצה ש,"תבליני טעם וריח בע""מ",IL,טעם וריח,גרמים,80.00,100 גרם,false,,5.90,0.0738,true,1,59152
7290015324526,false,תערובת לתיבול פרגיות,"תבליני טעם וריח בע""מ",IL,טעם וריח,גרמים,80.00,100 גרם,false,,5.90,0.0738,true,1,59153
7290015324533,false,רוזמרין 55 גרם,"תבליני טעם וריח בע""מ",IL,טעם וריח,גרמים,55.00,100 גרם,false,,9.90,0.1800,true,1,59154
7290015324540,false,טימין 30 גרם,"תבליני טעם וריח בע""מ",IL,טעם וריח,גרמים,30.00,100 גרם,false,,9.90,0.3300,true,1,59155
7290015324557,false,בהרט לבישול 80 גרם,"תבליני טעם וריח בע""מ",IL,טעם וריח,גרמים,80.00,100 גרם,false,,9.90,0.1238,true,1,59156
7290015324564,false,כוסברה טחונה 70 גרם,"תבליני טעם וריח בע""מ",IL,טעם וריח,גרמים,70.00,100 גרם,false,,9.90,0.1414,true,1,59157
7290015324571,false,פפריקה מתוקה בשמן בס,"תבליני טעם וריח בע""מ",IL,טעם וריח,גרמים,400.00,100 גרם,false,,19.90,0.0497,true,1,61227
7290015324588,false,פלפל לבן טחון 100 גר,"תבליני טעם וריח בע""מ",IL,"תבליני טעם וריח בע""מ",גרמים,100.00,100 גרם,false,,12.90,0.1290,true,1,63522
7290015324656,false,זעפרן 0.5 גרם,"תבליני טעם וריח בע""מ",IL,"תבליני טעם וריח בע""מ",גרמים,0.50,100 גרם,false,,19.90,39.8000,true,1,65449
7290015324663,false,צ'ילי גרוס חריף אש 7,"תבליני טעם וריח בע""מ",IL,"תבליני טעם וריח בע""מ",גרמים,70.00,100 גרם,false,,9.90,0.1414,true,1,65446
7290015324670,false,*מבצע* מטחנת פלפל שח,קייפ הרב אנד ספייס,ZA,*מבצע* מטחנת פלפל שח,גרמים,50.00,100 גרם,false,,9.90,0.1980,true,1,84326
7290015324724,false,*מבצע* מחית צ'ילי חר,ליני קאטייאמה פודסטא,CN,*מבצע* מחית צ'ילי חר,גרמים,230.00,100 גרם,false,,9.90,0.0430,true,1,82192
7290015324748,false,*מבצע* מחית שום וג'י,ליני קאטייאמה פודסטא,CN,*מבצע* מחית שום וג'י,גרמים,210.00,100 גרם,false,,9.90,0.0471,true,1,82194
7290015347464,false,קינואה מעורבת 400 גר,"מיה תעשיות מזון בע""מ",IL,מיה,גרמים,400.00,100 גרם,false,,14.90,0.0373,true,1,27688
7290015347532,false,צ'יפס בטטה עם שמן זי,מיה,,צ'יפס בטטה עם שמן זי,גרמים,80.00,100 גרם,false,,7.90,0.0988,true,1,36323
7290015350150,false,*מבצע* יין אדום סגל,ברקן סגל,IL,סגל רגיל,מיליליטרים,750.00,"100 מ""ל",false,,19.90,0.0265,true,1,63710
7290015366663,false,"אקווה פרש 100 מ""ל",גלקסוסמיתקליין,SK,אקווה פרש,גרמים,100.00,100 גרם,false,,5.90,0.0590,true,1,26430
7290015366670,false,"אקווה פרש 100 מ""ל",גלקסוסמיתקליין,SK,אקווה פרש,גרמים,100.00,100 גרם,false,,5.90,0.0590,true,1,26431
7290015514866,false,שקית גופיה בודד.,,,שקית גופיה בודד.,יח',1.00,יח',false,,0.10,0.1000,true,1,29889
7290015596817,false,*מבצע* קרם גוף אפקטי,"ד""ר פישר",,"ד""ר פישר",מיליליטרים,450.00,"100 מ""ל",false,,21.90,0.0487,true,1,64264
7290015597326,false,מאגדת עשיריית קרחוני,גלידות שטראוס,IL,שטראוס,גרמים,204.00,100 גרם,false,,24.90,0.1221,true,1,25476
7290015602570,false,שיפוד יקיטורי צבעוני,,,שיפוד יקיטורי צבעוני,יחידה,0.00,יחידה,false,,7.00,0.0000,true,1,78657
7290015603195,false,אטריות עם תרד,xiamen zhongshi impo,CN,מזרח ומערב,גרמים,454.00,100 גרם,false,,10.90,0.0240,true,1,28733
7290015603201,false,אטריות מחיטה מלאה,xiamen zhongshi impo,CN,מזרח ומערב,גרמים,454.00,100 גרם,false,,10.90,0.0240,true,1,28734
7290015603218,false,אטריות עם עגבניה,xiamen zhongshi impo,CN,מזרח ומערב,גרמים,454.00,100 גרם,false,,10.90,0.0240,true,1,28735
7290015603522,false,נוזל אגוזי קוקוס 400,asiatic agro industr,TH,asiatic,מיליליטרים,400.00,"100 מ""ל",false,,6.90,0.0173,true,1,30416
7290015603546,false,"קרם קוקוס 400 מ""ל",theppadungporn cocon,TH,מזרח ומערב,מיליליטרים,400.00,"100 מ""ל",false,,8.90,0.0223,true,1,29705
7290015603560,false,שימורי קרם קוקוס,asiatic agro industr,TH,מזרח ומערב,מיליליטרים,400.00,"100 מ""ל",false,,9.90,0.0248,true,1,30417
7290015603584,false,ג'ינג'ר לבן כבוש ללא,Laiwu Taifeng,CN,ג'ינג'ר לבן כבוש ללא,גרמים,160.00,100 גרם,false,,7.90,0.0494,true,1,58487
7290015603591,false,ג'ינג'ר ורוד כבוש לל,,CN,ג'ינג'ר ורוד כבוש לל,גרמים,160.00,100 גרם,false,,7.90,0.0494,true,1,33599
7290015652506,false,נוזל קוקוס  400 גר',"דין שיווק וקלייה בע""",TH,סו שף,גרמים,400.00,100 גרם,false,,9.90,0.0248,true,1,24992
7290015652513,false,תערובת לסטייק,"נווה התבלין בע""מ",IL,אהרוני,גרמים,150.00,100 גרם,false,,9.90,0.0660,true,1,24825
7290015652520,false,תערובת השף,"נווה התבלין בע""מ",IL,אהרוני,גרמים,70.00,100 גרם,false,,9.90,0.1414,true,1,24826
7290015652544,false,גריל עוף ארומטי,"נווה התבלין בע""מ",IL,אהרוני,גרמים,130.00,100 גרם,false,,9.90,0.0762,true,1,24828
7290015652568,false,עשבי תיבול לדגים,"נווה התבלין בע""מ",IL,אהרוני,גרמים,70.00,100 גרם,false,,9.90,0.1414,true,1,24830
7290015652582,false,חריימה דג,"נווה התבלין בע""מ",IL,אהרוני,גרמים,150.00,100 גרם,false,,9.90,0.0660,true,1,24832
7290015652599,false,צלי בקר 120 גרם,"נווה התבלין בע""מ",IL,אהרוני,גרמים,120.00,100 גרם,false,,9.90,0.0825,true,1,24833
7290015673181,false,המבורגר קליפורניה- ק,,IL,המבורגר קליפורניה- ק,גרמים,400.00,100 גרם,false,,24.90,0.0622,true,1,34870
7290015673198,false,המבורגר טקסס- עם פטר,,IL,המבורגר טקסס- עם פטר,גרמים,400.00,100 גרם,false,,24.90,0.0622,true,1,34871
7290015695817,false,נבטי קייל אורגני,,,נבטי קייל אורגני,יח',1.00,יח',false,,10.90,10.9000,true,1,34476
7290015695848,false,נבטי אלפלפא אורגני,,,נבטי אלפלפא אורגני,יח',1.00,יח',false,,10.90,10.9000,true,1,34479
7290015695855,false,נבטי חמניה אורגני,,,נבטי חמניה אורגני,יח',1.00,יח',false,,10.90,10.9000,true,1,34480
7290015695886,false,מיקס נבטים אורגני,,,מיקס נבטים אורגני,יח',1.00,יח',false,,10.90,10.9000,true,1,34482
7290015695916,false,מיקס נבטים ענק אורגנ,,,מיקס נבטים ענק אורגנ,יח',1.00,יח',false,,19.90,19.9000,true,1,34484
7290015695923,false,נבטים סיניים אורגני,,,נבטים סיניים אורגני,יח',1.00,יח',false,,9.90,9.9000,true,1,34485
7290015695947,false,נבטי אפונה אורגני,,,נבטי אפונה אורגני,יח',1.00,יח',false,,10.90,10.9000,true,1,34486
7290015706209,false,מזלגות קשיח 40 יח,,,מזלגות קשיח 40 יח,יחידה,0.00,יחידה,false,,6.90,0.0000,true,1,86548
7290015706216,false,סכינים קשיח 40 יח,,,סכינים קשיח 40 יח,יחידה,0.00,יחידה,false,,6.90,0.0000,true,1,86549
7290015733120,false,מטרנה גולד 700 גרם ש,מטרנה,IL,מטרנה גולד 700 גרם ש,גרמים,700.00,100 גרם,false,,74.90,0.1070,true,1,37470
7290015733427,false,מטרנה דייסת וניל גם,מטרנה,IL,מטרנה,גרמים,300.00,100 גרם,false,,17.90,0.0597,true,1,60199
7290015733465,false,מטרנה דייסת קורנפלור,מטרנה,IL,מטרנה,גרמים,300.00,100 גרם,false,,17.90,0.0597,true,1,60201
7290015733977,false,מטרנה HMO קומפורט 70,מטרנה,IL,מטרנה,גרמים,700.00,100 גרם,false,,67.90,0.0970,true,1,66744
7290015745178,false,מנגל נירוסטה ארוך,,,מנגל נירוסטה ארוך,יח',1.00,יח',false,,79.90,79.9000,true,1,63412
7290015753241,false,יעה גומי מולחם+מברשת,,,יעה גומי מולחם+מברשת,יח',1.00,יח',false,,11.90,11.9000,true,1,26548
7290015753319,false,שיפודי במבוק 3 ממ,,,שיפודי במבוק 3 ממ,יחידה,0.00,יחידה,false,,2.50,0.0000,true,1,80845
7290015753371,false,מגב קליק 40 פרימיום,Pierina,IT,נופר,יח',1.00,יח',false,,25.90,25.9000,true,1,35515
7290015753388,false,מגב קליק 50 פרימיום,,,מגב קליק 50 פרימיום,יחידה,0.00,יחידה,false,,30.00,0.0000,true,1,79342
7290015753401,false,מגב סיליקון 55,Pierina,IT,נופר,יח',1.00,יח',false,,40.00,40.0000,true,1,35516
7290015766005,false,שרי תמר וויטני,,,שרי תמר וויטני,יח',1.00,יח',false,,8.90,8.9000,true,1,26083
7290015766012,false,שרי ליקופן,,,שרי ליקופן,יח',1.00,יח',false,,8.90,8.9000,true,1,57377
7290015766029,false,שרי כתום,,,שרי כתום,יח',1.00,יח',false,,8.90,8.9000,true,1,59481
7290015766043,false,עגבניות שרי מיקס,,,עגבניות שרי מיקס,יח',1.00,יח',false,,8.90,8.9000,true,1,66243
7290015781008,false,"מרלו ויז'ן 750 מ""ל",יקב טפרברג,IL,טפרברג,מיליליטרים,750.00,"100 מ""ל",false,,39.90,0.0532,true,1,22432
7290015781015,false,יין מלבק ויז'ן 750 מ,יקב טפרברג,IL,טפרברג,מיליליטרים,750.00,"100 מ""ל",false,,39.90,0.0532,true,1,22433
7290015781091,false,קברנה סוביניון ויז'ן,יקב טפרברג,IL,טפרברג,מיליליטרים,750.00,"100 מ""ל",false,,39.90,0.0532,true,1,22436
7290015781107,false,יין סנג'ובזה אימפרשן,יקב טפרברג,IL,טפרברג,מיליליטרים,750.00,"100 מ""ל",false,,49.90,0.0665,true,1,22437
7290015781121,false,קברנה סוביניון אימפר,יקב טפרברג,IL,טפרברג,מיליליטרים,750.00,"100 מ""ל",false,,49.90,0.0665,true,1,22439
7290015781169,false,יין אדום חצי יבש אימ,יקב טפרברג,IL,טפרברג,מיליליטרים,750.00,"100 מ""ל",false,,49.90,0.0665,true,1,22443
7290015781268,false,יין מוסקטו אדום 750,יקב טפרברג,IL,טפרברג,מיליליטרים,750.00,"100 מ""ל",false,,39.90,0.0532,true,1,22444
7290015781275,false,יין מוסקטו לבן 750 מ,יקב טפרברג,IL,טפרברג,מיליליטרים,750.00,"100 מ""ל",false,,39.90,0.0532,true,1,22445
7290015781282,false,יין גוורצטרמינר אימפ,יקב טפרברג,IL,טפרברג,מיליליטרים,750.00,"100 מ""ל",false,,49.90,0.0665,true,1,22446
7290015781299,false,"שיראז ויז'ן 750 מ""ל",יקב טפרברג,IL,טפרברג,מיליליטרים,750.00,"100 מ""ל",false,,39.90,0.0532,true,1,22447
7290015804400,false,עגבניות מרוסקות רגיל,טל וטרי,IL,טל וטרי,גרמים,250.00,100 גרם,false,,2.90,0.0116,true,1,25301
7290015809214,false,דגש - תערובת להכנת פ,,,דגש - תערובת להכנת פ,גרמים,180.00,100 גרם,false,,12.90,0.0717,true,1,82238
7290015819015,false,עיקביות אישה שחור לב,,,עיקביות אישה שחור לב,יחידה,0.00,יחידה,false,,5.90,0.0000,true,1,79467
7290015819558,false,גרב סירה/בובה,,,גרב סירה/בובה,יחידה,0.00,יחידה,false,,11.00,0.0000,true,1,82807
7290015828055,false,כוס קרטון כפול מיוחד,,,כוס קרטון כפול מיוחד,יחידה,0.00,יחידה,false,,15.90,0.0000,true,1,79618
7290015828116,false,כוס שתייה חמה 50 יח,,,כוס שתייה חמה 50 יח,יחידה,0.00,יחידה,false,,15.90,0.0000,true,1,79609
7290015828147,false,כוס שתייה חמה 16OZ,,,כוס שתייה חמה 16OZ,יחידה,0.00,יחידה,false,,29.90,0.0000,true,1,78294
7290015828192,false,מכסה לכוס שתייה חמה,,,מכסה לכוס שתייה חמה,יחידה,0.00,יחידה,false,,10.90,0.0000,true,1,84462
7290015842631,false,כוס 330 מל,,,כוס 330 מל,יחידה,0.00,יחידה,false,,7.90,0.0000,true,1,78295
7290015855952,false,כרובית ארוזה יחידה,,,כרובית ארוזה יחידה,יחידה,0.00,יחידה,false,,9.90,0.0000,true,1,67516
7290015858106,false,פסטו ביתי עללחם 180,מדשא תעשיות מזון,IL,עללחם,גרמים,180.00,100 גרם,false,,15.90,0.0883,true,1,57090
7290015858113,false,ממרח עגבניות מיובשות,מדשא תעשיות מזון,IL,עללחם,גרמים,180.00,100 גרם,false,,15.90,0.0883,true,1,57091
7290015858144,false,ממרח ארטישוק עללחם 1,מדשא תעשיות מזון,IL,עללחם,גרמים,180.00,100 גרם,false,,15.90,0.0883,true,1,57092
7290015858151,false,ממרח שום 180 גרם עלל,מדשא תעשיות מזון,IL,עללחם,גרמים,180.00,100 גרם,false,,15.90,0.0883,true,1,66760
7290015858175,false,ממרח פלפלים קלויים ע,מדשא תעשיות מזון,IL,עללחם,גרמים,180.00,100 גרם,false,,15.90,0.0883,true,1,57093
7290015858212,false,ממרח לימון כבוש עללח,מדשא תעשיות מזון,IL,עללחם,גרמים,180.00,100 גרם,false,,15.90,0.0883,true,1,57094
7290015858229,false,טפנד זיתי קלמטה עללח,מדשא תעשיות מזון,IL,עללחם,גרמים,180.00,100 גרם,false,,15.90,0.0883,true,1,57095
7290015858328,false,איולי פסטו עללחם 295,מדשא תעשיות מזון,IL,איולי פסטו עללחם 295,גרמים,295.00,100 גרם,false,,14.90,0.0505,true,1,86792
7290015858427,false,מארז ממרחים עללחם 24,מדשא תעשיות מזון,IL,מארז ממרחים עללחם 24,גרמים,240.00,100 גרם,false,,22.90,0.0954,true,1,82963
7290015858441,false,איולי פלפלים עללחם 2,מדשא תעשיות מזון,IL,איולי פלפלים עללחם 2,גרמים,295.00,100 גרם,false,,14.90,0.0505,true,1,86793
7290015858687,false,איולי שום עללחם 295,מדשא תעשיות מזון,IL,איולי שום עללחם 295,גרמים,295.00,100 גרם,false,,14.90,0.0505,true,1,86794
7290015872096,false,*מבצע* חומוס אסלי 70,"סלטי שמיר 2006 בע""מ",IL,אסלי,גרמים,700.00,100 גרם,false,,7.90,0.0113,true,1,69818
7290015872553,false,חומוס של מסעדה  700,"סלטי שמיר 2006 בע""מ",IL,יוחננוף שמיר,גרמים,700.00,100 גרם,false,,12.90,0.0184,true,1,23216
7290015888196,false,שמן חמניות 1 ליטר,"אל אל סי ""בונגי סי א",RU,שמן חמניות 1 ליטר,ליטרים,1.00,ליטר,false,,12.70,12.7000,true,1,68152
7290015951227,false,יין גמלא סירה,יקב רמת הגולן,IL,יין גמלא סירה,מיליליטרים,750.00,"100 מ""ל",false,,59.90,0.0799,true,1,66794
7290015968102,false,*מבצע* קיסמי שיניים,W.H.J.C. Co,CN,הוסטס,יח',100.00,יח',false,,9.90,0.0990,true,1,29275
7290015968782,false,*מבצע* פדים להסרת אי,,CN,כוטון סופט,יח',3.00,יח',false,,12.90,4.3000,true,1,57776
7290016006148,false,שוופס מוגז פירות ענב,,,שוופס מוגז פירות ענב,מיליליטרים,500.00,"100 מ""ל",false,,5.00,0.0100,true,1,26514
7290016006339,false,מים מינרליים מי עדן,,,מים מינרליים מי עדן,ליטרים,4.00,ליטר,false,,9.90,2.4750,true,1,27842
7290016006346,false,שוופס סודה 0.5 ל' שי,יפאורה תבורי,IL,שוופס,מיליליטרים,500.00,"100 מ""ל",false,,13.90,0.0278,true,1,26660
7290016076011,false,לחם לבש ארמני 300 גר,מאפיית דוראל,IL,לחם לבש ארמני 300 גר,גרמים,300.00,100 גרם,false,,14.90,0.0497,true,1,63601
7290016077759,false,רוטב ברביקיו קלאסי 4,HEINZ,NL,רוטב ברביקיו קלאסי 4,גרמים,480.00,100 גרם,false,,16.90,0.0352,true,1,67075
7290016083323,false,מעמול תמרים 500 גרם,,,מעמול תמרים 500 גרם,גרמים,500.00,100 גרם,false,,11.90,0.0238,true,1,64253
7290016083347,false,רולדה תמרים 500 גרם,,,רולדה תמרים 500 גרם,גרמים,500.00,100 גרם,false,,11.90,0.0238,true,1,64255
7290016087147,false,רוטב פיצה מרגריטה 24,פריניר,IL,פריניר,גרמים,240.00,100 גרם,false,,4.90,0.0204,true,1,33396
7290016087222,false,רוטב עגבניות פרי ניר,פרי ניב,IL,פרי ניר,גרמים,230.00,100 גרם,false,,4.90,0.0213,true,1,33998
7290016096507,false,טונה בשמן קנולה שליש,תעשיות פילטונה,IL,פילטונה,גרמים,240.00,100 גרם,false,,11.90,0.0496,true,1,41531
7290016096811,false,רביעיית ממרח טונה 16,,,רביעיית ממרח טונה 16,גרמים,640.00,100 גרם,false,,19.90,0.0311,true,1,65430
7290016096934,false,סלט טונה זוג 2*160 ג,תעשיות פילטונה,IL,סלט טונה זוג 2*160 ג,גרמים,320.00,100 גרם,false,,11.90,0.0372,true,1,67460
7290016124842,false,סביבון אורות וצלילים,,,סביבון אורות וצלילים,יחידה,0.00,יחידה,false,,15.90,0.0000,true,1,87393
7290016124866,false,סביבון פרוזן שר בעבר,,,סביבון פרוזן שר בעבר,יחידה,0.00,יחידה,false,,15.90,0.0000,true,1,87394
7290016132380,false,סלסלה ג'מבו ענק,,,סלסלה ג'מבו ענק,יחידה,0.00,יחידה,false,,19.90,0.0000,true,1,85489
7290016136739,false,פתיתים פוזילי ללא גל,malino andriani,IT,GFREE,גרמים,340.00,100 גרם,false,,9.90,0.0291,true,1,32321
7290016144000,false,קמח חיטה 80% ללא צור,,,קמח חיטה 80% ללא צור,קילוגרמים,1.00,"ק""ג",false,,9.90,9.9000,true,1,62206
7290016144017,false,קמח חיטה מלא 100% לל,,,קמח חיטה מלא 100% לל,קילוגרמים,1.00,"ק""ג",false,,9.90,9.9000,true,1,62201
7290016144024,false,קמח כוסמין מלא 100%,,,קמח כוסמין מלא 100%,קילוגרמים,1.00,"ק""ג",false,,14.90,14.9000,true,1,62203
7290016144031,false,קמח חיטה לבן מנופה 1,,,קמח חיטה לבן מנופה 1,קילוגרמים,1.00,"ק""ג",false,,6.90,6.9000,true,1,62202
7290016144055,false,קמח כוסמין 80% ללא צ,,,קמח כוסמין 80% ללא צ,קילוגרמים,1.00,"ק""ג",false,,14.90,14.9000,true,1,62205
7290016150117,false,סלק וואקום 500 גרם,,,סלק וואקום 500 גרם,יח',1.00,יח',false,,5.90,5.9000,true,1,31673
7290016150865,false,"מיזלי 1 ק""ג בננה ותמ",וויטליה,MK,גרין,קילוגרמים,1.00,"ק""ג",false,,24.90,24.9000,true,1,70253
7290016197488,false,שלישיית מטליות קסם ל,UFO,US,ניקול,יח',1.00,יח',false,,9.90,9.9000,true,1,26415
7290016197495,false,זוג מטלית מיקרופייבר,UFO,CN,ניקול,יח',1.00,יח',false,,15.90,15.9000,true,1,26416
7290016217643,false,חמוצים סיני אסלי 400,"סלטי שמיר 2006 בע""מ",IL,אסלי,גרמים,400.00,100 גרם,false,,10.90,0.0273,true,1,69813
7290016217735,false,חציל על האש 200 גרם,"סלטי שמיר 2006 בע""מ",IL,סלטי שמיר,גרמים,200.00,100 גרם,false,,9.90,0.0495,true,1,65347
7290016217759,false,חציל מרוקאי 200 גרם,"סלטי שמיר 2006 בע""מ",IL,סלטי שמיר,גרמים,200.00,100 גרם,false,,11.90,0.0595,true,1,65349
7290016217988,false,סלמון גרבדלקס 100 גר,שמיר פל דגים,IL,שמיר,גרמים,100.00,100 גרם,false,,19.90,0.1990,true,1,32395
7290016233384,false,גפילטע פיש 7 קציצות,דג טעים ירושלים,IL,תומר,גרמים,550.00,100 גרם,false,,14.90,0.0271,true,1,56708
7290016246018,false,חלבה מיקס פינוקיות ב,רושדי תעשיות מזון,IL,בארכה,גרמים,200.00,100 גרם,false,,11.90,0.0595,true,1,26390
7290016246025,false,חלבה מיקס פינוקיות ב,רושדי תעשיות מזון,IL,בארכה,גרמים,200.00,100 גרם,false,,11.90,0.0595,true,1,26391
7290016246308,false,מאגדת חטיף חלבה - ונ,בארכה,IL,מאגדת חטיף חלבה - פיסטוק,גרמים,126.00,100 גרם,false,,10.90,0.0865,true,1,34951
7290016246445,false,טחינה בארכה שומשום מ,רושדי תעשיות מזון,IL,בארכה,גרמים,310.00,100 גרם,false,,10.90,0.0352,true,1,54115
7290016246773,false,טחינה בארכה בקבוק לח,רושדי תעשיות מזון,IL,בארכה,גרמים,310.00,100 גרם,false,,10.90,0.0352,true,1,65725
7290016276169,false,טחינה אהרוני,אחווה,IL,שקדיה,מיליליטרים,500.00,"100 מ""ל",false,,11.90,0.0238,true,1,28160
7290016276763,false,מעדן שזיף 284 גרם שק,לינוי סיטי,CN,שקדיה,גרמים,284.00,100 גרם,false,,7.90,0.0278,true,1,30866
7290016277470,false,שיבולת שועל דקה 350,"דין שיווק וקלייה בע""",IL,שיבולת שועל דקה 350,גרמים,350.00,100 גרם,false,,3.90,0.0111,true,1,29102
7290016277487,false,שיבולת שועל עבה 350,"דין שיווק וקלייה בע""",IL,שיבולת שועל עבה 350,גרמים,350.00,100 גרם,false,,3.90,0.0111,true,1,29103
7290016302042,false,סנדוויץ פרנה 4 יח,,,סנדוויץ פרנה 4 יח,יח',4.00,יח',false,,11.90,2.9750,true,1,71103
7290016302059,false,עשיריית ביס פרנה,,,עשיריית ביס פרנה,יח',4.00,יח',false,,11.90,2.9750,true,1,71104
7290016319187,false,עוגיות סנדוויץ' שוקו,אפיפית,IL,טוסו,גרמים,300.00,100 גרם,false,,16.90,0.0563,true,1,64091
7290016319200,false,עוגיות סנדוויץ' קקאו,אפיפית,IL,טוסו,מיליליטרים,300.00,"100 מ""ל",false,,16.90,0.0563,true,1,64093
7290016321661,false,*מבצע* מארז מגבונים,על בד,IL,פרשוואנס,יח',288.00,יח',false,,14.90,0.0517,true,1,58025
7290016321678,false,*מבצע* מארז מגבונים,על בד,IL,פרשוואנס,יח',4.00,יח',false,,14.90,3.7250,true,1,58026
7290016329308,false,*מבצע* סרקל קרם רוזמ,"ד""ר פישר",IL,"ד""ר פישר",מיליליטרים,325.00,"100 מ""ל",false,,24.90,0.0766,true,1,30910
7290016331868,false,מגש TECH מרובע קטן 2,,,מגש TECH מרובע קטן 2,יחידה,0.00,יחידה,false,,2.50,0.0000,true,1,84457
7290016331875,false,מגש TECH מרובע גדול,,,מגש TECH מרובע גדול,יחידה,0.00,יחידה,false,,6.90,0.0000,true,1,84458
7290016370096,false,זית מרוקאי יבש 340 ג,קבוצת יבנה,IL,זית מרוקאי יבש 340 ג,גרמים,340.00,100 גרם,false,,11.90,0.0350,true,1,71331
7290016370270,false,זית קלמטה ללא גלעין,קבוצת יבנה,,זית קלמטה ללא גלעין,גרמים,560.00,100 גרם,false,,11.90,0.0213,true,1,65775
7290016370300,false,זית קלמטה שלם,קוזט אס.איי.פיין פוצ,GR,זית קלמטה שלם,גרמים,560.00,100 גרם,false,,13.90,0.0248,true,1,68848
7290016370317,false,זית קלמטה ללא גלעין,קוזט אס.איי.פיין פוצ,GR,זית קלמטה ללא גלעין,גרמים,560.00,100 גרם,false,,13.90,0.0248,true,1,68849
7290016370959,false,חציל קלוי על האש 530,קבוצת יבנה,GR,קבוצת יבנה,גרמים,530.00,100 גרם,false,,9.90,0.0187,true,1,30662
7290016370973,false,פלפל קלוי על האש 540,קבוצת יבנה,GR,קבוצת יבנה,גרמים,540.00,100 גרם,false,,9.90,0.0183,true,1,30664
7290016372342,false,עגבניות שלישייה קובי,גרנד איטליה,IT,גרנד איטליה,קילוגרמים,1.20,"ק""ג",false,,16.90,14.0833,true,1,34104
7290016372373,false,רסק עגבניות 140*2,גרנד איטליה,IT,גרנד איטליה,גרמים,280.00,100 גרם,false,,6.90,0.0246,true,1,34106
7290016372397,false,*מבצע* תה ירוק כורכו,ויסוצקי,IL,ויסוצקי,גרמים,937.50,100 גרם,false,,17.90,0.0191,true,1,34107
7290016372458,false,*מבצע* לימונית לואיז,ויסוצקי,IL,ויסוצקי,גרמים,70.00,100 גרם,false,,29.90,0.4271,true,1,66111
7290016401820,false,תבניות רוסטר עבות 4,,,תבניות רוסטר עבות 4,יח',4.00,יח',false,,7.90,1.9750,true,1,54955
7290016401844,false,תבניות רוסטר גדול עב,,,תבניות רוסטר גדול עב,יח',2.00,יח',false,,7.90,3.9500,true,1,54956
7290016401851,false,תבניות אובן עבות 4 י,,,תבניות אובן עבות 4 י,יח',1.00,יח',false,,7.90,7.9000,true,1,54957
7290016408119,false,טרליני כעכים בטעם קל,אפוליה פוד,IT,טרליני כעכים,גרמים,225.00,100 גרם,false,,6.90,0.0307,true,1,28642
7290016408133,false,טרליני כעכים בטעם בצ,אפוליה פוד,IT,טרליני כעכים,גרמים,225.00,100 גרם,false,,6.90,0.0307,true,1,28644
7290016408140,false,טרליני כעכים בטעם רו,אפוליה פוד,IT,טרליני כעכים,גרמים,225.00,100 גרם,false,,6.90,0.0307,true,1,28645
7290016408164,false,טרליני כעכים בטעם שו,אפוליה פוד,IT,טרליני כעכים,גרמים,225.00,100 גרם,false,,6.90,0.0307,true,1,28647
7290016408294,false,מרשמלו ורוד לבן וסטה,Carmit,IL,כרמית,גרמים,150.00,100 גרם,false,,4.50,0.0300,true,1,31606
7290016408393,false,קרקר עם שומשום 130 ג,דוויטה ג'יי אס,,קרקר עם שומשום 130 ג,גרמים,130.00,100 גרם,false,,5.90,0.0454,true,1,29630
7290016408423,false,קרקר עם זיתים שחורים,דוויטה ג'יי אס,,קרקר עם זיתים שחורים,גרמים,130.00,100 גרם,false,,5.90,0.0454,true,1,29628
7290016437645,false,האגיס פרידום דריי פנ,קימברלי קלארק צ'כיה,CZ,האגיס,יח',32.00,יח',false,,41.90,1.3094,true,1,31896
7290016437652,false,האגיס פרידום דריי פנ,קימברלי קלארק צ'כיה,CZ,האגיס,יח',26.00,יח',false,,41.90,1.6115,true,1,31897
7290016496147,false,פתיל צף מתומן,,,פתיל צף מתומן,יח',1.00,יח',false,,3.90,3.9000,true,1,30066
7290016509342,false,*מבצע* מארז שלשות כד,הנקל סוד,RS,סוד,גרמים,150.00,100 גרם,false,,14.90,0.0993,true,1,33115
7290016509786,false,*מבצע* פרסיל ג'ל ירו,הנקל סוד,IL,פרסיל,ליטרים,2.50,ליטר,false,,29.90,11.9600,true,1,37945
7290016509793,false,פרסיל ג'ל ירוק 4 ליט,הנקל סוד,IL,פרסיל,ליטרים,4.00,ליטר,false,,44.90,11.2250,true,1,37946
7290016509809,false,*מבצע* פרסיל ג'ל קול,הנקל סוד,IL,פרסיל,ליטרים,2.50,ליטר,false,,29.90,11.9600,true,1,37947
7290016509823,false,*מבצע* פרסיל ג'ל בלו,הנקל סוד,IL,פרסיל,ליטרים,2.50,ליטר,false,,29.90,11.9600,true,1,37949
7290016509847,false,*מבצע* פרסיל ג'ל בלא,הנקל סוד,IL,הנקל סוד,ליטרים,2.50,ליטר,false,,29.90,11.9600,true,1,54230
7290016510683,false,אל סבון נוזלי בלו סק,טרופיקל דגיל קוסמטיק,IL,אל סבון נוזלי בלו סק,מיליליטרים,1000.00,"100 מ""ל",false,,9.90,0.0099,true,1,54276
7290016523447,false,אטריות ביצים 300 גרם,פוג'יאן לונגאי,CN,מזרח ומערב,גרמים,300.00,100 גרם,false,,7.90,0.0263,true,1,33713
7290016584004,false,חטיפוני גזר 130 גר,,,חטיפוני גזר 130 גר,גרמים,130.00,100 גרם,false,,5.90,0.0454,true,1,29071
7290016584011,false,חטיפוני גזר 350 גר,,,חטיפוני גזר 350 גר,גרמים,350.00,100 גרם,false,,11.90,0.0340,true,1,29072
7290016584103,false,גזר צבעוני ארוז,,,גזר צבעוני ארוז,יח',1.00,יח',false,,10.90,10.9000,true,1,56946
7290016584219,false,שעועית ירוקה שלמה טר,,,שעועית ירוקה שלמה טר,יח',1.00,יח',false,,14.90,14.9000,true,1,64411
7290016621341,false,*מבצע* קמיל אל סבון,,IL,דר פישר,ליטרים,1.00,ליטר,false,,12.90,12.9000,true,1,34225
7290016621358,false,*מבצע* קמיל אל סבון,,IL,דר פישר,ליטרים,1.00,ליטר,false,,12.90,12.9000,true,1,34226
7290016624113,false,תבנית פאי לעוגה 18/6,,,תבנית פאי לעוגה 18/6,יחידה,0.00,יחידה,false,,2.50,0.0000,true,1,78666
7290016624175,false,תבנית גדולה קשיחה מנ,,,תבנית גדולה קשיחה מנ,יחידה,0.00,יחידה,false,,2.90,0.0000,true,1,87066
7290016624182,false,תבנית ענק קשיחה מניר,,,תבנית ענק קשיחה מניר,יחידה,0.00,יחידה,false,,5.90,0.0000,true,1,87067
7290016624199,false,תבנית פאי לאפיה 22/3,,,תבנית פאי לאפיה 22/3,יחידה,0.00,יחידה,false,,2.50,0.0000,true,1,83301
7290016651362,false,קיסם +חוט דנטאלי 100,,,קיסם +חוט דנטאלי 100,יח',1.00,יח',false,,9.90,9.9000,true,1,63919
7290016682182,false,*מבצע* שייק תמר בננה,פריניב,IL,פרי ניב,ליטרים,1.00,ליטר,false,,12.90,12.9000,true,1,31379
7290016682199,false,*מבצע* שייק תות בננה,פריניב,IL,פרי ניב,ליטרים,1.00,ליטר,false,,12.90,12.9000,true,1,31380
7290016682243,false,*מבצע* 100% מיץ אשכו,פריניב,IL,פרי ניב,ליטרים,1.00,ליטר,false,,12.90,12.9000,true,1,53734
7290016682250,false,מיץ תפוגזר 1 ליטר,פרי ניב,IL,מיץ תפוגזר 1 ליטר,ליטרים,1.00,ליטר,false,,15.90,15.9000,true,1,85450
7290016682335,false,מיץ תפוזים 2 ליטר,פריניב,IL,פרי ניב,ליטרים,2.00,ליטר,false,,24.90,12.4500,true,1,69376
7290016682342,false,*מבצע* 100% מיץ תפוז,פרי ניב,IL,פרי ניב,ליטרים,2.00,ליטר,false,,24.90,12.4500,true,1,69377
7290016682359,false,*מבצע* 100% מיץ תפוז,פרי ניב,IL,פרי ניב,ליטרים,2.00,ליטר,false,,24.90,12.4500,true,1,69378
7290016682366,false,תפוח צלול 2 ליטר,פריניב,IL,פרי ניב,ליטרים,2.00,ליטר,false,,19.50,9.7500,true,1,69379
7290016682397,false,*מבצע* מיץ חמוציות 2,פריניב,IL,פרי ניב,ליטרים,2.00,ליטר,false,,16.90,8.4500,true,1,69385
7290016682441,false,מיץ תפוזים 1 ליטר,פרי ניב,IL,מיץ תפוזים 1 ליטר,ליטרים,1.00,ליטר,false,,12.90,12.9000,true,1,70031
7290016693041,false,*מבצע* יין אמירים רז,יקבי ארזה,IL,אמירים,מיליליטרים,750.00,"100 מ""ל",false,,18.90,0.0252,true,1,32828
7290016693058,false,*מבצע* יין אמירים רז,יקבי ארזה,IL,אמירים,מיליליטרים,750.00,"100 מ""ל",false,,18.90,0.0252,true,1,32829
7290016693287,false,*מבצע* יין וירטואוזו,יקבי ארזה,IL,כריזמה,מיליליטרים,750.00,"100 מ""ל",false,,42.90,0.0572,true,1,35758
7290016693546,false,*מבצע* יין עונות קבר,יקבי ארזה,IL,עונות,מיליליטרים,750.00,"100 מ""ל",false,,22.90,0.0305,true,1,56431
7290016693553,false,*מבצע* יין עונות מרל,יקבי ארזה,IL,עונות,מיליליטרים,750.00,"100 מ""ל",false,,22.90,0.0305,true,1,56432
7290016711417,false,דלי משפך 12 ליטר צבע,,,דלי משפך 12 ליטר צבע,יחידה,0.00,יחידה,false,,10.90,0.0000,true,1,80711
7290016717099,false,סלקטד אדום חצי יבש,יקבי כרמל,IL,סלקטד,מיליליטרים,750.00,"100 מ""ל",false,,29.90,0.0399,true,1,30300
7290016751383,false,בשר ראש מוכשר קפוא,,,בשר ראש מוכשר קפוא,קילוגרמים,1.00,"ק""ג",true,,69.90,69.9000,true,1,31369
7290016823073,false,מרווה יח',,IL,בזיליקום,יח',1.00,יח',false,,4.90,4.9000,true,1,32231
7290016823257,false,חסה סלנובה,,,חסה סלנובה,יח',1.00,יח',false,,11.90,11.9000,true,1,32127
7290016865943,false,פטוצ'יני 400 גרם אור,פ.פ.ח טאביט,PL,פטוצ'יני 400 גרם אור,גרמים,400.00,100 גרם,false,,13.90,0.0348,true,1,35109
7290016866643,false,משחת שיניים פרודונטק,גלקסוסמיתקליין,SK,פרודונטקס,מיליליטרים,75.00,"100 מ""ל",false,,30.90,0.4120,true,1,37603
7290016866650,false,משחת שיניים פרודונטק,גלקסוסמיתקליין,SK,פרודונטקס,מיליליטרים,75.00,"100 מ""ל",false,,30.90,0.4120,true,1,37604
7290016866667,false,משחת שיניים פרודונטק,גלקסוסמיתקליין,SK,פרודונטקס,מיליליטרים,75.00,"100 מ""ל",false,,30.90,0.4120,true,1,37605
7290016866674,false,משחת שיניים פרודונטק,גלקסוסמיתקליין,SK,פרודונטקס,מיליליטרים,75.00,"100 מ""ל",false,,30.90,0.4120,true,1,37606
7290016866704,false,שמפו קרטין פלוס ויטמ,ארמן,IL,סטייל,מיליליטרים,750.00,"100 מ""ל",false,,24.90,0.0332,true,1,34640
7290016866711,false,מרכך קרטין פלוס ויטמ,ארמן,IL,סטייל,מיליליטרים,750.00,"100 מ""ל",false,,24.90,0.0332,true,1,34641
7290016866728,false,מסכת קרטין פלוס ויטמ,ארמן,IL,סטייל,מיליליטרים,500.00,"100 מ""ל",false,,36.90,0.0738,true,1,34642
7290016883176,false,*מבצע* מיזלי פתיתי ש,"דין שיווק וקלייה בע""",IL,שקדיה,קילוגרמים,1.00,"ק""ג",false,,19.90,19.9000,true,1,35381
7290016967074,false,חיטה מלאה 750 גרם,אנג'ל,IL,אנגל,גרמים,750.00,100 גרם,false,,16.90,0.0225,true,1,31074
7290016980103,false,בייבי בטטה,משתנה,IL,פטל אדום,יח',1.00,יח',false,,5.90,5.9000,true,1,58270
7290016998184,false,עלי חסה ערבית שטופים,נטורזה,,כרוב לבן חסלט 400 גרם,גרמים,250.00,100 גרם,false,,9.90,0.0396,true,1,65865
7290016998191,false,מיקס עלי בייבי 120גר,נטורזה,,כרוב לבן חסלט 400 גרם,גרמים,120.00,100 גרם,false,,8.90,0.0742,true,1,65848
7290016998207,false,לקט קסם השדה 350 גרם,נטורזה,,כרוב לבן חסלט 400 גרם,גרמים,350.00,100 גרם,false,,10.90,0.0311,true,1,65849
7290016998214,false,עלי תרד בייבי 200גר.,נטורזה,,כרוב לבן חסלט 400 גרם,גרמים,200.00,100 גרם,false,,9.90,0.0495,true,1,65850
7290016998221,false,מיקס צבעי הטבע 350גר,נטורזה,,כרוב לבן חסלט 400 גרם,גרמים,350.00,100 גרם,false,,10.90,0.0311,true,1,65851
7290016998238,false,כרוב לבן קצוץ 400 גר,נטורזה,,כרוב לבן חסלט 400 גרם,גרמים,400.00,100 גרם,false,,7.90,0.0198,true,1,65852
7290016998245,false,מיקס שורשים 400גר.,נטורזה,,כרוב לבן חסלט 400 גרם,גרמים,400.00,100 גרם,false,,9.90,0.0248,true,1,65853
7290016998252,false,חסה אייסברג חתוכה 30,נטורזה,,כרוב לבן חסלט 400 גרם,גרמים,300.00,100 גרם,false,,8.90,0.0297,true,1,65854
7290016998269,false,לקט קולסלאו 400 גרם,נטורזה,,כרוב לבן חסלט 400 גרם,גרמים,400.00,100 גרם,false,,7.90,0.0198,true,1,65855
7290016998276,false,גזר חתוך דק 250 גרם,נטורזה,,כרוב לבן חסלט 400 גרם,גרמים,250.00,100 גרם,false,,6.90,0.0276,true,1,65856
7290016998283,false,לקט סלונובה 200 גרם,נטורזה,,כרוב לבן חסלט 400 גרם,גרמים,200.00,100 גרם,false,,11.90,0.0595,true,1,65857
7290016998320,false,לבבות קיסר 500 גרם,נטורזה,,כרוב לבן חסלט 400 גרם,גרמים,500.00,100 גרם,false,,9.90,0.0198,true,1,81503
7290016998337,false,עלי רוקט 150 גרם,נטורזה,,כרוב לבן חסלט 400 גרם,גרמים,150.00,100 גרם,false,,8.90,0.0593,true,1,65861
7290016998368,false,לקט ירקות למוקפץ 500,נטורזה,,כרוב לבן חסלט 400 גרם,גרמים,500.00,100 גרם,false,,12.90,0.0258,true,1,65864
7290017023182,false,שוופס מוגז פירות תפו,,,שוופס מוגז פירות תפו,מיליליטרים,330.00,"100 מ""ל",false,,5.00,0.0152,true,1,55281
7290017023199,false,שוופס מוגז פירות תות,,,שוופס מוגז פירות תות,מיליליטרים,330.00,"100 מ""ל",false,,5.00,0.0152,true,1,55282
7290017023212,false,שוופס מוגז פירות תפו,,,שוופס מוגז פירות תפו,מיליליטרים,1320.00,"100 מ""ל",false,,11.90,0.0090,true,1,36465
7290017023229,false,שוופס מוגז פירות תות,,,שוופס מוגז פירות תות,מיליליטרים,1320.00,"100 מ""ל",false,,11.90,0.0090,true,1,36466
7290017023236,false,שוופס מוגז פירות ענב,,,שוופס מוגז פירות ענב,מיליליטרים,1320.00,"100 מ""ל",false,,11.90,0.0090,true,1,36467
7290017023359,false,מים מינירליים עין גד,עין גדי,IL,עין גדי,ליטרים,4.00,ליטר,false,,12.90,3.2250,true,1,60154
7290017023663,false,שוופס מוגז פירות למו,,,שוופס מוגז פירות למו,מיליליטרים,1320.00,"100 מ""ל",false,,11.90,0.0090,true,1,41488
7290017023809,true,ספרינג אגס סברס תפוח,יפאורה תבורי,IL,ספרינג,ליטרים,1.00,ליטר,false,,11.20,11.2000,true,1,59296
7290017023816,true,ספרינג פירות טרופיים,יפאורה תבורי,IL,ספרינג,ליטרים,1.00,ליטר,false,,11.20,11.2000,true,1,59297
7290017023823,true,ספרינג תות בננה 250,יפאורה תבורי,IL,ספרינג,ליטרים,1.00,ליטר,false,,11.20,11.2000,true,1,59298
7290017023854,false,"שוופס סודה 250 מ""ל ר",יפאורה תבורי,IL,"שוופס סודה 250 מ""ל ר",מיליליטרים,1000.00,"100 מ""ל",false,,11.90,0.0119,true,1,55739
7290017023861,false,שוופס סודה לימון 250,יפאורה תבורי,IL,שוופס סודה לימון 250,מיליליטרים,1000.00,"100 מ""ל",false,,11.90,0.0119,true,1,55740
7290017031477,false,סנסודיין רליף הלבנה,"סמית קליין ביצ'ם בע""",SK,סנסודיין,מיליליטרים,75.00,"100 מ""ל",false,,25.90,0.3453,true,1,56934
7290017031705,false,סנסודיין קלין&פרש 75,גלקסוסמיתקליין,GB,סנסודיין,גרמים,75.00,100 גרם,false,,21.90,0.2920,true,1,54586
7290017031811,false,זוג מברשות שיניים פר,גלקסוסמיתקליין,CN,פרדונטקס,יח',2.00,יח',false,,19.90,9.9500,true,1,58592
7290017058115,false,קורנישון מיני בסגנון,קולמן,IN,תומר,גרמים,670.00,100 גרם,false,,10.90,0.0163,true,1,35114
7290017058573,false,פרוסות פלפל חלפניו ב,אינדיה אגרו אקספורט,IN,תומר,גרמים,340.00,100 גרם,false,,6.50,0.0191,true,1,56271
7290017058689,false,*מבצע* זית שחור טבעי,מסנווי גידה,TR,*מבצע* זית שחור טבעי,גרמים,400.00,100 גרם,false,,12.90,0.0323,true,1,58382
7290017058795,false,תירס גמדי שלם במי מל,אינדיה אגרו אקספורט,IN,תומר,גרמים,340.00,100 גרם,false,,7.90,0.0232,true,1,56274
7290017065007,false,מוצרלה פרוסה גד 200,מחלבות גד,IL,מחלבות גד,גרמים,200.00,100 גרם,false,,16.90,0.0845,true,1,32055
7290017065137,false,ריקוטה למריחה 5% טבע,מחלבות גד,IL,מחלבות גד,גרמים,200.00,100 גרם,false,,9.90,0.0495,true,1,35171
7290017065144,false,ריקוטה למריחה 5% עם,מחלבות גד,IL,מחלבות גד,גרמים,200.00,100 גרם,false,,9.90,0.0495,true,1,35172
7290017065168,false,גבינה כחולה 100 גרם,מחלבות גד,DK,גבינות עובש,גרמים,100.00,100 גרם,false,,16.50,0.1650,true,1,37005
7290017065212,false,קרם מסקרפונה 250 גרם,מחלבות גד,IL,מחלבות גד,גרמים,250.00,100 גרם,false,,19.90,0.0796,true,1,37008
7290017065236,false,בולגרית מעודנת 24% 2,דשן,IL,מחלבות גד,גרמים,250.00,100 גרם,false,,21.90,0.0876,true,1,37009
7290017065380,false,גרנה פדנו שבבים 100ג,מחלבות גד,IT,גד,גרמים,100.00,100 גרם,false,,13.90,0.1390,true,1,56497
7290017065434,false,פרוסות גאודה בקר 200,מחלבות גד,IL,מחלבות גד,גרמים,200.00,100 גרם,false,,20.90,0.1045,true,1,57136
7290017065441,false,פרוסות גאודה עיזים 2,מחלבות גד,IL,מחלבות גד,גרמים,200.00,100 גרם,false,,31.90,0.1595,true,1,57137
7290017065588,false,יוגורט יווני 600 גרם,מחלבות גד,IL,מחלבות גד,גרמים,600.00,100 גרם,false,,15.90,0.0265,true,1,63202
7290017065649,false,קרם פטיסייר 250 גרם,מחלבות גד,IL,מחלבות גד,גרמים,250.00,100 גרם,false,,18.90,0.0756,true,1,63310
7290017065663,false,פטה עיזים מעודנת 16%,דשן,IL,מחלבות גד,גרמים,250.00,100 גרם,false,,29.90,0.1196,true,1,64999
7290017065731,false,גבינת שמנת כמהין ניו,מחלבות גד,IL,מחלבות גד,גרמים,200.00,100 גרם,false,,12.90,0.0645,true,1,67210
7290017065762,false,גבינת מאנורי 100 גרם,מחלבות גד,IL,גבינת מאנורי 100 גרם,גרמים,100.00,100 גרם,false,,10.90,0.1090,true,1,70237
7290017065786,false,צ'דר,מחלבות גד,IL,צ'דר,גרמים,210.00,100 גרם,false,,20.90,0.0995,true,1,68655
7290017068367,false,שמרים יבשים 125 גרם,מיה,IL,שמרים יבשים 125 גרם,גרמים,125.00,100 גרם,false,,3.90,0.0312,true,1,68303
7290017068374,false,שמרים יבשים 500 גרם,מיה,IL,שמרים יבשים 500 גרם,גרמים,500.00,100 גרם,false,,11.90,0.0238,true,1,68304
7290017088051,false,חיתולי בייביסיטר מיד,די פי אל,IL,בייביסיטר,יח',50.00,יח',false,,32.90,0.6580,true,1,36903
7290017088068,false,חיתולי בייביסיטר מיד,די פי אל,IL,בייביסיטר,יח',42.00,יח',false,,32.90,0.7833,true,1,36904
7290017088075,false,חיתולי בייביסיטר מיד,די פי אל,IL,בייביסיטר,יח',40.00,יח',false,,32.90,0.8225,true,1,36905
7290017088082,false,חיתולי בייביסיטר מיד,די פי אל,IL,בייביסיטר,יח',36.00,יח',false,,32.90,0.9139,true,1,36906
7290017088099,false,חיתולי בייביסיטר מיד,די פי אל,IL,בייביסיטר,יח',34.00,יח',false,,32.90,0.9676,true,1,36907
7290017088327,false,מגבוני בייביסיטר אקס,DPL,IL,בייביסיטר פרופורמנס,יח',288.00,יח',false,,14.90,0.0517,true,1,63740
7290017088815,false,תחבושות בריז נורמל 1,EUROFIL,IT,BREEZE,יח',12.00,יח',false,,14.90,1.2417,true,1,67985
7290017088822,false,תחבושות בריז אקסטרה,EUROFIL,IT,BREEZE,יח',10.00,יח',false,,14.90,1.4900,true,1,67986
7290017088839,false,תחבושות בריז אקסטרה,EUROFIL,IT,BREEZE,יח',8.00,יח',false,,14.90,1.8625,true,1,67987
7290017088846,false,תחבושות בריז  מקסי 8,EUROFIL,IT,BREEZE,יח',8.00,יח',false,,14.90,1.8625,true,1,67988
7290017094830,false,סלט גזר ברוטב פיקנטי,"סלטי שמיר 2006 בע""מ",IL,אסלי,גרמים,400.00,100 גרם,false,,10.90,0.0273,true,1,69814
7290017094847,false,סלט תפוח אדמה אסלי 4,"סלטי שמיר 2006 בע""מ",IL,אסלי,גרמים,400.00,100 גרם,false,,10.90,0.0273,true,1,69815
7290017094861,false,חומוס עם רוטב מסבחה,"סלטי שמיר 2006 בע""מ",IL,אסלי,גרמים,400.00,100 גרם,false,,9.90,0.0248,true,1,69817
7290017105062,false,חומוס יכין 200 גרם,זנלכל,IL,חומוס יכין 200 גרם,גרמים,200.00,100 גרם,false,,4.90,0.0245,true,1,54351
7290017105079,false,שעועית ברוטב יכין 20,זנלכל,IL,שעועית ברוטב יכין 20,גרמים,200.00,100 גרם,false,,4.90,0.0245,true,1,54356
7290017105086,false,שעועית צ'ילי יכין 20,זנלכל,IL,שעועית צ'ילי יכין 20,גרמים,200.00,100 גרם,false,,4.90,0.0245,true,1,54357
7290017105116,false,תורמוס יכין 200 גרם,זנלכל,IL,תורמוס יכין 200 גרם,גרמים,200.00,100 גרם,false,,4.90,0.0245,true,1,54360
7290017105123,false,פול יכין 200 גרם,זנלכל,IL,פול יכין 200 גרם,גרמים,200.00,100 גרם,false,,4.90,0.0245,true,1,54361
7290017105369,false,סירופ תה בטעם אפרסק,,,סירופ תה בטעם אפרסק,מיליליטרים,1000.00,"100 מ""ל",false,,16.90,0.0169,true,1,57067
7290017105468,false,שלישיית אפונה קטנה י,זנלכל,IL,שלישיית אפונה קטנה י,גרמים,600.00,100 גרם,false,,14.90,0.0248,true,1,59875
7290017105550,false,מאגדת רביעיית רסק עג,זנלכל,IL,יכין,גרמים,400.00,100 גרם,false,,11.90,0.0298,true,1,59162
7290017105895,false,גרגירי חומוס בבישול,יכין,IL,יכין,גרמים,560.00,100 גרם,false,,9.90,0.0177,true,1,64625
7290017106069,false,סלק קוביות יכין 550,זנלכל,IL,יכין,גרמים,550.00,100 גרם,false,,9.90,0.0180,true,1,60430
7290017121048,false,פלפל צומה עללחם 250,מדשא תעשיות מזון,IL,עללחם,גרמים,250.00,100 גרם,false,,12.90,0.0516,true,1,57097
7290017121086,false,אריסה ביתית מתוקה על,מדשא תעשיות מזון,IL,עללחם,גרמים,250.00,100 גרם,false,,12.90,0.0516,true,1,70293
7290017121093,false,אריסה חריפה עללחם 25,מדשא תעשיות מזון,IL,עללחם,גרמים,250.00,100 גרם,false,,12.90,0.0516,true,1,57098
7290017129884,false,מאגדת שוקולד מריר 44,כרמית,IL,מאגדת שוקולד מריר 44,גרמים,85.00,100 גרם,false,,14.90,0.1753,true,1,82436
7290017139272,false,פמינה תחליב אינטימית,כצט,IL,כצט,מיליליטרים,220.00,"100 מ""ל",false,,21.90,0.0995,true,1,54251
7290017142005,false,"*מבצע* שמן קוקוס עה""",אקספלונקה,LK,עץ הזית,מיליליטרים,320.00,"100 מ""ל",false,,19.90,0.0622,true,1,32962
7290017142111,false,טונה TO GO בשמן זית,שמן תעשיות,IL,עץ הזית,גרמים,85.00,100 גרם,false,,9.90,0.1165,true,1,37354
7290017142128,false,*מבצע* שמן זית כתית,שמן תעשיות,IL,עץ הזית,מיליליטרים,750.00,"100 מ""ל",false,,29.90,0.0399,true,1,36245
7290017142234,false,טונה TO GO בשמן מעוש,שמן תעשיות,IL,עץ הזית,גרמים,85.00,100 גרם,false,,9.90,0.1165,true,1,58185
7290017142388,false,שמן חמניות בריאות פל,שמן תעשיות,IL,עץ הזית,ליטרים,1.00,ליטר,false,,15.90,15.9000,true,1,58173
7290017142395,false,פסטה עם טונה בשמן זי,,,עץ הזית,גרמים,160.00,100 גרם,false,,13.90,0.0869,true,1,60122
7290017142456,false,*מבצע* נתחי טונה בשמ,,,עץ הזית,גרמים,320.00,100 גרם,false,,20.90,0.0653,true,1,60124
7290017142487,false,בורגול עם גרגירי חומ,,,עץ הזית,גרמים,160.00,100 גרם,false,,13.90,0.0869,true,1,67363
7290017142500,false,תרסיס שמן זית בטעם ש,קונפניה,IT,תרסיס שמן זית בטעם ש,מיליליטרים,150.00,"100 מ""ל",false,,17.90,0.1193,true,1,82998
7290017142623,false,תרסיס שמן זית בטעם צ,קונפניה,IT,תרסיס שמן זית בטעם צ,מיליליטרים,150.00,"100 מ""ל",false,,17.90,0.1193,true,1,83000
7290017189246,false,מיני פנקייק 500 גרם,,ES,מיני פנקייק 500 גרם,גרמים,500.00,100 גרם,false,,21.90,0.0438,true,1,82662
7290017252636,false,עוגת דבש 270 גרם,"אס.אף.אס מאפים בע""מ",IL,עוגת דבש 270 גרם,גרמים,270.00,100 גרם,false,,3.90,0.0144,true,1,85606
7290017266046,false,וופל קראנץ שוקולד 30,"גילרו בע""מ",IL,עלמה,גרמים,600.00,100 גרם,false,,14.90,0.0248,true,1,86259
7290017266725,false,חטיף מיני קראנצ' 40,"גילרו בע""מ",IL,עלמה,גרמים,480.00,100 גרם,false,,14.90,0.0310,true,1,86257
7290017266909,false,וופלים במילוי קרם בט,"גילרו בע""מ",IL,וופלים במילוי קרם בט,גרמים,200.00,100 גרם,false,,3.90,0.0195,true,1,81853
7290017266916,false,וופלים במילוי קרם בט,"גילרו בע""מ",IL,וופלים במילוי קרם בט,גרמים,200.00,100 גרם,false,,3.90,0.0195,true,1,81854
7290017275345,false,טחינה גולמית בקבוק ל,"אחדות ביח""ר לטחינה ח",IL,טחינה גולמית בקבוק ל,גרמים,350.00,100 גרם,false,,7.90,0.0226,true,1,70969
7290017275482,false,סירופ בטעם ענבים 900,"אחדות ביח""ר לטחינה ח",IL,סירופ בטעם ענבים 900,מיליליטרים,900.00,"100 מ""ל",false,,15.90,0.0177,true,1,70971
7290017275499,false,סירופ בטעם אננס 900,"אחדות ביח""ר לטחינה ח",IL,סירופ בטעם אננס 900,מיליליטרים,900.00,"100 מ""ל",false,,15.90,0.0177,true,1,70972
7290017275505,false,סירופ בטעם פטל 900 מ,"אחדות ביח""ר לטחינה ח",IL,סירופ בטעם פטל 900 מ,מיליליטרים,900.00,"100 מ""ל",false,,15.90,0.0177,true,1,70973
7290017289168,false,יין אדום יבש ישראלי,יקב טפרברג,IL,יין אדום יבש ישראלי,מיליליטרים,750.00,"100 מ""ל",false,,21.90,0.0292,true,1,55012
7290017289175,false,פטיט סירה ישראלי 750,יקב טפרברג,IL,פטיט סירה ישראלי 750,מיליליטרים,750.00,"100 מ""ל",false,,21.90,0.0292,true,1,55013
7290017289182,false,יין לבן חצי יבש ישרא,יקב טפרברג,IL,יין לבן חצי יבש ישרא,מיליליטרים,750.00,"100 מ""ל",false,,21.90,0.0292,true,1,55014
7290017297156,false,"ציפס עם קליפה 1.5 ק""","פרי הגליל בע""""מ",IL,פרי הגליל,קילוגרמים,1.50,"ק""ג",false,,17.90,11.9333,true,1,65882
7290017297323,false,רוטב עגבניות מרוכז ט,"מילוז(1989)בע""""מ",IL,טל,גרמים,100.00,100 גרם,false,,1.50,0.0150,true,1,68579
7290017297330,false,רוטב עגבניות מרוכז B,טל וטרי,IL,טל וטרי,גרמים,240.00,100 גרם,false,,2.90,0.0121,true,1,71088
7290017297644,false,*מבצע* ברוקולי קפוא,"פרי הגליל בע""""מ",IL,פרי הגליל,גרמים,800.00,100 גרם,false,,13.90,0.0174,true,1,69556
7290017297682,false,כרובית קפואה 800 גרם,,,כרובית,גרמים,800.00,100 גרם,false,,9.90,0.0124,true,1,69557
7290017303567,false,"מלוחים קצח ""תמר"" 500",,,"מלוחים קצח ""תמר"" 500",גרמים,500.00,100 גרם,false,,11.90,0.0238,true,1,34895
7290017303574,false,"מלוחים שומשום ""תמר""",,,"מלוחים שומשום ""תמר""",גרמים,500.00,100 גרם,false,,11.90,0.0238,true,1,34896
7290017303611,false,"כעכים קקאו ""תמר"" 500",,,"כעכים קקאו ""תמר"" 500",גרמים,500.00,100 גרם,false,,11.90,0.0238,true,1,34900
7290017303628,false,"עוגיות כתר תות ""תמר""",,,"עוגיות כתר תות ""תמר""",גרמים,600.00,100 גרם,false,,11.90,0.0198,true,1,34901
7290017303659,false,עוגיות מרוקאיות מיני,,,עוגיות מרוקאיות מיני,גרמים,500.00,100 גרם,false,,11.90,0.0238,true,1,34904
7290017303666,false,"עוגיות שוקוציפס ""תמר",,,"עוגיות שוקוציפס ""תמר",גרמים,600.00,100 גרם,false,,11.90,0.0198,true,1,34905
7290017303680,false,"כעכים מרוקאי ""תמר"" 5",,,"כעכים מרוקאי ""תמר"" 5",גרמים,500.00,100 גרם,false,,11.90,0.0238,true,1,34907
7290017304885,false,שיפון וחיטה מלאה  75,אנג'ל,IL,אנגל,גרמים,750.00,100 גרם,false,,16.90,0.0225,true,1,58182
7290017406381,false,פירורי לחם מתובלים ג,,,פירורי לחם מתובלים 500ג,גרמים,500.00,100 גרם,false,,7.90,0.0158,true,1,54995
7290017406398,false,פירורי לחם מתובלים ש,,,פירורי לחם מתובלים 500ג,גרמים,500.00,100 גרם,false,,7.90,0.0158,true,1,54996
7290017417929,false,כוס לונג,,,כוס לונג,יח',10.00,יח',false,,7.90,0.7900,true,1,41535
7290017440248,false,מרכך סרקל לשיער מתול,"ד""ר פישר",IL,סרקל,ליטרים,1.00,ליטר,false,,28.90,28.9000,true,1,54261
7290017440286,false,"מרכך קידס 750 מ""ל",,,"מרכך קידס 750 מ""ל",מיליליטרים,750.00,"100 מ""ל",false,,16.90,0.0225,true,1,58164
7290017440309,false,"שמפו קידס 750 מ""ל",,,"שמפו קידס 750 מ""ל",מיליליטרים,750.00,"100 מ""ל",false,,16.90,0.0225,true,1,58165
7290017440323,false,שמפו+מרכך קידס 750 מ,,,שמפו+מרכך קידס 750 מ,מיליליטרים,750.00,"100 מ""ל",false,,16.90,0.0225,true,1,58166
7290017513409,false,*מבצע* תה ירוק סופר,ויסוצקי,IL,ויסוצקי,גרמים,937.50,100 גרם,false,,17.90,0.0191,true,1,58672
7290017513485,false,*מבצע* מחית עגבניות,,,מחית עגבניות,גרמים,680.00,100 גרם,false,,9.90,0.0146,true,1,59833
7290017513775,false,בייגלה פליפז מצופה ש,אולקר מקבוצת פלאדיס,TR,פליפז,גרמים,140.00,100 גרם,false,,8.90,0.0636,true,1,63474
7290017513782,false,בייגלה פליפז מצופה ש,אולקר מקבוצת פלאדיס,TR,פליפז,גרמים,140.00,100 גרם,false,,8.90,0.0636,true,1,63475
7290017513829,false,*מבצע* תה ירוק לימונ,ויסוצקי,IL,ויסוצקי,גרמים,937.50,100 גרם,false,,17.90,0.0191,true,1,65084
7290017521060,false,נופר מפיות נייר איכו,,,נופר מפיות נייר איכו,יחידה,0.00,יחידה,false,,6.90,0.0000,true,1,79343
7290017521176,false,פח פדל ראטן 11 ליטר,,,פח פדל ראטן 11 ליטר,יחידה,0.00,יחידה,false,,60.00,0.0000,true,1,84431
7290017521213,false,נופר שיפודי במבוק עב,,,נופר שיפודי במבוק עב,יחידה,0.00,יחידה,false,,3.00,0.0000,true,1,80846
7290017521718,false,מפות 8 יח' דק מידה 1,,,מפות 8 יח' דק מידה 1,יחידה,0.00,יחידה,false,,4.00,0.0000,true,1,80701
7290017521725,false,מפות 6 יח' דק מידה 1,,,מפות 6 יח' דק מידה 1,יחידה,0.00,יחידה,false,,4.00,0.0000,true,1,80702
7290017521732,false,מפות 8 יח' עבה מידה,,,מפות 8 יח' עבה מידה,יחידה,0.00,יחידה,false,,10.00,0.0000,true,1,80703
7290017521749,false,מפות 6 יח' עבה מידה,,,מפות 6 יח' עבה מידה,יחידה,0.00,יחידה,false,,10.00,0.0000,true,1,80704
7290017521756,false,מפה עבה 45 מטר בגליל,,,מפה עבה 45 מטר בגליל,יחידה,0.00,יחידה,false,,35.00,0.0000,true,1,82811
7290017546865,false,צלחות 9 קשיחה במיוחד,,,צלחות 9 קשיחה במיוחד,יחידה,0.00,יחידה,false,,29.90,0.0000,true,1,85607
7290017589565,false,יין גוורצטרמינר קלאס,ברקן סגל,IL,קלאסיק,מיליליטרים,750.00,"100 מ""ל",false,,32.90,0.0439,true,1,56269
7290017595085,false,נפנף זול סטוק,,,נפנף זול סטוק,יחידה,0.00,יחידה,false,,3.00,0.0000,true,1,79321
7290017596037,false,גפרורים ארוכים,,,גפרורים ארוכים,יחידה,0.00,יחידה,false,,6.90,0.0000,true,1,87254
7290017599229,false,סוכרזית סוכרלוז 200,ביסקול,IL,סוכרזית סוכרלוז 200,יח',200.00,יח',false,,19.90,0.0995,true,1,70052
7290017599236,false,סוכרזית סטיוויה 200,ביסקול,IL,סוכרזית סטיוויה 200,יח',200.00,יח',false,,22.90,0.1145,true,1,70053
7290017599250,false,סוכרזית קלאסי 120 שק,ביסקול,IL,סוכרזית קלאסי 120 שק,גרמים,100.00,100 גרם,false,,15.90,0.1590,true,1,82861
7290017599267,false,סוכרזית סוכרלוז 120,ביסקול,IL,סוכרזית סוכרלוז 120,גרמים,120.00,100 גרם,false,,24.90,0.2075,true,1,82858
7290017616223,false,שעועית ירוקה שלמה יו,,,שעועית ירוקה שלמה יו,גרמים,800.00,100 גרם,false,,6.90,0.0086,true,1,70889
7290017616278,false,שעועית ירוקה חתוכה 8,,,שעועית ירוקה חתוכה 8,גרמים,800.00,100 גרם,false,,6.90,0.0086,true,1,70890
7290017616315,false,שעועית ירוקה שלמה עד,,,שעועית ירוקה שלמה עד,גרמים,600.00,100 גרם,false,,9.90,0.0165,true,1,70921
7290017616339,false,אפונה עדינה 600 גרם,,,אפונה עדינה 600 גרם,גרמים,600.00,100 גרם,false,,9.90,0.0165,true,1,70892
7290017616452,false,אפונה וגזר 800 גרם,,,אפונה וגזר 800 גרם,גרמים,800.00,100 גרם,false,,8.90,0.0111,true,1,70893
7290017616483,false,לקט ירקות מעורבים קפ,,,לקט ירקות מעורבים קפ,גרמים,800.00,100 גרם,false,,8.90,0.0111,true,1,70894
7290017616759,false,לקט לקוסקוס 800 גרם,,,לקט לקוסקוס 800 גרם,גרמים,800.00,100 גרם,false,,8.90,0.0111,true,1,70895
7290017616902,false,שעועית ירוקה שלמה עד,,BE,שעועית ירוקה שלמה עד,גרמים,800.00,100 גרם,false,,9.90,0.0124,true,1,68479
7290017616964,false,במיה 600 גרם,,,במיה 600 גרם,גרמים,600.00,100 גרם,false,,7.90,0.0132,true,1,70896
7290017616971,false,תחתיות ארטישוק 400 ג,,,תחתיות ארטישוק 400 ג,גרמים,400.00,100 גרם,false,,7.90,0.0198,true,1,70897
7290017616995,false,פולי סויה אדממה 600,,,פולי סויה אדממה 600,גרמים,600.00,100 גרם,false,,9.90,0.0165,true,1,70899
7290017641188,false,קרקר עם שיפון מלא וס,דוויטה ג'יי אס,,קרקר עם שיפון מלא וס,גרמים,130.00,100 גרם,false,,5.90,0.0454,true,1,57109
7290017641379,false,מאגדת שוקולד  חלב 44,כרמית,IL,מאגדת שוקולד  חלב 44,גרמים,85.00,100 גרם,false,,14.90,0.1753,true,1,82445
7290017647708,false,גמלא גוורצטרמינר,,IL,גמלא גוורצטרמינר,מיליליטרים,750.00,"100 מ""ל",false,,64.90,0.0865,true,1,69194
7290017662978,false,כבל טייפ סי נארז ביש,,,כבל טייפ סי נארז ביש,יחידה,0.00,יחידה,false,,25.90,0.0000,true,1,80278
7290017662992,false,מטען מיקרו נארז בישר,,,מטען מיקרו נארז בישר,יחידה,0.00,יחידה,false,,60.00,0.0000,true,1,80279
7290017663005,false,מטען נארז 25W,,,מטען נארז 25W,יחידה,0.00,יחידה,false,,109.00,0.0000,true,1,80280
7290017677804,false,רוטב סויה קיקומן 444,קיקומן פודז אינק,US,קיקומן,מיליליטרים,444.00,"100 מ""ל",false,,19.90,0.0448,true,1,57859
7290017696393,false,בורגר פטריות מן הצומ,עבאדי,IL,אנדיב ארוז,יח',1.00,יח',false,,34.90,34.9000,true,1,64621
7290017712208,false,פרמיו נתחי פילה עוף,,,פרמיו נתחי פילה עוף,יחידה,0.00,יחידה,false,,4.90,0.0000,true,1,62838
7290017712680,false,הוריזן עוף לכלב ננסי,,,הוריזן עוף לכלב ננסי,יחידה,0.00,יחידה,false,,4.90,0.0000,true,1,66230
7290017712727,false,פרמיו גור בקר וכבד 1,,,פרמיו גור בקר וכבד 1,גרמים,100.00,100 גרם,false,,4.90,0.0490,true,1,66098
7290017712741,false,פרמיו כבש 100 ג',,,פרמיו כבש 100 ג',גרמים,100.00,100 גרם,false,,4.90,0.0490,true,1,66100
7290017712772,false,פרמיו בקר וכבד 100 ג,,,פרמיו בקר וכבד 100 ג,גרמים,100.00,100 גרם,false,,4.90,0.0490,true,1,66103
7290017729275,false,סיון גליל נייר מודפס,,,סיון גליל נייר מודפס,יח',6.00,יח',false,,13.90,2.3167,true,1,56839
7290017729657,false,פנסי לבן 150 חד שכבת,חי,IL,פנסי,יח',150.00,יח',false,,5.90,0.0393,true,1,69151
7290017812052,false,אקסלנס שיראז קברנה ס,יקבי כרמל,IL,יקבי כרמל,מיליליטרים,750.00,"100 מ""ל",false,,24.90,0.0332,true,1,54617
7290017812069,false,אקסלנס ריזלינג שרדונ,יקבי כרמל,IL,יקבי כרמל,מיליליטרים,750.00,"100 מ""ל",false,,24.90,0.0332,true,1,54618
7290017812571,false,תירוש אדום 1 ליטר 10,יקבי כרמל,IL,מיץ ענבים,ליטרים,1.00,ליטר,false,,19.90,19.9000,true,1,60554
7290017812588,false,תירוש לבן 1 ליטר 100,יקבי כרמל,IL,מיץ ענבים,ליטרים,1.00,ליטר,false,,19.90,19.9000,true,1,60555
7290017812618,false,תירוש רוזה 1 ליטר 10,יקבי כרמל,IL,מיץ ענבים,ליטרים,1.00,ליטר,false,,19.90,19.9000,true,1,63640
7290017812830,false,רוזה פרייבט קולקשיין,יקבי כרמל,IL,Private collection,מיליליטרים,750.00,"100 מ""ל",false,,39.90,0.0532,true,1,68267
7290017812847,false,יין גוורצטרמינר סלקט,יקבי כרמל,IL,סלקטד,מיליליטרים,750.00,"100 מ""ל",false,,29.90,0.0399,true,1,66112
7290017812977,false,*מבצע* יין באזז אננס,יקבי כרמל,IL,סלקטד,מיליליטרים,750.00,"100 מ""ל",false,,23.90,0.0319,true,1,67527
7290017842141,false,נייר אפיה 40 יח שווה,,,נייר אפיה 40 יח שווה,יח',40.00,יח',false,,7.90,0.1975,true,1,70186
7290017870434,false,מגש עגול זהב 28.5 סמ,,,מגש עגול זהב 28.5 סמ,יחידה,0.00,יחידה,false,,12.90,0.0000,true,1,84844
7290017871462,false,חטיף פצפוצי אורז בשו,תות תעשיות מזון,IL,טוסו,גרמים,105.00,100 גרם,false,,16.90,0.1610,true,1,59149
7290017871974,false,ג'לי בטעם תות שדה 25,,,טוסו,גרמים,25.00,100 גרם,false,,9.90,0.3960,true,1,64421
7290017871998,false,פודינג אינסטנט בטעם,,,טוסו,גרמים,30.00,100 גרם,false,,9.90,0.3300,true,1,64423
7290017872049,false,אל סבון פמלי בניחוח,אברנסל קוסמטיקס,TR,פמלי,ליטרים,1.50,ליטר,false,,13.90,9.2667,true,1,64386
7290017872056,false,אל סבון פמלי סדרה לב,אברנסל קוסמטיקס,TR,פמלי,ליטרים,1.50,ליטר,false,,13.90,9.2667,true,1,64387
7290017872063,false,אל סבון פמלי ארומתרפ,אברנסל קוסמטיקס,TR,פמלי,ליטרים,1.50,ליטר,false,,13.90,9.2667,true,1,64388
7290017872179,false,"עוגיות טחינה לל""ס 20","רוקחמן בע""מ",IL,טוסו,גרמים,200.00,100 גרם,false,,14.90,0.0745,true,1,63838
7290017873008,false,גלילונית שקיות להקפא,"אשפלסט תעשיות בע""מ",IL,גלילונית,יח',275.00,יח',false,,11.90,0.0433,true,1,69438
7290017873039,false,גלילונית סנדוויץ' זו,"קינג באג בע""מ",TH,גלילונית,יח',320.00,יח',false,,9.90,0.0309,true,1,69439
7290017888095,false,שוופס מוגז עדין פירו,יפאורה תבורי,IL,שוופס,מיליליטרים,1320.00,"100 מ""ל",false,,11.90,0.0090,true,1,57546
7290017888101,false,שוופס מוגז עדין אפרס,יפאורה תבורי,IL,שוופס,מיליליטרים,1320.00,"100 מ""ל",false,,11.90,0.0090,true,1,57306
7290017888729,false,שוופס סודה 1 ל',יפאורה תבורי,IL,יפאורה,ליטרים,1.00,ליטר,false,,3.90,3.9000,true,1,63844
7290017888972,false,מים מינרליים מי עדן,יפאורה תבורי,IL,מי עדן,ליטרים,1.00,ליטר,false,,3.90,3.9000,true,1,64028
7290017894034,false,דגש - פתיתי שיבולת ש,,,דגש - פתיתי שיבולת ש,יחידה,400.00,יחידה,false,,18.90,0.0472,true,1,82240
7290017894102,false,דגש - פנה אורז תירס,,,דגש - פנה אורז תירס,יחידה,400.00,יחידה,false,,9.90,0.0248,true,1,82245
7290017894126,false,דגש - פוזילי טריקולו,,,דגש - פוזילי טריקולו,יחידה,400.00,יחידה,false,,9.90,0.0248,true,1,82247
7290017907208,false,תמי קמח רב תכליתי 50,,,תמי קמח רב תכליתי 50,גרמים,500.00,100 גרם,false,,18.90,0.0378,true,1,66907
7290017917467,false,*מבצע* קמיל בלו אל ס,,,*מבצע* קמיל בלו אל ס,ליטרים,1.00,ליטר,false,,24.90,24.9000,true,1,58171
7290017917764,false,*מבצע* קרם גוף אפקטי,"ד""ר פישר",,"ד""ר פישר",מיליליטרים,450.00,"100 מ""ל",false,,21.90,0.0487,true,1,64266
7290017925967,false,מארז בירה מלכה רביעי,בירה מלכה,IL,מארז בירה מלכה רביעי,ליטרים,1.32,ליטר,false,,41.90,31.7424,true,1,86252
7290017928036,false,מקלות גריסיני שומשום,מאיר בייגל,IL,מאיר בייגל,גרמים,175.00,100 גרם,false,,11.90,0.0680,true,1,59861
7290017928043,false,גריסיני קראנץ' עם מל,מאיר בייגל,IL,מאיר בייגל,גרמים,175.00,100 גרם,false,,11.90,0.0680,true,1,59862
7290017928463,false,*מבצע* שברי בייגלה ב,סבימקס,BG,*מבצע* שברי בייגלה ב,גרמים,300.00,100 גרם,false,,10.00,0.0333,true,1,66246
7290017928661,false,*מבצע* שברי בייגלה ב,סבימקס,BG,*מבצע* שברי בייגלה ב,גרמים,300.00,100 גרם,false,,10.00,0.0333,true,1,66247
7290017928821,false,מקלות גריסיני קלאסי,מאיר בייגל,IL,מאיר בייגל,גרמים,200.00,100 גרם,false,,11.90,0.0595,true,1,59872
7290017946368,false,*מבצע* מארז שלשות כד,הנקל סוד,RS,סוד,גרמים,150.00,100 גרם,false,,14.90,0.0993,true,1,65532
7290017947105,false,לחם בסגנון אמריקה אנ,אנג'ל,IL,אנגל,גרמים,500.00,100 גרם,false,,14.90,0.0298,true,1,60491
7290017947495,false,לחמניות כוסמין 6 יחי,אנג'ל,IL,לחמניות כוסמין,גרמים,450.00,100 גרם,false,,15.90,0.0353,true,1,65540
7290017947891,false,כוסמין וחיטה מלאה 75,אנג'ל,IL,אנגל,גרמים,750.00,100 גרם,false,,16.90,0.0225,true,1,60492
7290017973036,false,קונפיטורת פירות יער,"י.א.א עולם הפרי בע""מ",IL,רוסמן,גרמים,900.00,100 גרם,false,,19.90,0.0221,true,1,58347
7290018023495,false,טחינה סבא חביב 500 ג,מ.א ושות',IL,סבא חביב,גרמים,500.00,100 גרם,false,,14.90,0.0298,true,1,66550
7290018045084,false,*מבצע* דגנים במילוי,monday,DE,*מבצע* דגנים במילוי,גרמים,480.00,100 גרם,false,,15.90,0.0331,true,1,70115
7290018045497,false,*מבצע* דגנים במילוי,monday,DE,*מבצע* דגנים במילוי,גרמים,480.00,100 גרם,false,,15.90,0.0331,true,1,70116
7290018045695,false,*מבצע* דגנים במילוי,monday,DE,*מבצע* דגנים במילוי,גרמים,480.00,100 גרם,false,,15.90,0.0331,true,1,70117
7290018045893,false,*מבצע* דגנים במילוי,monday,DE,*מבצע* דגנים במילוי,גרמים,480.00,100 גרם,false,,15.90,0.0331,true,1,70118
7290018091029,false,מקלות פילו תפוא 450,מעדנות,IL,מעדנות,גרמים,450.00,100 גרם,false,,17.90,0.0398,true,1,62174
7290018091074,false,בצק עוגיות שוקולד צ',מעדנות,IL,בצק עוגיות שוקולד צ',גרמים,300.00,100 גרם,false,,16.90,0.0563,true,1,81875
7290018091272,false,בצק עוגיות קקאו טריפ,מעדנות,IL,בצק עוגיות קקאו טריפ,גרמים,300.00,100 גרם,false,,16.90,0.0563,true,1,81876
7290018091661,false,פיצה שוק,תנובה,IL,פיצה שוק,גרמים,380.00,100 גרם,false,,19.90,0.0524,true,1,69016
7290018091876,false,מאפה פילו גבינה 320,מעדנות,IL,מאפה פילו גבינה 320,גרמים,320.00,100 גרם,false,,19.90,0.0622,true,1,79911
7290018091890,false,קופון בצק עוגיות שוק,,,קופון בצק עוגיות שוק,יח',1.00,יח',false,,0.01,0.0100,true,1,85726
7290018096710,false,חוברת צביעה עם מדבקו,,,חוברת צביעה עם מדבקו,יחידה,0.00,יחידה,false,,10.90,0.0000,true,1,84947
7290018108239,false,חסה לליק,סיסה ס.ר.ל,IL,חסה לליק,יח',1.00,יח',false,,12.90,12.9000,true,1,86658
7290018131534,false,*מבצע* מאגדת מיני בי,פרונרי פולין וודסקה,PL,מילקה,גרמים,203.00,100 גרם,false,,15.90,0.0783,true,1,64245
7290018131831,false,מאגדת שלגון מילקה ונ,גלידות נסטלה,IL,גלידות נסטלה,יח,4.00,יח,false,,32.90,8.2250,true,1,66749
7290018131855,false,אקסטרים בראוניז 6 יח,גלידות נסטלה,IL,אקסטרים,יח',6.00,יח',false,,32.90,5.4833,true,1,67167
7290018131879,false,אקסטרים ריבת חלב 6 י,גלידות נסטלה,IL,אקסטרים,יח',6.00,יח',false,,32.90,5.4833,true,1,67168
7290018132388,false,מטרנה גולד 700 גרם ש,מטרנה,IL,מטרנה גולד 700 גרם ש,גרמים,700.00,100 גרם,false,,74.90,0.1070,true,1,84338
7290018132425,false,מטרנה גולד 700 גרם ש,מטרנה,IL,מטרנה גולד 700 גרם ש,גרמים,700.00,100 גרם,false,,74.90,0.1070,true,1,84339
7290018156124,false,שלישיית אל סבון קמיל,"ד""ר פישר",IL,קמיל,גרמים,1.50,100 גרם,false,,19.90,13.2667,true,1,60060
7290018165447,false,*מבצע* יין רזרב מרלו,ברקן סגל,IL,ספיישל רזרב,מיליליטרים,750.00,"100 מ""ל",false,,39.90,0.0532,true,1,66040
7290018186008,false,שרי אשכולות ארוז,,,שרי אשכולות ארוז,גרמים,460.00,100 גרם,false,,8.90,0.0193,true,1,59455
7290018192023,false,סלרי חתוך יח',,,סלרי חתוך יח',יח',1.00,יח',false,,5.90,5.9000,true,1,59525
7290018192658,false,מארז פטריות זוג איטל,,IL,מארז פטריות זוג,יח',1.00,יח',false,,15.90,15.9000,true,1,64509
7290018194256,false,*מבצע* ערק ג'בלנא 16,,,*מבצע* ערק ג'בלנא 16,מיליליטרים,700.00,"100 מ""ל",false,,34.90,0.0499,true,1,69327
7290018198148,false,קריספי צ'יפס קלאסי ת,אסם,IL,קריספי צ'יפס קלאסי ת,קילוגרמים,1.25,"ק""ג",false,,22.90,18.3200,true,1,68142
7290018198209,false,צ'יפס בטטה קראנצי 50,"תעשיות תפוגן בע""מ",IL,צ'יפס בטטה קראנצי 50,גרמים,500.00,100 גרם,false,,17.90,0.0358,true,1,65910
7290018198254,false,קריספי צ'יפס פוטטוס,אסם,IL,קריספי צ'יפס פוטטוס,קילוגרמים,1.25,"ק""ג",false,,22.90,18.3200,true,1,68143
7290018208052,false,תמר לח חיאני 500 גרם,,,תמר לח חיאני 500 גרם,גרמים,500.00,100 גרם,false,,9.90,0.0198,true,1,85732
7290018236635,false,*מבצע* עוף טוב צ'ונג,עוף טוב,IL,*מבצע* עוף טוב צ'ונג,גרמים,600.00,100 גרם,false,,29.90,0.0498,true,1,66090
7290018237281,false,נקניק סלמי ירדן 550,עוף טוב,IL,עוף טוב,גרמים,550.00,100 גרם,false,,21.90,0.0398,true,1,68839
7290018237373,false,פסטרמה צרובה על הגרי,"עוף טוב (שאן) בע""מ",IL,פסטרמה צרובה על הגרי,גרמים,300.00,100 גרם,false,,26.90,0.0897,true,1,68648
7290018237397,false,פסטרמה מקורמלת מנתח,"עוף טוב (שאן) בע""מ",IL,פסטרמה מקורמלת מנתח,גרמים,300.00,100 גרם,false,,26.90,0.0897,true,1,68649
7290018237410,false,פסטרמה במעשנה מנתח ש,"עוף טוב (שאן) בע""מ",IL,פסטרמה במעשנה מנתח ש,גרמים,300.00,100 גרם,false,,26.90,0.0897,true,1,68650
7290018237489,false,פסטרמה ברביקיו דק דק,"עוף טוב (שאן) בע""מ",IL,פסטרמה ברביקיו דק דק,גרמים,220.00,100 גרם,false,,19.90,0.0905,true,1,71098
7290018237502,false,כתף בקר דק דק 200 גר,"עוף טוב (שאן) בע""מ",IL,כתף בקר דק דק 200 גר,גרמים,200.00,100 גרם,false,,19.90,0.0995,true,1,71100
7290018237922,false,*מבצע* שניצלונים בצי,עוף טוב,IL,עוף טוב,גרמים,700.00,100 גרם,false,,12.90,0.0184,true,1,80501
7290018237939,false,*מבצע* שניצלונים בצי,עוף טוב,IL,עוף טוב,גרמים,700.00,100 גרם,false,,12.90,0.0184,true,1,80502
7290018237960,false,כתף בקר עוף טוב 265,עוף טוב,IL,עוף טוב,גרמים,265.00,100 גרם,false,,24.90,0.0940,true,1,83197
7290018282038,false,מגבוני טואלט לחים של,,,מגבוני טואלט לחים של,יח,3.00,יח,false,,9.90,3.3000,true,1,68547
7290018282199,false,אל סבון משאבה יוחננו,,,אל סבון משאבה יוחננו,ליטרים,1.00,ליטר,false,,8.90,8.9000,true,1,68540
7290018282397,false,אל סבון משאבה יוחננו,,,אל סבון משאבה יוחננו,ליטרים,1.00,ליטר,false,,8.90,8.9000,true,1,68541
7290018282595,false,אל סבון משאבה יוחננו,,,אל סבון משאבה יוחננו,ליטרים,1.00,ליטר,false,,8.90,8.9000,true,1,68542
7290018282793,false,מטליות לניקוי רצפה י,,,מטליות לניקוי רצפה י,יח,1.00,יח,false,,7.90,7.9000,true,1,68543
7290018282847,false,אל סבון משאבה יוחננו,,,אל סבון משאבה יוחננו,ליטרים,1.00,ליטר,false,,8.90,8.9000,true,1,68544
7290018294208,false,סלקטד אדום ישראלי,יקבי כרמל,IL,סלקטד,מיליליטרים,750.00,"100 מ""ל",false,,29.90,0.0399,true,1,68505
7290018296042,false,לחם טוסט אמריקה 500,מאפיית אגמי,,לחם טוסט אמריקה 500,גרמים,500.00,100 גרם,false,,12.90,0.0258,true,1,68527
7290018296257,false,לחם בריאות ושובע שיב,מאפיית אגמי,,לחם בריאות ושובע שיב,גרמים,550.00,100 גרם,false,,15.90,0.0289,true,1,68503
7290018296448,false,לחם בריוש 500 גרם,מאפיית אגמי,IL,אגמי,גרמים,500.00,100 גרם,false,,13.90,0.0278,true,1,71041
7290018296455,false,לחם דגנים קל חלי ממן,מאפיית אגמי,IL,אגמי,גרמים,750.00,100 גרם,false,,16.90,0.0225,true,1,71042
7290018296608,false,לחם בריאות ושובע 9 ד,,,לחם בריאות תשע דגנים,גרמים,600.00,100 גרם,false,,13.90,0.0232,true,1,60385
7290018296615,false,10 פיתה ביס כוסמין מ,מאפיית אגמי,IL,10 פיתה ביס כוסמין מ,גרמים,450.00,100 גרם,false,,15.90,0.0353,true,1,60388
7290018296653,false,לחם אחיד פלוס כוסמין,מאפיית אגמי,IL,אגמי,גרמים,700.00,100 גרם,false,,16.90,0.0241,true,1,71043
7290018296806,false,לחם בריאות ושובע מוע,,,לחם בריאות קל,גרמים,600.00,100 גרם,false,,13.90,0.0232,true,1,60386
7290018296813,false,10 פיתה קלה ביס,,,לחם בריאות זיתים,יח',450.00,יח',false,,13.90,0.0309,true,1,60389
7290018343296,false,*מבצע* אלכוג'ל 100 מ,"ד""ר פישר",IL,"ד""ר פישר",מיליליטרים,100.00,"100 מ""ל",false,,9.90,0.0990,true,1,83221
7290018343340,false,"ד""ר פישר שמפו לשיער","ד""ר פישר",IL,"ד""ר פישר שמפו לשיער",מיליליטרים,400.00,"100 מ""ל",false,,39.90,0.0997,true,1,65335
7290018343357,false,"ד""ר פישר מרכך לשיער","ד""ר פישר",IL,"ד""ר פישר מרכך לשיער",מיליליטרים,400.00,"100 מ""ל",false,,39.90,0.0997,true,1,65336
7290018359129,false,עגבניות פולפה יכין 6,אמיליאנה קונסרב,IT,עגבניות פולפה יכין 6,גרמים,690.00,100 גרם,false,,10.90,0.0158,true,1,69080
7290018359334,false,פריכוז שף יכין 580 ג,זנלכל,IL,פריכוז שף,גרמים,580.00,100 גרם,false,,9.90,0.0171,true,1,65517
7290018359495,false,תירס מהשדה יכין 550,זנלכל,IL,תירס מהשדה יכין 550,גרמים,550.00,100 גרם,false,,9.90,0.0180,true,1,65519
7290018359518,false,שלישיית תירס מהשדה י,זנלכל,IL,שלישיית תירס מהשדה י,גרמים,600.00,100 גרם,false,,14.90,0.0248,true,1,65518
7290018359556,false,*מבצע* תירס מהשדה יכ,זנלכל,IL,*מבצע* תירס מהשדה יכ,גרמים,400.00,100 גרם,false,,6.90,0.0173,true,1,65520
7290018359662,false,מארז שלישייה קוביות,יכין,,מארז שלישייה קוביות,גרמים,600.00,100 גרם,false,,14.90,0.0248,true,1,69082
7290018359686,false,*מבצע* חומוס ענק יכי,יכין,IL,*מבצע* חומוס ענק יכי,גרמים,550.00,100 גרם,false,,8.90,0.0162,true,1,68150
7290018359716,false,רוטב פיצה טוסקנה יכי,זנלכל,IL,רוטב פיצה 260 גרם,גרמים,240.00,100 גרם,false,,5.50,0.0229,true,1,67308
7290018359877,false,*מבצע* רסק עגבניות ט,,,*מבצע* רסק עגבניות ט,גרמים,600.00,100 גרם,false,,8.90,0.0148,true,1,70214
7290018359884,false,*מבצע* פולפה ליקופן,יכין,IL,*מבצע* פולפה ליקופן,גרמים,800.00,100 גרם,false,,13.90,0.0174,true,1,70211
7290018359938,false,*מבצע* רוטב עגבניות,יכין,IL,*מבצע* רוטב עגבניות,גרמים,400.00,100 גרם,false,,9.90,0.0248,true,1,81885
7290018359945,false,*מבצע* חאריפה -רוטב,יכין,IL,*מבצע* חאריפה -רוטב,גרמים,400.00,100 גרם,false,,9.90,0.0248,true,1,81886
7290018359952,false,*מבצע* רוטב עגבניות,יכין,IL,*מבצע* רוטב עגבניות,גרמים,400.00,100 גרם,false,,9.90,0.0248,true,1,81887
7290018380215,false,קורנישון מיני פיקנטי,קולמן,IN,תומר,גרמים,720.00,100 גרם,false,,10.90,0.0151,true,1,67808
7290018380871,false,פטיסון 670 גרם,אי סי אס,MD,תומר,גרמים,670.00,100 גרם,false,,14.90,0.0222,true,1,69772
7290018394038,false,פטריות שיטאקי מיובשו,,,פטריות שיטאקי מיובשות,גרמים,25.00,100 גרם,false,,7.90,0.3160,true,1,65782
7290018394083,false,שום פנינה,,IL,פטריות יער,יח',1.00,יח',false,,13.90,13.9000,true,1,68430
7290018394113,false,פטריות שי מגי דואט,,IL,פטריות יער,גרמים,300.00,100 גרם,false,,17.90,0.0597,true,1,71003
7290018394151,false,מיקס פטריות אקזוטי י,"פנטה אמפאק בע""מ",IL,פטריות שיטאקי טרי,גרמים,400.00,100 גרם,false,,24.90,0.0622,true,1,81760
7290018400647,false,בננה תמר סמוטיז,"סנפרוסט בע""מ",IL,סנפרוסט,גרמים,300.00,100 גרם,false,,12.90,0.0430,true,1,67037
7290018400661,false,לקט פאייה בסגנון ספר,"סנפרוסט בע""מ",IL,סנפרוסט,גרמים,800.00,100 גרם,false,,22.90,0.0286,true,1,68163
7290018440070,false,תרכיז עגבניות בשפורפ,אמיליאנה קונסרב,IT,תרכיז עגבניות בשפורפ,מיליליטרים,200.00,"100 מ""ל",false,,8.90,0.0445,true,1,66917
7290018440193,false,בייגלה פליפז בציפוי,אולקר מקבוצת פלאדיס,TR,פליפז,גרמים,140.00,100 גרם,false,,8.90,0.0636,true,1,65965
7290018440209,false,בייגלה פליפז בציפוי,אולקר מקבוצת פלאדיס,TR,פליפז,גרמים,140.00,100 גרם,false,,8.90,0.0636,true,1,65966
7290018440223,false,*מבצע* צ'אי מסאלה וי,ויסוצקי,,*מבצע* צ'אי מסאלה וי,יח',25.00,יח',false,,17.90,0.7160,true,1,68672
7290018440230,false,*מבצע* צ'אי ורדים וי,ויסוצקי,,*מבצע* צ'אי ורדים וי,יח',25.00,יח',false,,17.90,0.7160,true,1,68678
7290018440247,false,*מבצע* צ'אי שקדים וי,ויסוצקי,,*מבצע* צ'אי שקדים וי,יח',25.00,יח',false,,17.90,0.7160,true,1,68673
7290018440254,false,*מבצע* צ'אי קרמל מלו,ויסוצקי,,*מבצע* צ'אי קרמל מלו,יח',25.00,יח',false,,17.90,0.7160,true,1,68679
7290018440384,false,*מבצע* תה ירוק מאטה,ויסוצקי,IL,ויסוצקי,גרמים,937.50,100 גרם,false,,17.90,0.0191,true,1,68674
7290018440391,false,*מבצע* תה ירוק מאטה,ויסוצקי,IL,ויסוצקי,גרמים,937.50,100 גרם,false,,17.90,0.0191,true,1,68675
7290018440407,false,*מבצע* תה ירוק מאטה,ויסוצקי,IL,ויסוצקי,גרמים,937.50,100 גרם,false,,17.90,0.0191,true,1,68676
7290018440438,false,*מבצע* טונה EASY  בש,קאלבו קונסרבס ס.ל.ו,ES,*מבצע* טונה EASY  בש,גרמים,195.00,100 גרם,false,,22.90,0.1174,true,1,71305
7290018440483,false,בייגלה פליפז מצופה ב,אולקר מקבוצת פלאדיס,TR,פליפז,גרמים,140.00,100 גרם,false,,8.90,0.0636,true,1,68022
7290018441985,false,פרצלס עם הכל,מוצרי איכות אמריקאיי,IL,בראנץ וקראנץ,גרמים,280.00,100 גרם,false,,14.90,0.0532,true,1,68774
7290018468401,false,פסטרמה צמחונית בטעם,טירת צבי,IL,פסטרמה צמחונית בטעם,גרמים,120.00,100 גרם,false,,17.90,0.1492,true,1,86114
7290018468418,false,פסטרמה צמחונית בטעם,טירת צבי,IL,פסטרמה צמחונית בטעם,גרמים,120.00,100 גרם,false,,17.90,0.1492,true,1,86115
7290018468425,false,נקניק טבעוני בטעם פי,טירת צבי,IL,נקניק טבעוני בטעם פי,גרמים,100.00,100 גרם,false,,17.90,0.1790,true,1,86116
7290018468432,false,נקניק טבעוני בטעם מע,טירת צבי,IL,נקניק טבעוני בטעם מע,גרמים,100.00,100 גרם,false,,17.90,0.1790,true,1,86117
7290018471029,false,שוופס סודה לימון 0.5,יפאורה תבורי,IL,שוופס,מיליליטרים,500.00,"100 מ""ל",false,,13.90,0.0278,true,1,65507
7290018471180,false,*מבצע* פרוט & ווג' א,יפאורה תבורי,IL,*מבצע* פרוט & ווג' א,ליטרים,1.00,ליטר,false,,9.90,9.9000,true,1,67204
7290018471197,false,*מבצע* פרוט & ווג' ת,יפאורה תבורי,IL,*מבצע* פרוט & ווג' ת,ליטרים,1.00,ליטר,false,,9.90,9.9000,true,1,67205
7290018471210,false,ספרינג קרטוניות אגס,יפאורה תבורי,IL,ספרינג,ליטרים,1.00,ליטר,false,,6.70,6.7000,true,1,67105
7290018471395,false,*מבצע* פרוט & ווג' ת,יפאורה תבורי,IL,*מבצע* פרוט & ווג' ת,ליטרים,1.00,ליטר,false,,9.90,9.9000,true,1,67206
7290018471449,false,ספרינג שייק בננה תמר,יפאורה תבורי,IL,ספרינג שייק בננה תמר,ליטרים,1.00,ליטר,false,,11.90,11.9000,true,1,68057
7290018471456,false,ספרינג שייק אננס מנג,יפאורה תבורי,IL,ספרינג שייק אננס מנג,ליטרים,1.00,ליטר,false,,11.90,11.9000,true,1,68058
7290018471463,false,תפוזינה נקטר קרטונית,יפאורה תבורי,IL,תפוזינה נקטר קרטונית,ליטרים,1.00,ליטר,false,,6.80,6.8000,true,1,67259
7290018471487,false,תפוזינה נקטר קרטונית,יפאורה תבורי,IL,תפוזינה נקטר קרטונית,ליטרים,1.00,ליטר,false,,6.80,6.8000,true,1,67261
7290018471494,false,תפוזינה קרטונית תפוז,יפאורה תבורי,IL,תפוזינה קרטונית תפוז,ליטרים,1.00,ליטר,false,,6.80,6.8000,true,1,67262
7290018471548,true,"ספרינג ענבים 250 מ""ל",יפאורה תבורי,IL,ספרינג,ליטרים,1.00,ליטר,false,,11.20,11.2000,true,1,67106
7290018471616,false,שוופס אינדיאן טוניק,יפאורה תבורי,IL,שוופס אינדיאן טוניק,ליטרים,1.00,ליטר,false,,9.10,9.1000,true,1,67579
7290018471623,false,שוופס טוניק אשכוליות,יפאורה תבורי,IL,שוופס טוניק אשכוליות,ליטרים,1.00,ליטר,false,,9.10,9.1000,true,1,67580
7290018471630,false,שוופס טוניק מלפפון ל,יפאורה תבורי,IL,שוופס טוניק מלפפון ל,ליטרים,1.00,ליטר,false,,9.10,9.1000,true,1,67581
7290018471906,false,שוופס מוגז פירות לימ,יפאורה תבורי,IL,שוופס פרוטס,ליטרים,1.50,ליטר,false,,8.80,5.8667,true,1,69724
7290018471913,false,שוופס מוגז פירות תפו,יפאורה תבורי,IL,שוופס פרוטס,ליטרים,1.50,ליטר,false,,8.80,5.8667,true,1,69725
7290018471920,false,שוופס מוגז פירות ענב,יפאורה תבורי,IL,שוופס פרוטס,ליטרים,1.50,ליטר,false,,8.80,5.8667,true,1,69726
7290018471937,false,שוופס מוגז פירות תות,יפאורה תבורי,IL,שוופס פרוטס,ליטרים,1.50,ליטר,false,,8.80,5.8667,true,1,69727
7290018471944,false,שוופס מוגז פירות לימ,יפאורה תבורי,IL,שוופס פרוטס,ליטרים,1.50,ליטר,false,,8.80,5.8667,true,1,69728
7290018471951,false,שוופס מוגז פירות אשכ,יפאורה תבורי,IL,שוופס פרוטס,ליטרים,1.50,ליטר,false,,8.80,5.8667,true,1,69729
7290018493700,false,סבון ידיים כחול ויטמ,דר פישר,,סבון ידיים כחול ויטמ,מיליליטרים,500.00,"100 מ""ל",false,,12.90,0.0258,true,1,69002
7290018493717,false,סבון ידיים  ורוד ויט,דר פישר,,סבון ידיים  ורוד ויט,מיליליטרים,500.00,"100 מ""ל",false,,12.90,0.0258,true,1,69003
7290018493915,false,שמן גוף לתינוק מועשר,דר פישר,IL,שמן גוף לתינוק מועשר,מיליליטרים,200.00,"100 מ""ל",false,,17.90,0.0895,true,1,79405
7290018493977,false,*מבצע* אל סבון בתמצי,,IL,דר פישר,ליטרים,1.00,ליטר,false,,12.90,12.9000,true,1,68998
7290018500361,false,לחם אחיד פרוס אנגל 9,,,לחם אחיד פרוס אנגל 9,גרמים,900.00,100 גרם,false,,8.30,0.0092,true,1,82843
7290018500385,false,חלה רגילה אנג'ל 650,,,חלה רגילה אנג'ל 650,גרמים,650.00,100 גרם,false,,5.10,0.0078,true,1,82932
7290018509128,false,קערה 9 ריינבו ארוז 1,,,קערה 9 ריינבו ארוז 1,יחידה,0.00,יחידה,false,,10.90,0.0000,true,1,78305
7290018509197,false,קסרול בנדע לבן 20 יח,,,קסרול בנדע לבן 20 יח,יחידה,0.00,יחידה,false,,4.90,0.0000,true,1,78309
7290018509210,false,קסרול בנדע קרם 20 יח,,,קסרול בנדע קרם 20 יח,יחידה,0.00,יחידה,false,,4.90,0.0000,true,1,78310
7290018509234,false,קסרול בנדע זהב 20 יח,,,קסרול בנדע זהב 20 יח,יחידה,0.00,יחידה,false,,4.90,0.0000,true,1,78311
7290018509241,false,קסרול בנדע שחור 20 י,,,קסרול בנדע שחור 20 י,יחידה,0.00,יחידה,false,,4.90,0.0000,true,1,78312
7290018509258,false,קסרול בנדע כסף 20 יח,,,קסרול בנדע כסף 20 יח,יחידה,0.00,יחידה,false,,4.90,0.0000,true,1,79567
7290018509272,false,ליפתניה בנדע לבן 20,,,ליפתניה בנדע לבן 20,יחידה,0.00,יחידה,false,,3.90,0.0000,true,1,80856
7290018509289,false,מרקיה בנדע קרם\20יח\,,,מרקיה בנדע קרם\20יח\,יחידה,0.00,יחידה,false,,3.90,0.0000,true,1,78313
7290018509302,false,ליפתניה בנדע זהב 20,,,ליפתניה בנדע זהב 20,יחידה,0.00,יחידה,false,,3.90,0.0000,true,1,78314
7290018509319,false,ליפתניה בנדע שחור 20,,,ליפתניה בנדע שחור 20,יחידה,0.00,יחידה,false,,3.90,0.0000,true,1,86732
7290018509326,false,ליפתניה בנדע כסף 20,,,ליפתניה בנדע כסף 20,יחידה,0.00,יחידה,false,,3.90,0.0000,true,1,78315
7290018509340,false,מגש אובלי עמוק בנדע,,,מגש אובלי עמוק בנדע,יחידה,0.00,יחידה,false,,10.90,0.0000,true,1,78316
7290018509388,false,מגש אובלי עמוק בנדע,,,מגש אובלי עמוק בנדע,יחידה,0.00,יחידה,false,,10.90,0.0000,true,1,78319
7290018509425,false,מגש אובלי שטוח בנדע,,,מגש אובלי שטוח בנדע,יחידה,0.00,יחידה,false,,14.90,0.0000,true,1,84478
7290018509487,false,צלחת 10 בנדע לבן\20\,,,צלחת 10 בנדע לבן\20\,יחידה,0.00,יחידה,false,,14.90,0.0000,true,1,78321
7290018509548,false,צלחת 10 בנדע קרם\20\,,,צלחת 10 בנדע קרם\20\,יחידה,0.00,יחידה,false,,14.90,0.0000,true,1,78322
7290018509586,false,צלחת 10 בנדע זהב\20י,,,צלחת 10 בנדע זהב\20י,יחידה,0.00,יחידה,false,,14.90,0.0000,true,1,80783
7290018509593,false,צלחת 10 בנדע שחור 20,,,צלחת 10 בנדע שחור 20,יחידה,0.00,יחידה,false,,14.90,0.0000,true,1,78323
7290018509609,false,צלחת 10 בנדע כסף\20י,,,צלחת 10 בנדע כסף\20י,יחידה,0.00,יחידה,false,,14.90,0.0000,true,1,78324
7290018509623,false,צלחת 9 בנדע לבן 20 י,,,צלחת 9 בנדע לבן 20 י,יחידה,0.00,יחידה,false,,9.90,0.0000,true,1,78325
7290018509685,false,צלחת 9 בנדע קרם\20יח,,,צלחת 9 בנדע קרם\20יח,יחידה,0.00,יחידה,false,,9.90,0.0000,true,1,78326
7290018509722,false,צלחת 9 בנדע זהב\20יח,,,צלחת 9 בנדע זהב\20יח,יחידה,0.00,יחידה,false,,9.90,0.0000,true,1,78327
7290018509739,false,צלחת 9 בנדע שחור\20\,,,צלחת 9 בנדע שחור\20\,יחידה,0.00,יחידה,false,,9.90,0.0000,true,1,78328
7290018509746,false,צלחת 9 בנדע כסף\20\5,,,צלחת 9 בנדע כסף\20\5,יחידה,0.00,יחידה,false,,9.90,0.0000,true,1,78329
7290018509760,false,צלחת 7 בנדע לבן\20יח,,,צלחת 7 בנדע לבן\20יח,יחידה,0.00,יחידה,false,,5.90,0.0000,true,1,78330
7290018509821,false,צלחת 7 בנדע שמנת 20,,,צלחת 7 בנדע שמנת 20,יחידה,0.00,יחידה,false,,5.90,0.0000,true,1,82607
7290018509869,false,צלחת 7 בנדע זהב 20 י,,,צלחת 7 בנדע זהב 20 י,יחידה,0.00,יחידה,false,,5.90,0.0000,true,1,86384
7290018509883,false,צלחת 7 בנדע כסף\20יח,,,צלחת 7 בנדע כסף\20יח,יחידה,0.00,יחידה,false,,5.90,0.0000,true,1,78332
7290018509906,false,מרקיה פשוט בנדע \20י,,,מרקיה פשוט בנדע \20י,יחידה,0.00,יחידה,false,,6.90,0.0000,true,1,78333
7290018509913,false,מרקיה בנדע קרם 20 יח,,,מרקיה בנדע קרם 20 יח,יחידה,0.00,יחידה,false,,6.90,0.0000,true,1,79568
7290018509944,false,מרקיה בנדע שחור\20יח,,,מרקיה בנדע שחור\20יח,יחידה,0.00,יחידה,false,,6.90,0.0000,true,1,78334
7290018509951,false,מרקיה בנדע כסף 20 יח,,,מרקיה בנדע כסף 20 יח,יחידה,0.00,יחידה,false,,6.90,0.0000,true,1,82545
7290018516393,false,פרמיו מיקס,,,פרמיו מיקס,קילוגרמים,3.00,"ק""ג",false,,59.90,19.9667,true,1,69404
7290018516577,false,פרימו דליקט עוף לחתל,,,פרימו דליקט עוף לחתל,גרמים,56.00,100 גרם,false,,9.90,0.1768,true,1,82648
7290018516607,false,הורייזן מחית בשר טונ,,,הורייזן מחית בשר טונ,גרמים,90.00,100 גרם,false,,9.90,0.1100,true,1,82642
7290018516614,false,הורייזן מחית בשר סלמ,,,הורייזן מחית בשר סלמ,גרמים,90.00,100 גרם,false,,9.90,0.1100,true,1,82643
7290018516928,false,פרימו בקר וכבד במרקם,,,פרימו בקר וכבד במרקם,גרמים,300.00,100 גרם,false,,9.90,0.0330,true,1,82650
7290018516935,false,פרמיו עוף במרקם פטה,,,פרמיו עוף במרקם פטה,גרמים,300.00,100 גרם,false,,9.90,0.0330,true,1,82651
7290018516942,false,פרימיו סופרים מועשר,,,פרימיו סופרים מועשר,קילוגרמים,3.00,"ק""ג",false,,49.90,16.6333,true,1,86374
7290018516959,false,פרימיו סופרים מועשר,,,פרימיו סופרים מועשר,קילוגרמים,3.00,"ק""ג",false,,49.90,16.6333,true,1,86375
7290018516966,false,פרימיו סופרים מועשר,,,פרימיו סופרים מועשר,קילוגרמים,3.00,"ק""ג",false,,49.90,16.6333,true,1,86376
7290018542989,false,קערה עגולה מתכלה 7.5,,,קערה עגולה מתכלה 7.5,יחידה,0.00,יחידה,false,,19.90,0.0000,true,1,84828
7290018555361,false,פאזלים בקופסא פרוזן,,,פאזלים בקופסא פרוזן,יחידה,0.00,יחידה,false,,10.90,0.0000,true,1,84163
7290018555989,false,התאמות -מיקי,,,התאמות -מיקי,1,1.00,1,false,,10.90,10.9000,true,1,80356
7290018571231,false,עדשי שוקולד 400 גרם,מיה,IL,עדשי שוקולד 400 גרם,גרמים,400.00,100 גרם,false,,19.90,0.0497,true,1,68317
7290018652039,false,*מבצע* לה קרמריה קרמ,גלידות נסטלה,IL,לה קרמריה,ליטרים,1.40,ליטר,false,,17.90,12.7857,true,1,67170
7290018652213,false,*מבצע* מאגדת קראנץ',פרונרי איטליה,IT,*מבצע* מאגדת קראנץ',יח',6.00,יח',false,,19.90,3.3167,true,1,70859
7290018652671,false,*מבצע* לה קרמריה שוק,גלידות נסטלה,IL,לה קרמריה,ליטרים,1.40,ליטר,false,,17.90,12.7857,true,1,70860
7290018652688,false,*מבצע* לה קרמריה טרו,גלידות נסטלה,IL,לה קרמריה,ליטרים,1.40,ליטר,false,,17.90,12.7857,true,1,70861
7290018652886,false,מצופים שוקו בננה 8 י,גלידות נסטלה,IL,גלידות נסטלה,יח',8.00,יח',false,,27.90,3.4875,true,1,84024
7290018652909,false,אספרסו שוקולד 6 יח’,גלידות נסטלה,IL,גלידות נסטלה,יח',6.00,יח',false,,28.90,4.8167,true,1,70844
7290018687567,false,נוזל רצפה 2 ליטר יוח,,,נוזל רצפה 2 ליטר יוח,ליטרים,2.00,ליטר,false,,9.90,4.9500,true,1,68532
7290018687574,false,נוזל רצפה 2 ליטר יוח,,,נוזל רצפה 2 ליטר יוח,ליטרים,2.00,ליטר,false,,9.90,4.9500,true,1,68538
7290018687581,false,נוזל רצפה 2 ליטר יוח,,,נוזל רצפה 2 ליטר יוח,ליטרים,2.00,ליטר,false,,9.90,4.9500,true,1,68539
7290018687598,false,ג'ל כביסה 3 ליטר יוח,,,ג'ל כביסה 3 ליטר יוח,ליטרים,3.00,ליטר,false,,17.90,5.9667,true,1,68533
7290018687604,false,ג'ל כביסה 3 ליטר יוח,,,ג'ל כביסה 3 ליטר יוח,ליטרים,3.00,ליטר,false,,17.90,5.9667,true,1,68534
7290018687611,false,מרכך כביסה מרוכז יוח,,,מרכך כביסה מרוכז יוח,ליטרים,1.00,ליטר,false,,8.90,8.9000,true,1,68535
7290018687628,false,מרכך כביסה מרוכז יוח,,,מרכך כביסה מרוכז יוח,ליטרים,1.00,ליטר,false,,8.90,8.9000,true,1,68536
7290018687635,false,מרכך כביסה מרוכז יוח,,,מרכך כביסה מרוכז יוח,ליטרים,1.00,ליטר,false,,8.90,8.9000,true,1,68537
7290018687840,false,ג'ל כביסה ירוק 5 ליט,,,ג'ל כביסה ירוק 5 ליט,ליטרים,5.00,ליטר,false,,26.90,5.3800,true,1,70187
7290018687857,false,ג'ל כביסה כחול 5 ליט,,,ג'ל כביסה כחול 5 ליט,ליטרים,5.00,ליטר,false,,26.90,5.3800,true,1,70188
7290018687895,false,קפסולות ג'ל מרוכזות,,,קפסולות ג'ל מרוכזות,יח',36.00,יח',false,,24.90,0.6917,true,1,70912
7290018687918,false,נוזל כלים יוחננוף לי,,,נוזל כלים יוחננוף לי,מיליליטרים,750.00,"100 מ""ל",false,,6.90,0.0092,true,1,70900
7290018687925,false,נוזל כלים יוחננוף תפ,,,נוזל כלים יוחננוף תפ,מיליליטרים,750.00,"100 מ""ל",false,,6.90,0.0092,true,1,70901
7290018687932,false,נוזל כלים יוחננוף לב,,,נוזל כלים יוחננוף לב,מיליליטרים,750.00,"100 מ""ל",false,,6.90,0.0092,true,1,70902
7290018687949,false,נוזל כלים יוחננוף לי,,,נוזל כלים יוחננוף לי,ליטרים,1.50,ליטר,false,,9.90,6.6000,true,1,70903
7290018687956,false,נוזל כלים יוחננוף תפ,,,נוזל כלים יוחננוף תפ,ליטרים,1.50,ליטר,false,,9.90,6.6000,true,1,70904
7290018687963,false,נוזל כלים יוחננוף לב,,,נוזל כלים יוחננוף לב,ליטרים,1.50,ליטר,false,,9.90,6.6000,true,1,70905
7290018687987,false,קפסולות ג'ל מרוכזות,,,קפסולות ג'ל מרוכזות,יח',36.00,יח',false,,24.90,0.6917,true,1,70913
7290018687994,false,ג'ל מרוכז לכביסה צבע,"גליל כימיכלים בע""מ",IL,ג'ל מרוכז לכביסה צבע,ליטרים,3.00,ליטר,false,,17.90,5.9667,true,1,78839
7290018693278,false,מגב  יצוק  סמוראי,,,מגב  יצוק  סמוראי,יחידה,0.00,יחידה,false,,20.90,0.0000,true,1,84432
7290018693285,false,נופר מפיות נייר איכו,,,נופר מפיות נייר איכו,יחידה,0.00,יחידה,false,,6.90,0.0000,true,1,80705
7290018704592,false,חמוצים יפניים,סלטי מונטה קרלו,IL,חמוצים יפניים,קילוגרמים,1.00,"ק""ג",true,,55.00,55.0000,true,1,82005
7290018708118,false,חלבה שאמית וניל פיסט,,,חלבה שאמית בארכה,גרמים,350.00,100 גרם,false,,14.90,0.0426,true,1,70084
7290018720011,false,ביסקוויט קרנבל חיות,הגביע,IL,ביסקוויט קרנבל חיות,גרמים,250.00,100 גרם,false,,5.90,0.0236,true,1,68064
7290018720028,false,ביסקוויט אותיות 250,הגביע,IL,ביסקוויט אותיות 250,גרמים,250.00,100 גרם,false,,5.90,0.0236,true,1,68065
7290018720103,false,וופל ללא סוכר,"גילרו בע""מ",IL,מעדני המלך,גרמים,250.00,100 גרם,false,,7.90,0.0316,true,1,68633
7290018720165,false,חלבה וניל הר ברכה 40,הר ברכה,IL,הר ברכה,גרמים,400.00,100 גרם,false,,19.90,0.0497,true,1,69802
7290018720219,false,*מבצע* פצפוצי אורז ל,,IL,*מבצע* פצפוצי אורז ל,גרמים,250.00,100 גרם,false,,9.90,0.0396,true,1,83839
7290018792841,false,אבקת קקאו טבעי 150 ג,אברמוביץ עזר קקאו וש,GH,אבקת קקאו טבעי 150 ג,גרמים,150.00,100 גרם,false,,9.90,0.0660,true,1,82751
7290018795842,false,שיני שום קלופות 500,,,שיני שום קלופות 500,גרמים,500.00,100 גרם,false,,16.90,0.0338,true,1,83007
7290018823002,false,מלפפון בייבי אורגני,,,מלפפון בייבי אורגני,גרמים,250.00,100 גרם,false,,9.90,0.0396,true,1,69863
7290018823200,false,שרי אורגני 500 גרם,,,שרי אורגני 500 גרם,גרמים,500.00,100 גרם,false,,12.90,0.0258,true,1,69864
7290018823408,false,פלפל סוויט בייט אורג,,,פלפל סוויט בייט אורג,גרמים,300.00,100 גרם,false,,9.90,0.0330,true,1,69865
7290018824016,false,מגבונים לחים יוחננוף,,IL,מגבונים לחים יוחננוף,יח,1.00,יח,false,,16.90,16.9000,true,1,84329
7290018824191,false,*מבצע* בדיקות קורונה,,,*מבצע* בדיקות קורונה,יח,20.00,יח,false,,99.90,4.9950,true,1,70179
7290018824962,false,"אפרסק 1 ק""ג",א.מ. שרון שיווק,CN,שייקי,קילוגרמים,1.00,"ק""ג",false,,22.90,22.9000,true,1,67720
7290018825020,false,"תפו""א גורמה",משתנה,IL,"תפו""א לבן ארוז",קילוגרמים,1.00,"ק""ג",true,,5.90,5.9000,true,1,68838
7290018825815,false,"תפו""א גורמה בייבי",משתנה,IL,"תפו""א לבן ארוז",קילוגרמים,1.00,"ק""ג",true,,4.90,4.9000,true,1,68989
7290018837023,false,סופיה הראשונה,,,סופיה הראשונה,יחידה,0.00,יחידה,false,,5.90,0.0000,true,1,85024
7290018837054,false,מיני מאוס,,,מיני מאוס,יחידה,0.00,יחידה,false,,5.90,0.0000,true,1,85027
7290018860717,false,אטריות אורז ללא גלוט,,,אטריות אורז ללא גלוט,גרמים,454.00,100 גרם,false,,10.90,0.0240,true,1,70207
7290018878118,false,מרשמלו לבבות ורוד 15,Carmit,IL,כרמית,גרמים,150.00,100 גרם,false,,4.50,0.0300,true,1,83771
7290018878224,false,מיני קוקיס בטעם שוקו,Carmit,IL,כרמית,גרמים,600.00,100 גרם,false,,15.90,0.0265,true,1,82846
7290018879979,false,מרשמלו לבן בטעם וניל,Carmit,IL,כרמית,גרמים,150.00,100 גרם,false,,4.50,0.0300,true,1,70176
7290018893005,false,בייגלה שטוח חרדל ודב,אלקה קו,RO,צוקטה,גרמים,160.00,100 גרם,false,,6.90,0.0431,true,1,68991
7290018893036,false,ביסקוויט סנדוויץ בטע,ארלוי,ES,צ'וקטה,גרמים,176.00,100 גרם,false,,6.90,0.0392,true,1,68916
7290018893098,false,*מבצע* צ'וקטה ביסקוו,ארלוי,ES,*מבצע* צ'וקטה ביסקוו,גרמים,100.00,100 גרם,false,,6.90,0.0690,true,1,70131
7290018893111,false,צ'וקטה שוקולד מריר ב,נטרה,BE,צ'וקטה שוקולד מריר ב,גרמים,100.00,100 גרם,false,,8.90,0.0890,true,1,70132
7290018893319,false,צ'וקטה שוקולד מריר ב,נטרה,BE,צ'וקטה שוקולד מריר ב,גרמים,100.00,100 גרם,false,,8.90,0.0890,true,1,70133
7290018893517,false,בייגלה שטוח מצופה שו,אלקה קו,RO,צוקטה,גרמים,80.00,100 גרם,false,,6.90,0.0863,true,1,70134
7290018893647,false,עוגיות סנדוויץ שוקול,דסטרופר,BE,צוקטה,גרמים,150.00,100 גרם,false,,9.90,0.0660,true,1,68923
7290018893708,false,צ'וקטה עוגיות סנדווי,ארלוי,ES,צ'וקטה עוגיות סנדווי,גרמים,250.00,100 גרם,false,,7.90,0.0316,true,1,70129
7290018893715,false,בייגלה שטוח מצופה שו,אלקה קו,RO,צוקטה,גרמים,80.00,100 גרם,false,,6.90,0.0863,true,1,70135
7290018893906,false,צ'וקטה עוגיות סנדווי,ארלוי,ES,צ'וקטה עוגיות סנדווי,גרמים,250.00,100 גרם,false,,7.90,0.0316,true,1,70130
7290018893913,false,מקלות בייגלה עם ממרח,נאטקו,IT,מקלות בייגלה עם ממרח,גרמים,52.00,100 גרם,false,,4.90,0.0942,true,1,87221
7290018893920,false,לוקיטוס סוכריות ג'לי,לאבדס,GR,לוקיטוס סוכריות ג'לי,גרמים,700.00,100 גרם,false,,17.90,0.0256,true,1,86344
7290018893937,false,לוקיטוס סוכריות ג'לי,לאבדס,GR,לוקיטוס סוכריות ג'לי,גרמים,300.00,100 גרם,false,,9.90,0.0330,true,1,86347
7290018894019,false,*מבצע* בלקוני עוגות,בלקוני,IT,*מבצע* בלקוני עוגות,גרמים,350.00,100 גרם,false,,11.90,0.0340,true,1,70268
7290018894040,false,שוקולד חלב חמישייה צ,נטרה,FR,שוקולד חלב חמישייה צ,גרמים,500.00,100 גרם,false,,19.90,0.0398,true,1,86345
7290018894248,false,שוקולד חלב שלישייה צ,נטרה,FR,שוקולד חלב שלישייה צ,גרמים,300.00,100 גרם,false,,12.90,0.0430,true,1,86346
7290018894408,false,*מבצע* בלקוני וופל ק,בלקוני,IT,*מבצע* בלקוני וופל ק,גרמים,250.00,100 גרם,false,,9.90,0.0396,true,1,70264
7290018894606,false,בלקוני וופל קקאו 175,בלקוני,IT,בלקוני וופל קקאו 175,גרמים,175.00,100 גרם,false,,7.90,0.0451,true,1,70265
7290018894804,false,בלקוני וופל אגוזי לו,בלקוני,IT,בלקוני וופל אגוזי לו,גרמים,175.00,100 גרם,false,,7.90,0.0451,true,1,70266
7290018921029,false,*מבצע* מארז מגבונים,דר פישר,,*מבצע* מארז מגבונים,יח',256.00,יח',false,,17.90,0.0699,true,1,69004
7290018921067,false,*מבצע* תחליב רחצה אפ,דר פישר,IL,*מבצע* תחליב רחצה אפ,מיליליטרים,700.00,"100 מ""ל",false,,12.90,0.0184,true,1,69905
7290018921203,false,*מבצע* קרם החתלה קמו,דר פישר,,*מבצע* קרם החתלה קמו,גרמים,120.00,100 גרם,false,,14.90,0.1242,true,1,84225
7290018921265,false,*מבצע* תחליב רחצה אפ,דר פישר,IL,*מבצע* תחליב רחצה אפ,מיליליטרים,700.00,"100 מ""ל",false,,12.90,0.0184,true,1,69906
7290018921807,false,*מבצע* משחת החתלה צמ,דר פישר,,*מבצע* משחת החתלה צמ,גרמים,120.00,100 גרם,false,,14.90,0.1242,true,1,84227
7290018921852,false,*מבצע* תחליב רחצה אפ,דר פישר,IL,*מבצע* תחליב רחצה אפ,מיליליטרים,700.00,"100 מ""ל",false,,12.90,0.0184,true,1,69909
7290018925065,false,מיץ תפוזים סחוט 2 לי,"גניר (1992) בע""מ",IL,תוצרת מסחרית,ליטרים,2.00,ליטר,false,,25.90,12.9500,true,1,69446
7290018925096,false,משקה קל תפוזים,גניר,IL,משקה קל תפוזים,ליטרים,1.50,ליטר,false,,7.90,5.2667,true,1,69329
7290018925102,false,משקה קל ענבים,גניר,IL,משקה קל ענבים,ליטרים,1.50,ליטר,false,,7.90,5.2667,true,1,69330
7290018925126,false,משקה קל תפוחי עץ,גניר,IL,משקה קל תפוחי עץ,ליטרים,1.50,ליטר,false,,7.90,5.2667,true,1,69332
7290018925133,false,משקה קל מנגו,גניר,IL,משקה קל מנגו,ליטרים,1.50,ליטר,false,,7.90,5.2667,true,1,69333
7290018925157,false,משקה קל לימונים,גניר,IL,משקה קל לימונים,ליטרים,1.50,ליטר,false,,7.90,5.2667,true,1,69335
7290018925164,false,משקה קל תות בננה,גניר,IL,משקה קל תות בננה,ליטרים,1.50,ליטר,false,,7.90,5.2667,true,1,69336
7290018925409,false,מיץ לימון ואננס 400,פרימור,IL,מיץ לימון ואננס 400,מיליליטרים,400.00,"100 מ""ל",false,,7.90,0.0198,true,1,82965
7290018925416,false,מיץ לימון ופסיפלורה,פרימור,IL,מיץ לימון ופסיפלורה,מיליליטרים,400.00,"100 מ""ל",false,,7.90,0.0198,true,1,82966
7290018972373,false,פרוזן אדממה 450 גרם,זהיג'אנג קינגשור,CN,פרוזן אדממה 450 גרם,גרמים,450.00,100 גרם,false,,7.90,0.0176,true,1,81250
7290018989005,false,*מבצע* פולפה טבעית 3,יכין,IL,*מבצע* פולפה טבעית 3,גרמים,1200.00,100 גרם,false,,9.90,0.0083,true,1,70212
7290018989081,false,חומוס הבית להכנת חומ,יכין,IL,חומוס הבית להכנת חומ,גרמים,410.00,100 גרם,false,,7.90,0.0193,true,1,81580
7290018989128,false,סירופ בטעם ענבים יכי,יכין,IL,סירופ בטעם ענבים יכי,ליטרים,1.00,ליטר,false,,18.90,18.9000,true,1,81889
7290018989135,false,סירופ בטעם פטל יכין,יכין,IL,סירופ בטעם פטל יכין,ליטרים,1.00,ליטר,false,,18.90,18.9000,true,1,81890
7290019035053,false,*מבצע* מלון ירוק קוב,דה נייל אג'יפטיאן פו,EG,*מבצע* מלון ירוק קוב,גרמים,500.00,100 גרם,false,,6.90,0.0138,true,1,83849
7290019035060,false,*מבצע* חצאי משמש 500,דה נייל אג'יפטיאן פו,EG,*מבצע* חצאי משמש 500,גרמים,500.00,100 גרם,false,,6.90,0.0138,true,1,83850
7290019035084,false,*מבצע* אוכמניות כחול,אגריקולה לוס מנדוס ס,PE,*מבצע* אוכמניות כחול,גרמים,400.00,100 גרם,false,,6.90,0.0173,true,1,83859
7290019035091,false,*מבצע* רימון 500 גרם,דה נייל אג'יפטיאן פו,EG,*מבצע* רימון 500 גרם,גרמים,500.00,100 גרם,false,,6.90,0.0138,true,1,83851
7290019035220,false,מיקס פירות יער 600 ג,סירוג'וג'ונו קומפי ד,RS,מיקס פירות יער 600 ג,גרמים,600.00,100 גרם,false,,29.90,0.0498,true,1,81326
7290019035244,false,מיקס פירות פסיפלורה,קונגלדוס אקיואטוריאנ,RS,מיקס פירות פסיפלורה,גרמים,600.00,100 גרם,false,,29.90,0.0498,true,1,81328
7290019035251,false,מיקס פירות אננס בננה,קונגלדוס אקיואטוריאנ,RS,מיקס פירות אננס בננה,גרמים,600.00,100 גרם,false,,29.90,0.0498,true,1,81329
7290019035329,false,מיקס פירות תות מלון,דה נייל אג'יפטיאן פו,RS,מיקס פירות תות מלון,גרמים,600.00,100 גרם,false,,29.90,0.0498,true,1,81327
7290019056027,false,שוופס מוגז פירות תפו,יפאורה תבורי,IL,שוופס פרוטס,ליטרים,1.50,ליטר,false,,7.90,5.2667,true,1,69730
7290019056034,false,שוופס מוגז פירות אננ,יפאורה תבורי,IL,שוופס פרוטס,ליטרים,1.50,ליטר,false,,7.90,5.2667,true,1,69731
7290019056041,false,שוופס מוגז פירות לימ,יפאורה תבורי,IL,שוופס פרוטס,ליטרים,1.50,ליטר,false,,7.90,5.2667,true,1,69732
7290019056065,false,שוופס מוגז עדין פירו,יפאורה תבורי,IL,שוופס,ליטרים,1.50,ליטר,false,,8.30,5.5333,true,1,69714
7290019056089,false,שוופס מוגז עדין ענבי,יפאורה תבורי,IL,שוופס,ליטרים,1.50,ליטר,false,,8.30,5.5333,true,1,69716
7290019056096,false,שוופס מוגז עדין אפרס,יפאורה תבורי,IL,שוופס,ליטרים,1.50,ליטר,false,,8.30,5.5333,true,1,69717
7290019056119,false,שוופס סודה 1.5 ליטר,יפאורה תבורי,IL,שוופס,ליטרים,1.50,ליטר,false,,3.20,2.1333,true,1,69755
7290019056133,false,שוופס סודהנענע ליים,יפאורה תבורי,IL,שוופס,ליטרים,1.50,ליטר,false,,3.20,2.1333,true,1,69757
7290019056164,false,שוופס סודה רביעייה 1,יפאורה תבורי,IL,שוופס,ליטרים,6.00,ליטר,false,,11.50,1.9167,true,1,69749
7290019056171,false,שוופס סודה לימון רבי,יפאורה תבורי,IL,שוופס,ליטרים,6.00,ליטר,false,,11.50,1.9167,true,1,69750
7290019056188,false,שוופס סודה נענע ליים,יפאורה תבורי,IL,שוופס,ליטרים,6.00,ליטר,false,,11.50,1.9167,true,1,69751
7290019056201,false,שוופס סודה פירות יער,יפאורה תבורי,IL,שוופס,ליטרים,6.00,ליטר,false,,11.50,1.9167,true,1,69753
7290019056232,false,שוופס מוגז עדין ליים,יפאורה תבורי,IL,שוופס,ליטרים,1.50,ליטר,false,,8.50,5.6667,true,1,69718
7290019056249,false,שוופס מים בטעמים ענב,יפאורה תבורי,IL,שוופס,ליטרים,1.50,ליטר,false,,7.90,5.2667,true,1,69719
7290019056256,false,שוופס מים בטעמים תפו,יפאורה תבורי,IL,שוופס,ליטרים,1.50,ליטר,false,,7.90,5.2667,true,1,69720
7290019056263,false,שוופס מים בטעמים אפר,יפאורה תבורי,IL,שוופס,ליטרים,1.50,ליטר,false,,7.90,5.2667,true,1,69721
7290019056270,false,שוופס מים בטעמים פיר,יפאורה תבורי,IL,שוופס,ליטרים,1.50,ליטר,false,,7.90,5.2667,true,1,69722
7290019056287,false,שוופס מים בטעמים אפר,יפאורה תבורי,IL,שוופס,ליטרים,1.50,ליטר,false,,7.90,5.2667,true,1,69723
7290019056300,false,שוופס ביטר למון 1.5,יפאורה תבורי,IL,שוופס,ליטרים,1.50,ליטר,false,,12.00,8.0000,true,1,69733
7290019056317,false,שוופס ראשן 1.5 ליטר,יפאורה תבורי,IL,שוופס,ליטרים,1.50,ליטר,false,,12.00,8.0000,true,1,69734
7290019056324,false,שוופס טוניק 1.5 ליטר,יפאורה תבורי,IL,שוופס,ליטרים,1.50,ליטר,false,,12.00,8.0000,true,1,69735
7290019056355,false,תפוזינה לימונענע 1.5,יפאורה תבורי,IL,תפוזינה,ליטרים,1.50,ליטר,false,,8.30,5.5333,true,1,69684
7290019056362,false,תפוזינה ענבים 1.5 לי,יפאורה תבורי,IL,תפוזינה,ליטרים,1.50,ליטר,false,,8.30,5.5333,true,1,69685
7290019056379,false,תפוזינה תפוזים 1.5 ל,יפאורה תבורי,IL,תפוזינה,ליטרים,1.50,ליטר,false,,8.30,5.5333,true,1,69686
7290019056386,false,תפוזינה אשכוליות 1.5,יפאורה תבורי,IL,תפוזינה,ליטרים,1.50,ליטר,false,,8.30,5.5333,true,1,69687
7290019056393,false,תפוזינה תות בננה 1.5,יפאורה תבורי,IL,תפוזינה,ליטרים,1.50,ליטר,false,,8.30,5.5333,true,1,69688
7290019056409,false,תפוזינה מנגו 1.5 ליט,יפאורה תבורי,IL,תפוזינה,ליטרים,1.50,ליטר,false,,8.30,5.5333,true,1,69689
7290019056416,false,תפוזינה לימונדה ורוד,יפאורה תבורי,IL,תפוזינה,ליטרים,1.50,ליטר,false,,8.30,5.5333,true,1,69690
7290019056423,false,תפוזינה תפוחים 1.5 ל,יפאורה תבורי,IL,תפוזינה,ליטרים,1.50,ליטר,false,,8.30,5.5333,true,1,69691
7290019056430,false,תפוזינה תפוזים לייט,יפאורה תבורי,IL,תפוזינה,ליטרים,1.50,ליטר,false,,7.80,5.2000,true,1,69692
7290019056447,false,תפוזינה אשכוליות ליי,יפאורה תבורי,IL,תפוזינה,ליטרים,1.50,ליטר,false,,7.80,5.2000,true,1,69693
7290019056461,false,RC קולה שישייה 1.5 ל,יפאורה תבורי,IL,RC,ליטרים,9.00,ליטר,false,,39.90,4.4333,true,1,69738
7290019056478,false,ספרינג תה אפרסק 1.5,יפאורה תבורי,IL,ספרינג תה,ליטרים,1.50,ליטר,false,,7.50,5.0000,true,1,69705
7290019056485,false,ספרינג תה תה ירוק לי,יפאורה תבורי,IL,ספרינג תה,ליטרים,1.50,ליטר,false,,7.50,5.0000,true,1,69706
7290019056492,false,ספרינג תה מנגו אפרסק,יפאורה תבורי,IL,ספרינג תה,ליטרים,1.50,ליטר,false,,7.50,5.0000,true,1,69707
7290019056508,false,פרוט ווטר ענבים 1.5,יפאורה תבורי,IL,פרוט ווטר,ליטרים,1.50,ליטר,false,,8.30,5.5333,true,1,69708
7290019056515,false,פרוט ווטר אננס 1.5 ל,יפאורה תבורי,IL,פרוט ווטר,ליטרים,1.50,ליטר,false,,8.30,5.5333,true,1,69709
7290019056522,false,פרוט ווטר תות 1.5 לי,יפאורה תבורי,IL,פרוט ווטר,ליטרים,1.50,ליטר,false,,8.30,5.5333,true,1,69710
7290019056539,false,פרוט ווטר אפרסק 1.5,יפאורה תבורי,IL,פרוט ווטר,ליטרים,1.50,ליטר,false,,8.30,5.5333,true,1,69711
7290019056546,false,פרוט ווטר אבטיח 1.5,יפאורה תבורי,IL,פרוט ווטר,ליטרים,1.50,ליטר,false,,8.30,5.5333,true,1,69712
7290019056553,false,מים מינרלים עין גדי,עין גדי,IL,עין גדי,ליטרים,12.00,ליטר,false,,12.70,1.0583,true,1,69754
7290019056577,false,ספרינג מנגו 1.5 ליטר,יפאורה תבורי,IL,ספרינג,ליטרים,1.50,ליטר,false,,8.30,5.5333,true,1,69694
7290019056584,false,ספרינג תפוזים 1.5 לי,יפאורה תבורי,IL,ספרינג,ליטרים,1.50,ליטר,false,,8.30,5.5333,true,1,69695
7290019056591,false,ספרינג ענבים 1.5 ליט,יפאורה תבורי,IL,ספרינג,ליטרים,1.50,ליטר,false,,8.30,5.5333,true,1,69696
7290019056607,false,ספרינג תפוחים 1.5 לי,יפאורה תבורי,IL,ספרינג,ליטרים,1.50,ליטר,false,,8.30,5.5333,true,1,69697
7290019056614,false,ספרינג אפרסק 1.5 ליט,יפאורה תבורי,IL,ספרינג,ליטרים,1.50,ליטר,false,,8.30,5.5333,true,1,69698
7290019056621,false,ספרינג פירות טרופיים,יפאורה תבורי,IL,ספרינג,ליטרים,1.50,ליטר,false,,8.30,5.5333,true,1,69699
7290019056645,false,ספרינג אגס תפוח סברס,יפאורה תבורי,IL,ספרינג,ליטרים,1.50,ליטר,false,,8.30,5.5333,true,1,69701
7290019056652,false,ספרינג אננס בננה 1.5,יפאורה תבורי,IL,ספרינג,ליטרים,1.50,ליטר,false,,8.30,5.5333,true,1,69702
7290019056669,false,ספרינג תפוחים דיאט 1,יפאורה תבורי,IL,ספרינג,ליטרים,1.50,ליטר,false,,7.80,5.2000,true,1,69703
7290019056676,false,ספרינג אשכוליות אננס,יפאורה תבורי,IL,ספרינג,ליטרים,1.50,ליטר,false,,7.80,5.2000,true,1,69704
7290019056720,false,קריסטל מיץ ענבים 2 ל,יפאורה תבורי,IL,קריסטל,ליטרים,2.00,ליטר,false,,6.90,3.4500,true,1,69739
7290019056737,false,קריסטל מיץ אשכולית 2,יפאורה תבורי,IL,קריסטל,ליטרים,2.00,ליטר,false,,6.90,3.4500,true,1,69740
7290019056744,false,קריסטל תפוזים 2 ליטר,יפאורה תבורי,IL,קריסטל,ליטרים,2.00,ליטר,false,,6.90,3.4500,true,1,69741
7290019056751,false,קריסטל אשכוליות דיאט,יפאורה תבורי,IL,קריסטל,ליטרים,2.00,ליטר,false,,6.90,3.4500,true,1,69742
7290019056768,false,קריסטל מנגו 2 ליטר,יפאורה תבורי,IL,קריסטל,ליטרים,2.00,ליטר,false,,6.90,3.4500,true,1,69743
7290019056782,false,קריסטל מוגז למון ליי,יפאורה תבורי,IL,קריסטל,ליטרים,2.00,ליטר,false,,6.90,3.4500,true,1,69744
7290019056805,false,קריסטל מוגז תפוחים 2,יפאורה תבורי,IL,קריסטל,ליטרים,2.00,ליטר,false,,6.90,3.4500,true,1,69745
7290019056812,false,קריסטל מוגז מנטה 2 ל,יפאורה תבורי,IL,קריסטל,ליטרים,2.00,ליטר,false,,6.90,3.4500,true,1,69746
7290019056836,false,קריסטל מוגז תות 2 לי,יפאורה תבורי,IL,קריסטל,ליטרים,2.00,ליטר,false,,6.90,3.4500,true,1,69747
7290019056973,false,מים מינרלים מי עדן 1,יפאורה תבורי,IL,מי עדן,ליטרים,9.00,ליטר,false,,12.70,1.4111,true,1,69748
7290019074885,false,*מבצע* קמיל בלו אקסט,,,*מבצע* קמיל בלו אקסט,מיליליטרים,500.00,"100 מ""ל",false,,24.90,0.0498,true,1,85696
7290019075103,false,קמיל בלו אקסטרה סופט,,,קמיל בלו אקסטרה סופט,ליטרים,1.00,ליטר,false,,32.90,32.9000,true,1,85697
7290019075899,false,קמיל בלו אקסטרה סופט,,,קמיל בלו אקסטרה סופט,ליטרים,1.00,ליטר,false,,32.90,32.9000,true,1,85698
7290019105077,false,מארז מטליות לחות יוח,טרופיקל,,מארז מטליות לחות יוח,יח',3.00,יח',false,,14.90,4.9667,true,1,71247
7290019105084,false,אל סבון יוחננוף מרענ,טרופיקל,,אל סבון יוחננוף מרענ,ליטרים,1.50,ליטר,false,,10.90,7.2667,true,1,71062
7290019105145,false,מארז מטליות לחות יוח,טרופיקל,IL,מארז מטליות לחות יוח,יח',3.00,יח',false,,14.90,4.9667,true,1,86386
7290019105282,false,אל סבון יוחננוף מרענ,טרופיקל,,אל סבון יוחננוף מרענ,ליטרים,1.50,ליטר,false,,10.90,7.2667,true,1,71063
7290019105473,false,אל סבון יוחננוף מרענ,טרופיקל,,אל סבון יוחננוף מרענ,ליטרים,1.50,ליטר,false,,10.90,7.2667,true,1,71064
7290019105671,false,אל סבון יוחננוף מרענ,טרופיקל,,אל סבון יוחננוף מרענ,ליטרים,1.50,ליטר,false,,10.90,7.2667,true,1,71066
7290019105824,false,מטליות לניקוי רצפה י,,,מטליות לניקוי רצפה י,יח',10.00,יח',false,,7.90,0.7900,true,1,70906
7290019105862,false,מגבונים לחים מארז חמ,טרופיקל,,מגבונים לחים מארז חמ,יח',5.00,יח',false,,10.90,2.1800,true,1,71067
7290019105879,false,אל סבון יוחננוף מרענ,טרופיקל,,אל סבון יוחננוף מרענ,ליטרים,1.50,ליטר,false,,10.90,7.2667,true,1,71068
7290019153023,false,אר סי ללא סוכר 1.5 ל,יפאורה תבורי,IL,אר סי ללא סוכר 1.5 ל,ליטרים,6.00,ליטר,false,,26.90,4.4833,true,1,70974
7290019153078,false,שוופס ביטר למון לייט,יפאורה תבורי,IL,שוופס,ליטרים,1.50,ליטר,false,,11.50,7.6667,true,1,70975
7290019153085,false,שוופס מוחיטו ללא סוכ,יפאורה תבורי,IL,שוופס,ליטרים,1.50,ליטר,false,,8.30,5.5333,true,1,70976
7290019153252,false,שוופס סודה תפוח רביע,יפאורה תבורי,IL,שוופס,ליטרים,6.00,ליטר,false,,11.50,1.9167,true,1,81384
7290019153269,false,שוופס סודה אננס רביע,יפאורה תבורי,IL,שוופס,ליטרים,6.00,ליטר,false,,11.50,1.9167,true,1,81385
7290019153276,false,שוופס סודה אננס 1.5,יפאורה תבורי,IL,שוופס,ליטרים,1.50,ליטר,false,,3.20,2.1333,true,1,84140
7290019153344,false,תפוזינה סנגרייה 1.5,יפאורה תבורי,IL,תפוזינה,ליטרים,1.50,ליטר,false,,8.30,5.5333,true,1,81956
7290019153375,false,תפוזינה מוחיטו 1.5 ל,יפאורה תבורי,IL,תפוזינה,ליטרים,1.50,ליטר,false,,8.30,5.5333,true,1,81958
7290019153535,false,שוופס מוגז פירות לימ,,,שוופס מוגז פירות לימ,מיליליטרים,1320.00,"100 מ""ל",false,,11.90,0.0090,true,1,84269
7290019167037,false,תותים בקצפת,תנובה,IL,תותים בקצפת,גרמים,82.00,100 גרם,false,,5.90,0.0720,true,1,86884
7290019167044,false,קצפת עם קרם בייגלה מ,תנובה,IL,קצפת עם קרם בייגלה מ,גרמים,82.00,100 גרם,false,,5.90,0.0720,true,1,86886
7290019204008,false,פסטרמה 4 פלפלים 350,עוף טוב,IL,עוף טוב,גרמים,350.00,100 גרם,false,,24.90,0.0711,true,1,83199
7290019204107,false,פסטרמה בטעם אווז 320,עוף טוב,IL,עוף טוב,גרמים,320.00,100 גרם,false,,24.90,0.0778,true,1,83200
7290019204305,false,פסטרמה ברביקיו 350 ג,עוף טוב,IL,עוף טוב,גרמים,350.00,100 גרם,false,,24.90,0.0711,true,1,83373
7290019229001,false,נוזל רצפה יוחננוף בנ,"גליל כימיכלים בע""מ",IL,נוזל רצפה יוחננוף בנ,ליטרים,2.00,ליטר,false,,9.90,4.9500,true,1,78840
7290019229025,false,נוזל לניקוי פרקט יוח,"גליל כימיכלים בע""מ",IL,נוזל לניקוי פרקט יוח,ליטרים,2.00,ליטר,false,,12.90,6.4500,true,1,78841
7290019229032,false,ג'ל OXY מסיר כתמים ל,"גליל כימיכלים בע""מ",IL,ג'ל OXY מסיר כתמים ל,ליטרים,3.00,ליטר,false,,22.90,7.6333,true,1,78842
7290019229049,false,ג'ל כביסה לתינוק יוח,"גליל כימיכלים בע""מ",IL,ג'ל כביסה לתינוק יוח,ליטרים,3.00,ליטר,false,,22.90,7.6333,true,1,85628
7290019229346,false,נוזל כלים יוחננוף לי,"גליל כימיכלים בע""מ",IL,נוזל כלים יוחננוף לי,ליטרים,1.00,ליטר,false,,7.90,7.9000,true,1,82009
7290019229360,false,נוזל כלים לבנדר יוחנ,"גליל כימיכלים בע""מ",IL,נוזל כלים לבנדר יוחנ,ליטרים,1.00,ליטר,false,,7.90,7.9000,true,1,82010
7290019229377,false,נוזל כלים תפוח יוחננ,"גליל כימיכלים בע""מ",IL,נוזל כלים תפוח יוחננ,ליטרים,1.00,ליטר,false,,7.90,7.9000,true,1,82011
7290019229407,false,מטליות לחות יוחננוף,"גליל כימיכלים בע""מ",IL,מטליות לחות יוחננוף,יח',400.00,יח',false,,17.90,0.0447,true,1,84846
7290019232094,false,*מבצע* חליטת פירות ו,ויסוצקי,IL,ויסוצקי,יח',25.00,יח',false,,16.90,0.6760,true,1,79501
7290019232155,false,חליטת לילה טוב קמומי,ויסוצקי,,חליטת לילה טוב קמומי,יח',25.00,יח',false,,24.90,0.9960,true,1,86456
7290019232162,false,חליטת לילה טוב קמומי,ויסוצקי,,חליטת לילה טוב קמומי,יח',25.00,יח',false,,24.90,0.9960,true,1,86457
7290019232179,false,סטיי וול תה ירוק נענ,ויסוצקי,,סטיי וול תה ירוק נענ,יח',25.00,יח',false,,24.90,0.9960,true,1,86453
7290019232186,false,סטיי וול תה ירוק לימ,ויסוצקי,,סטיי וול תה ירוק לימ,יח',25.00,יח',false,,24.90,0.9960,true,1,86454
7290019232803,false,הולגריין ביסקוויט עם,,,הולגריין ביסקוויט עם,גרמים,300.00,100 גרם,false,,10.90,0.0363,true,1,79549
7290019232827,false,הולגריין ביסקוויט במ,,,הולגריין ביסקוויט במ,גרמים,300.00,100 גרם,false,,10.90,0.0363,true,1,79558
7290019232834,false,בייגלה פליפז מצופה ק,אולקר מקבוצת פלאדיס,TR,פליפז,גרמים,140.00,100 גרם,false,,8.90,0.0636,true,1,79550
7290019233008,false,*מבצע* רוטב עגבניות,דליציה דורה אס.אר.אל,IT,*מבצע* רוטב עגבניות,גרמים,420.00,100 גרם,false,,9.90,0.0236,true,1,79551
7290019233022,false,*מבצע* רוטב עגבניות,דליציה דורה אס.אר.אל,IT,*מבצע* רוטב עגבניות,גרמים,420.00,100 גרם,false,,9.90,0.0236,true,1,79553
7290019233039,false,*מבצע* רוטב עגבניות,דליציה דורה אס.אר.אל,IT,*מבצע* רוטב עגבניות,גרמים,420.00,100 גרם,false,,9.90,0.0236,true,1,79554
7290019297161,false,טורטיה מקמח תירס 540,מוטלוקל,TR,טורטיה מקמח תירס 540,גרמים,540.00,100 גרם,false,,9.90,0.0183,true,1,35590
7290019297413,false,מעדן אפרסק 284 גרם ש,לינוי סיטי,CN,שקדיה,גרמים,284.00,100 גרם,false,,7.90,0.0278,true,1,3057
7290019297420,false,מעדן תות שדה 284 גרם,לינוי סיטי,CN,שקדיה,גרמים,284.00,100 גרם,false,,7.90,0.0278,true,1,3058
7290019297512,false,רוטב רימונים 350 גרם,סיטוגלוגידה,TR,שקדיה,גרמים,350.00,100 גרם,false,,9.90,0.0283,true,1,3060
7290019302315,false,*מבצע* יין באזז אבטי,יקבי כרמל,IL,סלקטד,מיליליטרים,750.00,"100 מ""ל",false,,23.90,0.0319,true,1,81970
7290019308003,false,גרגירי חומוס 800 גרם,,,גרגירי חומוס 800 גרם,גרמים,800.00,100 גרם,false,,8.90,0.0111,true,1,70909
7290019308041,false,שעועית ירוקה שלמה 80,,,שעועית ירוקה שלמה 80,גרמים,800.00,100 גרם,false,,6.90,0.0086,true,1,78266
7290019308058,false,שעועית ירוקה חתוכה 8,,,שעועית ירוקה חתוכה 8,גרמים,800.00,100 גרם,false,,6.90,0.0086,true,1,78267
7290019428084,false,רולים שוקו רביעיה 4*,"גילרו בע""מ",IL,עלמה,גרמים,400.00,100 גרם,false,,9.90,0.0248,true,1,86650
7290019428091,false,רולים אגוז רביעיה 4*,"גילרו בע""מ",IL,עלמה,גרמים,400.00,100 גרם,false,,9.90,0.0248,true,1,86651
7290032147230,false,מיץ לימון משומר,סידג,CH,מיץ לימון משומר,מיליליטרים,200.00,"100 מ""ל",false,,6.90,0.0345,true,1,42229
7290055090801,false,שוקולד לבן ללא סוכר,כרמית,IL,אגו,גרמים,85.00,100 גרם,false,,4.90,0.0576,true,1,25500
7290100240632,false,פתית 6 דגנים 250 גרם,אתר שפע - Food,IL,PATIT,גרמים,250.00,100 גרם,false,,14.90,0.0596,true,1,16373
7290100240656,false,פתית שיפון 300 גרם,אתר שפע - Food,IL,PATIT,גרמים,300.00,100 גרם,false,,14.90,0.0497,true,1,16374
7290100243671,false,בדין אקסטרא 960 מל,יונילוור - תורכיה,TR,BADIN,מיליליטרים,960.00,"100 מ""ל",false,,15.90,0.0166,true,1,16400
7290100245231,false,נמס בכוס+ט.עוף שקדי,אתר חיפה אבקות - Foo,IL,KNORR,גרמים,50.00,100 גרם,false,,6.50,0.1300,true,1,16415
7290100249598,false,רוטב לבישול שום ודבש,אתר חיפה  778 - Food,IL,KNORR,גרמים,320.00,100 גרם,false,,9.90,0.0309,true,1,16471
7290100249659,false,רוטב לעוף צ'ילי מתוק,,IL,קנור,גרמים,320.00,100 גרם,false,,9.90,0.0309,true,1,16475
7290100411254,false,מחית תפוח ובננה 190,NOVOFRUCHT SK S.R.O,SK,BELOVED,גרמים,190.00,100 גרם,false,,5.90,0.0311,true,1,24177
7290100412343,false,מגבוני קוויק לניקוי,DPL,IL,קוויק,יח',50.00,יח',false,,8.90,0.1780,true,1,28718
7290100412442,false,מגבוני קוויק לניקוי,DPL,IL,קוויק,יח',50.00,יח',false,,8.90,0.1780,true,1,28720
7290100412763,false,"ד""ר עור תחליב רחצה ל","אמיליה קוסמטיקס בע""מ",IL,"ד""ר עור",מיליליטרים,700.00,"100 מ""ל",false,,14.90,0.0213,true,1,34393
7290100412770,false,"ד""ר עור תחליב רחצה מ","אמיליה קוסמטיקס בע""מ",IL,"ד""ר עור",מיליליטרים,700.00,"100 מ""ל",false,,14.90,0.0213,true,1,34394
7290100412800,false,"ד""ר עור תחליב רחצה פ","אמיליה קוסמטיקס בע""מ",IL,"ד""ר עור",מיליליטרים,700.00,"100 מ""ל",false,,14.90,0.0213,true,1,34397
7290100412831,false,"ד""ר עור תחליב רחצה ו","אמיליה קוסמטיקס בע""מ",IL,"ד""ר עור",מיליליטרים,700.00,"100 מ""ל",false,,14.90,0.0213,true,1,34399
7290100481516,false,מסננת רשת 2 ידיות 26,,,מסננת רשת 2 ידיות 26,יחידה,0.00,יחידה,false,,24.90,0.0000,true,1,71439
7290100484302,false,"קערה נירוסטה 18 ס""מ",,,"קערה נירוסטה 18 ס""מ",יחידה,0.00,יחידה,false,,7.90,0.0000,true,1,71449
7290100484319,false,"קערה נירוסטה 20 ס""מ",,,"קערה נירוסטה 20 ס""מ",יחידה,0.00,יחידה,false,,9.90,0.0000,true,1,71450
7290100484333,false,"קערה נירוסטה 24 ס""מ",,,"קערה נירוסטה 24 ס""מ",יחידה,0.00,יחידה,false,,12.90,0.0000,true,1,71452
7290100485507,false,גיל סט 6 מזלגות דגם,,,גיל סט 6 מזלגות דגם,יחידה,0.00,יחידה,false,,5.90,0.0000,true,1,71462
7290100485514,false,גיל סט 6 כפות דגם גי,,,גיל סט 6 כפות דגם גי,יחידה,0.00,יחידה,false,,5.90,0.0000,true,1,71463
7290100489000,false,אל גלש,,,אל גלש,יחידה,0.00,יחידה,false,,6.90,0.0000,true,1,71473
7290100489611,false,מסננת רשת 2 ידיות 22,,,מסננת רשת 2 ידיות 22,יחידה,0.00,יחידה,false,,19.90,0.0000,true,1,71479
7290100653586,false,ליידי ספיד סטיק 24/7,Colgate - USA,US,ליידי ספיד סטיק,גרמים,65.00,100 גרם,false,,24.90,0.3831,true,1,18233
7290100680711,false,פירורית זהב 350 גרם,עינת תעשיות מזון אגו,IL,אסם,גרמים,350.00,100 גרם,false,,7.90,0.0226,true,1,4568
7290100680728,false,פירורית 350 גרם,אסם,IL,אסם,גרמים,350.00,100 גרם,false,,6.90,0.0197,true,1,4569
7290100681015,false,פודינג אינסטנט ריבת,אסם,IL,אסם,גרמים,84.00,100 גרם,false,,5.50,0.0655,true,1,4572
7290100681503,false,עסיס לימונענע דיאט 1,בית השיטה עסיס תעשיו,IL,עסיס,ליטרים,1.00,ליטר,false,,16.90,16.9000,true,1,4576
7290100681510,false,עסיס אשכולית אדומה ד,בית השיטה עסיס תעשיו,IL,עסיס,ליטרים,1.00,ליטר,false,,16.90,16.9000,true,1,4577
7290100683880,false,פירה 260 גרם,אסם,IL,אסם,גרמים,260.00,100 גרם,false,,13.90,0.0535,true,1,4584
7290100684139,false,מיני מקרוני 500 גרם,זארה,IT,אסם,גרמים,500.00,100 גרם,false,,5.40,0.0108,true,1,4585
7290100685136,false,מרק טעם עוף 1קג,אסם,IL,אסם,קילוגרמים,1.00,"ק""ג",false,,14.90,14.9000,true,1,4590
7290100685334,false,מרק עוף רכיבים טבעיי,אסם,IL,אסם,גרמים,400.00,100 גרם,false,,19.90,0.0497,true,1,4591
7290100685341,false,מרק זך טעם עוף רכיבי,אסם,IL,אסם,גרמים,400.00,100 גרם,false,,14.90,0.0373,true,1,4592
7290100685600,false,פירורית זהב חיטה מלא,עינת תעשיות מזון אגו,IL,אסם,גרמים,200.00,100 גרם,false,,6.90,0.0345,true,1,4594
7290100686164,false,מארז ביסלי ברביקיו 6,אסם,IL,ביסלי,גרמים,210.00,100 גרם,false,,12.90,0.0614,true,1,4597
7290100686171,false,מארז ביסלי גריל 6*35,אסם,IL,ביסלי,גרמים,210.00,100 גרם,false,,12.90,0.0614,true,1,4598
7290100689301,false,עדיף זך טעם עוף 400,אסם,IL,אסם,גרמים,400.00,100 גרם,false,,13.90,0.0348,true,1,4609
7290100700006,false,"חיטה 1 ק""ג","סוגת תעשיות בע""מ",IL,סוגת,קילוגרמים,1.00,"ק""ג",false,,8.90,8.9000,true,1,50
7290100700020,false,גריסי פנינה 500 גרם,"סוגת תעשיות בע""מ",IL,סוגת,גרמים,500.00,100 גרם,false,,4.90,0.0098,true,1,51
7290100700068,false,שעועית צבעונית 500 ג,"סוגת תעשיות בע""מ",IL,סוגת,גרמים,500.00,100 גרם,false,,11.90,0.0238,true,1,52
7290100700075,false,פירורי לחם מוזהבים ס,"סוגת תעשיות בע""מ",IL,סוגת,גרמים,200.00,100 גרם,false,,3.90,0.0195,true,1,53
7290100700242,false,"אורז מלא עגול 1 ק""ג",סוגת תעשיות בעמ,IL,סוגת,קילוגרמים,1.00,"ק""ג",false,,9.90,9.9000,true,1,54
7290100700266,false,פירורי לחם לבנים סוג,"סוגת תעשיות בע""מ",IL,סוגת,גרמים,200.00,100 גרם,false,,3.90,0.0195,true,1,55
7290100700273,false,*מבצע* קינואה 500 גר,"סוגת תעשיות בע""מ",IL,סוגת,גרמים,500.00,100 גרם,false,,12.90,0.0258,true,1,56
7290100700310,false,"כוסמת 1 ק""ג","סוגת תעשיות בע""מ",IL,סוגת,קילוגרמים,1.00,"ק""ג",false,,13.90,13.9000,true,1,58
7290100700327,false,"גריסי פנינה 1 ק""ג","סוגת תעשיות בע""מ",IL,סוגת,קילוגרמים,1.00,"ק""ג",false,,7.90,7.9000,true,1,59
7290100700334,false,קינואה 1קג,"סוגת תעשיות בע""מ",IL,סוגת,גרמים,500.00,100 גרם,false,,19.90,0.0398,true,1,27625
7290100700372,false,"אורז בסמטי מלא 1 ק""ג",סוגת תעשיות בעמ,IL,סוגת,קילוגרמים,1.00,"ק""ג",false,,13.90,13.9000,true,1,60
7290100700389,false,"*מבצע* אורז אדום 1ק""",סוגת תעשיות בעמ,IL,סוגת,קילוגרמים,1.00,"ק""ג",false,,9.90,9.9000,true,1,61
7290100700396,false,"אורז יסמין 1 ק""ג",סוגת תעשיות בעמ,IL,סוגת,קילוגרמים,1.00,"ק""ג",false,,11.90,11.9000,true,1,62
7290100700419,false,"בורגול 1 ק""ג","סוגת תעשיות בע""מ",IL,סוגת,קילוגרמים,1.00,"ק""ג",false,,7.50,7.5000,true,1,63
7290100700563,false,*מבצע* אורז מיקס קלא,סוגת תעשיות בעמ,IL,סוגת,קילוגרמים,1.00,"ק""ג",false,,9.90,9.9000,true,1,64
7290100700587,false,בורגול 500 גרם,"סוגת תעשיות בע""מ",IL,סוגת,גרמים,500.00,100 גרם,false,,4.90,0.0098,true,1,65
7290100701126,false,שעועית מש 500 גר,,,שעועית מש 500 גר,יח',1.00,יח',false,,11.90,11.9000,true,1,26943
7290100701140,false,*מבצע* אורז ריזוטו א,סוגת תעשיות בעמ,IL,סוגת,קילוגרמים,1.00,"ק""ג",false,,8.90,8.9000,true,1,70
7290100701157,false,"אורז סושי 1 ק""ג",סוגת תעשיות בעמ,IL,סוגת,קילוגרמים,1.00,"ק""ג",false,,11.90,11.9000,true,1,71
7290100701300,false,*מבצע* קינואה אדומה,,,*מבצע* קינואה אדומה,גרמים,500.00,100 גרם,false,,12.90,0.0258,true,1,28743
7290100701331,false,קמח רב תכליתי מספר 1,"שטיבל בע""מ",IL,סוגת,קילוגרמים,1.00,"ק""ג",false,,6.90,6.9000,true,1,73
7290100701348,false,קמח שיפון מלא מספר 7,"שטיבל בע""מ",IL,סוגת,קילוגרמים,1.00,"ק""ג",false,,6.90,6.9000,true,1,74
7290100701454,false,גרישה 500 גר,"סוגת תעשיות בע""מ",IL,סוגת,גרמים,500.00,100 גרם,false,,4.90,0.0098,true,1,80
7290100701577,false,קמח לחם מספר 2,"שטיבל בע""מ",IL,סוגת,קילוגרמים,1.00,"ק""ג",false,,6.90,6.9000,true,1,81
7290100701881,false,קמח פיצה ופוקצה מספר,"שטיבל בע""מ",IL,סוגת,קילוגרמים,1.00,"ק""ג",false,,6.90,6.9000,true,1,86
7290100702260,false,קוסקוס דק 350 ג,"אסיף תעשיות מזון בע""",IL,סוגת,גרמים,350.00,100 גרם,false,,4.90,0.0140,true,1,88
7290100702277,false,קוסקוס עבה 350 ג,"אסיף תעשיות מזון בע""",IL,סוגת,גרמים,350.00,100 גרם,false,,4.90,0.0140,true,1,89
7290100702383,false,"קמח תופח 1 ק""ג","שטיבל בע""מ",IL,סוגת,קילוגרמים,1.00,"ק""ג",false,,6.90,6.9000,true,1,94
7290100702611,false,פתיתים אפויים 500ג,"אסיף תעשיות מזון בע""",IL,סוגת,גרמים,500.00,100 גרם,false,,5.90,0.0118,true,1,102
7290100702628,false,פתיתים אפויים 500 גר,"אסיף תעשיות מזון בע""",IL,סוגת,גרמים,500.00,100 גרם,false,,5.90,0.0118,true,1,103
7290100702635,false,פתיתים אפויים 500 גר,"אסיף תעשיות מזון בע""",IL,סוגת,גרמים,500.00,100 גרם,false,,5.90,0.0118,true,1,104
7290100702642,false,פתיתים אפויים 500 גר,"אסיף תעשיות מזון בע""",IL,סוגת,גרמים,500.00,100 גרם,false,,5.90,0.0118,true,1,105
7290100702666,false,פתיתים עם בצל 400ג,,,פתיתים עם בצל 400ג,גרמים,400.00,100 גרם,false,,5.90,0.0148,true,1,107
7290100702673,false,פתיתים 3 צבעים 400ג,,,פתיתים 3 צבעים 400ג,גרמים,400.00,100 גרם,false,,5.90,0.0148,true,1,108
7290100703007,false,עדשים שחורות בלוגה 5,"סוגת תעשיות בע""מ",IL,סוגת,גרמים,500.00,100 גרם,false,,7.90,0.0158,true,1,23934
7290100703434,false,בורגול חום,"סוגת תעשיות בע""מ",IL,סוגת,גרמים,500.00,100 גרם,false,,4.90,0.0098,true,1,28745
7290100703458,false,כוסמת 500 גרם,"שטיבל בע""מ",IL,סוגת,גרמים,500.00,100 גרם,false,,7.90,0.0158,true,1,29816
7290100703854,false,קוביות סוכר דמררה 50,טרופיקל,,קוביות סוכר דמררה 50,גרמים,500.00,100 גרם,false,,9.90,0.0198,true,1,35124
7290100703908,false,סוכר דמררה בשקית 1קג,סוגת תעשיות בעמ,IL,סוגת,קילוגרמים,1.00,"ק""ג",false,,8.90,8.9000,true,1,33539
7290100704264,false,עדשים שחורות בלוגה 1,"סוגת תעשיות בע""מ",IL,סוגת,קילוגרמים,1.00,"ק""ג",false,,14.90,14.9000,true,1,56744
7290100704578,false,"קמח כוסמין לבן 1 ק""ג",טחנת קמח דגן-שטיבל,IL,"קמח כוסמין לבן 1 ק""ג",קילוגרמים,1.00,"ק""ג",false,,14.90,14.9000,true,1,67195
7290100704615,false,סוכר לבן דמררה דק דק,סוגת,IL,סוכר לבן דמררה דק דק,גרמים,500.00,100 גרם,false,,7.90,0.0158,true,1,69088
7290100704622,false,סוכר דמררה דק דק בצנ,סוגת,IL,סוכר דמררה דק דק בצנ,גרמים,500.00,100 גרם,false,,7.90,0.0158,true,1,69089
7290100704660,false,*מבצע* קינואה מיקס 5,"סוגת תעשיות בע""מ",IL,סוגת,גרמים,500.00,100 גרם,false,,12.90,0.0258,true,1,67514
7290100704684,false,קמח שמרים כוסמין רב,סוגת,,קמח שמרים כוסמין רב,קילוגרמים,1.00,"ק""ג",false,,19.90,19.9000,true,1,80450
7290100850909,false,דוריטוס נאצו 70 גרם,שטראוס פריטו ליי (מל,IL,עלית,גרמים,70.00,100 גרם,false,,3.20,0.0457,true,1,13804
7290100850916,false,דוריטוס חמוץ חריף 70,שטראוס פריטו ליי (מל,IL,עלית,גרמים,70.00,100 גרם,false,,3.20,0.0457,true,1,13805
7290100850923,false,דוריטוס גריל 70 גרם,שטראוס פריטו ליי (מל,IL,עלית,גרמים,70.00,100 גרם,false,,3.20,0.0457,true,1,13806
7290100850930,false,דוריטוס טבעי 70 גרם,שטראוס פריטו ליי (מל,IL,עלית,גרמים,70.00,100 גרם,false,,3.20,0.0457,true,1,13807
7290100851968,false,קפה נמס 200 גר זוג,שטראוס גרופ,IL,עלית,גרמים,400.00,100 גרם,false,,36.90,0.0922,true,1,13418
7290100858592,false,קקאו עלית 150 גרם,שטראוס גרופ,IL,עלית,גרמים,150.00,100 גרם,false,,9.90,0.0660,true,1,13431
7290100858608,false,קקאו עלית 500 גרם,שטראוס גרופ,IL,עלית,גרמים,500.00,100 גרם,false,,23.90,0.0478,true,1,13432
7290100921593,false,כדוריות לניקוי שירות,הנקל סוד,HU,הנקל סוד,מיליליטרים,50.00,"100 מ""ל",false,,7.90,0.1580,true,1,20498
7290100921609,false,כדוריות לניקוי שירות,הנקל סוד,HU,הנקל סוד,מיליליטרים,50.00,"100 מ""ל",false,,7.90,0.1580,true,1,20499
7290100921616,false,כדוריות לניקוי שירות,הנקל סוד,HU,הנקל סוד,מיליליטרים,50.00,"100 מ""ל",false,,7.90,0.1580,true,1,20500
7290100924204,false,אבקת כביסה פרסיל 8 ק,הנקל סוד,IL,הנקל סוד,קילוגרמים,8.00,"ק""ג",false,,49.90,6.2375,true,1,20509
7290100924457,false,*מבצע* מארז כדוריות,הנקל סוד,HU,הנקל סוד,גרמים,150.00,100 גרם,false,,14.90,0.0993,true,1,20516
7290100924464,false,*מבצע* מארז כדוריות,הנקל סוד,HU,הנקל סוד,גרמים,150.00,100 גרם,false,,14.90,0.0993,true,1,20517
7290100925676,false,דפים למכונת כביסה 20,הנקל סוד,IE,דפים למכונת כביסה 20,יח',20.00,יח',false,,19.90,0.9950,true,1,28065
7290100928516,false,גל סוד לכביסה ביד 1,הנקל סוד,IL,הנקל סוד,ליטרים,1.00,ליטר,false,,13.90,13.9000,true,1,20546
7290101110477,false,דיזרט בקלאווה 1.8 לי,,,דיזרט בקלאווה 1.8 לי,מיליליטרים,1800.00,"100 מ""ל",false,,24.90,0.0138,true,1,57488
7290101110811,false,גלידל פסיפלורה שמיני,"פלקו בע""מ",IL,הגלידות של פלדמן,גרמים,400.00,100 גרם,false,,29.90,0.0747,true,1,11092
7290101112228,false,גלידל פרי אננס שמיני,"פלקו בע""מ",IL,הגלידות של פלדמן,גרמים,640.00,100 גרם,false,,24.90,0.0389,true,1,11099
7290101112921,false,גלידל פירות טרופיים,"פלקו בע""מ",IL,הגלידות של פלדמן,יח',8.00,יח',false,,24.90,3.1125,true,1,37497
7290101113157,false,שישייה גלידל וניל עו,"פלקו בע""מ",IL,שישייה גלידל וניל עו,קרטון,6.00,קרטון,false,,23.90,3.9833,true,1,82380
7290101113829,false,מאגדת יופלה שייק פרי,"פלקו בע""מ",IL,מאגדת יופלה שייק פרי,יח,5.00,יח,false,,19.90,3.9800,true,1,82391
7290101113904,false,מנבו וניל 12 יח',,,מנבו וניל 12 יח',יח',12.00,יח',false,,19.90,1.6583,true,1,87195
7290101459040,false,נרות יום הולדת - ברב,,,נרות יום הולדת - ברב,יחידה,0.00,יחידה,false,,2.50,0.0000,true,1,79632
7290101486688,false,*מבצע* פרי חטיפי ברי,FREE,IL,פרי,גרמים,90.00,100 גרם,false,,14.90,0.1656,true,1,18243
7290101488316,false,ליידי ספיד סטיק ללא,Colgate - USA,US,ליידי ספיד סטיק,גרמים,65.00,100 גרם,false,,21.90,0.3369,true,1,18248
7290101488323,false,ליידי ספיד סטיק ללא,Colgate - USA,US,ליידי ספיד סטיק,גרמים,65.00,100 גרם,false,,21.90,0.3369,true,1,18249
7290101501138,false,כרובית ארוזה יחידה,,,כרובית ארוזה יחידה,יחידה,0.00,יחידה,false,,9.90,0.0000,true,1,67807
7290101501237,false,עגבניה מגי,משתנה,IL,עגבניה,קילוגרמים,1.00,"ק""ג",true,,13.90,13.9000,true,1,66929
7290101551027,false,קפסולות למכונה 14,שטראוס גרופ,IL,עלית,גרמים,50.00,100 גרם,false,,15.90,0.3180,true,1,55776
7290101551263,false,*מבצע* סילאן טבעי 70,מכוורת יד מרדכי,IL,יד מרדכי,גרמים,700.00,100 גרם,false,,19.90,0.0284,true,1,53722
7290101551300,false,סילאן טבעי לחיץ 380,מכוורת יד מרדכי,IL,יד מרדכי,גרמים,380.00,100 גרם,false,,14.90,0.0392,true,1,53723
7290101551539,false,דנונה פרו 20 גר אפרס,שטראוס גרופ,IL,דנונה פרו,גרמים,200.00,100 גרם,false,,5.90,0.0295,true,1,53955
7290101551577,false,זוג קוואקר פחית 2*50,FRITO-LAY TRADING CO,GB,קוואקר,קילוגרמים,1.00,"ק""ג",false,,19.90,19.9000,true,1,54149
7290101551584,false,מארז תפוציפס קידס 10,שטראוס פריטו ליי (מל,IL,עלית,גרמים,200.00,100 גרם,false,,12.90,0.0645,true,1,54231
7290101551614,false,*מבצע* מארז ציטוס קר,שטראוס פריטו ליי (מל,IL,עלית,גרמים,240.00,100 גרם,false,,10.90,0.0454,true,1,54233
7290101551638,false,מארז ציטוס כאפה 20*1,שטראוס פריטו ליי (מל,IL,עלית,גרמים,200.00,100 גרם,false,,12.90,0.0645,true,1,54235
7290101723653,false,טאץ מחברת PP A5 שורה,,,טאץ מחברת PP A5 שורה,יחידה,0.00,יחידה,false,,5.90,0.0000,true,1,83283
7290101863410,false,סיליט באנג אקונומיקה,RECKITT BENCKISER PR,PL,סיליט,מיליליטרים,750.00,"100 מ""ל",false,,12.90,0.0172,true,1,7260
7290101864127,false,קליה ספריי 750 מיל,RECKITT BENCKISER PR,PL,וניש,מיליליטרים,750.00,"100 מ""ל",false,,16.90,0.0225,true,1,7263
7290101865261,false,פיניש נוזל הברקה 800,RECKITT BENCKISER PR,PL,פיניש,מיליליטרים,800.00,"100 מ""ל",false,,19.90,0.0249,true,1,7266
7290101866633,false,קליה גל 3 ל,סאסאטק,IL,וניש,ליטרים,3.00,ליטר,false,,29.90,9.9667,true,1,7273
7290101866787,false,קליה גל להלבנה 3 ליט,סאסאטק,IL,וניש,ליטרים,3.00,ליטר,false,,29.90,9.9667,true,1,7276
7290101868460,false,קולון 101 8 קג,זוהר דליה,IL,קולון,קילוגרמים,8.00,"ק""ג",false,,54.90,6.8625,true,1,7286
7290101868958,false,פיניש נוזל הברקה 800,RECKITT BENCKISER PR,PL,פיניש,מיליליטרים,800.00,"100 מ""ל",false,,19.90,0.0249,true,1,7288
7290101869726,false,פיניש גל 1 ליטר,RECKITT BENCKISER PR,PL,פיניש,ליטרים,1.00,ליטר,false,,42.90,42.9000,true,1,7299
7290101869733,false,פיניש גל לימון 1 ליט,RECKITT BENCKISER PR,PL,פיניש,ליטרים,1.00,ליטר,false,,42.90,42.9000,true,1,7300
7290101869788,false,אירוויק אוטומטי מילו,RECKITT BENCKISER UK,GB,איירויק,מיליליטרים,250.00,"100 מ""ל",false,,14.90,0.0596,true,1,7305
7290101869795,false,אירוויק אוטומטי מילו,RECKITT BENCKISER UK,GB,איירויק,מיליליטרים,250.00,"100 מ""ל",false,,14.90,0.0596,true,1,7306
7290101869801,false,איירוויק מכשיר חשמלי,RECKITT BENCKISER HU,HU,איירויק,מיליליטרים,19.00,"100 מ""ל",false,,26.90,1.4158,true,1,7307
7290101869818,false,איירוויק מכשיר חשמלי,RECKITT BENCKISER HU,HU,איירויק,מיליליטרים,19.00,"100 מ""ל",false,,26.90,1.4158,true,1,7308
7290101869917,false,אירוויק אוטומטי מילו,RECKITT BENCKISER UK,GB,איירויק,מיליליטרים,250.00,"100 מ""ל",false,,14.90,0.0596,true,1,7313
7290101869962,false,אירוויק מקלות ריחניי,RECKITT BENCKISER HU,HU,אירוויק,מיליליטרים,30.00,"100 מ""ל",false,,14.90,0.4967,true,1,22092
7290101869979,false,אירוויק מקלות ריחניי,RECKITT BENCKISER HU,HU,אירוויק,מיליליטרים,30.00,"100 מ""ל",false,,14.90,0.4967,true,1,22093
7290101988403,false,24 נרות זהב + 12 מעמ,,,24 נרות זהב + 12 מעמ,יחידה,0.00,יחידה,false,,7.90,0.0000,true,1,83059
7290101997603,false,תותח קונפטי 60 סמ מע,,,תותח קונפטי 60 סמ מע,יחידה,0.00,יחידה,false,,15.90,0.0000,true,1,79607
7290101999669,false,נרות מטה כוכבים - ספ,,,נרות מטה כוכבים - ספ,יחידה,0.00,יחידה,false,,5.90,0.0000,true,1,79633
7290102002962,false,נר יום הולדת מסתובב,,,נר יום הולדת מסתובב,יחידה,0.00,יחידה,false,,18.90,0.0000,true,1,83061
7290102030330,false,תפוציפס מקסיקני 200,שטראוס פריטו ליי (מל,IL,עלית,גרמים,200.00,100 גרם,false,,9.90,0.0495,true,1,13808
7290102031276,false,אקטימל 8 תות בננה,שטראוס גרופ,IL,שטראוס,מיליליטרים,864.00,"100 מ""ל",false,,19.90,0.0230,true,1,15009
7290102060764,false,*מבצע* מרידול מברשת,,,מברשת שיניים מרידול זוג,יח',2.00,יח',false,,24.90,12.4500,true,1,18251
7290102060979,false,*מבצע* אלמקס משחת שי,CP-Poland swidnica,PL,אלמקס,מיליליטרים,100.00,"100 מ""ל",false,,14.90,0.1490,true,1,18253
7290102300822,false,צ'דר אנגלי כתום 200,שבינגטון,GB,שבינגטון,גרמים,200.00,100 גרם,false,,23.90,0.1195,true,1,28904
7290102302253,false,*מבצע* גבינה גאודה ע,הנרי בליך,NL,הנרי ויליך,גרמים,200.00,100 גרם,false,,25.90,0.1295,true,1,31948
7290102302864,false,גאודה פסטו ירוק 200,הנרי ויליך,NL,הגבינות של נני,גרמים,200.00,100 גרם,false,,35.90,0.1795,true,1,60223
7290102302932,false,תחליף גבינה טבעונית,zieglerr,DE,גאיה,גרמים,150.00,100 גרם,false,,22.90,0.1527,true,1,66118
7290102302987,false,תחליף גבינה טבעונית,zieglerr,DE,גאיה,גרמים,150.00,100 גרם,false,,22.90,0.1527,true,1,66121
7290102303854,false,גאיה בסגנון מוצרלה ב,zieglerr,DE,גאיה,גרמים,150.00,100 גרם,false,,22.90,0.1527,true,1,69894
7290102304714,false,*מבצע* גלוריוס עיזים,הנרי ויליך,NL,*מבצע* גלוריוס עיזים,גרמים,180.00,100 גרם,false,,39.90,0.2217,true,1,71253
7290102304721,false,*מבצע* טרמנדס כמהין,הנרי ויליך,NL,*מבצע* טרמנדס כמהין,גרמים,180.00,100 גרם,false,,39.90,0.2217,true,1,71254
7290102390427,false,Muller Froop תות 150,,,Muller Froop תות 150,גרמים,150.00,100 גרם,false,,4.80,0.0320,true,1,14733
7290102390465,false,Muller Froop אפרסק פ,טרה,IL,MULLER,גרמים,150.00,100 גרם,false,,4.80,0.0320,true,1,14734
7290102390489,false,Muller Froop לימון 1,טרה,IL,MULLER,גרמים,150.00,100 גרם,false,,4.80,0.0320,true,1,14735
7290102391844,false,Muller Froop פירות י,טרה,IL,MULLER,גרמים,150.00,100 גרם,false,,4.80,0.0320,true,1,14740
7290102392049,false,תבור- גבינה לאפייה 5,מחלבת משק צוריאל,IL,משק צוריאל,גרמים,500.00,100 גרם,false,,22.90,0.0458,true,1,14741
7290102392094,false,חלב עיזים בקרטון 1 ל,מחלבת משק צוריאל,IL,משק צוריאל,ליטרים,1.00,ליטר,false,,14.90,14.9000,true,1,14742
7290102392254,false,חלב בקרטון 1% 2 ליטר,טרה,IL,טרה,ליטרים,2.00,ליטר,false,,11.60,5.8000,true,1,14744
7290102393039,false,Muller mix פצפוצי שו,טרה,IL,MULLER,גרמים,170.00,100 גרם,false,,5.50,0.0324,true,1,14752
7290102393169,false,תות שדה Muller Simpl,טרה,IL,MULLER,גרמים,150.00,100 גרם,false,,4.80,0.0320,true,1,14757
7290102393176,false,אפרסק Muller Simply,טרה,IL,MULLER,גרמים,150.00,100 גרם,false,,4.80,0.0320,true,1,14758
7290102393268,false,גבינה לבנה 750 גרם 5,טרה,IL,טרה,גרמים,750.00,100 גרם,false,,14.70,0.0196,true,1,14760
7290102393299,false,יוגורט עיזים לשתייה,מחלבת משק צוריאל,IL,משק צוריאל,גרמים,500.00,100 גרם,false,,11.90,0.0238,true,1,14761
7290102393718,false,חלומי בקר 200 גרם,מחלבת משק צוריאל,IL,משק צוריאל,גרמים,200.00,100 גרם,false,,19.90,0.0995,true,1,14763
7290102393848,false,יוגורט עיזים עם תות,מחלבת משק צוריאל,IL,משק צוריאל,גרמים,150.00,100 גרם,false,,5.80,0.0387,true,1,14764
7290102393855,false,יוגורט עיזים עם אפרס,מחלבת משק צוריאל,IL,משק צוריאל,גרמים,150.00,100 גרם,false,,5.80,0.0387,true,1,14765
7290102393947,false,קיווי Muller Simply,טרה,IL,MULLER,גרמים,150.00,100 גרם,false,,4.80,0.0320,true,1,14766
7290102394258,false,מה עז 9% 180 גרם,מחלבת משק צוריאל,IL,משק צוריאל,גרמים,180.00,100 גרם,false,,22.50,0.1250,true,1,14768
7290102394463,false,גבנצ 28% ואקום 500 ג,טרה,IL,טרה,גרמים,500.00,100 גרם,false,,23.90,0.0478,true,1,14771
7290102394821,false,גבנצ 28% דק דק 200 ג,טרה,IL,טרה,גרמים,200.00,100 גרם,false,,15.20,0.0760,true,1,14773
7290102394845,false,גבנצ 9% דק דק 200 ג',טרה,IL,טרה,גרמים,200.00,100 גרם,false,,16.90,0.0845,true,1,14774
7290102395217,false,מאגדת שמיניה מולר בי,טרה,IL,MULLER,קילוגרמים,1.20,"ק""ג",false,,18.20,15.1667,true,1,14780
7290102395224,false,מאגדת שמיניה מולר 1.,טרה,IL,MULLER,ליטרים,1.20,ליטר,false,,16.50,13.7500,true,1,14781
7290102395231,false,מאגדת שמינייה מולר נ,טרה,IL,MULLER,קילוגרמים,1.20,"ק""ג",false,,16.50,13.7500,true,1,14782
7290102395262,false,מאגדת שמינייה תות שד,טרה,IL,MULLER,קילוגרמים,1.20,"ק""ג",false,,29.90,24.9167,true,1,14783
7290102395347,false,"יוגורט כד 6% 3 ק""ג",טרה,IL,"יוגורט כד 6% 3 ק""ג",קילוגרמים,3.00,"ק""ג",false,,28.90,9.6333,true,1,79562
7290102395378,false,גבנצ 28% ואקום 360 ג,טרה,IL,טרה,גרמים,360.00,100 גרם,false,,19.90,0.0553,true,1,14785
7290102395439,false,מאגדת שמינייה פירות,טרה,IL,MULLER,קילוגרמים,1.20,"ק""ג",false,,29.90,24.9167,true,1,14787
7290102395446,false,מוו וניל קצפת,טרה,IL,טרה,גרמים,123.00,100 גרם,false,,2.90,0.0236,true,1,14788
7290102395477,false,מוו שוקולד קצפת,טרה,IL,טרה,גרמים,123.00,100 גרם,false,,2.90,0.0236,true,1,14791
7290102396399,false,מאגדת שמינייה - מעדן,טרה,IL,טרה,גרמים,800.00,100 גרם,false,,12.90,0.0161,true,1,14819
7290102396405,false,מאגדת שמינייה - מעדן,טרה,IL,טרה,גרמים,800.00,100 גרם,false,,12.90,0.0161,true,1,14820
7290102396436,false,מוו מעדן שוקולד 1.5%,טרה,IL,טרה,גרמים,125.00,100 גרם,false,,2.70,0.0216,true,1,14823
7290102396443,false,מוו מעדן וניל 1.5% 1,טרה,IL,טרה,גרמים,125.00,100 גרם,false,,2.70,0.0216,true,1,14824
7290102396580,false,מוו שוקולד ומוס שוקו,טרה,IL,טרה,גרמים,123.00,100 גרם,false,,2.90,0.0236,true,1,14832
7290102396597,false,מוו וניל ומוס שוקולד,טרה,IL,טרה,גרמים,123.00,100 גרם,false,,2.90,0.0236,true,1,14833
7290102396665,false,גבנצ 15% דק דק 200 ג,טרה,IL,טרה,גרמים,200.00,100 גרם,false,,15.20,0.0760,true,1,23684
7290102396672,false,גבנצ 9% דק דק 360 ג',טרה,IL,טרה,גרמים,360.00,100 גרם,false,,25.90,0.0719,true,1,23693
7290102396719,false,תות 0% Muller Simply,טרה,IL,MULLER,גרמים,150.00,100 גרם,false,,4.80,0.0320,true,1,14840
7290102396740,false,מאגדת שמינייה מולר ס,טרה,IL,MULLER,קילוגרמים,1.20,"ק""ג",false,,29.90,24.9167,true,1,14843
7290102397204,false,גבנצ 22% דק דק 200 ג,טרה,IL,טרה,גרמים,200.00,100 גרם,false,,15.20,0.0760,true,1,23685
7290102397310,false,מאגדת שמינייה מיני מ,מילקו,,טרה,גרמים,560.00,100 גרם,false,,10.90,0.0195,true,1,26702
7290102397334,false,בולגרית גלילית 5% 25,מחלבת משק צוריאל,IL,משק צוריאל,גרמים,250.00,100 גרם,false,,21.90,0.0876,true,1,26458
7290102397464,false,Natural + פקאן  גרעי,מילקו,IL,מולר נטורל,גרמים,170.00,100 גרם,false,,5.50,0.0324,true,1,32028
7290102397600,false,Muller mix שקדים ובו,טרה,IL,MULLER,גרמים,170.00,100 גרם,false,,5.50,0.0324,true,1,28297
7290102397617,false,Muller mix קליק,טרה,IL,MULLER,גרמים,170.00,100 גרם,false,,5.50,0.0324,true,1,28298
7290102397679,false,קוטג' וחצי 5% 375 גר,מילקו,IL,טרה,גרמים,375.00,100 גרם,false,,7.50,0.0200,true,1,30863
7290102397730,false,אמנטל פתיחה חוזרת 20,טרה,IL,נעם,גרמים,200.00,100 גרם,false,,16.90,0.0845,true,1,32654
7290102397747,false,מוצרלה נעם פתיחה חוז,טרה,IL,טרה,גרמים,200.00,100 גרם,false,,17.90,0.0895,true,1,35119
7290102397891,false,גבינה מותכת 100 גרם,מילקו,IL,גבינות קשות,גרמים,100.00,100 גרם,false,,6.90,0.0690,true,1,31993
7290102398065,false,חלב בקרטון 3% 2 ליטר,טרה,IL,טרה,ליטרים,2.00,ליטר,false,,12.40,6.2000,true,1,33608
7290102398331,false,חלב 1 ליטר מועשר דל,טרה,IL,חלב טרה,ליטרים,1.00,ליטר,false,,7.40,7.4000,true,1,35980
7290102398553,false,שוקו טרה בקבוק 1.5 ל,טרה,IL,טרה,ליטרים,1.50,ליטר,false,,16.50,11.0000,true,1,61266
7290102398560,false,שוקו טרה מועשר בבקבו,טרה,IL,טרה,ליטרים,1.00,ליטר,false,,11.00,11.0000,true,1,38029
7290102398577,false,שוקו מועשר בבקבוק 25,טרה,IL,טרה,מיליליטרים,250.00,"100 מ""ל",false,,5.30,0.0212,true,1,38162
7290102398614,false,משקה חלב בטעם בננה 1,טרה,IL,טרה,ליטרים,1.00,ליטר,false,,11.00,11.0000,true,1,38032
7290102398638,false,משקה חלב בטעם מוקה,טרה,IL,טרה,ליטרים,1.00,ליטר,false,,11.00,11.0000,true,1,38033
7290102398782,false,משקה סויה קלאסי משק,ואל סויה,IT,משק,ליטרים,1.00,ליטר,false,,10.90,10.9000,true,1,61267
7290102398799,false,משקה סויה במתיקות מו,ואל סויה,IT,משק,ליטרים,1.00,ליטר,false,,10.90,10.9000,true,1,61268
7290102398836,false,משקה שקדים קלאסי משק,ואל סויה,IT,משק,ליטרים,1.00,ליטר,false,,12.90,12.9000,true,1,61270
7290102399048,false,קשקבל נעם פתיחה חוזר,מילקו,IL,טרה,גרמים,200.00,100 גרם,false,,22.90,0.1145,true,1,57054
7290102399697,false,Muller simply fruit,טרה,IL,MULLER,גרמים,150.00,100 גרם,false,,4.80,0.0320,true,1,61276
7290102399772,false,*מבצע* ממרח חמאת מול,מילקו,DE,מולר,גרמים,250.00,100 גרם,false,,15.90,0.0636,true,1,63346
7290102399789,false,*מבצע* ממרח חמאת מול,מילקו,DE,מולר,גרמים,250.00,100 גרם,false,,15.90,0.0636,true,1,63347
7290102399796,false,Muller Active יוגורט,מילקו,IL,מולר,גרמים,200.00,100 גרם,false,,5.50,0.0275,true,1,63348
7290102399802,false,Muller Active יוגורט,מילקו,IL,מולר,גרמים,20.00,100 גרם,false,,5.90,0.2950,true,1,63351
7290102399819,false,מולר אקטיב יוגורט חל,מילקו,IL,מולר,גרמים,20.00,100 גרם,false,,5.90,0.2950,true,1,63352
7290102399857,false,Muller Active לייט י,מילקו,IL,מולר,מיליליטרים,200.00,"100 מ""ל",false,,5.90,0.0295,true,1,63669
7290102840175,false,פודינג וניל 85 גרם,"מיה תעשיות מזון בע""מ",IL,מיה,גרמים,85.00,100 גרם,false,,2.90,0.0341,true,1,68318
7290102840205,false,גלי תות 90 גרם,"מיה תעשיות מזון בע""מ",IL,מיה,גרמים,90.00,100 גרם,false,,2.90,0.0322,true,1,68321
7290103124601,false,פלמוליב חלב ודבש 750,CP - Turkey+60,TR,פלמוליב חלב ודבש 750,מיליליטרים,750.00,"100 מ""ל",false,,19.90,0.0265,true,1,36770
7290103126797,false,*מבצע* קולגייט סנסיט,Colgate - Brazil,BR,קולגייט,מיליליטרים,75.00,"100 מ""ל",false,,17.90,0.2387,true,1,18271
7290103153458,false,קערה מרובעת קטנה קשי,,,קערה מרובעת קטנה קשי,יח,1.00,יח,false,,4.00,4.0000,true,1,78335
7290103153465,false,קערה מרובעת בנונית ק,,,קערה מרובעת בנונית ק,יח,1.00,יח,false,,5.90,5.9000,true,1,78336
7290103153472,false,קערה מרובעת גדולה קש,,,קערה מרובעת גדולה קש,יח,1.00,יח,false,,7.90,7.9000,true,1,78337
7290103261542,false,המיוחדים חותכן לגזר,,,המיוחדים חותכן לגזר,יחידה,0.00,יחידה,false,,10.90,0.0000,true,1,71483
7290103263355,false,סט 2 חותכנים לעוגיות,,,סט 2 חותכנים לעוגיות,יחידה,0.00,יחידה,false,,10.90,0.0000,true,1,71489
7290103265724,false,מטרפה עם ידית עץ,,,מטרפה עם ידית עץ,יחידה,0.00,יחידה,false,,12.90,0.0000,true,1,71494
7290103266301,false,פומפיה נירוסטה דגם ס,,,פומפיה נירוסטה דגם ס,יחידה,0.00,יחידה,false,,12.90,0.0000,true,1,71497
7290103268886,false,מקטין גז,,,מקטין גז,יחידה,0.00,יחידה,false,,6.90,0.0000,true,1,71505
7290103269128,false,מאג לבן דקור צבעוני,,,מאג לבן דקור צבעוני,יחידה,0.00,יחידה,false,,5.90,0.0000,true,1,71506
7290103400194,false,כרוב לבן קצוץ 400 גר,שטראוס גרופ,IL,שטראוס,גרמים,400.00,100 גרם,false,,8.90,0.0223,true,1,15014
7290103400255,false,סלט קולסלאו 400 גרם,שטראוס גרופ,IL,שטראוס,גרמים,400.00,100 גרם,false,,8.90,0.0223,true,1,15016
7290103401429,false,פלטיניום קצב ברזילאי,שטראוס גרופ,IL,עלית,גרמים,200.00,100 גרם,false,,24.90,0.1245,true,1,13453
7290103404758,false,כרוב 120,שטראוס גרופ,IL,שטראוס,גרמים,125.00,100 גרם,false,,4.70,0.0376,true,1,15018
7290103408206,false,עלי חסה שטופים 250,שטראוס גרופ,IL,שטראוס,גרמים,250.00,100 גרם,false,,9.90,0.0396,true,1,15023
7290103681197,false,"יין הר שיראז 750 מ""ל",,,הר אדום,מיליליטרים,750.00,"100 מ""ל",false,,35.90,0.0479,true,1,64673
7290103681227,false,יין הר גוורצטרמינר 7,,,הר לבן,מיליליטרים,750.00,"100 מ""ל",false,,35.90,0.0479,true,1,64678
7290103681623,false,יין הר מוסקטו רוזה 7,,,הר לבן,מיליליטרים,750.00,"100 מ""ל",false,,35.90,0.0479,true,1,64684
7290104005176,false,חגורה לגבר,,,חגורה לגבר,יח',1.00,יח',false,,12.90,12.9000,true,1,19459
7290104061417,false,חומוס טחינה 400 גרם,שטראוס גרופ,IL,שטראוס,גרמים,400.00,100 גרם,false,,10.90,0.0273,true,1,15024
7290104061424,false,חומוס זעתר 400 גרם,שטראוס גרופ,IL,שטראוס,גרמים,400.00,100 גרם,false,,10.90,0.0273,true,1,15025
7290104061431,false,חומוס צנובר 400 גרם,שטראוס גרופ,IL,שטראוס,גרמים,400.00,100 גרם,false,,10.90,0.0273,true,1,15026
7290104061448,false,חומוס חריף 400 גרם,שטראוס גרופ,IL,שטראוס,גרמים,400.00,100 גרם,false,,10.90,0.0273,true,1,15027
7290104065934,false,עלי רוקט 150 גרם שטר,שטראוס גרופ,IL,שטראוס,גרמים,150.00,100 גרם,false,,9.90,0.0660,true,1,15031
7290104066566,false,טחינה 500 גרם,שטראוס גרופ,IL,שטראוס,גרמים,500.00,100 גרם,false,,13.90,0.0278,true,1,15034
7290104068539,false,מאסט מלון ואבטיח,שטראוס גרופ,IL,עלית,גרמים,28.00,100 גרם,false,,4.00,0.1429,true,1,13485
7290104068546,false,מאסט קולה קרח ולימון,שטראוס גרופ,IL,עלית,גרמים,28.00,100 גרם,false,,4.00,0.1429,true,1,13486
7290104500572,false,אפרופו איטליאנו 50 ג,אסם,IL,אפרופו,גרמים,50.00,100 גרם,false,,3.90,0.0780,true,1,4615
7290104501661,false,פודינג בטעם וניל צרפ,אסם,IL,אסם,גרמים,84.00,100 גרם,false,,4.90,0.0583,true,1,4617
7290104501784,false,מיני מאפינס שוקוציפס,תבואות בר,IL,בונז'ור,גרמים,200.00,100 גרם,false,,10.00,0.0500,true,1,4618
7290104501807,false,מיני מאפינס שוקו 32,ב- תבואות בר,IL,בונז'ור,גרמים,200.00,100 גרם,false,,10.00,0.0500,true,1,4619
7290104503184,false,עוגת בראוניס ר.חלב38,אסם,IL,הבית,גרמים,350.00,100 גרם,false,,14.90,0.0426,true,1,4622
7290104508189,false,24 גביעי גלידה ממותק,"גילרו בע""מ",IL,אסם,גרמים,95.00,100 גרם,false,,12.90,0.1358,true,1,4633
7290104508943,false,במבה קלאסי 200 גרם,אסם,IL,במבה,גרמים,200.00,100 גרם,false,,8.90,0.0445,true,1,4640
7290104570162,false,תמר כבוש 500 גרם,"ששון ושות' בע""מ",IL,תמר כבוש 500 גרם,גרמים,500.00,100 גרם,false,,12.90,0.0258,true,1,10777
7290104695803,false,נהגת חדשה,,,נהגת חדשה,יחידה,0.00,יחידה,false,,6.90,0.0000,true,1,84053
7290104721762,false,מארז טורקי 3*85 גרם,שטראוס גרופ,IL,עלית,גרמים,255.00,100 גרם,false,,18.90,0.0741,true,1,13491
7290104722530,false,תפוציפס 200-180 גרם,שטראוס פריטו ליי (מל,IL,עלית,גרמים,200.00,100 גרם,false,,9.90,0.0495,true,1,13819
7290104726262,false,דני שלוק שוקולד רביע,שטראוס גרופ,IL,שטראוס,גרמים,500.00,100 גרם,false,,10.90,0.0218,true,1,15055
7290104726712,false,מארז 8 מילקי בטעם שו,שטראוס גרופ,IL,שטראוס,ליטרים,1.36,ליטר,false,,19.90,14.6324,true,1,15056
7290104728310,false,שמנת להקצפה 38% מהדר,שטראוס גרופ,IL,יטבתה,מיליליטרים,250.00,"100 מ""ל",false,,6.40,0.0256,true,1,15061
7290104729003,false,*מבצע* שמן זית כ.מעו,שטראוס גרופ,IL,יד מרדכי,מיליליטרים,750.00,"100 מ""ל",false,,29.90,0.0399,true,1,13510
7290104729010,false,לבן בטעם תות 100 מל',שטראוס גרופ,IL,יטבתה,מיליליטרים,100.00,"100 מ""ל",false,,1.40,0.0140,true,1,15065
7290104960239,false,סבון ארומה 750 מל,"אמיליה קוסמטיקס בע""מ",IL,נקה 7,מיליליטרים,750.00,"100 מ""ל",false,,9.90,0.0132,true,1,759
7290104960246,false,סבון ארומה 750 מל,"אמיליה קוסמטיקס בע""מ",IL,נקה 7,מיליליטרים,750.00,"100 מ""ל",false,,9.90,0.0132,true,1,760
7290104960253,false,סבון ארומה 750 מל,"אמיליה קוסמטיקס בע""מ",IL,נקה 7,מיליליטרים,750.00,"100 מ""ל",false,,9.90,0.0132,true,1,761
7290104960338,false,סבון ארומה 750 מל,"אמיליה קוסמטיקס בע""מ",IL,נקה 7,מיליליטרים,750.00,"100 מ""ל",false,,9.90,0.0132,true,1,762
7290104960352,false,סבון ארומה 750 מל,"אמיליה קוסמטיקס בע""מ",IL,נקה 7,מיליליטרים,750.00,"100 מ""ל",false,,9.90,0.0132,true,1,764
7290104961205,false,נקה 7 תחליב רחצה 750,"אמיליה קוסמטיקס בע""מ",IL,נקה 7,מיליליטרים,750.00,"100 מ""ל",false,,9.90,0.0132,true,1,769
7290104961243,false,נקה 7 תחליב רחצה 750,"אמיליה קוסמטיקס בע""מ",IL,נקה 7,מיליליטרים,750.00,"100 מ""ל",false,,9.90,0.0132,true,1,771
7290104961250,false,נקה 7 תחליב רחצה 750,"אמיליה קוסמטיקס בע""מ",IL,נקה 7,מיליליטרים,750.00,"100 מ""ל",false,,9.90,0.0132,true,1,772
7290104961878,false,שמפו קרטין אינטנס 40,"אמיליה קוסמטיקס בע""מ",IL,נטורל פורמולה,מיליליטרים,400.00,"100 מ""ל",false,,29.90,0.0747,true,1,779
7290104961885,false,מרכך קרטין אינטנס 40,"אמיליה קוסמטיקס בע""מ",IL,נטורל פורמולה,מיליליטרים,400.00,"100 מ""ל",false,,29.90,0.0747,true,1,780
7290104961892,false,מסיכת קרטין אינטנס 3,"אמיליה קוסמטיקס בע""מ",IL,נטורל פורמולה,מיליליטרים,350.00,"100 מ""ל",false,,39.90,0.1140,true,1,781
7290104962004,false,נקה 7 סבון נוזלי שלי,סנו,IL,נקה 7,ליטרים,1.50,ליטר,false,,19.90,13.2667,true,1,22066
7290104962080,false,"ספריי טיטניום 150 מ""","אמיליה קוסמטיקס בע""מ",IL,טיטניום,מיליליטרים,150.00,"100 מ""ל",false,,10.90,0.0727,true,1,786
7290104962844,false,שמפו קרטין אינטנס 40,"אמיליה קוסמטיקס בע""מ",IL,נטורל פורמולה,מיליליטרים,400.00,"100 מ""ל",false,,29.90,0.0747,true,1,22087
7290104962868,false,מסיכת קרטין אינטנס 3,"אמיליה קוסמטיקס בע""מ",IL,נטורל פורמולה,מיליליטרים,350.00,"100 מ""ל",false,,39.90,0.1140,true,1,22089
7290104963216,false,אלסבון עדין סופטקר 1,סנו,IL,סופטקר,ליטרים,1.00,ליטר,false,,15.90,15.9000,true,1,27897
7290104963223,false,אלסבון סופטקר 1 ליטר,סנו,IL,סופטקר,ליטרים,1.00,ליטר,false,,15.90,15.9000,true,1,27898
7290104963650,false,שמפו סופטקר 1 ליטר,סנו,IL,סופטקר,ליטרים,1.00,ליטר,false,,15.90,15.9000,true,1,27899
7290104964350,false,סבון נוזלי נקה 7 שלי,סנו,IL,נקה 7,ליטרים,1.50,ליטר,false,,19.90,13.2667,true,1,28339
7290104964756,false,תיאדנט בטעם ענבים לי,,,תיאדנט גדול,מיליליטרים,150.00,"100 מ""ל",false,,14.90,0.0993,true,1,55263
7290104965647,false,דאודורנט רול און נוש,"אמיליה קוסמטיקס בע""מ",IL,קרליין,מיליליטרים,75.00,"100 מ""ל",false,,11.90,0.1587,true,1,67402
7290105100054,false,מטריה אוטומט,יושימין,CN,tomi,יח',1.00,יח',false,,15.90,15.9000,true,1,7537
7290105100108,false,מטריה גמבו ארוך,יושימין,CN,tomi,יח',1.00,יח',false,,19.90,19.9000,true,1,7538
7290105100160,false,מטריה שקוף ילדים,יושימין,CN,tomi,יח',1.00,יח',false,,19.90,19.9000,true,1,7541
7290105107534,false,מטריה רב צלעות,יושימין,CN,tomi,יח',1.00,יח',false,,29.90,29.9000,true,1,7660
7290105260055,false,בועה 051 מסמרי פלדה,,,בועה 051 מסמרי פלדה,יחידה,0.00,יחידה,false,,6.90,0.0000,true,1,75126
7290105260314,false,בועה 639 מסמר שפיץ 3,,,בועה 639 מסמר שפיץ 3,יחידה,0.00,יחידה,false,,5.00,0.0000,true,1,75140
7290105260970,false,מברשת ציר לאימפקט שט,,,מברשת ציר לאימפקט שט,יחידה,0.00,יחידה,false,,12.90,0.0000,true,1,75349
7290105261762,false,אטמי אוזניים 5 זוג ב,,,אטמי אוזניים 5 זוג ב,יחידה,0.00,יחידה,false,,6.90,0.0000,true,1,75145
7290105262332,false,"סט 3 סרט טפלון ""בונה",,,"סט 3 סרט טפלון ""בונה",יחידה,0.00,יחידה,false,,5.90,0.0000,true,1,75358
7290105263131,false,מגרדת 3000 בונה + 2,,,מגרדת 3000 בונה + 2,יחידה,0.00,יחידה,false,,7.90,0.0000,true,1,75152
7290105263216,false,פליאר לולאות+100 לול,,,פליאר לולאות+100 לול,יחידה,0.00,יחידה,false,,7.90,0.0000,true,1,75375
7290105264442,false,"מגרדת צבע ""4 ""בונה""",,,"מגרדת צבע ""4 ""בונה""",יחידה,0.00,יחידה,false,,6.90,0.0000,true,1,75404
7290105264558,false,סרט אריזה UK אורך 60,,,סרט אריזה UK אורך 60,יחידה,0.00,יחידה,false,,9.90,0.0000,true,1,75405
7290105264626,false,מנעול תליה קפיצי 25,,,מנעול תליה קפיצי 25,יחידה,0.00,יחידה,false,,6.90,0.0000,true,1,75408
7290105264794,false,מסטיק אקרילי פלוס לב,,,מסטיק אקרילי פלוס לב,יחידה,0.00,יחידה,false,,9.90,0.0000,true,1,75417
7290105267481,false,משאבת כדור 12 בונה,,,משאבת כדור 12 בונה,יחידה,0.00,יחידה,false,,6.90,0.0000,true,1,75437
7290105267894,false,"טסטר ארוך 3.5*190 מ""",,,"טסטר ארוך 3.5*190 מ""",יחידה,0.00,יחידה,false,,5.90,0.0000,true,1,75199
7290105267948,false,סט מפתחות פ.פ 3 יח',,,סט מפתחות פ.פ 3 יח',יחידה,0.00,יחידה,false,,5.90,0.0000,true,1,75449
7290105268792,false,"מברשת בומבה ""5 (120X",,,"מברשת בומבה ""5 (120X",יחידה,0.00,יחידה,false,,15.90,0.0000,true,1,80831
7290105269256,false,סט 2 פצירות מחט שטוח,,,סט 2 פצירות מחט שטוח,יחידה,0.00,יחידה,false,,5.90,0.0000,true,1,75466
7290105269263,false,סט 2 פצירות מחט שטוח,,,סט 2 פצירות מחט שטוח,יחידה,0.00,יחידה,false,,5.90,0.0000,true,1,75467
7290105272522,false,טסטר רב תכליתי GOLD,,,טסטר רב תכליתי GOLD,יחידה,0.00,יחידה,false,,10.90,0.0000,true,1,75236
7290105279392,false,סט מברשות צבע 5 יח',,,סט מברשות צבע 5 יח',יחידה,0.00,יחידה,false,,15.90,0.0000,true,1,75510
7290105279811,false,סכין יפני רחב צבעים,,,סכין יפני רחב צבעים,יחידה,0.00,יחידה,false,,2.50,0.0000,true,1,75517
7290105279996,false,סרט בד דביק 2   20 מ,,,סרט בד דביק 2   20 מ,יחידה,0.00,יחידה,false,,19.90,0.0000,true,1,75526
7290105280800,false,פלס טורפדו 9 צהוב רג,,,פלס טורפדו 9 צהוב רג,יחידה,0.00,יחידה,false,,6.90,0.0000,true,1,75536
7290105288745,false,סט מקדחים לאבן 5 יח',,,סט מקדחים לאבן 5 יח',יחידה,0.00,יחידה,false,,10.00,0.0000,true,1,75577
7290105289032,false,גלגל סיליקון שקוף 50,,,גלגל סיליקון שקוף 50,יחידה,0.00,יחידה,false,,12.90,0.0000,true,1,75283
7290105289049,false,גלגל סיליקון שקוף 50,,,גלגל סיליקון שקוף 50,יחידה,0.00,יחידה,false,,15.90,0.0000,true,1,75284
7290105360250,false,קפסולות 09 למכונות N,שטראוס גרופ,IL,עלית,גרמים,50.00,100 גרם,false,,15.90,0.3180,true,1,13514
7290105360328,false,קפסולות 10 למכונות N,שטראוס גרופ,IL,עלית,גרמים,50.00,100 גרם,false,,15.90,0.3180,true,1,13515
7290105360335,false,קפסולות 07 למכונות N,שטראוס גרופ,IL,עלית,גרמים,50.00,100 גרם,false,,15.90,0.3180,true,1,13516
7290105362339,false,שמנת לבישול 15% מהדר,שטראוס גרופ,IL,יטבתה,מיליליטרים,250.00,"100 מ""ל",false,,7.90,0.0316,true,1,15069
7290105363602,false,כיף כף מקלות 40 גרם,SOLEN CIKOLATA GIDA,TR,עלית,גרמים,40.00,100 גרם,false,,4.70,0.1175,true,1,13532
7290105364289,false,כיף כף מקלות 40 גרם,SOLEN CIKOLATA GIDA,TR,עלית,גרמים,40.00,100 גרם,false,,4.70,0.1175,true,1,13534
7290105364302,false,כיף כף מקלות 42 גרם,,,כיף כף מקלות 42 גרם,גרמים,42.00,100 גרם,false,,4.70,0.1119,true,1,13535
7290105364678,false,משקה אקטיביה אפרסק 1,שטראוס גרופ,IL,שטראוס,גרמים,265.00,100 גרם,false,,4.90,0.0185,true,1,15071
7290105366023,false,חציל בטעם כבד 400 גר,שטראוס גרופ,IL,שטראוס,גרמים,400.00,100 גרם,false,,14.90,0.0373,true,1,15075
7290105366047,false,טחינה לבנה 400 גר,שטראוס גרופ,IL,שטראוס,גרמים,400.00,100 גרם,false,,14.90,0.0373,true,1,15077
7290105366993,false,סימפוניה פילפל שיפקה,שטראוס גרופ,IL,שטראוס,גרמים,200.00,100 גרם,false,,10.90,0.0545,true,1,15084
7290105368331,false,מילקי בטעם תות,שטראוס גרופ,IL,שטראוס,גרמים,133.00,100 גרם,false,,2.80,0.0211,true,1,15099
7290105368904,false,שמנת מתוקה להקצפה 32,שטראוס גרופ,IL,יטבתה,מיליליטרים,250.00,"100 מ""ל",false,,7.30,0.0292,true,1,15109
7290105368928,false,שמנת  9% 200 גר-מהדר,שטראוס גרופ,IL,יטבתה,מיליליטרים,200.00,"100 מ""ל",false,,2.90,0.0145,true,1,15110
7290105369130,false,סימפוניה בצל ירוק,שטראוס גרופ,IL,שטראוס,גרמים,200.00,100 גרם,false,,10.90,0.0545,true,1,15113
7290105431516,false,*מבצע* פרי  חטיפי בר,FREE,IL,פרי,גרמים,90.00,100 גרם,false,,14.90,0.1656,true,1,18292
7290105434050,false,ספיד סטיק ירוק רגולר,Colgate - USA,US,ספיד סטיק,גרמים,85.00,100 גרם,false,,21.90,0.2576,true,1,23905
7290105434067,false,ספיד סטיק כחול אושיי,Colgate - USA,US,ספיד סטיק,גרמים,85.00,100 גרם,false,,21.90,0.2576,true,1,23906
7290105439499,false,מאסטר שף  מיונז 483,Remia,NL,מאסטר שף,גרמים,483.00,100 גרם,false,,11.90,0.0246,true,1,26078
7290105439505,false,*מבצע* מאסטר שף קרם,Remia,NL,מאסטר שף,גרמים,521.00,100 גרם,false,,9.90,0.0190,true,1,30197
7290105439581,false,מאסטר שף חרדל דיז'ון,Covinor sas,FR,מאסטר שף,גרמים,370.00,100 גרם,false,,9.90,0.0268,true,1,26079
7290105474124,false,בונזו 12 קג,"ביופט בע""מ",IL,בונזו,קילוגרמים,12.00,"ק""ג",false,,129.90,10.8250,true,1,20374
7290105500151,false,*מבצע* פינלנדיה 700,,,וודקה פינלנדיה,מיליליטרים,700.00,"100 מ""ל",false,,54.90,0.0784,true,1,12314
7290105500236,false,*מבצע* ג'ק דניאלס 70,,,וויסקי גק דניאלס,מיליליטרים,700.00,"100 מ""ל",false,,99.90,0.1427,true,1,12315
7290105500953,false,*מבצע* ג'ק דניאלס דב,,,וויסקי גק דניאלס דבש,מיליליטרים,700.00,"100 מ""ל",false,,99.90,0.1427,true,1,12317
7290105660183,false,גיל סט 3 סכינים דגם,,,גיל סט 3 סכינים דגם,יחידה,0.00,יחידה,false,,5.90,0.0000,true,1,71511
7290105665621,false,חותך בצק מנירוסטה מק,,,חותך בצק מנירוסטה מק,יחידה,0.00,יחידה,false,,15.90,0.0000,true,1,71530
7290105667472,false,סט 5 צנטרים לזילוף,,,סט 5 צנטרים לזילוף,יחידה,0.00,יחידה,false,,10.90,0.0000,true,1,71541
7290105668585,false,סט 6 סכיני להב דגם ק,,,סט 6 סכיני להב דגם ק,יחידה,0.00,יחידה,false,,12.90,0.0000,true,1,71555
7290105668769,false,תבנית סיליקון אושר 1,,,תבנית סיליקון אושר 1,יחידה,0.00,יחידה,false,,29.90,0.0000,true,1,71566
7290105669094,false,סט 6 צנטרים נירוסטה,,,סט 6 צנטרים נירוסטה,יחידה,0.00,יחידה,false,,10.90,0.0000,true,1,71577
7290105669162,false,פומפייה מגרדת תבליני,,,פומפייה מגרדת תבליני,יחידה,0.00,יחידה,false,,5.90,0.0000,true,1,71579
7290105669667,false,מסננת רשת לטיגון,,,מסננת רשת לטיגון,יחידה,0.00,יחידה,false,,12.90,0.0000,true,1,71586
7290105691224,false,חטיפי פריכונים טורטי,פרח תעשיות,IL,אסם,גרמים,60.00,100 גרם,false,,6.90,0.1150,true,1,4665
7290105691712,false,עוגיות הפסקת קפה חיט,אסם,IL,אסם,גרמים,220.00,100 גרם,false,,10.90,0.0495,true,1,4671
7290105691897,false,קוסקוס עם חיטה מלאה,קוסקוס,IL,אסם,גרמים,350.00,100 גרם,false,,8.90,0.0254,true,1,4672
7290105691934,false,קמח שמרים 1קג,תחנת קמח המפרץ,IL,אסם,קילוגרמים,1.00,"ק""ג",false,,8.90,8.9000,true,1,4673
7290105693341,false,במבה מארז 10*25 גרם,אסם,IL,במבה,גרמים,250.00,100 גרם,false,,13.90,0.0556,true,1,4683
7290105694614,false,ספגטי מהיר הכנה 500,זארה,IT,אסם,גרמים,500.00,100 גרם,false,,5.40,0.0108,true,1,4691
7290105695024,false,פתיתים אפויים אורז ע,אסם,IL,אסם,גרמים,500.00,100 גרם,false,,6.90,0.0138,true,1,4700
7290105695321,false,עוגת בראוניס פאדג',אסם,IL,הבית,גרמים,350.00,100 גרם,false,,14.90,0.0426,true,1,4705
7290105695895,false,הבית עוגת דמקה דבש 8,אסם,IL,הבית,גרמים,320.00,100 גרם,false,,9.90,0.0309,true,1,4710
7290105962331,false,סחוג חריף מאד זהבי 2,"זהבי הכרם בועז בע""מ-",IL,תוצרת מסחרית,גרמים,220.00,100 גרם,false,,10.90,0.0495,true,1,15116
7290105964564,false,חומוס 400 אחלה,שטראוס גרופ,IL,שטראוס,גרמים,400.00,100 גרם,false,,8.90,0.0223,true,1,27530
7290105965738,false,דנונה לשתיה תות בננה,שטראוס גרופ,IL,שטראוס,גרמים,267.00,100 גרם,false,,4.80,0.0180,true,1,15127
7290105966469,false,חומץ בלסמי יד מרדכי,ACATAIA GIUSEPPE CRE,IT,יד מרדכי,מיליליטרים,250.00,"100 מ""ל",false,,13.90,0.0556,true,1,13577
7290105968098,false,קולסלאו 500 גרם,שטראוס גרופ סלטים,IL,שטראוס,גרמים,500.00,100 גרם,false,,14.90,0.0298,true,1,26729
7290105968654,false,רביולי בטטה פרווה 40,שטראוס גרופ,IL,שטראוס,גרמים,400.00,100 גרם,false,,19.90,0.0497,true,1,15139
7290105968777,false,פרכיות דגנים בשוקולד,שטראוס גרופ,IL,עלית,גרמים,80.00,100 גרם,false,,7.90,0.0988,true,1,13583
7290105985064,false,אלמגוב לכלים,,,אלמגוב לכלים,יחידה,0.00,יחידה,false,,6.90,0.0000,true,1,77417
7290106520066,false,רבע לשבע גלילי ופל,הגביע מוצרי וופלים,IL,עלית,גרמים,120.00,100 גרם,false,,10.90,0.0908,true,1,13585
7290106520288,false,דנונה WOW תות 2.4% ש,שטראוס גרופ,IL,דנונה פרו,גרמים,150.00,100 גרם,false,,4.60,0.0307,true,1,26307
7290106520905,false,סלט טורקי  400 גרם,שטראוס גרופ,IL,שטראוס,גרמים,400.00,100 גרם,false,,14.90,0.0373,true,1,15145
7290106520912,false,שמנת לבישול 9% מהדרי,שטראוס גרופ,IL,יטבתה,מיליליטרים,250.00,"100 מ""ל",false,,7.90,0.0316,true,1,15146
7290106521926,false,קפה טורקי שקית 150 ג,שטראוס גרופ,IL,עלית,גרמים,150.00,100 גרם,false,,12.90,0.0860,true,1,36403
7290106525320,false,שוקולית לאפיה 500 גר,שטראוס גרופ,IL,עלית,גרמים,500.00,100 גרם,false,,14.90,0.0298,true,1,13615
7290106525399,false,קפסולות 06 ברזיל למכ,שטראוס גרופ,IL,עלית,גרמים,50.00,100 גרם,false,,15.90,0.3180,true,1,27940
7290106525405,false,מארז קפסולות קפה נטו,שטראוס גרופ,IL,עלית,גרמים,50.00,100 גרם,false,,15.90,0.3180,true,1,13617
7290106526822,false,פריכיות מצופות אנרגי,שטראוס גרופ,IL,אנרג'י,גרמים,70.00,100 גרם,false,,7.90,0.1129,true,1,13630
7290106528567,false,דוריטוס גריל 185 גרם,שטראוס פריטו ליי (מל,IL,עלית,גרמים,185.00,100 גרם,false,,6.90,0.0373,true,1,27215
7290106528628,false,דוריטוס טבעי 185 גרם,שטראוס פריטו ליי (מל,IL,עלית,גרמים,185.00,100 גרם,false,,6.90,0.0373,true,1,27216
7290106528949,false,לקט ערוגות 450 גרם,שטראוס גרופ,IL,שטראוס,גרמים,450.00,100 גרם,false,,10.90,0.0242,true,1,15190
7290106571921,false,עוגיות פיטנס חמוציות,אסם,IL,FITNESS,גרמים,180.00,100 גרם,false,,10.90,0.0606,true,1,4726
7290106572027,false,לחמית חמישה דגנים,אסם,IL,לחמית,גרמים,190.00,100 גרם,false,,7.90,0.0416,true,1,4728
7290106572959,false,מארז אפרופו 5*25 גרם,אסם,IL,אפרופו,גרמים,125.00,100 גרם,false,,12.90,0.1032,true,1,4738
7290106573024,false,עסיס אננס דיאט 1 ליט,בית השיטה,IL,עסיס,ליטרים,1.00,ליטר,false,,16.90,16.9000,true,1,4741
7290106573598,false,חומוס צבר לבנוני 400,צבר,IL,סלטי צבר,גרמים,400.00,100 גרם,false,,11.90,0.0298,true,1,4750
7290106573628,false,חומוס צבר טחינה 400,צבר,IL,סלטי צבר,גרמים,400.00,100 גרם,false,,11.90,0.0298,true,1,4751
7290106574953,false,בייגלה שטוחים שומשום,אסם,IL,אסם,גרמים,300.00,100 גרם,false,,10.90,0.0363,true,1,4764
7290106575257,false,עוגת סופלה בטעם שוקו,אסם,IL,הבית,גרמים,340.00,100 גרם,false,,10.90,0.0321,true,1,4769
7290106575431,false,עוגת סופלה בטעם שוקו,אסם,IL,הבית,גרמים,340.00,100 גרם,false,,10.90,0.0321,true,1,4775
7290106576513,false,חומוס צבר 400 גרם,צבר,IL,סלטי צבר,גרמים,400.00,100 גרם,false,,8.90,0.0223,true,1,4789
7290106576537,false,חומוס מסעדות 700 גרם,צבר,IL,סלטי צבר,גרמים,700.00,100 גרם,false,,10.90,0.0156,true,1,4790
7290106576834,false,*מבצע* לה קרמריה פונ,גלידות נסטלה,IL,לה קרמריה,ליטרים,1.40,ליטר,false,,17.90,12.7857,true,1,13073
7290106576919,false,*מבצע* לה קרמריה סור,גלידות נסטלה,IL,לה קרמריה,ליטרים,1.40,ליטר,false,,17.90,12.7857,true,1,13076
7290106576957,false,*מבצע* לה קרמריה שוק,גלידות נסטלה,IL,לה קרמריה,ליטרים,1.40,ליטר,false,,17.90,12.7857,true,1,13078
7290106576995,false,*מבצע* לה קרמריה ליי,גלידות נסטלה,IL,לה קרמריה,ליטרים,1.40,ליטר,false,,17.90,12.7857,true,1,13080
7290106577039,false,*מבצע* לה קרמריה שוק,גלידות נסטלה,IL,לה קרמריה,ליטרים,1.40,ליטר,false,,17.90,12.7857,true,1,13081
7290106577282,false,סלט טחינה צבר 400 גר,צבר,IL,סלטי צבר,גרמים,400.00,100 גרם,false,,11.90,0.0298,true,1,4797
7290106577541,false,סלט כרוב אדום צבר 40,צבר,IL,סלטי צבר,גרמים,400.00,100 גרם,false,,11.90,0.0298,true,1,4803
7290106578692,false,במבה וביסלי מיקס 80,אסם,IL,ביסלי,גרמים,80.00,100 גרם,false,,3.90,0.0487,true,1,4820
7290106578821,false,עוגת הבית שמרים שוקו,אסם,IL,הבית,גרמים,350.00,100 גרם,false,,14.90,0.0426,true,1,4821
7290106652996,false,כיף כף מקלות קוקוס,סולן בעבור שטראוס,TR,עלית,גרמים,40.00,100 גרם,false,,4.70,0.1175,true,1,86777
7290106654099,false,מארז מילקי cake שמינ,אירו קייקס אס פי איי,IT,מאגדת מילקי cake,גרמים,272.00,100 גרם,false,,19.90,0.0732,true,1,26311
7290106656727,false,חיוכים שוקו 600 גרם,אפיפית נצרת תעשיות ב,IL,עלית,גרמים,600.00,100 גרם,false,,16.90,0.0282,true,1,13681
7290106656734,false,חיוכים וניל 600 גרם,אפיפית נצרת תעשיות ב,IL,עלית,גרמים,600.00,100 גרם,false,,16.90,0.0282,true,1,13682
7290106662025,false,תפוציפס מלח פלפל 50,שטראוס פריטו ליי (מל,IL,עלית,גרמים,50.00,100 גרם,false,,3.50,0.0700,true,1,28549
7290106663091,false,לאבנה 9% 500 גרם,בר תבור,IL,לאבנה,גרמים,500.00,100 גרם,false,,17.90,0.0358,true,1,25382
7290106663121,false,מילקי cake,TSC,IT,מאגדת מילקי cake,גרמים,34.00,100 גרם,false,,2.90,0.0853,true,1,23714
7290106663503,false,קונפיטורה לייט תות 2,"בית אל מזון בע""מ",IL,יד מרדכי,גרמים,230.00,100 גרם,false,,11.90,0.0517,true,1,13718
7290106663558,false,רוטב טריאקי רימון,"בית אל מזון בע""מ",IL,עלית,מיליליטרים,280.00,"100 מ""ל",false,,12.90,0.0461,true,1,23103
7290106664067,false,לאבנה שמן זית וזעתר,בר תבור,IL,לאבנה,גרמים,400.00,100 גרם,false,,14.90,0.0373,true,1,25384
7290106664555,false,רוטב שמנת עם עגבניות,שטראוס גרופ,IL,יטבתה,מיליליטרים,250.00,"100 מ""ל",false,,10.90,0.0436,true,1,24849
7290106664562,false,רוטב שמנת עם פטריות,שטראוס גרופ,IL,יטבתה,מיליליטרים,250.00,"100 מ""ל",false,,10.90,0.0436,true,1,15229
7290106666788,false,סוכריות דבש ממולאות,מיישקו,PL,עלית,גרמים,80.00,100 גרם,false,,4.90,0.0613,true,1,22256
7290106667266,false,דוריטוס חמוץ חריף 18,שטראוס פריטו ליי (מל,IL,עלית,גרמים,185.00,100 גרם,false,,6.90,0.0373,true,1,27223
7290106668577,false,מיץ לימון טבעי,יורופוד,IT,מיץ לימון טבעי,מיליליטרים,250.00,"100 מ""ל",false,,7.90,0.0316,true,1,23105
7290106668713,false,דנונה פירות יער 3%,שטראוס גרופ,IL,שטראוס,גרמים,150.00,100 גרם,false,,3.50,0.0233,true,1,23676
7290106669857,false,קפסולות אספרסו בטעם,שטראוס גרופ,IL,עלית,גרמים,50.00,100 גרם,false,,15.90,0.3180,true,1,31657
7290106720626,false,ציטוס צדר גבינה 80 ג,שטראוס פריטו ליי (מל,IL,עלית,גרמים,80.00,100 גרם,false,,4.50,0.0563,true,1,32151
7290106721913,false,צנצנת מסטיק מאסט פפר,שטראוס גרופ,IL,עלית,גרמים,66.00,100 גרם,false,,9.90,0.1500,true,1,22258
7290106721920,false,צנצנת מסטיק מאסט ספי,שטראוס גרופ,IL,עלית,גרמים,66.00,100 גרם,false,,9.90,0.1500,true,1,22259
7290106723689,false,עלי תרד בייבי שטראוס,שטראוס גרופ,IL,שטראוס,גרמים,200.00,100 גרם,false,,10.90,0.0545,true,1,15255
7290106725867,false,סירופ מייפל טבעי 189,ציטדל,CA,סירופ מייפל טבעי 189,מיליליטרים,189.00,"100 מ""ל",false,,29.90,0.1582,true,1,70675
7290106726178,false,דנונה WOW פירות יער,שטראוס גרופ,IL,דנונה פרו,גרמים,150.00,100 גרם,false,,4.60,0.0307,true,1,25379
7290106729650,false,מארז דנונה 8 תות 3%,שטראוס גרופ,IL,דנונה,קילוגרמים,1.20,"ק""ג",false,,23.90,19.9167,true,1,27340
7290106922341,false,כסא דגם אלה,,,כסא דגם אלה,יח',1.00,יח',false,,19.90,19.9000,true,1,19320
7290107050296,false,מערוך עץ לילדים דגם,,,מערוך עץ לילדים דגם,יחידה,0.00,יחידה,false,,5.90,0.0000,true,1,71604
7290107054515,false,סילבר כף זיתים מנירו,,,סילבר כף זיתים מנירו,יחידה,0.00,יחידה,false,,5.90,0.0000,true,1,71622
7290107059022,false,חותכן כרוב נירוסטה,,,חותכן כרוב נירוסטה,יחידה,0.00,יחידה,false,,12.90,0.0000,true,1,71646
7290107280013,false,מגבונים ליטופים חמיש,טרופיקל דגיל קוסמטיק,IL,ליטופים,יח',5.00,יח',false,,17.90,3.5800,true,1,9383
7290107280020,false,שלישיית מטליות לחות,דינאמיק,IL,סנו סושי,יח',150.00,יח',false,,17.90,0.1193,true,1,9384
7290107280082,false,תבנית אלומיניום סנו,,,תבנית אלומיניום סנו סושי,יח',7.00,יח',false,,8.90,1.2714,true,1,9390
7290107280099,false,מגבוני טואלט סנו סופ,דגיל,IL,סנו סופט,יח',144.00,יח',false,,14.90,0.1035,true,1,9391
7290107280341,false,*מבצע* מטליות סנו רי,דגיל,IL,ריצפז,יח',10.00,יח',false,,9.90,0.9900,true,1,60096
7290107280563,false,אוקסיגין גל בייבי 3,סנו,IL,אוקסיג'ן,ליטרים,3.00,ליטר,false,,28.90,9.6333,true,1,9407
7290107280570,false,מקסימה ג'ל 3 ליטר,סנו,IL,מקסימה,ליטרים,3.00,ליטר,false,,28.90,9.6333,true,1,9408
7290107280600,false,*מבצע* טבליות למדיח,גרופה אינקו,PL,ספארק,יח',100.00,יח',false,,49.90,0.4990,true,1,35997
7290107280709,false,*מבצע* סנו ספארק נוז,,,סנו ספארק נוזל הבקרה למדי,מיליליטרים,700.00,"100 מ""ל",false,,10.90,0.0156,true,1,9414
7290107280716,false,סנו ספארק מלח מדיח 2,סנו,IL,"סנו ספארק מלח מדיח 2 ק""ג",קילוגרמים,2.00,"ק""ג",false,,10.90,5.4500,true,1,9415
7290107280723,false,סנו ספארק לכלים 700,סנו,IL,ספארק,מיליליטרים,700.00,"100 מ""ל",false,,8.90,0.0127,true,1,9416
7290107280730,false,סנו ספארק לכלים 700,סנו,IL,ספארק,מיליליטרים,700.00,"100 מ""ל",false,,8.90,0.0127,true,1,9417
7290107280747,false,סנו ספארק לכלים 700,סנו,IL,ספארק,מיליליטרים,700.00,"100 מ""ל",false,,8.90,0.0127,true,1,9418
7290107280761,false,נוזל כלים סנו ספארק,סנו,IL,ספארק,ליטרים,1.00,ליטר,false,,10.90,10.9000,true,1,9420
7290107528498,false,מאג לבן עם דקור צבעו,,,מאג לבן עם דקור צבעו,יחידה,0.00,יחידה,false,,5.90,0.0000,true,1,71691
7290107529273,false,סט 5 חתכנים מנירוסטה,,,סט 5 חתכנים מנירוסטה,יחידה,0.00,יחידה,false,,12.90,0.0000,true,1,71697
7290107529570,false,לקקן סיליקון מודפס,,,לקקן סיליקון מודפס,יחידה,0.00,יחידה,false,,12.90,0.0000,true,1,71702
7290107645584,false,*מבצע* קנור עוף אמית,יוניליוור,IL,*מבצע* קנור עוף אמית,גרמים,400.00,100 גרם,false,,19.90,0.0497,true,1,36738
7290107645591,false,קנור ט.עוף ר.טבעי 40,אתר חיפה אבקות - Foo,IL,KNORR,גרמים,400.00,100 גרם,false,,17.90,0.0447,true,1,36739
7290107646147,false,חטיף דגנים שוגי שישי,אתר צפת חטיפים - Foo,IL,תלמה,גרמים,156.00,100 גרם,false,,12.90,0.0827,true,1,36842
7290107646154,false,חטיף דגנים קוקומן שי,אתר צפת חטיפים - Foo,IL,תלמה,גרמים,126.00,100 גרם,false,,12.90,0.1024,true,1,36843
7290107646918,false,קנור רוטב שקשוקה 415,יוניליוור,IL,קנור רוטב שקשוקה 415,גרמים,415.00,100 גרם,false,,9.90,0.0239,true,1,34694
7290107646963,false,ממרח ספייסי מיו 250,תלמה,IL,ממרח ספייסי מיו 250,גרמים,250.00,100 גרם,false,,7.90,0.0316,true,1,80535
7290107647359,false,דומסטוס סבון אסלה או,,,דומסטוס סבון אסלה או,גרמים,55.00,100 גרם,false,,14.90,0.2709,true,1,57016
7290107647731,false,קוקומן חום לבן 375 ג,אתר שפע - Food,IL,TELMA,גרמים,375.00,100 גרם,false,,19.90,0.0531,true,1,34337
7290107647854,false,שוגי 500 גרם מופחת ס,אתר שפע - Food,IL,TELMA,גרמים,500.00,100 גרם,false,,19.90,0.0398,true,1,34345
7290107649605,false,קליק טבלה קורנפלקס 8,אתר צפת טבלאות ותעשי,IL,KLIK,גרמים,85.00,100 גרם,false,,4.90,0.0576,true,1,37579
7290107852456,false,ג.מחסני אלבד 15X1.07,,,ג.מחסני אלבד 15X1.07,יחידה,0.00,יחידה,false,,20.90,0.0000,true,1,78088
7290107852623,false,ג.מחסני אלבד 15X1.07,,,ג.מחסני אלבד 15X1.07,יחידה,0.00,יחידה,false,,20.90,0.0000,true,1,78101
7290107853613,false,מפה ארוזה 1.80X1.10,,,מפה ארוזה 1.80X1.10,יחידה,0.00,יחידה,false,,5.00,0.0000,true,1,78166
7290107853781,false,מפה ארוזה 1.80X1.10,,,מפה ארוזה 1.80X1.10,יחידה,0.00,יחידה,false,,5.00,0.0000,true,1,78183
7290107858212,false,"מפה ""נטע"" 2.70 פרחים",,,"מפה ""נטע"" 2.70 פרחים",יחידה,0.00,יחידה,false,,10.00,0.0000,true,1,78256
7290107858236,false,"מפה ""נטע"" 2.70 פרחים",,,"מפה ""נטע"" 2.70 פרחים",יחידה,0.00,יחידה,false,,10.00,0.0000,true,1,78258
7290107858243,false,"מפה ""נטע"" 2.70 פרחים",,,"מפה ""נטע"" 2.70 פרחים",יחידה,0.00,יחידה,false,,10.00,0.0000,true,1,78259
7290107871297,false,אסם פריכונים מיני עש,פרח תעשיות,IL,אסם,גרמים,25.00,100 גרם,false,,3.90,0.1560,true,1,4845
7290107871532,false,קרחונים דובדבן מלון,גלידות נסטלה,IL,גלידות נסטלה,יח',10.00,יח',false,,17.90,1.7900,true,1,13091
7290107874427,false,אסם פריכונים מיני זע,פרח תעשיות,IL,אסם,גרמים,25.00,100 גרם,false,,3.90,0.1560,true,1,4893
7290107874441,false,אסם פריכונים מיני בצ,פרח תעשיות,IL,אסם,גרמים,25.00,100 גרם,false,,3.90,0.1560,true,1,4894
7290107874502,false,מארז ביסלי גריל 4*55,אסם,IL,אסם,גרמים,220.00,100 גרם,false,,10.90,0.0495,true,1,27982
7290107875400,false,*מבצע* לה קרמריה פרו,גלידות נסטלה,IL,לה קרמריה,ליטרים,1.40,ליטר,false,,17.90,12.7857,true,1,13094
7290107875820,false,קרטונים אפויים 180 ג,קיבוץ עינת,IL,אסם,גרמים,180.00,100 גרם,false,,10.90,0.0606,true,1,4905
7290107877619,false,במבה במילוי נוגט מאר,אסם,IL,במבה,גרמים,150.00,100 גרם,false,,12.90,0.0860,true,1,25413
7290107879132,false,פיטנס מיני פריכיות ש,כרמית,IL,פיטנס,גרמים,22.00,100 גרם,false,,4.90,0.2227,true,1,30345
7290107879521,false,לה פרוטה תות 5 יח',גלידות נסטלה,IL,לה פרוטה,גרמים,350.00,100 גרם,false,,23.90,0.0683,true,1,27040
7290107879569,false,לה פרוטה מנגו 5 יח',גלידות נסטלה,IL,לה פרוטה,גרמים,350.00,100 גרם,false,,23.90,0.0683,true,1,27041
7290107930321,false,קונפיטורת דובדבן 340,"בית אל מזון בע""מ",IL,יד מרדכי,גרמים,340.00,100 גרם,false,,11.90,0.0350,true,1,24290
7290107932080,false,חלב בבקבוק 3% מועשר-,מחלבת יטבתה,IL,יטבתה,ליטרים,1.00,ליטר,false,,7.30,7.3000,true,1,25449
7290107932134,false,חלב בבקבוק 1% מועשר-,מחלבת יטבתה,IL,יטבתה,ליטרים,1.00,ליטר,false,,7.30,7.3000,true,1,25451
7290107933155,false,לקט סלנובה 200ג,שטראוס גרופ,IL,שטראוס,גרמים,200.00,100 גרם,false,,12.90,0.0645,true,1,26946
7290107936309,false,דנונה יווני לבן,שטראוס,IL,דנונה,גרמים,130.00,100 גרם,false,,3.20,0.0246,true,1,30242
7290107936460,false,מארז 8 דנכול בטעם מע,שטראוס גרופ,IL,דנכול,גרמים,800.00,100 גרם,false,,29.00,0.0363,true,1,27353
7290107936958,false,עד חצות אצבעות 125 ג,עלית,IL,עד חצות,גרמים,125.00,100 גרם,false,,9.90,0.0792,true,1,34697
7290107937542,false,משקה אקטיביה תות 1.2,שטראוס גרופ,IL,שטראוס,גרמים,268.00,100 גרם,false,,4.90,0.0183,true,1,27881
7290107937627,false,צנצנת מסטיק מאסט קוב,שטראוס גרופ,IL,עלית,גרמים,58.00,100 גרם,false,,9.90,0.1707,true,1,30191
7290107937641,false,צנצנת מסטיק מאסט בזו,שטראוס גרופ,IL,עלית,גרמים,58.00,100 גרם,false,,9.90,0.1707,true,1,30193
7290107937856,false,קפסולות 11 גואטמלה ל,שטראוס גרופ,IL,עלית,גרמים,50.00,100 גרם,false,,15.90,0.3180,true,1,29838
7290107938396,false,אקטימל שמיניה תות,שטראוס גרופ,IL,שטראוס,גרמים,864.00,100 גרם,false,,19.90,0.0230,true,1,28574
7290107940030,false,חומוס אחלה 650 גרם,שטראוס גרופ,IL,שטראוס,גרמים,650.00,100 גרם,false,,8.90,0.0137,true,1,28697
7290107940467,false,אקטיביה 200 גרם 1.5%,שטראוס גרופ,IL,אקטיביה,גרמים,200.00,100 גרם,false,,3.90,0.0195,true,1,28577
7290107941273,false,חומוס מבושל 475 גרם,הורקסה לס לגונס דה ס,ES,טעם  הטבע,גרמים,475.00,100 גרם,false,,10.90,0.0229,true,1,30615
7290107943192,false,שמנת חמוצה מהערבה 27,מחלבת יטבתה,IL,יטבתה,מיליליטרים,200.00,"100 מ""ל",false,,4.10,0.0205,true,1,34508
7290107943369,false,*מבצע* שיבולת שועל ל,קוואקר אוטס קומפני,US,קוואקר,גרמים,511.00,100 גרם,false,,16.90,0.0331,true,1,33984
7290107944472,false,סימפוניה שום שמיר 5%,שטראוס גרופ,IL,שטראוס,גרמים,200.00,100 גרם,false,,10.90,0.0545,true,1,30616
7290107945165,false,קונפיטורת משמש יד מר,"בית אל מזון בע""מ",IL,יד מרדכי,גרמים,340.00,100 גרם,false,,11.90,0.0350,true,1,31659
7290107950190,false,מעדן שטראוס דיאט מרי,שטראוס גרופ,IL,שטראוס,גרמים,130.00,100 גרם,false,,3.20,0.0246,true,1,30257
7290107950206,false,מעדן שטראוס דיאט שוק,שטראוס גרופ,IL,שטראוס,גרמים,130.00,100 גרם,false,,3.20,0.0246,true,1,30258
7290107951111,false,בפלות לימון 200 גרם,שטראוס,IL,עלית,גרמים,200.00,100 גרם,false,,3.90,0.0195,true,1,30776
7290107951715,false,צנצנת מסטיק מאסט קוב,שטראוס גרופ,IL,עלית,גרמים,58.00,100 גרם,false,,9.90,0.1707,true,1,31664
7290107953559,false,*מבצע* מארז קפה טורק,שטראוס קפה בי.וי,IL,עלית,גרמים,168.00,100 גרם,false,,16.90,0.1006,true,1,31188
7290107954976,false,יטבתה פרו קפה 350,מחלבת יטבתה,IL,יטבתה,מיליליטרים,350.00,"100 מ""ל",false,,6.50,0.0186,true,1,33333
7290107956642,false,*מבצע* תרסיס שמן זית,סובנה,ES,*מבצע* תרסיס שמן זית,מיליליטרים,150.00,"100 מ""ל",false,,15.90,0.1060,true,1,35845
7290107956895,false,קפסולות אספרסו בטעם,שטראוס גרופ,IL,עלית,גרמים,50.00,100 גרם,false,,15.90,0.3180,true,1,36887
7290107956901,false,קפסולות אספרסו למכונ,שטראוס גרופ,IL,עלית,גרמים,50.00,100 גרם,false,,15.90,0.3180,true,1,35267
7290107956925,false,קפסולות 13 אוגנדה למ,שטראוס גרופ,IL,עלית,גרמים,50.00,100 גרם,false,,15.90,0.3180,true,1,54195
7290107956932,false,קפסולות 12 אינדונזיה,שטראוס גרופ,IL,עלית,גרמים,50.00,100 גרם,false,,15.90,0.3180,true,1,34703
7290107957069,false,צנצנת מסטיק בזוקה,שטראוס גרופ,IL,עלית,גרמים,66.00,100 גרם,false,,9.90,0.1500,true,1,34704
7290107957076,false,צנצנת מסטיק בזוקה,שטראוס גרופ,IL,עלית,גרמים,66.00,100 גרם,false,,9.90,0.1500,true,1,34705
7290107957229,false,נטיפי שוקולד ציפס מר,"פוליבה בע""מ",IL,עלית,גרמים,250.00,100 גרם,false,,10.90,0.0436,true,1,36888
7290107957991,true,מילקי מינייס,TCS,IT,מילקי,גרמים,144.00,100 גרם,false,,13.90,0.0965,true,1,43856
7290107958035,false,מארז 8 דנונה מתיקות,שטראוס גרופ,IL,שטראוס,ליטרים,1.20,ליטר,false,,17.90,14.9167,true,1,35149
7290107973311,false,קולגייט מברשת 360 פח,קולגייט פלמוליב,CH,קולגייט מברשת 360 סנסטיב,יח',2.00,יח',false,,24.90,12.4500,true,1,27458
7290107973861,false,מאסטר שף עגבניות קצו,קונסוריזיו קאסאלסקו,IT,מאסטר שף,גרמים,1200.00,100 גרם,false,,15.90,0.0133,true,1,29047
7290107974066,false,*מבצע* מאסטר שף עלי,אלקאטי קורביישיסי,TR,מאסטר שף,גרמים,320.00,100 גרם,false,,7.90,0.0247,true,1,27858
7290107974073,false,*מבצע* מאסטר שף עלי,אלקאטי קורביישיסי,TR,מאסטר שף,גרמים,320.00,100 גרם,false,,7.90,0.0247,true,1,27859
7290107974080,false,מאסטר שף עלי טורטיה,אלקאטי קורביישיסי,TR,מאסטר שף,יחידה,840.00,יחידה,false,,15.90,0.0189,true,1,27860
7290107974301,false,ליידי ספיד סטיק אלוו,Colgate - USA,US,ליידי ספיד סטיק,גרמים,65.00,100 גרם,false,,24.90,0.3831,true,1,32867
7290107975360,false,ליידי ספיד סטיק פיור,Colgate - USA,US,ליידי ספיד סטיק,גרמים,65.00,100 גרם,false,,24.90,0.3831,true,1,33138
7290107977456,false,פלמוליב לגבר ג'ל רחצ,CP - Turkey+60,TR,פלמוליב לגבר ג'ל רחצ,מיליליטרים,750.00,"100 מ""ל",false,,19.90,0.0265,true,1,59214
7290107978101,false,*מבצע* קולגייט אופטי,CP-Poland swidnica,PL,קולגייט,מיליליטרים,75.00,"100 מ""ל",false,,24.90,0.3320,true,1,36988
7290107978330,false,מאסטר שף איטריות דקו,פי.פי.איג' ארטלקס ג',PL,מאסטר שף,גרמים,400.00,100 גרם,false,,3.90,0.0097,true,1,33140
7290107978347,false,מאסטר שף איטריות בינ,פי.פי.איג' ארטלקס ג',PL,מאסטר שף,גרמים,400.00,100 גרם,false,,3.90,0.0097,true,1,33141
7290107978453,false,קראנצוס גריל 55  גרם,מנה,IL,קראנצוס,גרמים,55.00,100 גרם,false,,2.00,0.0364,true,1,33468
7290107978460,false,קראנצוס פלאפל  55  ג,מנה,IL,קראנצוס,גרמים,55.00,100 גרם,false,,2.00,0.0364,true,1,33471
7290107978637,false,*מבצע* מרידול משחת ש,GABA LOER GER,DE,מרידול,גרמים,75.00,100 גרם,false,,17.90,0.2387,true,1,32117
7290108201284,false,אירוויק מקלות ריחניי,RECKITT BENCKISER HU,HU,אירוויק,מיליליטרים,30.00,"100 מ""ל",false,,14.90,0.4967,true,1,31048
7290108201864,false,קולון קפסולות לכביסה,פרופייל,PL,קולון,יח',28.00,יח',false,,24.90,0.8893,true,1,34807
7290108350128,false,שקיות אשפה סנו סושי,"אשפלסט תעשיות בע""מ",IL,סנו סושי,יח',40.00,יח',false,,22.90,0.5725,true,1,9433
7290108350203,false,כריות קירצוף +ספוג ס,סנו,IL,כריות קירצוף +ספוג ס,יח',6.00,יח',false,,9.50,1.5833,true,1,28364
7290108350210,false,סנו סושי 30 שקיות אש,או או או יקה.דה.וא.ק,IL,סנו סושי,יח',30.00,יח',false,,24.90,0.8300,true,1,25265
7290108350524,false,טבליות ריחניות לארון,סנו,IL,טבליות ריחניות לארון,יח',1.00,יח',false,,15.90,15.9000,true,1,31098
7290108350531,false,נוזל כלים סנו ספארק,סנו,IL,ספארק,ליטרים,1.00,ליטר,false,,10.90,10.9000,true,1,23229
7290108350548,false,נוזל כלים סנו ספארק,סנו,IL,ספארק,ליטרים,1.00,ליטר,false,,10.90,10.9000,true,1,23230
7290108350555,false,נוזל כלים סנו ספארק,סנו,IL,ספארק,ליטרים,1.00,ליטר,false,,10.90,10.9000,true,1,23231
7290108350616,false,מרכך מקסימה מרוכז 1,סנו,IL,מקסימה,ליטרים,1.00,ליטר,false,,17.90,17.9000,true,1,28752
7290108350623,false,מרכך מקסימה מרוכז 1,סנו,IL,מקסימה,ליטרים,1.00,ליטר,false,,17.90,17.9000,true,1,28753
7290108351149,false,*מבצע* ג'ל סנו ג'ט ל,סנו,IL,*מבצע* ג'ל סנו ג'ט ל,ליטרים,1.50,ליטר,false,,9.90,6.6000,true,1,31099
7290108351156,false,*מבצע* ג'ט לניקוי כל,סנו,IL,*מבצע* ג'ט לניקוי כל,ליטרים,1.50,ליטר,false,,9.90,6.6000,true,1,31100
7290108351507,false,מרכך מקסימה 4 ליטר,סנו,IL,מקסימה,ליטרים,4.00,ליטר,false,,21.90,5.4750,true,1,30895
7290108351514,false,מרכך מקסימה 4 ליטר,סנו,IL,מקסימה,ליטרים,4.00,ליטר,false,,21.90,5.4750,true,1,30896
7290108351538,false,מבשם יבש סנו פרש הום,סנו,IL,מבשם יבש סנו פרש הום,מיליליטרים,200.00,"100 מ""ל",false,,10.90,0.0545,true,1,38053
7290108351545,false,מבשם יבש סנו פרש הום,סנו,IL,מבשם יבש סנו פרש הום,מיליליטרים,200.00,"100 מ""ל",false,,10.90,0.0545,true,1,38054
7290108351569,false,*מבצע* מקסימה למייבש,סנו,IL,סנו,מיליליטרים,750.00,"100 מ""ל",false,,14.90,0.0199,true,1,33431
7290108351583,false,סנו ג'ט פלוס לניקוי,סנו,IL,סנו ג'ט,מיליליטרים,750.00,"100 מ""ל",false,,9.90,0.0132,true,1,37593
7290108351590,false,סנופרש הום תרסיס,סנו,IL,סנופרש,מיליליטרים,350.00,"100 מ""ל",false,,10.90,0.0311,true,1,33432
7290108351606,false,סנופרש הום תרסיס,סנו,IL,סנופרש,מיליליטרים,350.00,"100 מ""ל",false,,10.90,0.0311,true,1,33433
7290108351613,false,*מבצע* ריצפז פרש הום,סנו,IL,ריצפז,ליטרים,2.00,ליטר,false,,19.90,9.9500,true,1,33149
7290108351699,false,*מבצע* מגבוני ניקוי,סנו,IL,*מבצע* מגבוני ניקוי,יח',3.00,יח',false,,17.90,5.9667,true,1,54077
7290108351705,false,פניני בישום לכביסה 2,סנו,IL,מקסימה,גרמים,275.00,100 גרם,false,,19.90,0.0724,true,1,58701
7290108351712,false,פניני בישום לכביסה 2,סנו,IL,מקסימה,גרמים,275.00,100 גרם,false,,19.90,0.0724,true,1,58702
7290108351781,false,סנו ג'ט פלוס לניקוי,סנו,IL,סנו ג'ט,מיליליטרים,750.00,"100 מ""ל",false,,9.90,0.0132,true,1,55264
7290108351804,false,מרכך מקסימה מרוכז 1,סנו,IL,מקסימה,ליטרים,1.00,ליטר,false,,17.90,17.9000,true,1,58353
7290108351811,false,מרכך מקסימה מרוכז 1,סנו,IL,מקסימה,ליטרים,1.00,ליטר,false,,17.90,17.9000,true,1,58354
7290108351835,false,מרכך מקסימה 4 ליטר,סנו,IL,מקסימה,ליטרים,4.00,ליטר,false,,21.90,5.4750,true,1,59406
7290108351859,false,מקסימה בושם כביסה ור,סנו,IL,מקסימה בושם כביסה ור,מיליליטרים,600.00,"100 מ""ל",false,,19.90,0.0332,true,1,55220
7290108351866,false,מקסימה בושם כביסה בו,סנו,IL,מקסימה בושם כביסה בו,מיליליטרים,600.00,"100 מ""ל",false,,19.90,0.0332,true,1,55221
7290108351910,false,טבליות למדיח סנו ספא,גרופה אינקו,PL,ספארק,יח',30.00,יח',false,,19.90,0.6633,true,1,55269
7290108351934,false,סבון אסלה מוצק RINGS,סנו,IL,סנו,יח',3.00,יח',false,,12.90,4.3000,true,1,58253
7290108351941,false,סבון אסלה מוצק RINGS,סנו,IL,סנו,יח',3.00,יח',false,,12.90,4.3000,true,1,58254
7290108351972,false,מבשם יבש סנו פרש הום,סנו,IL,מבשם יבש סנו פרש הום,מיליליטרים,200.00,"100 מ""ל",false,,10.90,0.0545,true,1,59407
7290108351989,false,מבשם יבש סנו פרש הום,סנו,IL,מבשם יבש סנו פרש הום,מיליליטרים,200.00,"100 מ""ל",false,,10.90,0.0545,true,1,59408
7290108351996,false,*מבצע* מרסס חיטוי מש,סנו,,*מבצע* מרסס חיטוי מש,מיליליטרים,750.00,"100 מ""ל",false,,9.90,0.0132,true,1,57719
7290108352061,false,משחת שיניים אורביטול,סנו,IL,משחת שיניים אורביטול,גרמים,145.00,100 גרם,false,,14.90,0.1028,true,1,84364
7290108352078,false,מי פה אורביטול 500 מ,סנו,IL,מי פה אורביטול 500 מ,מיליליטרים,500.00,"100 מ""ל",false,,24.90,0.0498,true,1,64158
7290108352146,false,סנובון נוזלי בניחוח,סנו,IL,סנובון,מיליליטרים,750.00,"100 מ""ל",false,,8.90,0.0119,true,1,63852
7290108352207,false,*מבצע* קפסולות לכביס,סנו,IL,*מבצע* קפסולות לכביס,יחי,40.00,יחי,false,,29.90,0.7475,true,1,63958
7290108352214,false,*מבצע* קפסולות לכביס,סנו,IL,*מבצע* קפסולות לכביס,יחי,40.00,יחי,false,,29.90,0.7475,true,1,63959
7290108352252,false,נוזל כלים סנו ספארק,סנו,IL,ספארק,ליטרים,1.00,ליטר,false,,10.90,10.9000,true,1,64521
7290108352269,false,מגבונים לניקוי כללי,סנו,IL,מגבונים לניקוי כללי,יח',400.00,יח',false,,29.90,0.0747,true,1,63875
7290108352290,false,*מבצע* מטליות לחות ל,סנו,IL,*מבצע* מטליות לחות ל,יח',150.00,יח',false,,17.90,0.1193,true,1,62250
7290108352368,false,תוסף לחיטוי כביסה מק,סנו,IL,תוסף לחיטוי כביסה מק,ליטרים,3.00,ליטר,false,,29.90,9.9667,true,1,67984
7290108352399,false,*מבצע* ריצפז פרש הום,סנו,IL,ריצפז,ליטרים,2.00,ליטר,false,,19.90,9.9500,true,1,70218
7290108352412,false,מבשם אויר סנו פרש הו,,,מבשם אויר סנו פרש הו,מיליליטרים,300.00,"100 מ""ל",false,,12.90,0.0430,true,1,64548
7290108352436,false,*מבצע* סנובון כחול ש,סנו,IL,סנובון,יח',3.00,יח',false,,12.90,4.3000,true,1,65089
7290108352443,false,*מבצע* סנובון כחול ש,סנו,IL,סנובון,יח',3.00,יח',false,,12.90,4.3000,true,1,65090
7290108352450,false,*מבצע* ריצפז פרש הום,סנו,IL,ריצפז,ליטרים,2.00,ליטר,false,,19.90,9.9500,true,1,65844
7290108352511,false,מקסימה לניקוי וחיטוי,סנו,IL,מקסימה לניקוי וחיטוי,מיליליטרים,500.00,"100 מ""ל",false,,11.90,0.0238,true,1,67404
7290108352528,false,*מבצע* מרסס לחיטוי ו,סנו,,*מבצע* מרסס לחיטוי ו,מיליליטרים,750.00,"100 מ""ל",false,,9.90,0.0132,true,1,67405
7290108352535,false,דפי בישום לחים למייב,סנו,IL,דפי בישום לחים למייב,יח',20.00,יח',false,,12.90,0.6450,true,1,68937
7290108352566,false,מרכך מקסימה 4 ליטר,סנו,IL,מקסימה,ליטרים,4.00,ליטר,false,,21.90,5.4750,true,1,69234
7290108352573,false,מרכך מקסימה 4 ליטר,סנו,IL,מקסימה,ליטרים,4.00,ליטר,false,,21.90,5.4750,true,1,79106
7290108352641,false,מטלית הפלא לניקוי כל,סנו,IL,מטלית הפלא לניקוי כל,יח',3.00,יח',false,,14.90,4.9667,true,1,33434
7290108352702,false,מגבוני טואלט לחים של,סנו,IL,מגבוני טואלט לחים של,יח',3.00,יח',false,,14.90,4.9667,true,1,28039
7290108352788,false,שקיות זיפר 20 יח סנו,סנו,IL,שקיות זיפר 20 יח סנו,יח',20.00,יח',false,,9.90,0.4950,true,1,56104
7290108352801,false,סנו סושי שקיות אשפה,סנו,IL,סנו סושי,יח',100.00,יח',false,,18.90,0.1890,true,1,37594
7290108352825,false,ספוג הפלא נירוסטה 3,סנו,IL,סנו,יח',3.00,יח',false,,9.90,3.3000,true,1,41538
7290108352849,false,מטלית הפלא לניקוי כל,סנו,IL,מטלית הפלא לניקוי כל,יח',3.00,יח',false,,14.90,4.9667,true,1,65723
7290108352863,false,שקיות צלייה L,סנו,IL,סנו סושי,יח',20.00,יח',false,,7.90,0.3950,true,1,54376
7290108352870,false,שקיות צלייה XL,סנו,IL,סנו סושי,יח',10.00,יח',false,,7.90,0.7900,true,1,54374
7290108353006,false,שקיות מזון עם ידית 2,"אשפלסט תעשיות בע""מ",IL,סנו סושי,יח',250.00,יח',false,,11.90,0.0476,true,1,57721
7290108353068,false,זוג כריות קירצוף עם,סנו,IL,זוג כריות קירצוף עם,יח',2.00,יח',false,,9.90,4.9500,true,1,58364
7290108353099,false,טישו סופט חמישייה,ישרפייפר,IL,סנו סופט,יח',5.00,יח',false,,12.90,2.5800,true,1,58390
7290108353389,false,מי פה ג'וניור אורביט,קוסמופארם,IL,אורביטול,מיליליטרים,250.00,"100 מ""ל",false,,9.90,0.0396,true,1,79107
7290108353440,false,מארז זוג מברשות שיני,סנו,IL,מארז זוג מברשות שיני,יח',2.00,יח',false,,29.90,14.9500,true,1,68518
7290108353488,false,סנובון דיזיין בניחוח,,,סנובון דיזיין בניחוח,יחידה,0.00,יחידה,false,,6.90,0.0000,true,1,59416
7290108353501,false,שקיות אשפה 25 יח' עם,סנו,IL,שקיות אשפה 25 יח' עם,יח',25.00,יח',false,,19.90,0.7960,true,1,59893
7290108353525,false,תבניות גדולות 4 יח ע,סנו,IL,תבניות גדולות 4 יח ע,יח',4.00,יח',false,,10.90,2.7250,true,1,59890
7290108353549,false,נייר אפייה סנו סושי,,,נייר אפייה סנו סושי,יח',100.00,יח',false,,19.90,0.1990,true,1,67179
7290108353686,false,מטלית חלומית לרצפה ס,N.S.,CN,סנו סושי,יח',1.00,יח',false,,10.90,10.9000,true,1,65724
7290108353709,false,כפפות ניטריל מידה s,סנו,IL,כפפות ניטריל מידה s,יח',80.00,יח',false,,28.90,0.3612,true,1,82890
7290108353730,false,*מבצע* תחליב רחצה קר,קרמה,,*מבצע* תחליב רחצה קר,מיליליטרים,500.00,"100 מ""ל",false,,9.90,0.0198,true,1,71343
7290108353761,false,*מבצע* תחליב רחצה זן,סנו,IL,*מבצע* תחליב רחצה זן,מיליליטרים,600.00,"100 מ""ל",false,,12.90,0.0215,true,1,84381
7290108353778,false,נקה 7 תחליב רחצה בני,"אמיליה קוסמטיקס בע""מ",IL,נקה 7,מיליליטרים,750.00,"100 מ""ל",false,,9.90,0.0132,true,1,65391
7290108353785,false,נקה 7 תחליב רחצה בני,"אמיליה קוסמטיקס בע""מ",IL,נקה 7,מיליליטרים,750.00,"100 מ""ל",false,,9.90,0.0132,true,1,65392
7290108353792,false,נקה 7 תחליב רחצה בני,"אמיליה קוסמטיקס בע""מ",IL,נקה 7,מיליליטרים,750.00,"100 מ""ל",false,,9.90,0.0132,true,1,65390
7290108353808,false,נקה 7 תחליב רחצה בני,"אמיליה קוסמטיקס בע""מ",IL,נקה 7,מיליליטרים,750.00,"100 מ""ל",false,,9.90,0.0132,true,1,65393
7290108353839,false,כפפות ניטריל מידה m,סנו,IL,כפפות ניטריל מידה m,יח',80.00,יח',false,,28.90,0.3612,true,1,82891
7290108353846,false,כפפות ניטריל מידה L,סנו,IL,כפפות ניטריל מידה L,יח',80.00,יח',false,,28.90,0.3612,true,1,82892
7290108353891,false,דאודורנט רול און קרמ,,,קרמה,מיליליטרים,75.00,"100 מ""ל",false,,12.90,0.1720,true,1,64535
7290108353907,false,דאודורנט רול און קרמ,,,קרמה,מיליליטרים,75.00,"100 מ""ל",false,,12.90,0.1720,true,1,64536
7290108353969,false,דאודורנט ספריי קרמה,"אמיליה קוסמטיקס בע""מ",IL,קרמה,מיליליטרים,150.00,"100 מ""ל",false,,12.90,0.0860,true,1,68592
7290108353990,false,*מבצע* קרם גוף קרמה,קוסמופארם,IL,קרמה,מיליליטרים,500.00,"100 מ""ל",false,,19.90,0.0398,true,1,65092
7290108354164,false,סבון נוזלי כיף שלשה,סנו,IL,סבון נוזלי כיף שלשה,מיליליטרים,1500.00,"100 מ""ל",false,,19.90,0.0133,true,1,65845
7290108354270,false,מרכך מקסימה מרוכז 1,סנו,IL,מקסימה,ליטרים,1.00,ליטר,false,,17.90,17.9000,true,1,69231
7290108354430,false,שמפו כיף שמן קוקוס ו,סנו,IL,שמפו כיף שמן קוקוס ו,מיליליטרים,700.00,"100 מ""ל",false,,11.90,0.0170,true,1,66250
7290108354447,false,מרכך כיף קוקוס וקרטי,סנו,IL,מרכך כיף קוקוס וקרטי,מיליליטרים,700.00,"100 מ""ל",false,,11.90,0.0170,true,1,66251
7290108354492,false,שמפו 10 שמן ארגן קרל,סנו,IL,שמפו 10 שמן ארגן קרל,מיליליטרים,700.00,"100 מ""ל",false,,12.90,0.0184,true,1,71346
7290108354607,false,נקה 7 שמפו ביו,"אמיליה קוסמטיקס בע""מ",IL,נקה 7,מיליליטרים,750.00,"100 מ""ל",false,,10.90,0.0145,true,1,82542
7290108354614,false,נקה 7 מרכך ביו,"אמיליה קוסמטיקס בע""מ",IL,נקה 7,מיליליטרים,750.00,"100 מ""ל",false,,10.90,0.0145,true,1,82543
7290108354713,false,*מבצע* תחליב רחצה קר,קרמה,,*מבצע* תחליב רחצה קר,מיליליטרים,500.00,"100 מ""ל",false,,9.90,0.0198,true,1,69236
7290108354751,false,*מבצע* מרסס סנו ג'ט,סנו,IL,*מבצע* מרסס סנו ג'ט,מיליליטרים,750.00,"100 מ""ל",false,,9.90,0.0132,true,1,55265
7290108354829,false,קרם ידיים קרמה ורד ו,קוסמופארם,IL,קרמה,מיליליטרים,100.00,"100 מ""ל",false,,9.90,0.0990,true,1,65803
7290108354911,false,*מבצע* קרמה מן 3 ב-1,סנו,IL,*מבצע* קרמה מן 3 ב-1,מיליליטרים,700.00,"100 מ""ל",false,,14.90,0.0213,true,1,63278
7290108355000,false,שמפו נקה לילדים מיני,סנו,IL,נקה 7,מיליליטרים,750.00,"100 מ""ל",false,,10.90,0.0145,true,1,27156
7290108355062,false,לחות עם קרטין נטורל,קוסמופארם,IL,נטורל פורמולה,מיליליטרים,400.00,"100 מ""ל",false,,29.90,0.0747,true,1,32785
7290108355147,false,סבון ארומה 750 מל,"אמיליה קוסמטיקס בע""מ",IL,נקה 7,מיליליטרים,750.00,"100 מ""ל",false,,9.90,0.0132,true,1,37595
7290108355178,false,קרם ידיים קרמה חמאת,קוסמופארם,IL,קרמה,מיליליטרים,100.00,"100 מ""ל",false,,9.90,0.0990,true,1,65102
7290108355192,false,מרכך קרטין אינטנס 40,"אמיליה קוסמטיקס בע""מ",IL,נטורל פורמולה,מיליליטרים,400.00,"100 מ""ל",false,,29.90,0.0747,true,1,35999
7290108355208,false,שמפו קרטין אינטנס 40,"אמיליה קוסמטיקס בע""מ",IL,נטורל פורמולה,מיליליטרים,400.00,"100 מ""ל",false,,29.90,0.0747,true,1,36000
7290108355253,false,נקה 7 ג'ל רחצה לגבר,"אמיליה קוסמטיקס בע""מ",IL,נקה 7,מיליליטרים,750.00,"100 מ""ל",false,,10.90,0.0145,true,1,54074
7290108355260,false,נקה 7 שמפו +ג'ל וסבו,"אמיליה קוסמטיקס בע""מ",IL,נקה 7,מיליליטרים,750.00,"100 מ""ל",false,,10.90,0.0145,true,1,54075
7290108355277,false,נקה 7 שמפו +מרכך לגב,"אמיליה קוסמטיקס בע""מ",IL,נקה 7,מיליליטרים,750.00,"100 מ""ל",false,,10.90,0.0145,true,1,54076
7290108355307,false,שמפו נקה 7 סירוק קל,סנו,IL,שמפו נקה 7 סירוק קל,מיליליטרים,750.00,"100 מ""ל",false,,12.90,0.0172,true,1,57724
7290108355314,false,מרכך קרם/תרסיס נקה 7,סנו,IL,מרכך קרם/תרסיס נקה 7,מיליליטרים,750.00,"100 מ""ל",false,,12.90,0.0172,true,1,57725
7290108355451,false,דאודורנט רול און קרמ,,,קרמה,מיליליטרים,75.00,"100 מ""ל",false,,12.90,0.1720,true,1,64538
7290108356106,false,כיף רחצה מילק שקד 70,קוסמופארם,IL,כיף,מיליליטרים,700.00,"100 מ""ל",false,,10.90,0.0156,true,1,54757
7290108356113,false,כיף רחצה מילק דבש 70,קוסמופארם,IL,כיף,מיליליטרים,700.00,"100 מ""ל",false,,10.90,0.0156,true,1,54758
7290108356120,false,כיף רחצה מילק קוקוס,קוסמופארם,IL,כיף,מיליליטרים,700.00,"100 מ""ל",false,,10.90,0.0156,true,1,54759
7290108356137,false,כיף רחצה מילק לבנדר,קוסמופארם,IL,כיף,מיליליטרים,700.00,"100 מ""ל",false,,10.90,0.0156,true,1,54760
7290108356151,false,כיף רחצה מילק מאסק י,קוסמופארם,IL,כיף,מיליליטרים,700.00,"100 מ""ל",false,,10.90,0.0156,true,1,54762
7290108356168,false,כיף רחצה מילק אוקיינ,קוסמופארם,IL,כיף,מיליליטרים,700.00,"100 מ""ל",false,,10.90,0.0156,true,1,54763
7290108356175,false,אל סבון כיף 1 ליטר א,קוסמופארם,IL,כיף,ליטרים,1.00,ליטר,false,,11.90,11.9000,true,1,64146
7290108356182,false,אל סבון כיף 1 ליטר ת,קוסמופארם,IL,כיף,ליטרים,1.00,ליטר,false,,11.90,11.9000,true,1,64147
7290108356199,false,אל סבון כיף 1 ליטר א,קוסמופארם,IL,כיף,ליטרים,1.00,ליטר,false,,11.90,11.9000,true,1,64148
7290108356229,false,קרמה ג'ל גילוח,קוסמופארם,TR,קרמה מן,מיליליטרים,200.00,"100 מ""ל",false,,13.90,0.0695,true,1,63660
7290108356489,false,תחליב רחצה אפרסק וחמ,קוסמופארם,IL,כיף,מיליליטרים,700.00,"100 מ""ל",false,,10.90,0.0156,true,1,71347
7290108356519,false,שמפו 10 לשיער רגיל ק,סנו,IL,שמפו 10 לשיער רגיל ק,מיליליטרים,700.00,"100 מ""ל",false,,12.90,0.0184,true,1,70219
7290108356533,false,שמפו 10 לשיער מתולתל,סנו,IL,שמפו 10 לשיער מתולתל,מיליליטרים,700.00,"100 מ""ל",false,,12.90,0.0184,true,1,70221
7290108356540,false,שמפו 10 לשיער צבוע ק,סנו,IL,שמפו 10 לשיער צבוע ק,מיליליטרים,700.00,"100 מ""ל",false,,12.90,0.0184,true,1,70222
7290108356557,false,שמפו 10 למניעת קשקשי,סנו,IL,שמפו 10 למניעת קשקשי,מיליליטרים,700.00,"100 מ""ל",false,,12.90,0.0184,true,1,70223
7290108356564,false,מרכך 10 לשיער רגיל ק,סנו,IL,מרכך 10 לשיער רגיל ק,מיליליטרים,700.00,"100 מ""ל",false,,12.90,0.0184,true,1,70224
7290108356571,false,מרכך 10 לשיער יבש קר,סנו,IL,מרכך 10 לשיער יבש קר,מיליליטרים,700.00,"100 מ""ל",false,,12.90,0.0184,true,1,70225
7290108356588,false,מרכך 10 לשיער מתולתל,סנו,IL,מרכך 10 לשיער מתולתל,מיליליטרים,700.00,"100 מ""ל",false,,12.90,0.0184,true,1,70226
7290108357004,false,שמפו כיף ושמן קוקוי,סנו,IL,שמפו כיף ושמן קוקוי,מיליליטרים,700.00,"100 מ""ל",false,,11.90,0.0170,true,1,60347
7290108357011,false,מרכך כיף ושמן קוקוי,סנו,IL,מרכך כיף ושמן קוקוי,מיליליטרים,700.00,"100 מ""ל",false,,11.90,0.0170,true,1,60348
7290108357028,false,כיף רחצה ושמן קוקוי,קוסמופארם,IL,כיף,מיליליטרים,700.00,"100 מ""ל",false,,10.90,0.0156,true,1,60349
7290108357073,false,קרליין נושם ביו דאוד,סנו,IL,קרליין נושם ביו דאוד,מיליליטרים,150.00,"100 מ""ל",false,,12.90,0.0860,true,1,71353
7290108357110,false,קרליין נושם ביו דאוד,סנו,IL,קרליין נושם ביו דאוד,מיליליטרים,75.00,"100 מ""ל",false,,12.90,0.1720,true,1,71356
7290108357189,false,*מבצע* מקסימה למייבש,סנו,IL,סנו,מיליליטרים,750.00,"100 מ""ל",false,,14.90,0.0199,true,1,60097
7290108357196,false,*מבצע* מרסס סנו ג'ט,סנו,IL,*מבצע* מרסס סנו ג'ט,מיליליטרים,750.00,"100 מ""ל",false,,9.90,0.0132,true,1,67872
7290108357202,false,סנוקליר בלו בלוסום,סנו,IL,סנוקליר,ליטרים,1.00,ליטר,false,,10.90,10.9000,true,1,66252
7290108357271,false,סנובון נוזלי עם חמצן,סנו,IL,סנובון,מיליליטרים,750.00,"100 מ""ל",false,,8.90,0.0119,true,1,81249
7290108357288,false,אקונומיקה מבושמת בני,סנו,IL,סנו ז'אוול,ליטרים,4.00,ליטר,false,,16.90,4.2250,true,1,70233
7290108357295,false,אוקסיג'ן מסיר כתמים,סנו,IL,אוקסיג'ן,מיליליטרים,750.00,"100 מ""ל",false,,17.90,0.0239,true,1,82539
7290108357301,false,מרסס K300 קוטל תיקני,,,מרסס K301,מיליליטרים,300.00,"100 מ""ל",false,,11.90,0.0397,true,1,79108
7290108357400,false,*מבצע* קרמה תחליב רח,,,קרמה,מיליליטרים,700.00,"100 מ""ל",false,,14.90,0.0213,true,1,64533
7290108357493,false,*מבצע* קרמה תחליב רח,,,קרמה,מיליליטרים,700.00,"100 מ""ל",false,,14.90,0.0213,true,1,66633
7290108357653,false,סנובון באבלס בניחוח,,,סנובון באבלס בניחוח,יח',3.00,יח',false,,15.90,5.3000,true,1,86543
7290108357707,false,שמפו כיף תפוח זרעי צ,סנו,IL,שמפו כיף תפוח זרעי צ,מיליליטרים,700.00,"100 מ""ל",false,,11.90,0.0170,true,1,55341
7290108357714,false,שמפו כיף רימונים ושמ,סנו,IL,שמפו כיף רימונים ושמ,מיליליטרים,700.00,"100 מ""ל",false,,11.90,0.0170,true,1,55342
7290108357745,false,שמפו+מרכך כיף תאנה ו,סנו,IL,שמפו+מרכך כיף תאנה ו,מיליליטרים,700.00,"100 מ""ל",false,,11.90,0.0170,true,1,55347
7290108357769,false,מרכך כיף תפוח זרעי צ,סנו,IL,מרכך כיף תפוח זרעי צ,מיליליטרים,700.00,"100 מ""ל",false,,11.90,0.0170,true,1,55343
7290108357776,false,מרכך כיף רימונים ושמ,סנו,IL,מרכך כיף רימונים ושמ,מיליליטרים,700.00,"100 מ""ל",false,,11.90,0.0170,true,1,55344
7290108357837,false,כיף אל סבון כחול שקי,סנו,IL,כיף אל סבון כחול שקי,ליטרים,1.00,ליטר,false,,7.90,7.9000,true,1,81826
7290108357844,false,כיף אל סבון ורוד שקי,סנו,IL,כיף אל סבון ורוד שקי,ליטרים,1.00,ליטר,false,,7.90,7.9000,true,1,81827
7290108357868,false,כיף ג'ל רחצה ELIXIR,קוסמופארם,IL,כיף,מיליליטרים,700.00,"100 מ""ל",false,,10.90,0.0156,true,1,70229
7290108357875,false,שמפו לחות מוגברת עם,סנו,IL,שמפו לחות מוגברת עם,מיליליטרים,700.00,"100 מ""ל",false,,11.90,0.0170,true,1,71349
7290108357882,false,מרכך לחות מוגברת עם,סנו,IL,מרכך לחות מוגברת עם,מיליליטרים,700.00,"100 מ""ל",false,,11.90,0.0170,true,1,71350
7290108358070,false,*מבצע* קרמה תחליב רח,,,קרמה,מיליליטרים,700.00,"100 מ""ל",false,,14.90,0.0213,true,1,65095
7290108358087,false,*מבצע* קרמה תחליב רח,,,קרמה,מיליליטרים,700.00,"100 מ""ל",false,,14.90,0.0213,true,1,65096
7290108358100,false,מקלות ריחניים לבית B,סנו,IL,מקלות ריחניים לבית B,מיליליטרים,100.00,"100 מ""ל",false,,19.90,0.1990,true,1,70234
7290108358117,false,מקלות ריחניים לבית F,סנו,IL,מקלות ריחניים לבית F,מיליליטרים,100.00,"100 מ""ל",false,,19.90,0.1990,true,1,70235
7290108358124,false,דפי בישום לחים למייב,סנו,IL,דפי בישום לחים למייב,יח',20.00,יח',false,,12.90,0.6450,true,1,85780
7290108359060,false,כריות ניקוי לשבת סנו,סנו,IL,כריות ניקוי לשבת סנו,יח',4.00,יח',false,,9.90,2.4750,true,1,68909
7290108359077,false,ממחטות אף 3 שכבות בת,סנו,IL,ממחטות אף 3 שכבות בת,יח',120.00,יח',false,,12.90,0.1075,true,1,70230
7290108359084,false,כיסוי ניילון עם גומי,סנו,IL,כיסוי ניילון עם גומי,יח',30.00,יח',false,,9.90,0.3300,true,1,84366
7290108359114,false,חמגשית אלומיניום עם,סנו,IL,חמגשית אלומיניום עם,יח',10.00,יח',false,,9.90,0.9900,true,1,71054
7290108359824,false,קרם גוף בייבי כיף 50,קוסמופארם,IL,כיף,מיליליטרים,500.00,"100 מ""ל",false,,19.90,0.0398,true,1,54510
7290108359879,false,אל סבון בייבי כיף 75,קוסמופארם,IL,כיף,מיליליטרים,750.00,"100 מ""ל",false,,14.90,0.0199,true,1,54513
7290108359893,false,תחליב רחצה בייבי כיף,קוסמופארם,IL,כיף,מיליליטרים,750.00,"100 מ""ל",false,,14.90,0.0199,true,1,54514
7290108359985,false,זאוול קצף ניקוי בתוס,סנו,IL,סנו ז'אוול,ליטרים,1.00,ליטר,false,,17.90,17.9000,true,1,70236
7290108500677,false,*מבצע* כבד דג שיבוט,lcan Ehf,IS,וילי פוד,גרמים,115.00,100 גרם,false,,7.90,0.0687,true,1,28207
7290108501346,false,גבינת גאודה מגורדת 2,אמרלנד,DE,סיי צייז,גרמים,500.00,100 גרם,false,,24.90,0.0498,true,1,34031
7290108501988,false,*מבצע* חטיף שקדים וח,ואמראליס,GR,*מבצע* חטיף שקדים וח,גרמים,140.00,100 גרם,false,,9.90,0.0707,true,1,37452
7290108502268,false,קרקרים מליחות עדינה,קולוסי אס פי איי,IT,וילי פוד,גרמים,250.00,100 גרם,false,,4.90,0.0196,true,1,54551
7290108502305,false,*מבצע* גרנה פדנו משו,זאנטי,IT,וילי פוד,גרמים,150.00,100 גרם,false,,16.90,0.1127,true,1,55020
7290108502329,false,רביעית נתחי טונה בשמ,גולדן פרייז,TH,רביעית נתחי טונה בשמ,גרמים,640.00,100 גרם,false,,26.90,0.0420,true,1,53625
7290108502336,false,*מבצע* גבינה גורגונז,איגור SRL,IT,וילי פוד,גרמים,150.00,100 גרם,false,,15.90,0.1060,true,1,37454
7290108502381,false,*מבצע* תחתיות לפיצה,גידה,TR,וילי פוד,גרמים,480.00,100 גרם,false,,8.90,0.0185,true,1,58298
7290108502541,false,*מבצע* גבינת שמנת טב,אטלסר&אלפרי קאסורק,DE,*מבצע* גבינת שמנת טב,גרמים,200.00,100 גרם,false,,8.90,0.0445,true,1,53626
7290108502589,false,*מבצע* גבינת שמנת שו,אטלסר&אלפרי קאסורק,DE,*מבצע* גבינת שמנת שו,גרמים,200.00,100 גרם,false,,8.90,0.0445,true,1,53637
7290108502725,false,גבינת גאודה פרוסות 4,אמרלנד,DE,גבינת גאודה פרוסות 4,גרמים,400.00,100 גרם,false,,19.90,0.0497,true,1,53654
7290108503043,false,מארז תפוחונים 88 גרם,ינטאי,CN,תפוחונים,גרמים,88.00,100 גרם,false,,14.90,0.1693,true,1,54816
7290108503159,false,גבינה כחולה עם עובש,אל פסטור,ES,EURO CHEESE,גרמים,100.00,100 גרם,false,,9.90,0.0990,true,1,54565
7290108503791,false,ניוקי תפוחי אדמה 3 צ,סיימה אלימנטרי,IT,ניוקי תפוחי אדמה 3 צ,1,1.00,1,false,,11.90,11.9000,true,1,86328
7290108503999,false,*מבצע* פרוסות גבינת,סנטרל קסרה,ES,וילי פוד,גרמים,150.00,100 גרם,false,,8.90,0.0593,true,1,57943
7290108504293,false,*מבצע* מנצגו צאנק 15,אל פסטור,ES,*מבצע* מנצגו צאנק 15,גרמים,150.00,100 גרם,false,,15.90,0.1060,true,1,57523
7290108504378,false,*מבצע* גבינת שמנת עם,אטלסר&אלפרי קאסורק,DE,*מבצע* גבינת שמנת עם,גרמים,200.00,100 גרם,false,,8.90,0.0445,true,1,59428
7290108505191,false,יוגורט עם פצפוצי שוק,MEVGAL,GR,יורו,גרמים,150.00,100 גרם,false,,4.90,0.0327,true,1,62196
7290108505740,false,*מבצע* קשקבל חצי קשה,איווק,TR,יורו,גרמים,200.00,100 גרם,false,,12.90,0.0645,true,1,63722
7290108506495,false,*מבצע* כנאפה קפוא,ארמה גרופ,TR,פינוקים,גרמים,192.50,100 גרם,false,,9.90,0.0514,true,1,63431
7290108506501,false,אצבעות בצק פילו ממול,סיהאן גידה,TR,אצבעות בצק פילו ממול,גרמים,500.00,100 גרם,false,,15.90,0.0318,true,1,70004
7290108506709,false,*מבצע* גבינת פרמג'אנ,זנטי,IT,וילי פוד,גרמים,150.00,100 גרם,false,,17.90,0.1193,true,1,63312
7290108506815,false,*מבצע* גליליות וופל,בן& אר.פי.סי,GR,פינוקים,גרמים,400.00,100 גרם,false,,9.90,0.0248,true,1,64141
7290108506969,false,מאפה בורקס מים תורכי,גידה,TR,EURO,גרמים,300.00,100 גרם,false,,14.90,0.0497,true,1,64168
7290108507010,false,מאפה בורקס מים תורכי,גידה,TR,EURO,גרמים,300.00,100 גרם,false,,14.90,0.0497,true,1,64169
7290108507058,false,ביסקוויט פריך בשוקול,מודרן צ'יקולטה,TR,ביסקוויט פריך בשוקול,גרמים,100.00,100 גרם,false,,6.90,0.0690,true,1,69852
7290108507188,false,*מבצע* כנאפה אריזה מ,גידה,TR,כנאפה אריזה משפחתית,גרמים,657.50,100 גרם,false,,19.90,0.0303,true,1,64972
7290108507645,false,ביסקוויט פריך בשוקול,מודרן צ'יקולטה,TR,ביסקוויט פריך בשוקול,גרמים,100.00,100 גרם,false,,6.90,0.0690,true,1,69853
7290108507652,false,ביסקוויט פריך בשוקול,מודרן צ'יקולטה,TR,ביסקוויט פריך בשוקול,גרמים,100.00,100 גרם,false,,6.90,0.0690,true,1,69854
7290108508031,false,אננס שלם 830 גרם,נטריישן,TH,אננס שלם 830 גרם,גרמים,830.00,100 גרם,false,,10.90,0.0131,true,1,85634
7290108508451,false,משקה יוגורט טבעי 3.2,אקר,TR,משקה יוגורט טבעי 3.2,מיליליטרים,200.00,"100 מ""ל",false,,4.90,0.0245,true,1,67014
7290108508499,false,איירן משקה יוגורט בג,אקר,TR,איירן משקה יוגורט בג,מיליליטרים,293.00,"100 מ""ל",false,,4.90,0.0167,true,1,67005
7290108509106,false,*מבצע* גבינה בולגרית,סוטאש,TR,יורו,גרמים,200.00,100 גרם,false,,9.90,0.0495,true,1,67762
7290108509113,false,*מבצע* גבינה בולגרית,סוטאש,TR,יורו,גרמים,250.00,100 גרם,false,,9.90,0.0396,true,1,67763
7290108509212,false,חטיפבייבי בטעם ירקות,נמצ'או,TH,חטיפבייבי בטעם ירקות,גרמים,50.00,100 גרם,false,,11.90,0.2380,true,1,69623
7290108509229,false,חטיפבייבי בטעם בננה,נמצ'או,TH,חטיפבייבי בטעם בננה,גרמים,50.00,100 גרם,false,,11.90,0.2380,true,1,69624
7290108509571,false,גבינה מלוחה עם צילי,,GR,גבינה מלוחה עם צילי,גרמים,153.00,100 גרם,false,,15.90,0.1039,true,1,87222
7290108509700,false,"אורז פרסי דוואט 1 ק""",וילי פוד,IL,"אורז פרסי דוואט 1 ק""",קילוגרמים,1.00,"ק""ג",false,,9.90,9.9000,true,1,68251
7290108509908,false,מנת השף אטריות להכנה,נמצ'או,TH,מנת השף אטריות להכנה,גרמים,85.00,100 גרם,false,,3.90,0.0459,true,1,69873
7290108509915,false,מנת השף אטריות להכנה,נמצ'או,TH,מנת השף אטריות להכנה,גרמים,85.00,100 גרם,false,,3.90,0.0459,true,1,69874
7290108509922,false,מנת השף אטריות להכנה,נמצ'או,TH,מנת השף אטריות להכנה,גרמים,85.00,100 גרם,false,,3.90,0.0459,true,1,69875
7290108620054,false,אסטייט קברנה סובניון,יקבי ציון,IL,אסטייט קברנה סובניון,מיליליטרים,750.00,"100 מ""ל",false,,39.90,0.0532,true,1,71165
7290108620108,false,אימפריאל קברנה סובני,יקבי ציון,IL,אימפריאל קברנה סובני,מיליליטרים,750.00,"100 מ""ל",false,,29.90,0.0399,true,1,71168
7290108620115,false,"אימפריאל מרלו 750 מ""",יקבי ציון,IL,"אימפריאל מרלו 750 מ""",מיליליטרים,750.00,"100 מ""ל",false,,29.90,0.0399,true,1,71169
7290108620153,false,אסטייט קברנה חצי מתו,יקבי ציון,IL,אסטייט קברנה חצי מתו,מיליליטרים,750.00,"100 מ""ל",false,,39.90,0.0532,true,1,71170
7290108620245,false,תירוש לבן מובחר 100%,יקבי ציון,IL,תירוש לבן מובחר 100%,ליטרים,1.00,ליטר,false,,16.90,16.9000,true,1,71158
7290108821963,false,סוללות אלקליין רביעי,,,סוללות אלקליין רביעי,יחידה,0.00,יחידה,false,,6.90,0.0000,true,1,78827
7290108821994,false,מארז אלקליין 10 יח A,,,מארז אלקליין 10 יח A,יחידה,0.00,יחידה,false,,12.90,0.0000,true,1,81234
7290108832617,false,פטיש שניצל אלומיניום,,,פטיש שניצל אלומיניום,יחידה,0.00,יחידה,false,,19.90,0.0000,true,1,71746
7290108833379,false,"מרכולית צנצנת 250 מ""",,,"מרכולית צנצנת 250 מ""",יחידה,0.00,יחידה,false,,5.90,0.0000,true,1,71761
7290108835090,false,כרית מושב לכסא דגם ב,,,כרית מושב לכסא דגם ב,יחידה,0.00,יחידה,false,,15.90,0.0000,true,1,77354
7290108835212,false,סט 10 שקיות זילוף 46,,,סט 10 שקיות זילוף 46,יחידה,0.00,יחידה,false,,10.90,0.0000,true,1,71787
7290108835397,false,שלט דקורטיבי דגם מגד,,,שלט דקורטיבי דגם מגד,יחידה,0.00,יחידה,false,,15.90,0.0000,true,1,71793
7290108835809,false,לקקן  סיליקון 25X5 ד,,,לקקן  סיליקון 25X5 ד,1,1.00,1,false,,6.90,6.9000,true,1,71798
7290108836103,false,תבנית סיליקון עברית,,,תבנית סיליקון עברית,יחידה,0.00,יחידה,false,,20.90,0.0000,true,1,71815
7290108836493,false,גלגלת לפיצה דגם טרופ,,,גלגלת לפיצה דגם טרופ,יחידה,0.00,יחידה,false,,12.90,0.0000,true,1,71833
7290108836561,false,מקלף תמר דגם טרופיקנ,,,מקלף תמר דגם טרופיקנ,יחידה,0.00,יחידה,false,,10.90,0.0000,true,1,71837
7290108836585,false,מקלף רצועות ג'וליאן,,,מקלף רצועות ג'וליאן,יחידה,0.00,יחידה,false,,10.00,0.0000,true,1,71838
7290108837926,false,תבלינון מכסה נרוסטה,,,תבלינון מכסה נרוסטה,יחידה,0.00,יחידה,false,,6.90,0.0000,true,1,71875
7290108838312,false,תבנית סיליקון 12 שקע,,,תבנית סיליקון 12 שקע,יחידה,0.00,יחידה,false,,25.90,0.0000,true,1,71882
7290108840032,false,מברשת עוגה מסיליקון,,,מברשת עוגה מסיליקון,יחידה,0.00,יחידה,false,,6.90,0.0000,true,1,72770
7290108840322,false,סכין קילוף,,,סכין קילוף,יחידה,0.00,יחידה,false,,3.50,0.0000,true,1,72782
7290108840698,false,קרש חיתוך מזכוכית מח,,,קרש חיתוך מזכוכית מח,יחידה,0.00,יחידה,false,,12.90,0.0000,true,1,72811
7290108840780,false,פותחן בקבוקים דגם מר,,,פותחן בקבוקים דגם מר,יחידה,0.00,יחידה,false,,29.90,0.0000,true,1,72817
7290108841022,false,סט 3 קרחוניות,,,סט 3 קרחוניות,יחידה,0.00,יחידה,false,,12.90,0.0000,true,1,72833
7290108841060,false,תבנית לקוביות קרח בצ,,,תבנית לקוביות קרח בצ,יחידה,0.00,יחידה,false,,6.90,0.0000,true,1,72834
7290108841329,false,חותכן כרוב מנירוסטה,,,חותכן כרוב מנירוסטה,יחידה,0.00,יחידה,false,,12.90,0.0000,true,1,72853
7290108841763,false,סט 5 צנטרים גדולים מ,,,סט 5 צנטרים גדולים מ,יחידה,0.00,יחידה,false,,12.90,0.0000,true,1,72876
7290108844337,false,מסננת נירוסטה לכיור,,,מסננת נירוסטה לכיור,יחידה,0.00,יחידה,false,,5.00,0.0000,true,1,72921
7290108844399,false,"פינג'אן קוטר 10 ס""מ",,,"פינג'אן קוטר 10 ס""מ",יחידה,0.00,יחידה,false,,29.90,0.0000,true,1,72925
7290108847222,false,סכין מטבח 8 דגם מאסט,,,סכין מטבח 8 דגם מאסט,יחידה,0.00,יחידה,false,,25.00,0.0000,true,1,73058
7290108847246,false,סכין חיתוך 8 דגם מאס,,,סכין חיתוך 8 דגם מאס,יחידה,0.00,יחידה,false,,24.90,0.0000,true,1,73060
7290108847284,false,סכין רב שימושית 3.5,,,סכין רב שימושית 3.5,יחידה,0.00,יחידה,false,,15.90,0.0000,true,1,73064
7290108848229,false,תבנית פאי טפלון 24 ס,,,תבנית פאי טפלון 24 ס,יחידה,0.00,יחידה,false,,25.00,0.0000,true,1,73093
7290108848304,false,מולטי סלייסר דגם שף,,,מולטי סלייסר דגם שף,יחידה,0.00,יחידה,false,,85.00,0.0000,true,1,73100
7290108848687,false,"ספטולה מדורגת 25 ס""מ",,,"ספטולה מדורגת 25 ס""מ",יחידה,0.00,יחידה,false,,12.90,0.0000,true,1,73126
7290109351025,false,חומוסטחינה 400 גרם,צבר,IL,צבר,גרמים,400.00,100 גרם,false,,13.90,0.0348,true,1,25805
7290109351957,false,פיטנס פריכיות גדולות,הרבטו בלגיה,IL,פיטנס,גרמים,100.00,100 גרם,false,,7.90,0.0790,true,1,30346
7290109351971,false,פיטנס בר פריכיות שוק,,,פיטנס בר פריכיות שוק,גרמים,84.00,100 גרם,false,,11.90,0.1417,true,1,28370
7290109352916,false,פיטנס בר פריכיות שוק,,,פיטנס בר פריכיות שוק,גרמים,84.00,100 גרם,false,,11.90,0.1417,true,1,28372
7290109354101,false,לחמית ללא גלוטן 200,אסם,IL,לחמית,גרמים,200.00,100 גרם,false,,9.90,0.0495,true,1,33214
7290109354996,false,פתי בר ללא גלוטן שוק,אסם,IL,אסם,גרמים,200.00,100 גרם,false,,9.90,0.0495,true,1,28821
7290109358284,false,שניצל תירס טבעול עם,טבעול ישראל,IL,שניצל תירס טבעול עם,גרמים,664.00,100 גרם,false,,29.90,0.0450,true,1,33219
7290109358482,false,קרמוגית במילוי חלבה,אסם,IL,אסם,גרמים,200.00,100 גרם,false,,9.90,0.0495,true,1,55757
7290109358765,false,קראנץ' רולס 450 גרם,אסם,IL,CRUNCH,גרמים,450.00,100 גרם,false,,19.90,0.0442,true,1,32330
7290109412399,false,טאץ מחברת A4 חשבון מ,,,טאץ מחברת A4 חשבון מ,יחידה,0.00,יחידה,false,,15.00,0.0000,true,1,83277
7290109492803,false,מפת פלנל עם גומי 180,,,מפת פלנל עם גומי 180,יחידה,0.00,יחידה,false,,15.90,0.0000,true,1,77266
7290109495538,false,מתקן מדף למטבח,,,מתקן מדף למטבח,יחידה,0.00,יחידה,false,,25.00,0.0000,true,1,86476
7290109580043,false,"שניצל תירס 1.75 ק""ג",זוגלובק,IL,זוגלובק,קילוגרמים,1.75,"ק""ג",false,,49.90,28.5143,true,1,65252
7290109580067,false,טחון וונדרס 340 גרם,זוגלובק,IL,טחון וונדרס 340 גרם,גרמים,340.00,100 גרם,false,,26.90,0.0791,true,1,66998
7290109580098,false,קבנוס בטעם סרירצה 13,זוגלובק,IL,זוגלובק,גרמים,135.00,100 גרם,false,,9.90,0.0733,true,1,77004
7290109580104,false,רוסטביף 150 גרם,זוגלובק,IL,זוגלובק,גרמים,150.00,100 גרם,false,,22.90,0.1527,true,1,66725
7290109580111,false,צלעות אסאדו מעושנות,זוגלובק,IL,זוגלובק,גרמים,120.00,100 גרם,false,,22.90,0.1908,true,1,70833
7290109580135,false,קורדנדביף 180 גרם זו,זוגלובק,IL,זוגלובק,גרמים,180.00,100 גרם,false,,22.90,0.1272,true,1,66727
7290109580166,false,סרוולד קלאסי 150 גרם,זוגלובק,IL,זוגלובק,גרמים,150.00,100 גרם,false,,22.90,0.1527,true,1,66729
7290109580210,false,נקניקיות ריינהולד'ס,זוגלובק,IL,זוגלובק,גרמים,300.00,100 גרם,false,,19.90,0.0663,true,1,70195
7290109580227,false,נקניקיות ריינהולד'ס,זוגלובק,IL,זוגלובק,גרמים,300.00,100 גרם,false,,19.90,0.0663,true,1,70196
7290109777061,false,קלסר ‏‏PP מוקצף גב ‏,,,קלסר ‏‏PP מוקצף גב ‏,יחידה,0.00,יחידה,false,,12.90,0.0000,true,1,79235
7290109777337,false,סיכות שדכן 26/6,,,סיכות שדכן 26/6,יחידה,0.00,יחידה,false,,5.00,0.0000,true,1,79206
7290109778891,false,בלוק ספירל איכותי -,,,בלוק ספירל איכותי -,יחידה,0.00,יחידה,false,,12.90,0.0000,true,1,79238
7290109920146,false,דורגול מסיר אבנית 75,,,יעקבי,מיליליטרים,750.00,"100 מ""ל",false,,19.90,0.0265,true,1,29804
7290109920153,false,וויט ברייט מלבין כבי,סאמיט,US,יעקבי,גרמים,790.00,100 גרם,false,,27.90,0.0353,true,1,33871
7290109920313,false,אסטוניש מרסס מבריק ש,אסטוניש,GB,אסטוניש,מיליליטרים,750.00,"100 מ""ל",false,,11.90,0.0159,true,1,35293
7290109920597,false,אסטוניש מרסס לניקוי,אסטוניש,GB,אסטוניש,מיליליטרים,750.00,"100 מ""ל",false,,11.90,0.0159,true,1,35295
7290109920627,false,אסטוניש קרם לניקוי ה,אסטוניש,GB,אסטוניש,מיליליטרים,500.00,"100 מ""ל",false,,10.90,0.0218,true,1,36179
7290109920665,false,אסטוניש מרסס להסרת א,אסטוניש,GB,אסטוניש,מיליליטרים,750.00,"100 מ""ל",false,,11.90,0.0159,true,1,35297
7290109920849,false,אסטוניש מרסס לניקוי,אסטוניש,GB,אסטוניש,מיליליטרים,750.00,"100 מ""ל",false,,11.90,0.0159,true,1,35298
7290109921075,false,דזיטול נוזל מחטא בגד,מרקה,BE,דזיטול נוזל מחטא בגד,מיליליטרים,500.00,"100 מ""ל",false,,12.90,0.0258,true,1,87178
7290109921334,false,דפי כביסה למניעת העב,מרקה,ES,אידאל,יח',15.00,יח',false,,14.90,0.9933,true,1,56233
7290109921723,false,דורגול מסיר אבנית לא,,,יעקבי,מיליליטרים,750.00,"100 מ""ל",false,,19.90,0.0265,true,1,66588
7290109923024,false,*מבצע* אסטוניש מרסס,אסטוניש,GB,*מבצע* אסטוניש מרסס,מיליליטרים,750.00,"100 מ""ל",false,,13.90,0.0185,true,1,71382
7290109923147,false,*מבצע* אסטוניש מרסס,אסטוניש,GB,*מבצע* אסטוניש מרסס,מיליליטרים,750.00,"100 מ""ל",false,,13.90,0.0185,true,1,83627
7290110000493,false,חמאת בוטנים ממרח טבע,"בטר אנד דיפרנט בע""מ",IL,בטר אנד דיפרנט,גרמים,350.00,100 גרם,false,,13.90,0.0397,true,1,64393
7290110002039,false,חיטה תפוחה עם קקאו 4,אורגניק אגרו פודס,PL,חיטה תפוחה עם קקאו 4,גרמים,400.00,100 גרם,false,,13.90,0.0348,true,1,86449
7290110110277,false,*מבצע* סיידר סומרסבי,"מב""י",IL,סומרסבי,מיליליטרים,1320.00,"100 מ""ל",false,,24.90,0.0189,true,1,37531
7290110110369,false,*מבצע* קרלסברג שישיי,קרלסברג ישראל,IL,*מבצע* קרלסברג שישיי,ליטרים,1.98,ליטר,false,,34.90,17.6263,true,1,64157
7290110110659,false,פחית ספרייט ליים 330,,,פחית פאנטה,מיליליטרים,330.00,"100 מ""ל",false,,5.00,0.0152,true,1,36803
7290110110703,false,פחיות ספרייט ליים שי,קוקה קולה ישראל,IL,קוקה קולה,ליטרים,1.98,ליטר,false,,22.00,11.1111,true,1,36804
7290110111809,false,פחיות פאנטה שישיה,קוקה קולה ישראל,IL,קוקה קולה,ליטרים,1.98,ליטר,false,,22.00,11.1111,true,1,57354
7290110113261,false,מיץ חמוציות אושן ספר,פריגת,IL,אושן ספריי,ליטרים,1.00,ליטר,false,,11.90,11.9000,true,1,69539
7290110113384,false,מארז רביעיית קוקה קו,קוקה קולה,IL,מארז רביעיית קוקה קו,ליטרים,4.00,ליטר,false,,23.90,5.9750,true,1,84255
7290110114787,false,נביעות+ תפוח 1.5 ליט,,IL,נביעות+ תפוח 1.5 ליט,ליטרים,1.50,ליטר,false,,8.00,5.3333,true,1,69579
7290110114794,false,נביעות+ אפרסק 1.5 לי,,IL,נביעות+ אפרסק 1.5 לי,ליטרים,1.50,ליטר,false,,8.00,5.3333,true,1,69580
7290110114800,false,נביעות+ ענבים 1.5 לי,,IL,נביעות+ ענבים 1.5 לי,ליטרים,1.50,ליטר,false,,8.00,5.3333,true,1,69581
7290110114855,false,*מבצע* נביעות שישייה,,IL,*מבצע* נביעות שישייה,ליטרים,9.00,ליטר,false,,12.90,1.4333,true,1,69586
7290110114954,false,פריגת 100% תפוזים מת,"גת,גבעת חיים",IL,פריגת,ליטרים,2.00,ליטר,false,,22.90,11.4500,true,1,69375
7290110114961,false,פריגת תפוזים 1.5 ליט,פריגת,IL,פריגת,ליטרים,1.50,ליטר,false,,8.80,5.8667,true,1,69587
7290110114985,false,פריגת אשכולית 1.5 לי,פריגת,IL,פריגת,ליטרים,1.50,ליטר,false,,8.80,5.8667,true,1,69589
7290110114992,false,פריגת לייט אשכוליות,פריגת,IL,פריגת,ליטרים,1.50,ליטר,false,,8.30,5.5333,true,1,69590
7290110115005,false,פריגת ענבים 1.5 ליטר,פריגת,IL,פריגת,ליטרים,1.50,ליטר,false,,8.80,5.8667,true,1,69591
7290110115036,false,פריגת מנגו 1.5 ליטר,פריגת,IL,פריגת,ליטרים,1.50,ליטר,false,,8.80,5.8667,true,1,69594
7290110115043,false,פריגת לימונענע 1.5 ל,פריגת,IL,פריגת,ליטרים,1.50,ליטר,false,,8.80,5.8667,true,1,69595
7290110115050,false,פריגת מיקס תות בננה,פריגת,IL,פריגת,ליטרים,1.50,ליטר,false,,8.80,5.8667,true,1,69596
7290110115081,false,פריגת צלול ענבים 1.5,פריגת,IL,פריגת צלול ענבים 1.5,ליטרים,1.50,ליטר,false,,8.30,5.5333,true,1,69601
7290110115104,false,פריגת צלול אפרסק 1.5,פריגת,IL,פריגת צלול אפרסק 1.5,ליטרים,1.50,ליטר,false,,8.30,5.5333,true,1,69603
7290110115128,false,פריגת צלול לימונענע,פריגת,IL,פריגת צלול לימונענע,ליטרים,1.50,ליטר,false,,8.30,5.5333,true,1,69605
7290110115203,false,קוקה קולה 1.5 ליטר,,IL,קוקה קולה 1.5 ליטר,ליטרים,1.50,ליטר,false,,8.60,5.7333,true,1,69613
7290110115210,false,קוקה קולה דיאט 1.5 ל,קוקה קולה,IL,DIET COKE,ליטרים,1.50,ליטר,false,,8.10,5.4000,true,1,69614
7290110115227,false,קוקה קולה זירו 1.5 ל,קוקה קולה,IL,DIET COKE,ליטרים,1.50,ליטר,false,,8.30,5.5333,true,1,69615
7290110115234,false,קוקה קולה זירו נטול,קוקה קולה,IL,קוקה קולה זירו נטול,ליטרים,1.50,ליטר,false,,8.30,5.5333,true,1,69618
7290110115241,false,קוקה קולה זירו לימון,קוקה קולה,IL,DIET COKE,ליטרים,1.50,ליטר,false,,8.30,5.5333,true,1,69616
7290110115258,false,קוקה קולה זירו מנגו,קוקה קולה,IL,DIET COKE,ליטרים,1.50,ליטר,false,,8.30,5.5333,true,1,69617
7290110115265,false,ספרייט 1.5 ליטר,קוקה קולה,IL,ספרייט,ליטרים,1.50,ליטר,false,,8.80,5.8667,true,1,69625
7290110115272,false,ספרייט זירו 1.5 ליטר,קוקה קולה,IL,ספרייט,ליטרים,1.50,ליטר,false,,8.30,5.5333,true,1,69626
7290110115289,false,ספרייט 19 קל' לימון,קוקה קולה,IL,ספרייט,ליטרים,1.50,ליטר,false,,8.30,5.5333,true,1,69627
7290110115302,false,פאנטה זירו אורנג' 1.,קוקה קולה,IL,פאנטה,ליטרים,1.50,ליטר,false,,8.30,5.5333,true,1,69632
7290110115333,false,פאנטה תות 1.5 ליטר,קוקה קולה,IL,פאנטה,ליטרים,1.50,ליטר,false,,8.80,5.8667,true,1,69635
7290110115340,false,פאנטה ענבים 1.5 ליטר,קוקה קולה,IL,פאנטה,ליטרים,1.50,ליטר,false,,8.80,5.8667,true,1,69636
7290110115357,false,סודה 1.5 ליטר,קוקה קולה,IL,סודה 1.5 ליטר,ליטרים,1.50,ליטר,false,,3.30,2.2000,true,1,70177
7290110115364,false,קוקה קולה שישייה 1.5,קוקה קולה,IL,קוקה קולה שישייה 1.5,ליטרים,9.00,ליטר,false,,49.30,5.4778,true,1,69619
7290110115371,false,דיאט קוקה קולה שישיי,קוקה קולה,IL,דיאט קוקה קולה שישיי,ליטרים,9.00,ליטר,false,,46.10,5.1222,true,1,69620
7290110115388,false,*מבצע* ספרייט ליים ש,קוקה קולה,IL,ספרייט,ליטרים,9.00,ליטר,false,,44.90,4.9889,true,1,69628
7290110115395,false,*מבצע* ספרייט זירו ש,קוקה קולה,IL,ספרייט,ליטרים,9.00,ליטר,false,,42.90,4.7667,true,1,69629
7290110115401,false,סודה קינלי שישייה 1.,קוקה קולה,IL,קינלי סודה,ליטרים,9.00,ליטר,false,,14.70,1.6333,true,1,69630
7290110115418,false,קוקה קולה זירו שישיי,קוקה קולה,IL,קוקה קולה זירו שישיי,ליטרים,9.00,ליטר,false,,46.10,5.1222,true,1,69621
7290110115425,false,פיוזטי לימון נענע גר,קוקה קולה,IL,פיוזטי,ליטרים,1.50,ליטר,false,,8.50,5.6667,true,1,69638
7290110115449,false,פיוזטי מנגו אננס 1.5,קוקה קולה,IL,פיוזטי,ליטרים,1.50,ליטר,false,,9.00,6.0000,true,1,69640
7290110115456,false,פיוזטי אפרסק 19 קל',קוקה קולה,IL,פיוזטי,ליטרים,1.50,ליטר,false,,8.50,5.6667,true,1,69641
7290110115463,false,פיוזטי אפרסק 1.5 ליט,קוקה קולה,IL,פיוזטי,ליטרים,1.50,ליטר,false,,9.00,6.0000,true,1,69642
7290110115487,false,פיוזטי אפרסק רביעייה,קוקה קולה,IL,פיוזטי,ליטרים,6.00,ליטר,false,,35.20,5.8667,true,1,69644
7290110115494,false,פיוזטי ענבים 1.5 ליט,קוקה קולה,IL,פיוזטי,ליטרים,1.50,ליטר,false,,9.00,6.0000,true,1,69645
7290110115593,false,פריגת אשכוליות 19 קל,פריגת,IL,פריגת אשכוליות 19 קל,ליטרים,1.50,ליטר,false,,8.30,5.5333,true,1,69599
7290110115616,false,פיוז-טי זירו גרין אנ,FUZE TEA,IL,FUZE TEA,ליטרים,1.50,ליטר,false,,8.50,5.6667,true,1,69770
7290110115623,false,פיוז-טי זירו אפרסק,FUZE TEA,IL,FUZE TEA,ליטרים,1.50,ליטר,false,,8.50,5.6667,true,1,69771
7290110115661,false,פיוזטי זירו אפרסק 50,FUZE TEA,IL,FUZE TEA,מיליליטרים,500.00,"100 מ""ל",false,,6.00,0.0120,true,1,87220
7290110116064,false,פאנטה זירו פירות ירו,קוקה קולה,IL,פאנטה,ליטרים,1.50,ליטר,false,,8.30,5.5333,true,1,82547
7290110116132,false,סירופ בטעם לימון 750,סירופ - גבעת חיים,IL,סירופ בטעם לימון 750,מיליליטרים,750.00,"100 מ""ל",false,,22.90,0.0305,true,1,84263
7290110116149,false,סירופ בטעם ענבים 750,סירופ - גבעת חיים,IL,סירופ בטעם ענבים 750,מיליליטרים,750.00,"100 מ""ל",false,,22.90,0.0305,true,1,84264
7290110116194,false,נביעות + לימון ליים,,IL,נביעות + לימון ליים,ליטרים,1.50,ליטר,false,,8.60,5.7333,true,1,84256
7290110116316,false,קוקה קולה שישייה 1.5,החברה המרכזית קולה,,קוקה קולה שישייה 1.5,מיליליטרים,9000.00,"100 מ""ל",false,,49.30,0.0055,true,1,78269
7290110116323,false,קוקה קולה זירו שישיי,החברה המרכזית קולה,,קוקה קולה זירו שישיי,מיליליטרים,9000.00,"100 מ""ל",false,,46.10,0.0051,true,1,78270
7290110116385,false,פחית מרשמלו זירו 330,קוקה קולה ישראל,IL,קוקה קולה ZERO,מיליליטרים,330.00,"100 מ""ל",false,,5.00,0.0152,true,1,84435
7290110116552,false,ספרייט למון היט 1.5,קוקה קולה,IL,ספרייט,ליטרים,1.50,ליטר,false,,8.80,5.8667,true,1,86460
7290110116569,false,ספרייט למון היט 1.5,קוקה קולה,IL,ספרייט,ליטרים,1.50,ליטר,false,,8.30,5.5333,true,1,86461
7290110280093,false,נ- שקוף וינטג' מזלג,,,נ- שקוף וינטג' מזלג,יחידה,0.00,יחידה,false,,5.00,0.0000,true,1,79247
7290110280734,false,ט- קרם וינטג' מיני כ,,,ט- קרם וינטג' מיני כ,יחידה,0.00,יחידה,false,,2.90,0.0000,true,1,78439
7290110281809,false,מפיות נפקינג מובלטות,,,מפיות נפקינג מובלטות,יחידה,0.00,יחידה,false,,5.90,0.0000,true,1,78449
7290110282158,false,מפיות נפקינג מובלטות,,,מפיות נפקינג מובלטות,יחידה,0.00,יחידה,false,,5.90,0.0000,true,1,79624
7290110284145,false,01 כתר פרחים ורוד/לב,,,01 כתר פרחים ורוד/לב,יחידה,0.00,יחידה,false,,25.90,0.0000,true,1,81777
7290110285647,false,מפה מובלטת שחור 137*,,,מפה מובלטת שחור 137*,יחידה,0.00,יחידה,false,,10.90,0.0000,true,1,78467
7290110286033,false,ס- נצנצים זהב וינטג',,,ס- נצנצים זהב וינטג',יחידה,0.00,יחידה,false,,5.00,0.0000,true,1,78471
7290110286057,false,ס- נצנצים זהב וינטג',,,ס- נצנצים זהב וינטג',יחידה,0.00,יחידה,false,,5.00,0.0000,true,1,78473
7290110286064,false,כ- נצנצים כסף וינטג',,,כ- נצנצים כסף וינטג',יחידה,0.00,יחידה,false,,5.00,0.0000,true,1,78474
7290110286071,false,ס- נצנצים זהב וינטג',,,ס- נצנצים זהב וינטג',יחידה,0.00,יחידה,false,,5.00,0.0000,true,1,78475
7290110286095,false,ס- נצנצים זהב וינטג',,,ס- נצנצים זהב וינטג',יחידה,0.00,יחידה,false,,5.00,0.0000,true,1,78477
7290110286651,false,גביע נטוי גבוה,,,גביע נטוי גבוה,יחידה,0.00,יחידה,false,,12.90,0.0000,true,1,84447
7290110287832,false,לייט וינטג' צלחת גדו,,,לייט וינטג' צלחת גדו,יחידה,0.00,יחידה,false,,25.90,0.0000,true,1,78487
7290110288082,false,מ- זוג כפות הגשה וינ,,,מ- זוג כפות הגשה וינ,יחידה,0.00,יחידה,false,,2.90,0.0000,true,1,84148
7290110289089,false,כוס וינטג' נצנצים כס,,,כוס וינטג' נצנצים כס,יחידה,0.00,יחידה,false,,15.90,0.0000,true,1,78510
7290110289898,false,צלחת 10 סוהו שחור נצ,,,צלחת 10 סוהו שחור נצ,יחידה,0.00,יחידה,false,,25.90,0.0000,true,1,80642
7290110290511,false,קערית בון צ'יינה,,,קערית בון צ'יינה,יחידה,0.00,יחידה,false,,6.90,0.0000,true,1,71915
7290110291754,false,מאג דגם לאטה 250ML,,,מאג דגם לאטה 250ML,יחידה,0.00,יחידה,false,,6.90,0.0000,true,1,71933
7290110295424,false,סט פמוטים זכוכית 7.6,,,סט פמוטים זכוכית 7.6,יחידה,0.00,יחידה,false,,49.90,0.0000,true,1,71991
7290110297657,false,מרקייה דגם מוגש באהב,,,מרקייה דגם מוגש באהב,יחידה,0.00,יחידה,false,,6.90,0.0000,true,1,72022
7290110298142,false,צנצנת ואקום זכוכית מ,,,צנצנת ואקום זכוכית מ,יחידה,0.00,יחידה,false,,12.90,0.0000,true,1,72046
7290110298517,false,*מבצע* נפת קמח חשמלי,,,*מבצע* נפת קמח חשמלי,יחידה,0.00,יחידה,false,,25.00,0.0000,true,1,72050
7290110299743,false,בוצ'ר מחורץ לחיתוך ו,,,בוצ'ר מחורץ לחיתוך ו,יחידה,0.00,יחידה,false,,60.00,0.0000,true,1,72069
7290110320591,false,*מבצע* בולגרית פיראו,תנובה,IL,פיראוס,גרמים,250.00,100 גרם,false,,18.90,0.0756,true,1,32195
7290110320683,false,משקה יופלה 360 בטעם,תנובה,IL,תנובה,מיליליטרים,856.00,"100 מ""ל",false,,16.90,0.0197,true,1,34309
7290110320850,false,פתיתי עמק 28% שומן,תנובה,IL,עמק,גרמים,200.00,100 גרם,false,,14.90,0.0745,true,1,33067
7290110320867,false,פתיתי עמק 28% שומן,תנובה,IL,עמק,גרמים,500.00,100 גרם,false,,28.90,0.0578,true,1,33068
7290110320935,false,פרוסות מוצרלה תנובה,תנובה,IL,מוצרלה,גרמים,150.00,100 גרם,false,,15.90,0.1060,true,1,34129
7290110321031,false,יופלה GO יוגורט מועש,תנובה,IL,תנובה,גרמים,200.00,100 גרם,false,,5.20,0.0260,true,1,34122
7290110321277,false,קוטג' בקטנה 100 גרם,תנובה,IL,תנובה,גרמים,100.00,100 גרם,false,,2.50,0.0250,true,1,35318
7290110321284,false,קוטג' בקטנה 100 גרם,תנובה,IL,תנובה,גרמים,100.00,100 גרם,false,,2.50,0.0250,true,1,35319
7290110321604,false,פיראוס בולגרית קוביו,תנובה,IL,פיראוס,גרמים,200.00,100 גרם,false,,19.90,0.0995,true,1,38036
7290110321680,false,יופלה GO יוגורט מועש,תנובה,IL,יופלה GO יוגורט מועש,גרמים,200.00,100 גרם,false,,5.50,0.0275,true,1,36057
7290110321697,false,יופלה GO יוגורט מועש,תנובה,IL,יופלה GO יוגורט מועש,גרמים,200.00,100 גרם,false,,5.50,0.0275,true,1,36058
7290110321703,false,יופלה גו פירות יער,תנובה,IL,יופלה גו פירות יער,גרמים,200.00,100 גרם,false,,5.50,0.0275,true,1,37438
7290110321789,false,גבינת מסקרפונה השף ה,תנובה,IL,גבינת מסקרפונה השף ה,גרמים,250.00,100 גרם,false,,18.90,0.0756,true,1,36936
7290110322014,false,טופו טבעי 300 גרם,תנובה,,טופו טבעי 300 גרם,גרמים,300.00,100 גרם,false,,11.90,0.0397,true,1,37439
7290110322021,false,טופו בזיליקום 300 גר,תנובה,,טופו בזיליקום 300 גר,גרמים,300.00,100 גרם,false,,11.90,0.0397,true,1,37440
7290110322038,false,טופו פיקנטי 300 גרם,תנובה,,טופו פיקנטי 300 גרם,גרמים,300.00,100 גרם,false,,11.90,0.0397,true,1,37441
7290110323301,false,טל העמק 32% 200 גר,תנובה,IL,תנובה,גרמים,200.00,100 גרם,false,,17.90,0.0895,true,1,55313
7290110323585,false,יופלה GO יוגורט לייט,תנובה,IL,יופלה GO יוגורט לייט,גרמים,200.00,100 גרם,false,,5.50,0.0275,true,1,54719
7290110323714,false,משקה קוקוס שקדים 1לי,תנובה,IL,משקה קוקוס שקדים 1לי,ליטרים,1.00,ליטר,false,,11.90,11.9000,true,1,55314
7290110323998,false,מאגדת שמיניה מיני קר,תנובה,IL,קרלו,גרמים,616.00,100 גרם,false,,11.90,0.0193,true,1,67638
7290110324070,false,גבינת חלומי מחלב בקר,תנובה,IL,גבינת חלומי מחלב בקר,גרמים,200.00,100 גרם,false,,17.90,0.0895,true,1,56316
7290110324551,false,*מבצע* יופלה טיוב יו,תנובה,IL,יופלה,גרמים,348.00,100 גרם,false,,9.90,0.0284,true,1,56828
7290110324711,false,*מבצע* ממרח סויה בטע,תנובה,IL,תנובה,גרמים,250.00,100 גרם,false,,7.90,0.0316,true,1,57833
7290110324728,false,*מבצע* ממרח סויה 9%,תנובה,IL,תנובה,גרמים,250.00,100 גרם,false,,7.90,0.0316,true,1,57834
7290110324841,false,מעדן שקדים עם שוקולד,תנובה,IL,תנובה,גרמים,125.00,100 גרם,false,,3.90,0.0312,true,1,59646
7290110324872,false,גבינת גלבוע 5% 200 ג,תנובה,IL,גלבוע,גרמים,200.00,100 גרם,false,,17.90,0.0895,true,1,60098
7290110324926,false,משקה סויה ללא תוספת,תנובה,IL,תנובה,ליטרים,1.00,ליטר,false,,9.90,9.9000,true,1,59357
7290110325084,false,מאגדת שמינייה מיני ק,תנובה,IL,תנובה,גרמים,800.00,100 גרם,false,,13.90,0.0174,true,1,58559
7290110325169,false,פרוסות גאודה 170 גר',תנובה,IL,תנובה,גרמים,170.00,100 גרם,false,,17.90,0.1053,true,1,63162
7290110325305,false,מעדן סויה GO 20 גרם,תנובה,IL,מעדן סויה GO 20 גרם,גרמים,200.00,100 גרם,false,,5.50,0.0275,true,1,59650
7290110325312,false,מעדן סויה GO 20 גרם,תנובה,IL,מעדן סויה GO 20 גרם,גרמים,200.00,100 גרם,false,,5.50,0.0275,true,1,59651
7290110325510,false,*מבצע* יופלה טיוב ונ,תנובה,IL,יופלה,גרמים,348.00,100 גרם,false,,9.90,0.0284,true,1,59999
7290110325619,false,משקה שיבולת שועל 1 ל,תנובה,IL,משקה שיבולת שועל 1 ל,ליטרים,1.00,ליטר,false,,11.90,11.9000,true,1,60311
7290110325701,false,פיראוס ציזיקי יווני,תנובה,IL,פיראוס,גרמים,250.00,100 גרם,false,,11.90,0.0476,true,1,61166
7290110325893,false,תנובה גו אייס קפה 34,תנובה,IL,גו,מיליליטרים,340.00,"100 מ""ל",false,,7.50,0.0221,true,1,60316
7290110326210,false,יופלה און טופ פצפוצי,תנובה,IL,תנובה,גרמים,157.00,100 גרם,false,,4.90,0.0312,true,1,63164
7290110326227,false,יופלה און טופ קורנפל,תנובה,IL,תנובה,גרמים,157.00,100 גרם,false,,4.90,0.0312,true,1,63249
7290110326234,false,יופלה און טופ כוכבים,תנובה,IL,תנובה,גרמים,157.00,100 גרם,false,,4.90,0.0312,true,1,63250
7290110326241,false,יופלה און טופ גרנולה,תנובה,IL,תנובה,גרמים,157.00,100 גרם,false,,4.90,0.0312,true,1,63251
7290110326333,false,פרוסות גבינה סקנדינב,תנובה,IL,תנובה,גרמים,175.00,100 גרם,false,,17.90,0.1023,true,1,65220
7290110327033,false,משקה סויה גו במתיקות,תנובה,IL,משקה סויה גו במתיקות,ליטרים,1.00,ליטר,false,,11.90,11.9000,true,1,64741
7290110327064,false,משקה קפה שיבולת שועל,תנובה,IL,משקה קפה שיבולת שועל,ליטרים,1.00,ליטר,false,,11.90,11.9000,true,1,64310
7290110327125,false,פטה 21% מחלב צאן במי,תנובה,,פטה 21% מחלב צאן במי,גרמים,200.00,100 גרם,false,,20.90,0.1045,true,1,65720
7290110327545,false,יופלה און טופ בטעם ת,תנובה,IL,תנובה,גרמים,157.00,100 גרם,false,,4.90,0.0312,true,1,65823
7290110328481,false,פתיתי פרמג'יאנו רג'י,תנובה,IL,פתיתי פרמג'יאנו רג'י,גרמים,100.00,100 גרם,false,,14.90,0.1490,true,1,67032
7290110328504,false,טריו- מיקס מוצרלה סק,תנובה,IL,טריו- מיקס מוצרלה סק,גרמים,300.00,100 גרם,false,,24.90,0.0830,true,1,67001
7290110328627,false,יוגורט גו סמיך 0% בנ,תנובה,IL,יוגורט גו סמיך 0% בנ,גרמים,200.00,100 גרם,false,,5.90,0.0295,true,1,67640
7290110328641,false,טופו טבעי אלטרנטיב ז,תנובה,IL,טופו טבעי אלטרנטיב ז,גרמים,500.00,100 גרם,false,,17.90,0.0358,true,1,68001
7290110328764,false,יוגורט גו סמיך 0% תו,תנובה,IL,יוגורט גו סמיך 0% תו,גרמים,200.00,100 גרם,false,,5.90,0.0295,true,1,67641
7290110328771,false,יוגורט גו סמיך 0% פי,תנובה,IL,יוגורט גו סמיך 0% פי,גרמים,200.00,100 גרם,false,,5.90,0.0295,true,1,67642
7290110328788,false,יוגורט גו סמיך 0% אפ,תנובה,IL,יוגורט גו סמיך 0% אפ,גרמים,200.00,100 גרם,false,,5.90,0.0295,true,1,67643
7290110329143,false,מעדן חלב גו בטעם וני,תנובה,IL,מעדן חלב גו בטעם וני,גרמים,120.00,100 גרם,false,,4.50,0.0375,true,1,69008
7290110329266,false,יוגורט תנובה מחלב עי,תנובה,IL,יוגורט תנובה מחלב עי,גרמים,140.00,100 גרם,false,,5.50,0.0393,true,1,68157
7290110329273,false,יוגורט תנובה מחלב עי,תנובה,IL,יוגורט תנובה מחלב עי,גרמים,750.00,100 גרם,false,,19.90,0.0265,true,1,68160
7290110329716,false,משקה קפה קר בטעם קפו,תנובה,IL,משקה קפה קר בטעם קפו,מיליליטרים,230.00,"100 מ""ל",false,,6.90,0.0300,true,1,79669
7290110329792,false,סויה BIO אפרסק גביע,תנובה,IL,סויה BIO אפרסק גביע,גרמים,150.00,100 גרם,false,,4.20,0.0280,true,1,69897
7290110329808,false,סויה BIO תות גביע אל,תנובה,IL,סויה BIO תות גביע אל,גרמים,150.00,100 גרם,false,,4.20,0.0280,true,1,69898
7290110329815,false,סויה BIO מתיקות מעוד,תנובה,IL,סויה BIO מתיקות מעוד,גרמים,150.00,100 גרם,false,,4.20,0.0280,true,1,69899
7290110329822,false,סויה BIO פירות יער ג,תנובה,IL,סויה BIO פירות יער ג,גרמים,150.00,100 גרם,false,,4.20,0.0280,true,1,69900
7290110329839,false,פרוסות בטעם צהובה בט,תנובה,IL,פרוסות בטעם צהובה בט,גרמים,200.00,100 גרם,false,,21.90,0.1095,true,1,69010
7290110329846,false,סויה BIO טבעי גביע א,תנובה,IL,סויה BIO טבעי גביע א,גרמים,150.00,100 גרם,false,,4.20,0.0280,true,1,69901
7290110550219,false,מטבעות שוקולד לבן לא,"פוליבה בע""מ",IL,מטבעות שוקולד לבן לא,גרמים,400.00,100 גרם,false,,29.90,0.0747,true,1,80613
7290110550226,false,מטבעות שוקולד מריר ל,"פוליבה בע""מ",IL,מטבעות שוקולד מריר ל,גרמים,400.00,100 גרם,false,,29.90,0.0747,true,1,80614
7290110552121,false,היוגורט הראשון שלי 1,שטראוס,IL,היוגורט הראשון שלי 1,גרמים,100.00,100 גרם,false,,2.30,0.0230,true,1,77217
7290110552220,false,דנונה פרו 20 גר ללא,שטראוס גרופ,IL,דנונה פרו,גרמים,200.00,100 גרם,false,,5.90,0.0295,true,1,69824
7290110552237,false,דנונה פרו 20 גר ללא,שטראוס גרופ,IL,דנונה פרו,גרמים,200.00,100 גרם,false,,5.90,0.0295,true,1,69825
7290110553104,false,קפוצ'ינו סטיק קלאסי,שטראוס,IL,קפוצ'ינו סטיק קלאסי,גרמים,130.00,100 גרם,false,,16.90,0.1300,true,1,86786
7290110553173,false,פריכיות אנרג'י בטעם,סנו רייס,BE,פריכיות אנרג'י בטעם,גרמים,40.00,100 גרם,false,,5.90,0.1475,true,1,85448
7290110553180,false,פריכיות אנרג'י בטעם,סנו רייס,BE,פריכיות אנרג'י בטעם,גרמים,40.00,100 גרם,false,,5.90,0.1475,true,1,85449
7290110553340,false,*מבצע* קפה נמס מילקש,שטראוס קפה בי.וי,IL,עלית,גרמים,200.00,100 גרם,false,,10.90,0.0545,true,1,82313
7290110553623,false,ציטוס קראנץ צ'דר חלפ,שטראוס פריטו ליי (מל,IL,עלית,גרמים,80.00,100 גרם,false,,4.50,0.0563,true,1,82190
7290110554101,false,*מבצע* מייפל בפאוץ',ציטדל,CA,*מבצע* מייפל בפאוץ',מיליליטרים,125.00,"100 מ""ל",false,,14.90,0.1192,true,1,82853
7290110554118,false,*מבצע* דלישס נודלס מ,ניר עציון,IL,*מבצע* דלישס נודלס מ,גרמים,350.00,100 גרם,false,,21.90,0.0626,true,1,69344
7290110554125,false,*מבצע* דלישס נודלס ס,ניר עציון,IL,*מבצע* דלישס נודלס ס,גרמים,350.00,100 גרם,false,,21.90,0.0626,true,1,69345
7290110554422,false,רוטב עגבניות ופלפלים,אמיליאנה קונסרב,IT,יד מרדכי,גרמים,350.00,100 גרם,false,,10.90,0.0311,true,1,70329
7290110554545,false,קפסולות אספרסו לאפוג,שטראוס גרופ,IL,עלית,גרמים,50.00,100 גרם,false,,15.90,0.3180,true,1,82317
7290110554583,false,מארז ציטוס פאפס 20*1,שטראוס פריטו ליי (מל,IL,עלית,גרמים,200.00,100 גרם,false,,12.90,0.0645,true,1,69902
7290110554699,false,*מבצע* קפסולות קפה ע,שטראוס קפה בי.וי,IL,*מבצע* קפסולות קפה ע,גרמים,50.00,100 גרם,false,,14.90,0.2980,true,1,85451
7290110554705,false,*מבצע* קפסולות קפה י,שטראוס קפה בי.וי,IL,*מבצע* קפסולות קפה י,גרמים,50.00,100 גרם,false,,14.90,0.2980,true,1,85452
7290110554729,false,קפסולות למכונה 4,שטראוס גרופ,IL,עלית,גרמים,50.00,100 גרם,false,,15.90,0.3180,true,1,71022
7290110555078,false,*מבצע* לאבנה עם שמן,בר בכפר,IL,*מבצע* לאבנה עם שמן,גרמים,250.00,100 גרם,false,,9.90,0.0396,true,1,77218
7290110555092,false,*מבצע* לאבנה עם שמן,בר בכפר,IL,*מבצע* לאבנה עם שמן,גרמים,250.00,100 גרם,false,,9.90,0.0396,true,1,77219
7290110555306,false,רבע לשבע טבעוני סינמ,שטראוס גרופ,IL,עלית,גרמים,125.00,100 גרם,false,,10.90,0.0872,true,1,82116
7290110556242,false,שוקולד מריר פרווה בד,שטראוס גרופ,IL,עלית,גרמים,100.00,100 גרם,false,,4.90,0.0490,true,1,83996
7290110557027,false,חומוס  50% טחינה,שטראוס גרופ,IL,שטראוס,גרמים,400.00,100 גרם,false,,12.90,0.0323,true,1,69449
7290110557102,false,מעדן חלב עם שוקולד מ,שטראוס,IL,מעדן חלב עם שוקולד מ,גרמים,150.00,100 גרם,false,,5.00,0.0333,true,1,68605
7290110557133,false,מעדן הגולן וניל,שטראוס,IL,מעדן הגולן וניל,גרמים,125.00,100 גרם,false,,2.90,0.0232,true,1,69090
7290110557317,false,היוגורט הראשון שלי ש,שטראוס,IL,היוגורט הראשון שלי ש,גרמים,100.00,100 גרם,false,,2.30,0.0230,true,1,77220
7290110557478,false,חומוס גלילי 600 גרם,שטראוס גרופ,IL,חומוס גלילי 600 גרם,גרמים,600.00,100 גרם,false,,12.90,0.0215,true,1,71083
7290110558130,false,אקטיביה עם שבולת שוע,שטראוס,IL,אקטיביה,גרמים,150.00,100 גרם,false,,4.60,0.0307,true,1,82014
7290110558154,false,דנונה לייט אנד פרי ע,שטראוס גרופ,IL,דנונה,גרמים,150.00,100 גרם,false,,4.50,0.0300,true,1,83842
7290110558222,false,בנופי wow,שטראוס גרופ,IL,דנונה פרו,גרמים,150.00,100 גרם,false,,4.60,0.0307,true,1,83844
7290110558239,false,קראק פאי WOW,שטראוס גרופ,IL,דנונה פרו,גרמים,150.00,100 גרם,false,,4.60,0.0307,true,1,83845
7290110558253,false,דנונה ריפרש בננה אננ,שטראוס,IL,דנונה ריפרש בננה אננ,גרמים,250.00,100 גרם,false,,5.50,0.0220,true,1,81928
7290110558284,false,דנונה ביו מולטי 200,שטראוס,IL,דנונה ביו מולטי 200,גרמים,200.00,100 גרם,false,,4.20,0.0210,true,1,82953
7290110558307,false,דנונה פרו 20 גרם עם,שטראוס,,דנונה פרו 20 גרם עם,גרמים,200.00,100 גרם,false,,6.30,0.0315,true,1,77215
7290110558314,false,דנונה פרו ללא סוכר פ,שטראוס גרופ,IL,דנונה פרו,גרמים,200.00,100 גרם,false,,5.90,0.0295,true,1,83855
7290110558338,false,דנונה פרו 25 גרם חלב,שטראוס,,דנונה פרו 25 גרם חלב,גרמים,200.00,100 גרם,false,,5.90,0.0295,true,1,77216
7290110558918,true,עלי חסה קראנצ שטופים,שטראוס בריאות ירקות,IL,עלי חסה קראנצ שטופים,גרמים,150.00,100 גרם,false,,9.90,0.0660,true,1,83873
7290110559007,false,שעועית חומה ט. הטבע,קונסרב איטליה,IT,טעם הטבע,גרמים,380.00,100 גרם,false,,6.90,0.0182,true,1,84000
7290110559014,false,שעועית שחורה ט. הטבע,קונסרב איטליה,IT,טעם הטבע,גרמים,380.00,100 גרם,false,,6.90,0.0182,true,1,84001
7290110559748,false,*מבצע* מאגדת אנרגי ש,ואמואליס פודס,GR,*מבצע* מאגדת אנרגי ש,100 1,105.00,100 1,false,,12.90,0.1229,true,1,82501
7290110560300,false,פריכיות משולשות פלפל,,,פריכיות משולשות פלפל,גרמים,30.00,100 גרם,false,,4.90,0.1633,true,1,54945
7290110560317,false,פריכיות משולשות מלח,,,פריכיות משולשות מלח,גרמים,30.00,100 גרם,false,,4.90,0.1633,true,1,54946
7290110560324,false,פריכיות משולשות אפונ,,,פריכיות משולשות אפונ,גרמים,30.00,100 גרם,false,,4.90,0.1633,true,1,54947
7290110561352,false,דנונה דל לקטוז 200 ג,שטראוס גרופ,IL,שטראוס,גרמים,200.00,100 גרם,false,,3.50,0.0175,true,1,37519
7290110561604,false,שמיניית גמדים תות בנ,שטראוס גרופ,IL,שטראוס,גרמים,800.00,100 גרם,false,,17.90,0.0224,true,1,36221
7290110563431,false,משקה קפה קר בסגנון ק,אנסטל מילק,AT,משקה קפה קר בסגנון ק,מיליליטרים,230.00,"100 מ""ל",false,,7.90,0.0343,true,1,56012
7290110563448,false,משקה קפה קר בסגנון מ,אנסטל מילק,AT,משקה קפה קר בסגנון מ,מיליליטרים,230.00,"100 מ""ל",false,,7.90,0.0343,true,1,56013
7290110563462,false,חלב בבקבוק נטול לקטו,מחלבת יטבתה,IL,יטבתה,ליטרים,1.00,ליטר,false,,7.90,7.9000,true,1,56507
7290110564339,false,חומוס הסדרה המובחרת,שטראוס גרופ,IL,שטראוס,גרמים,400.00,100 גרם,false,,12.90,0.0323,true,1,36226
7290110564360,false,חומוס הסדרה המובחרת,שטראוס גרופ,IL,שטראוס,גרמים,400.00,100 גרם,false,,12.90,0.0323,true,1,36227
7290110564414,false,חומוס הסדרה המובחרת,שטראוס גרופ,IL,שטראוס,גרמים,600.00,100 גרם,false,,14.90,0.0248,true,1,36230
7290110564742,false,משקה קפה קר בסגנון ח,אנסטל מילק,AT,משקה קפה קר בסגנון ח,מיליליטרים,230.00,"100 מ""ל",false,,7.90,0.0343,true,1,56019
7290110564919,false,דנונה מ.עודנת ללאסוכ,שטראוס,IL,דנונה,מיליליטרים,150.00,"100 מ""ל",false,,3.50,0.0233,true,1,36992
7290110565435,false,לימבו פטל קו חלבי,שטראוס גרופ,IL,שטראוס,גרמים,125.00,100 גרם,false,,2.00,0.0160,true,1,35833
7290110565527,false,דנונה פרו 20 גר 1.5%,שטראוס גרופ,IL,דנונה פרו,גרמים,200.00,100 גרם,false,,5.90,0.0295,true,1,35158
7290110565572,false,*מבצע* מארז קפה טורק,שטראוס קפה בי.וי,IL,עלית,גרמים,168.00,100 גרם,false,,16.90,0.1006,true,1,58244
7290110566623,false,קפסולות 08 קולומביה,שטראוס גרופ,IL,עלית,גרמים,50.00,100 גרם,false,,15.90,0.3180,true,1,41627
7290110566975,false,דנונה פרו 20 גר תות,שטראוס גרופ,IL,דנונה פרו,גרמים,200.00,100 גרם,false,,5.90,0.0295,true,1,37525
7290110568238,false,קצפת צמחית 21%,מחלבת יטבתה,IL,יטבתה,מיליליטרים,250.00,"100 מ""ל",false,,7.90,0.0316,true,1,38149
7290110568276,false,יטבתה פרו וניל 350,מחלבת יטבתה,IL,יטבתה,מיליליטרים,350.00,"100 מ""ל",false,,6.50,0.0186,true,1,37725
7290110568559,false,*מבצע* מארז דוריטוס,שטראוס פריטו ליי (מל,IL,עלית,גרמים,250.00,100 גרם,false,,10.90,0.0436,true,1,38113
7290110568566,false,*מבצע* מארז דוריטוס,שטראוס פריטו ליי (מל,IL,עלית,גרמים,250.00,100 גרם,false,,10.90,0.0436,true,1,38114
7290110570224,false,משקה קפה קר בטעם עוג,אנסטל מילק,AT,משקה קפה קר בטעם עוג,מיליליטרים,230.00,"100 מ""ל",false,,7.90,0.0343,true,1,83871
7290110571184,false,עדשים חומות ט. הטבע,קונסרב איטליה,IT,טעם הטבע,גרמים,380.00,100 גרם,false,,6.90,0.0182,true,1,84002
7290110571375,false,*מבצע* אנרג'י מיקס צ,וויטוורטס,GB,*מבצע* אנרג'י מיקס צ,גרמים,100.00,100 גרם,false,,12.90,0.1290,true,1,83993
7290110571382,false,מעדן חלב בטעם וניל מ,שטראוס,IL,מעדן חלב בטעם וניל מ,גרמים,150.00,100 גרם,false,,5.00,0.0333,true,1,71085
7290110571405,false,מיני פינוקיות פסק זמ,הגביע,IL,עלית,גרמים,180.00,100 גרם,false,,9.90,0.0550,true,1,86781
7290110571412,false,מיני פינוקיות פאדג',הגביע,IL,עלית,גרמים,180.00,100 גרם,false,,9.90,0.0550,true,1,86782
7290110572129,false,כיף כף מקלות שוקולד,סולן בעבור שטראוס,TR,עלית,גרמים,40.00,100 גרם,false,,4.70,0.1175,true,1,86778
7290110572884,false,קפסולות למכונה 20,שטראוס גרופ,IL,עלית,גרמים,50.00,100 גרם,false,,15.90,0.3180,true,1,86783
7290110572969,false,כיף כף פצפצים קרם לב,SOLEN CIKOLATA GIDA,TR,עלית,גרמים,40.00,100 גרם,false,,4.70,0.1175,true,1,83994
7290110576318,false,מארז שלישיית שוקולד,סמואה,FR,עלית,גרמים,300.00,100 גרם,false,,24.90,0.0830,true,1,85444
7290110576356,false,ספלנדיד שוקולד מריר,קימס,BE,ספלנדיד שוקולד מריר,גרמים,100.00,100 גרם,false,,7.90,0.0790,true,1,82851
7290110576363,false,ספלנדיד שוקולד מריר,קימס,BE,ספלנדיד שוקולד מריר,גרמים,100.00,100 גרם,false,,7.90,0.0790,true,1,82852
7290110576370,false,מארז שלישיית שוקולד,סמואה,FR,עלית,גרמים,300.00,100 גרם,false,,24.90,0.0830,true,1,85441
7290110576387,false,מארז שלישיית שוקולד,סמואה,FR,עלית,גרמים,300.00,100 גרם,false,,24.90,0.0830,true,1,85442
7290110576752,false,שוקולד ספלנדיד מריר,קימס,BE,שוקולד ספלנדיד מריר,גרמים,100.00,100 גרם,false,,9.90,0.0990,true,1,86779
7290110576776,false,שוקולד ספלנדיד מריר,קימס,BE,שוקולד ספלנדיד מריר,גרמים,100.00,100 גרם,false,,9.90,0.0990,true,1,86780
7290110576868,false,4 גמדים סלט פירות,שטראוס גרופ,IL,שטראוס,גרמים,400.00,100 גרם,false,,10.90,0.0273,true,1,86227
7290110851927,false,סביבון אורות וצלילים,,,סביבון אורות וצלילים,יחידה,0.00,יחידה,false,,15.90,0.0000,true,1,87397
7290110856144,false,אוזניות אלחוטיול,,,אוזניות אלחוטיול,יח',1.00,יח',false,,59.90,59.9000,true,1,83787
7290110914837,false,טאץ עטיפות לחוברת ענ,,,טאץ עטיפות לחוברת ענ,יחידה,0.00,יחידה,false,,6.90,0.0000,true,1,83305
7290110918675,false,מדבקות עשר לבבות צבע,,,מדבקות עשר לבבות צבע,יחידה,0.00,יחידה,false,,5.00,0.0000,true,1,85081
7290110961183,false,מכשיר להכנת כיסונים,,,מכשיר להכנת כיסונים,יחידה,0.00,יחידה,false,,12.90,0.0000,true,1,73214
7290110963286,false,מסחטת מיץ,,,מסחטת מיץ,יחידה,0.00,יחידה,false,,12.90,0.0000,true,1,73277
7290110964078,false,בוזק אבקת סוכר דגם מ,,,בוזק אבקת סוכר דגם מ,יחידה,0.00,יחידה,false,,10.90,0.0000,true,1,73319
7290110964429,false,תבנית סיליקון 6 שקעי,,,תבנית סיליקון 6 שקעי,יחידה,0.00,יחידה,false,,25.90,0.0000,true,1,73337
7290110965488,false,תבנית להמבורגר,,,תבנית להמבורגר,יחידה,0.00,יחידה,false,,10.90,0.0000,true,1,73385
7290110965549,false,קוצץ ירקות ידני.,,,קוצץ ירקות ידני.,1,1.00,1,false,,24.90,24.9000,true,1,73391
7290110965624,false,קולפן אוניברסלי נירו,,,קולפן אוניברסלי נירו,יחידה,0.00,יחידה,false,,6.90,0.0000,true,1,73399
7290110965747,false,חותך ירקות קשים,,,חותך ירקות קשים,יחידה,0.00,יחידה,false,,12.90,0.0000,true,1,73410
7290110966485,false,כותש שום רב שימושי,,,כותש שום רב שימושי,יחידה,0.00,יחידה,false,,12.90,0.0000,true,1,73447
7290111093005,false,מגבונים להסרת איפור,די.פי.אל תעשיות מוצר,IL,ICARE,יח',25.00,יח',false,,7.90,0.3160,true,1,55223
7290111093685,false,שלישיית מגבונים לניק,,,שלישיית מגבונים לניק,1,1.00,1,false,,15.90,15.9000,true,1,85675
7290111093982,false,"ד""ר עור תחליב רחצה פ","אמיליה קוסמטיקס בע""מ",IL,"ד""ר עור",מיליליטרים,700.00,"100 מ""ל",false,,14.90,0.0213,true,1,85264
7290111094392,false,"ד""ר עור תחליב רחצה ק","אמיליה קוסמטיקס בע""מ",IL,"ד""ר עור",מיליליטרים,700.00,"100 מ""ל",false,,14.90,0.0213,true,1,85265
7290111096921,false,מגבוני קוויק לניקוי,DPL,IL,קוויק,יח',50.00,יח',false,,8.90,0.1780,true,1,68627
7290111097041,false,מארז מגבונים בייביסי,קיבוץ עמיר dpl,IL,ביבי סיטר,יח',528.00,יח',false,,19.90,0.0377,true,1,68327
7290111097546,false,מגבוני קוויק לניקוי,DPL,IL,קוויק,יח',50.00,יח',false,,8.90,0.1780,true,1,71152
7290111097836,false,מגבוני קוויק לניקוי,DPL,IL,קוויק,יח',50.00,יח',false,,8.90,0.1780,true,1,71153
7290111340178,false,מטליות לחות לניקוי כ,על בד,IL,ניקול,יח',50.00,יח',false,,9.90,0.1980,true,1,33305
7290111340185,false,מטליות לחות לרצפה ני,על בד,IL,ניקול,יח',10.00,יח',false,,9.90,0.9900,true,1,33306
7290111341366,false,מפיות ניקול 150 יחיד,shp slavosovce,SI,ניקול,יח',150.00,יח',false,,7.90,0.0527,true,1,41614
7290111341373,false,לילי פסטל 30 גלילים,חוגלה קימברלי,,לילי פסטל,מטרים,883.00,מטר,false,,32.90,0.0373,true,1,54305
7290111342042,false,כריות יפניות אנטיבקט,,,כריות יפניות אנטיבקט,יח',4.00,יח',false,,9.90,2.4750,true,1,60547
7290111342059,false,מטליות לחות אנטיבקטר,,,מטליות לחות אנטיבקטר,יח',50.00,יח',false,,9.90,0.1980,true,1,60550
7290111342073,false,מטליות מיקרובייבר אנ,,,מטליות מיקרובייבר אנ,יח',2.00,יח',false,,9.90,4.9500,true,1,60551
7290111342189,false,מפיות ניקול 150 יחיד,shp slavosovce,SI,ניקול,יח',150.00,יח',false,,7.90,0.0527,true,1,59996
7290111343841,false,ספוגית הקסם נירוסטה,UFO,CN,ניקול,יח',3.00,יח',false,,9.90,3.3000,true,1,64695
7290111343858,false,מטליות לחות לניקוי ו,,IL,ניקול,יח',10.00,יח',false,,9.90,0.9900,true,1,64043
7290111344503,false,האגיס אקסטרה קייר מי,חוגלה קימברלי,IL,האגיס,יח',36.00,יח',false,,46.90,1.3028,true,1,67267
7290111344930,false,מטליות לחות לריצפה ב,,IL,ניקול,יח',10.00,יח',false,,9.90,0.9900,true,1,69077
7290111345760,false,תחבושות כותנה סופר ק,KC Turkey,TR,קוטקס,יח',28.00,יח',false,,15.90,0.5679,true,1,71114
7290111345814,false,נייר טואלט לילי נטור,קימברלי קלארק,IL,לילי,מטרים,150.00,מטר,false,,32.90,0.2193,true,1,69876
7290111350047,false,תמרים ללא חרצנים קלי,קליית גת,IL,תמרים ללא חרצנים קלי,גרמים,500.00,100 גרם,false,,12.90,0.0258,true,1,31532
7290111350726,false,נאצ'וס בסגנון מקסיקנ,מסטיזו פודס,US,נאצ'וס בסגנון מקסיקנ,גרמים,322.00,100 גרם,false,,16.90,0.0525,true,1,56900
7290111352430,false,ממרח תמרים טבעי 440,טעמי הגליל,IL,קליית גת,גרמים,440.00,100 גרם,false,,11.90,0.0270,true,1,61214
7290111352966,false,סוכריות גומי ממולאות,סאדאט,TR,יוגטה,גרמים,250.00,100 גרם,false,,5.90,0.0236,true,1,64772
7290111352973,false,קוביות חמוצות יוגטה,סאדאט,TR,יוגטה,גרמים,220.00,100 גרם,false,,5.90,0.0268,true,1,64773
7290111353109,false,סוכריות גומי נחשים 2,טופגם תעשיות ממתקים,IL,סוכריות גומי נחשים 2,גרמים,200.00,100 גרם,false,,7.90,0.0395,true,1,65279
7290111353123,false,סוכריות גומי נחשים מ,טופגם תעשיות ממתקים,IL,סוכריות גומי נחשים מ,גרמים,200.00,100 גרם,false,,7.90,0.0395,true,1,65281
7290111353239,false,סוכריות גומי בטעם  י,טופגם תעשיות ממתקים,IL,סוכריות גומי בטעם  י,גרמים,200.00,100 גרם,false,,7.90,0.0395,true,1,65283
7290111354038,false,*מבצע* מארז עגבניות,פראנו אנריקו,IT,*מבצע* מארז עגבניות,גרמים,1200.00,100 גרם,false,,12.90,0.0108,true,1,82188
7290111354045,false,*מבצע* מארז עגבניות,פראנו אנריקו,IT,*מבצע* מארז עגבניות,גרמים,1200.00,100 גרם,false,,12.90,0.0108,true,1,82189
7290111354595,false,קופסת אוכל קנופרס,אוגוסט שטורק,DE,קופסת אוכל קנופרס,גרמים,125.00,100 גרם,false,,12.90,0.1032,true,1,84261
7290111476976,false,שח מט דקורציה DN6976,,,שח מט דקורציה DN6976,יחידה,0.00,יחידה,false,,50.00,0.0000,true,1,77209
7290111534010,false,פס גבינה שמנת ופירור,קפולסקי שיווק וקמעונ,IL,קפולסקי,גרמים,400.00,100 גרם,false,,39.90,0.0997,true,1,32187
7290111563492,false,סלט מטבוחה חריפה צבר,צבר,IL,סלטי צבר,גרמים,400.00,100 גרם,false,,11.90,0.0298,true,1,36875
7290111564291,false,פיטנס פריכיות דקות ע,פרח תעשיות,IL,פיטנס פריכיות דקות ע,גרמים,120.00,100 גרם,false,,9.90,0.0825,true,1,33525
7290111564727,false,קרמוגית במילוי קרם א,אסם,IL,אסם,גרמים,200.00,100 גרם,false,,9.90,0.0495,true,1,35360
7290111565038,false,*מבצע* לה קרמריה וני,גלידות נסטלה,IL,לה קרמריה,ליטרים,1.40,ליטר,false,,17.90,12.7857,true,1,37415
7290111566226,false,שניצל ברוקולי טבעול,טבעול ישראל,IL,שניצל ברוקולי טבעול,גרמים,667.00,100 גרם,false,,29.90,0.0448,true,1,36076
7290111566240,false,שניצל דק בטעם צ'ילי,טבעול ישראל,IL,שניצל דק בטעם צ'ילי,גרמים,564.00,100 גרם,false,,29.90,0.0530,true,1,36077
7290111566271,false,חטיפי תירס טבעול,טבעול ישראל,IL,חטיפי תירס טבעול,גרמים,657.00,100 גרם,false,,29.90,0.0455,true,1,36078
7290111566318,false,שניצל דק טבעול,טבעול ישראל,IL,שניצל דק טבעול,גרמים,564.00,100 גרם,false,,29.90,0.0530,true,1,36080
7290111566332,false,נקניקיות וינר טבעול,טבעול ישראל,IL,נקניקיות וינר טבעול,גרמים,680.00,100 גרם,false,,29.90,0.0440,true,1,36081
7290111566417,false,טחון טבעול,טבעול ישראל,IL,טחון טבעול,גרמים,500.00,100 גרם,false,,29.90,0.0598,true,1,36082
7290111566547,false,חזה בגריל טבעול,טבעול ישראל,IL,חזה בגריל טבעול,גרמים,560.00,100 גרם,false,,29.90,0.0534,true,1,36084
7290111566561,false,שניצל ברוקולי 99 קלו,טבעול ישראל,IL,שניצל ברוקולי 99 קלו,גרמים,560.00,100 גרם,false,,29.90,0.0534,true,1,36085
7290111566585,false,שניצל טבעול 99 קלורי,טבעול ישראל,IL,שניצל טבעול 99 קלורי,גרמים,650.00,100 גרם,false,,29.90,0.0460,true,1,36086
7290111566691,false,שניצל תרד 99 קלוריות,טבעול ישראל,IL,שניצל תרד 99 קלוריות,גרמים,560.00,100 גרם,false,,29.90,0.0534,true,1,36088
7290111566714,false,המבורגר 99 קלוריות ט,טבעול ישראל,IL,המבורגר 99 קלוריות ט,גרמים,600.00,100 גרם,false,,29.90,0.0498,true,1,36089
7290111566752,false,שניצל תירס טבעול 99,טבעול ישראל,IL,שניצל תירס טבעול 99,גרמים,693.00,100 גרם,false,,29.90,0.0431,true,1,36091
7290111566776,false,נקניקיות קוקטייל טבע,טבעול ישראל,IL,נקניקיות קוקטייל טבע,גרמים,680.00,100 גרם,false,,29.90,0.0440,true,1,36092
7290111568206,false,ביסלי פארטי מיקס 150,אסם,IL,ביסלי,גרמים,150.00,100 גרם,false,,6.90,0.0460,true,1,36883
7290111568299,false,נודלס אטריות עם תרד,,IT,נודלס אטריות עם תרד,גרמים,300.00,100 גרם,false,,8.90,0.0297,true,1,37418
7290111663833,false,מנג'ט כסף -מס' 3-מאר,,,מנג'ט כסף -מס' 3-מאר,יחידה,0.00,יחידה,false,,6.90,0.0000,true,1,78676
7290111663840,false,מנג'ט זהב-מס' 3-מארז,,,מנג'ט זהב-מס' 3-מארז,יחידה,0.00,יחידה,false,,6.90,0.0000,true,1,78677
7290111663864,false,מנג'ט זהב-מס' 4-מארז,,,מנג'ט זהב-מס' 4-מארז,יחידה,0.00,יחידה,false,,6.90,0.0000,true,1,78679
7290111664236,false,נר נשמה ל-72 שעות,,,נר נשמה ל-72 שעות,יחידה,0.00,יחידה,false,,7.90,0.0000,true,1,81686
7290111664366,false,קנקן ניצוצות זהב,,,קנקן ניצוצות זהב,יחידה,0.00,יחידה,false,,7.90,0.0000,true,1,78682
7290111665097,false,תבנית נייר אינגליש ק,,,תבנית נייר אינגליש ק,יחידה,0.00,יחידה,false,,1.50,0.0000,true,1,87069
7290111666520,false,קשים פלסטיק שקופים-א,,,קשים פלסטיק שקופים-א,יחידה,0.00,יחידה,false,,9.90,0.0000,true,1,83302
7290111703461,false,שולחן לבן מתקפל 1.8,,,שולחן לבן מתקפל 1.8,יח',1.00,יח',false,,169.00,169.0000,true,1,62032
7290111834653,false,מדבקות לסידור מטבח-,,,מדבקות לסידור מטבח-,יחידה,0.00,יחידה,false,,15.90,0.0000,true,1,77902
7290111835018,false,מדבקות תבלינים- צבעו,,,מדבקות תבלינים- צבעו,יחידה,0.00,יחידה,false,,15.00,0.0000,true,1,77911
7290111872938,false,נרות יום הולדת - כח,,,נרות יום הולדת - כח,יחידה,0.00,יחידה,false,,5.00,0.0000,true,1,80362
7290111872945,false,נרות יום הולדת - מפר,,,נרות יום הולדת - מפר,יחידה,0.00,יחידה,false,,2.90,0.0000,true,1,83064
7290111873133,false,נרות מטה כוכבים - סמ,,,נרות מטה כוכבים - סמ,יחידה,0.00,יחידה,false,,5.90,0.0000,true,1,81190
7290111874338,false,באנר שרשרת משולשים-כ,,,באנר שרשרת משולשים-כ,יח,1.00,יח,false,,10.00,10.0000,true,1,58903
7290111889431,false,מחברת כתיבה חכמה 10,,,מחברת כתיבה חכמה 10,יחידה,0.00,יחידה,false,,5.90,0.0000,true,1,83162
7290111930799,false,קראנצוס בצל  55 גרם,מנה,IL,קראנצוס,גרמים,55.00,100 גרם,false,,2.00,0.0364,true,1,33472
7290111930850,false,קראנצוס פיצה 55 גרם,מנה,IL,קראנצוס,גרמים,55.00,100 גרם,false,,2.00,0.0364,true,1,33478
7290111930898,false,פוף כוכבים גריל אמרי,מנה,IL,פוף כוכבים גריל אמרי,גרמים,40.00,100 גרם,false,,3.90,0.0975,true,1,34736
7290111930904,false,פוף כוכבים בצל 40 גר,מנה,IL,פוף כוכבים בצל 40 גר,גרמים,40.00,100 גרם,false,,3.90,0.0975,true,1,34737
7290111930911,false,פוף לבבות קלאסי 40 ג,מנה,IL,פוף לבבות קלאסי 40 ג,גרמים,40.00,100 גרם,false,,3.90,0.0975,true,1,34738
7290111930928,false,פוף לבבות גריל 40 גר,מנה,IL,פוף לבבות גריל 40 גר,גרמים,40.00,100 גרם,false,,3.90,0.0975,true,1,34739
7290111930935,false,פוף טבעות קלאסי 40 ג,מנה,IL,פוף טבעות קלאסי 40 ג,גרמים,40.00,100 גרם,false,,3.90,0.0975,true,1,34740
7290111931321,false,קולגייט משחת ילדים 6,CP-Poland swidnica,PL,קולגייט,מיליליטרים,50.00,"100 מ""ל",false,,11.90,0.2380,true,1,37979
7290111931338,false,פלמוליב סבון לומינוס,CP - Turkey+60,TR,פלמוליב סבון,מיליליטרים,500.00,"100 מ""ל",false,,15.90,0.0318,true,1,37301
7290111932380,false,*מבצע* מרידול משחת ש,GABA LOER GER,DE,מרידול,גרמים,150.00,100 גרם,false,,24.90,0.1660,true,1,36391
7290111933462,false,מאסטר שף רוטב צ'ילי,סיטי פוד,TH,מנה,מיליליטרים,300.00,"100 מ""ל",false,,7.90,0.0263,true,1,37021
7290111933554,false,מאסטר שף עגבניות קוב,קונסוריזיו קאסאלסקו,IT,מאסטר שף,גרמים,1200.00,100 גרם,false,,15.90,0.0133,true,1,54163
7290111933561,false,מאסטר שף תערובת ציפו,טסט וסנט,TH,מאסטר שף,גרמים,250.00,100 גרם,false,,7.90,0.0316,true,1,57001
7290111934827,false,פלמוליב סבון ידיים ה,CP - Turkey+60,TR,פלמוליב,מיליליטרים,300.00,"100 מ""ל",false,,10.90,0.0363,true,1,57002
7290111935961,false,*מבצע* מאסטר שף מחית,קליספה,IT,מאסטר שף,גרמים,690.00,100 גרם,false,,9.90,0.0143,true,1,57187
7290111936784,false,פרי מארז 5 חטיפים תמ,טבעית מוצרים מן הטבע,IL,פרי מארז 5 חטיפים תמ,יח',5.00,יח',false,,14.90,2.9800,true,1,56309
7290111937255,false,פרי מארז 5 חטיפים תמ,טבעית מוצרים מן הטבע,IL,פרי מארז 5 חטיפים תמ,יח',5.00,יח',false,,14.90,2.9800,true,1,56312
7290111937262,false,פרי מארז חטיפי תמרים,טבעית מוצרים מן הטבע,IL,פרי מארז חטיפי תמרים,יח',5.00,יח',false,,14.90,2.9800,true,1,56313
7290111938481,false,מאסטר שף רוטב סויה ב,תאי,TH,מאסטר שף,מיליליטרים,300.00,"100 מ""ל",false,,8.90,0.0297,true,1,63287
7290111939181,false,קוקי ניילון נצמד עם,קוקי,CN,קוקי,יח,20.00,יח,false,,9.90,0.4950,true,1,61117
7290111978647,false,מזלג קינוחים זהב(ק48,,,מזלג קינוחים זהב(ק48,יחידה,0.00,יחידה,false,,4.00,0.0000,true,1,77293
7290111978708,false,מתקן נייר נתלה,,,מתקן נייר נתלה,יחידה,0.00,יחידה,false,,35.00,0.0000,true,1,82520
7290111978807,false,דיספנסר סבון במבוק,,,דיספנסר סבון במבוק,יחידה,0.00,יחידה,false,,20.90,0.0000,true,1,76933
7290112000156,false,*מבצע* אירוויק מפיץ,רקיט בנקיזר,HU,אירוויק,יח',1.00,יח',false,,14.90,14.9000,true,1,37756
7290112000163,false,*מבצע* אירוויק מפיץ,רקיט בנקיזר,HU,אירוויק,יח',1.00,יח',false,,14.90,14.9000,true,1,37757
7290112000286,false,סיליט ג'ל אסלות לימו,RECKITT BENCKISER PR,PL,סיליט ג'ל אסלות לימו,מיליליטרים,750.00,"100 מ""ל",false,,9.90,0.0132,true,1,35866
7290112000293,false,סיליט ג'ל אסלות פרש,RECKITT BENCKISER PR,PL,סיליט ג'ל אסלות פרש,מיליליטרים,750.00,"100 מ""ל",false,,9.90,0.0132,true,1,35867
7290112000385,false,*מבצע* דטול תרסיס למ,רקיט בנקיזר,PL,דטול,מיליליטרים,750.00,"100 מ""ל",false,,9.90,0.0132,true,1,53840
7290112000392,false,*מבצע* דטול תרסיס לא,רקיט בנקיזר,PL,דטול,מיליליטרים,750.00,"100 מ""ל",false,,9.90,0.0132,true,1,53841
7290112000408,false,*מבצע* דטול תרסיס לנ,רקיט בנקיזר,PL,דטול,מיליליטרים,750.00,"100 מ""ל",false,,9.90,0.0132,true,1,53842
7290112000736,false,*מבצע* פיניש טבליות,רקיט בנקיזר,PL,פיניש,יח',80.00,יח',false,,54.90,0.6862,true,1,37815
7290112000798,false,*מבצע* דטול תרסיס חי,רקיט בנקיזר,GB,דטול,מיליליטרים,750.00,"100 מ""ל",false,,9.90,0.0132,true,1,53843
7290112001023,false,אירוויק אוטומטי מילו,RECKITT BENCKISER UK,GB,איירויק,מיליליטרים,250.00,"100 מ""ל",false,,14.90,0.0596,true,1,53849
7290112001030,false,אירוויק אוטומטי מילו,RECKITT BENCKISER UK,GB,איירויק,מיליליטרים,250.00,"100 מ""ל",false,,14.90,0.0596,true,1,54174
7290112001436,false,פיניש מחדש מדיח לימו,RECKITT BENCKISER PR,PL,פיניש,מיליליטרים,250.00,"100 מ""ל",false,,14.90,0.0596,true,1,59766
7290112001870,false,סיליט באנג אמבטיות 7,RECKITT BENCKISER PR,PL,סיליט,מיליליטרים,750.00,"100 מ""ל",false,,12.90,0.0172,true,1,59172
7290112001900,false,פיניש גל 1 ליטר,RECKITT BENCKISER PR,PL,פיניש,ליטרים,1.00,ליטר,false,,42.90,42.9000,true,1,58323
7290112002099,true,*מבצע* קולון ג'ל כבי,זוהר,IL,קולון,ליטרים,2.50,ליטר,false,,21.90,8.7600,true,1,59186
7290112002112,true,*מבצע* קולון ג'ל כבי,זוהר,IL,קולון,ליטרים,2.50,ליטר,false,,21.90,8.7600,true,1,59188
7290112002129,true,*מבצע* קולון ג'ל כבי,זוהר,IL,קולון,ליטרים,2.50,ליטר,false,,21.90,8.7600,true,1,59189
7290112002136,false,קולון גל 4 ליטר,זוהר,IL,קולון,ליטרים,4.00,ליטר,false,,34.90,8.7250,true,1,59173
7290112002143,false,קולון גל 4 ליטר,זוהר,IL,קולון,ליטרים,4.00,ליטר,false,,34.90,8.7250,true,1,59174
7290112002150,false,קולון גל 4 ליטר,זוהר,IL,קולון,ליטרים,4.00,ליטר,false,,34.90,8.7250,true,1,59175
7290112002167,false,קולון גל 4 ליטר,זוהר,IL,קולון,ליטרים,4.00,ליטר,false,,34.90,8.7250,true,1,59176
7290112002457,false,*מבצע* דטול מגבונים,רקיט בנקיזר,PL,דטול,יח,1.00,יח,false,,21.90,21.9000,true,1,59402
7290112002990,false,סיליט ספריי מסיר שומ,רקיט בנקיזר,PL,סיליט,מיליליטרים,750.00,"100 מ""ל",false,,17.90,0.0239,true,1,64427
7290112003140,false,אירוויק אוטומטי מילו,RECKITT BENCKISER UK,GB,איירויק,מיליליטרים,250.00,"100 מ""ל",false,,14.90,0.0596,true,1,63816
7290112003188,false,קולון קפסולות לכביסה,רקיט בנקיזר,IT,ג'ל לכביסה,יח',60.00,יח',false,,54.90,0.9150,true,1,65379
7290112003256,false,קולון לבנדר 101 1.25,זוהר דליה,IL,קולון,קילוגרמים,1.25,"ק""ג",false,,12.90,10.3200,true,1,64612
7290112004109,false,*מבצע* דטול מגבונים,רקיט בנקיזר,PL,דטול,יח,1.00,יח,false,,21.90,21.9000,true,1,66587
7290112004314,false,*מבצע* תרסיס מנקה ומ,רקיט בנקיזר,PL,????,מיליליטרים,750.00,"100 מ""ל",false,,9.90,0.0132,true,1,68217
7290112004413,false,קליה ספריי לבן 750 מ,RECKITT BENCKISER PR,PL,וניש,מיליליטרים,750.00,"100 מ""ל",false,,16.90,0.0225,true,1,71413
7290112004611,false,*מבצע* וניש מולטי פא,RECKITT BENCKISER It,IT,*מבצע* וניש מולטי פא,מיליליטרים,200.00,"100 מ""ל",false,,14.90,0.0745,true,1,71131
7290112004703,false,וניש גליסימו ורוד 75,רקיט בנקיזר,IT,וניש גליסימו ורוד 75,מיליליטרים,750.00,"100 מ""ל",false,,19.90,0.0265,true,1,86198
7290112004710,false,וניש גליסימו לבן 750,רקיט בנקיזר,IT,וניש גליסימו לבן 750,מיליליטרים,750.00,"100 מ""ל",false,,19.90,0.0265,true,1,86199
7290112004970,false,*מבצע* טבליות פיניש,רקיט בנקיזר,PL,*מבצע* טבליות פיניש,יח',50.00,יח',false,,54.90,1.0980,true,1,84112
7290112005045,false,*מבצע* וניש אבקה להס,רקיט בנקיזר,IT,*מבצע* וניש אבקה להס,גרמים,480.00,100 גרם,false,,14.90,0.0310,true,1,82942
7290112005076,false,*מבצע* וניש אבקה לכב,רקיט בנקיזר,IT,*מבצע* וניש אבקה לכב,גרמים,480.00,100 גרם,false,,14.90,0.0310,true,1,82944
7290112005083,false,וניש אבקה לכביסה צבע,רקיט בנקיזר,IT,וניש אבקה לכביסה צבע,גרמים,1500.00,100 גרם,false,,39.90,0.0266,true,1,82945
7290112005168,false,פיניש קוואנטום לימון,רקיט בנקיזר,PL,פיניש קוואנטום לימון,יח',60.00,יח',false,,59.90,0.9983,true,1,84113
7290112190468,false,שמן זית ספרדי טבעי 7,,ES,אוליב אויל,מיליליטרים,750.00,"100 מ""ל",false,,24.90,0.0332,true,1,37527
7290112190529,false,שמן זית יוחננוף 750,אסאס דל סור,ES,אוליב אויל,מיליליטרים,750.00,"100 מ""ל",false,,24.90,0.0332,true,1,58497
7290112192295,false,עוגיות סנדוויץ תות ל,"מוצרי הכט בע""מ",IL,עוגיות סנדוויץ תות ל,גרמים,200.00,100 גרם,false,,16.90,0.0845,true,1,54999
7290112192509,false,פירורי לחם 250 גרם ל,"מוצרי הכט בע""מ",IL,פירורי לחם 250 גרם ל,גרמים,250.00,100 גרם,false,,15.90,0.0636,true,1,55736
7290112192561,false,משחת שיניים פרודונטק,ג'י.אס.קיי קונסיומר,IE,פרודונטקס,מיליליטרים,75.00,"100 מ""ל",false,,35.90,0.4787,true,1,59285
7290112192578,false,משחת שיניים פרודונטק,ג'י.אס.קיי קונסיומר,IE,פרודונטקס,מיליליטרים,75.00,"100 מ""ל",false,,35.90,0.4787,true,1,59286
7290112192875,false,משחת שיניים סנסודיין,G.S.K,GB,סנסודיין,מיליליטרים,75.00,"100 מ""ל",false,,33.90,0.4520,true,1,59608
7290112194916,false,סבון שלישיה,,,סבון שלישיה,ליטרים,1.50,ליטר,false,,8.90,5.9333,true,1,61158
7290112195630,false,שמן זית יוחננוף 750,אסאס דל סור,ES,אוליב אויל,מיליליטרים,750.00,"100 מ""ל",false,,24.90,0.0332,true,1,69666
7290112195784,false,תות שדה 300 גר פרוסט,גרין האוס,EG,פרוסטי,גרמים,0.00,100 גרם,false,,6.90,0.0000,true,1,85257
7290112196880,false,זוג סנסודיין משאבה,G.S.K,GB,זוג סנסודיין משאבה,מיליליטרים,200.00,"100 מ""ל",false,,29.90,0.1495,true,1,68876
7290112197191,false,*מבצע* דגני בוקר כהי,נטורל קייקס,IL,*מבצע* דגני בוקר כהי,גרמים,375.00,100 גרם,false,,16.90,0.0451,true,1,71368
7290112330352,false,דנונה פרו 20 גר וניל,שטראוס גרופ,IL,דנונה פרו,גרמים,200.00,100 גרם,false,,5.90,0.0295,true,1,57156
7290112330390,false,דנונה פרו 20 גר פירו,שטראוס גרופ,IL,דנונה פרו,גרמים,200.00,100 גרם,false,,5.90,0.0295,true,1,57157
7290112330420,false,דנונה פרו לבן 12 גר,שטראוס גרופ,IL,דנונה פרו,גרמים,150.00,100 גרם,false,,4.60,0.0307,true,1,56009
7290112332585,false,"פריכיות משולשות תפו""",,,"פריכיות משולשות תפו""",גרמים,30.00,100 גרם,false,,4.90,0.1633,true,1,58008
7290112332691,false,עוגיות קרם פסק זמן 2,הגביע,IL,עלית,גרמים,200.00,100 גרם,false,,9.90,0.0495,true,1,58247
7290112332899,false,צנצנת מסטיק בזוקה פו,שטראוס גרופ,IL,עלית,גרמים,58.00,100 גרם,false,,9.90,0.1707,true,1,58010
7290112334596,false,שוקולית 850 גרם+ 10%,שטראוס גרופ,IL,עלית,גרמים,935.00,100 גרם,false,,14.90,0.0159,true,1,61923
7290112334749,false,קפה טורקי שקית 200+,שטראוס גרופ,IL,עלית,גרמים,200.00,100 גרם,false,,15.90,0.0795,true,1,58720
7290112335043,false,מרשמלו בזוקה 150 גרם,טופגאם תעשיות ממתקים,IL,עלית,גרמים,150.00,100 גרם,false,,5.90,0.0393,true,1,56145
7290112335050,false,מרשמלו וניל 150 גרם,טופגאם תעשיות ממתקים,IL,עלית,גרמים,150.00,100 גרם,false,,5.90,0.0393,true,1,56146
7290112335487,false,פרכיות גדולות 3 דגני,עלית,IL,פרכיות גדולות 3 דגני,גרמים,135.00,100 גרם,false,,10.90,0.0807,true,1,58011
7290112335494,false,פרכיות גדולות פוטטוס,עלית,IL,פרכיות גדולות פוטטוס,גרמים,135.00,100 גרם,false,,10.90,0.0807,true,1,58012
7290112335500,false,פרכיות גדולות חלבון,עלית,IL,פרכיות גדולות חלבון,גרמים,135.00,100 גרם,false,,10.90,0.0807,true,1,58013
7290112336637,false,סוכריות מאסט ללא סוכ,שטראוס גרופ,PL,סוכריות מאסט ללא סוכר,גרמים,80.00,100 גרם,false,,6.90,0.0863,true,1,59253
7290112336644,false,סוכריות מאסט ללא סוכ,שטראוס גרופ,PL,סוכריות מאסט ללא סוכר,גרמים,80.00,100 גרם,false,,6.90,0.0863,true,1,59254
7290112336651,false,סוכריות מאסט ללא סוכ,שטראוס גרופ,PL,סוכריות מאסט ללא סוכר,גרמים,80.00,100 גרם,false,,6.90,0.0863,true,1,59255
7290112336712,false,דנונה פרו 21 גר 0% ש,שטראוס גרופ,IL,דנונה פרו,גרמים,200.00,100 גרם,false,,5.90,0.0295,true,1,56508
7290112337474,false,סוכריות מאסט ללא סוכ,שטראוס גרופ,PL,סוכריות מאסט ללא סוכר,גרמים,80.00,100 גרם,false,,6.90,0.0863,true,1,59256
7290112337481,false,סוכריות מאסט ללא סוכ,שטראוס גרופ,PL,סוכריות מאסט ללא סוכר,גרמים,80.00,100 גרם,false,,6.90,0.0863,true,1,59257
7290112338877,false,סקי תות,שטראוס גרופ,IL,שטראוס,גרמים,125.00,100 גרם,false,,3.70,0.0296,true,1,55388
7290112339362,false,דנונה לייט אנד פריי,שטראוס,IL,דנונה,גרמים,150.00,100 גרם,false,,4.50,0.0300,true,1,59568
7290112339867,false,גמדים סקוויז בודד תו,שטראוס,IL,גמדים,גרמים,100.00,100 גרם,false,,5.90,0.0590,true,1,56006
7290112339874,false,גמדים סקוויז בודד תו,שטראוס,IL,גמדים,גרמים,100.00,100 גרם,false,,5.90,0.0590,true,1,56007
7290112340122,false,פרכיות גדולות 3 דגני,עלית,IL,פרכיות גדולות 3 דגני,גרמים,135.00,100 גרם,false,,10.90,0.0807,true,1,58018
7290112340245,false,צנצנת מסטיק מאסט דוב,שטראוס גרופ,IL,עלית,גרמים,66.00,100 גרם,false,,9.90,0.1500,true,1,56926
7290112340252,false,צנצנת מסטיק מאסט אבט,שטראוס גרופ,IL,עלית,גרמים,66.00,100 גרם,false,,9.90,0.1500,true,1,56927
7290112340276,false,עוגיות קרם קפה נמס 2,הגביע,IL,עלית,גרמים,200.00,100 גרם,false,,9.90,0.0495,true,1,58249
7290112340900,false,קפה טורקי האג 200 גר,שטראוס גרופ,IL,האג,גרמים,200.00,100 גרם,false,,24.90,0.1245,true,1,58020
7290112341556,false,אקטיביה עם צ'יה ותות,שטראוס,IL,אקטיביה,גרמים,150.00,100 גרם,false,,4.60,0.0307,true,1,59063
7290112341679,false,אקטיביה  3% 200ג',שטראוס גרופ,IL,אקטיביה,גרמים,200.00,100 גרם,false,,3.90,0.0195,true,1,59064
7290112342102,false,סימפוניה בצל מקורמל,שטראוס גרופ,IL,שטראוס,גרמים,200.00,100 גרם,false,,10.90,0.0545,true,1,60289
7290112342270,false,קפה פלטינום אינטנס 1,שטראוס קפה בי.וי,IL,עלית,גרמים,125.00,100 גרם,false,,15.90,0.1272,true,1,59267
7290112343260,false,רוטב שמנת קלאסי 260,שטראוס גרופ,IL,יטבתה,מיליליטרים,260.00,"100 מ""ל",false,,10.90,0.0419,true,1,59963
7290112343420,false,יטבתה פרו ארוחת בוקר,מחלבת יטבתה,IL,יטבתה פרו ארוחת בוקר,מיליליטרים,350.00,"100 מ""ל",false,,7.50,0.0214,true,1,59964
7290112343499,false,ציטוס puffs,שטראוס פריטו ליי (מל,IL,עלית,גרמים,55.00,100 גרם,false,,3.10,0.0564,true,1,68564
7290112343512,false,ציטוס puffs,שטראוס פריטו ליי (מל,IL,עלית,גרמים,160.00,100 גרם,false,,6.90,0.0431,true,1,68565
7290112344564,false,רביולי גבינה 400 גר,שטראוס גרופ,IL,שטראוס,גרמים,400.00,100 גרם,false,,19.90,0.0497,true,1,59083
7290112344724,false,מילקי בטעם שוקולד בל,שטראוס גרופ,IL,שטראוס,גרמים,133.00,100 גרם,false,,3.30,0.0248,true,1,59945
7290112344755,false,מילקי עם 26% פחות סו,שטראוס גרופ,IL,שטראוס,גרמים,135.00,100 גרם,false,,2.80,0.0207,true,1,65973
7290112344786,false,פלטיניום קלאסי 200 ג,שטראוס גרופ,IL,עלית,גרמים,200.00,100 גרם,false,,24.90,0.1245,true,1,63245
7290112344953,false,סימפוניה חציל קלוי 2,שטראוס גרופ,IL,שטראוס,גרמים,200.00,100 גרם,false,,10.90,0.0545,true,1,66157
7290112344991,false,דנונה לייט אנד פריי,שטראוס,IL,דנונה,גרמים,150.00,100 גרם,false,,4.50,0.0300,true,1,59572
7290112346506,false,דנונה לייט אנד פריי,שטראוס,IL,דנונה,גרמים,150.00,100 גרם,false,,4.50,0.0300,true,1,59573
7290112346537,false,פינוקיות בטעם טורטית,הגביע,IL,עלית,גרמים,200.00,100 גרם,false,,9.90,0.0495,true,1,60088
7290112346629,false,דנונה בר עם קורנפלקס,שטראוס גרופ,IL,שטראוס,גרמים,172.00,100 גרם,false,,4.30,0.0250,true,1,64234
7290112346773,false,דנונה לייט אד פריי ו,שטראוס גרופ,IL,דנונה,גרמים,150.00,100 גרם,false,,4.50,0.0300,true,1,66160
7290112346797,false,אקטיביה עם שיבולת שו,שטראוס,IL,אקטיביה,גרמים,150.00,100 גרם,false,,4.60,0.0307,true,1,63337
7290112347008,false,גמדים ארוחת בוקר תות,שטראוס,IL,גמדים,גרמים,100.00,100 גרם,false,,5.90,0.0590,true,1,59947
7290112347473,false,מארז לייט אנד פריי ת,שטראוס גרופ,IL,שטראוס,ליטרים,1.20,ליטר,false,,26.90,22.4167,true,1,59574
7290112348142,false,שעועית לבנה ט. הטבע,קונסרב איטליה,IT,טעם הטבע,גרמים,380.00,100 גרם,false,,6.90,0.0182,true,1,63798
7290112348999,false,פרכיות גדולות תירס ד,עלית,IL,פרכיות גדולות תירס ד,גרמים,135.00,100 גרם,false,,10.90,0.0807,true,1,66010
7290112349606,false,דניאלה תות בננה,שטראוס גרופ,IL,שטראוס,גרמים,88.00,100 גרם,false,,3.90,0.0443,true,1,69827
7290112349705,false,רוטב עגבניות קלאסי ל,אמיליאנה קונסרב,IT,יד מרדכי,גרמים,350.00,100 גרם,false,,10.90,0.0311,true,1,60269
7290112349736,false,רוטב עגבניות בזיליקו,אמיליאנה קונסרב,IT,יד מרדכי,גרמים,350.00,100 גרם,false,,10.90,0.0311,true,1,60270
7290112349743,false,רוטב עגבניות פיקנטי,אמיליאנה קונסרב,IT,יד מרדכי,גרמים,350.00,100 גרם,false,,10.90,0.0311,true,1,60271
7290112349897,false,מסטיק מאסט לארג' קוב,שטראוס עלית,DE,שטראוס עלית,גרמים,86.00,100 גרם,false,,12.90,0.1500,true,1,63240
7290112349903,false,רוטב שמנת עם גרגירי,מחלבת יטבתה,IL,יטבתה,מיליליטרים,260.00,"100 מ""ל",false,,10.90,0.0419,true,1,77224
7290112350275,false,קפסולות למכונת נספרס,שטראוס גרופ,IL,עלית,גרמים,50.00,100 גרם,false,,15.90,0.3180,true,1,61487
7290112350312,false,קפסולות למכונה 15,שטראוס גרופ,IL,עלית,גרמים,50.00,100 גרם,false,,15.90,0.3180,true,1,65087
7290112350589,false,אבקת צ'יקו 65 גרם,שטראוס קפה בי.וי,IL,עלית,גרמים,65.00,100 גרם,false,,11.90,0.1831,true,1,64467
7290112351524,false,עלי סלנובה טעם הטבע,שטראוס בריאות ירקות,IL,טעם הטבע,גרמים,200.00,100 גרם,false,,12.90,0.0645,true,1,64298
7290112353887,false,משקה קפה קר בטעם אגו,אנסטל מילק,AT,משקה קפה קר בטעם אגו,מיליליטרים,230.00,"100 מ""ל",false,,7.90,0.0343,true,1,64342
7290112354211,false,דלישס פיצה מרגריטה,סקרלינפיצה אס.אר.אל,IT,דלישס פיצה מרגריטה,גרמים,400.00,100 גרם,false,,25.90,0.0647,true,1,69352
7290112354228,false,דלישס פיצה מרגריטה ע,סקרלינפיצה אס.אר.אל,IT,דלישס פיצה מרגריטה ע,גרמים,400.00,100 גרם,false,,25.90,0.0647,true,1,69353
7290112354945,false,תפוציפס wavy טבעי 50,שטראוס פריטו ליי (מל,IL,עלית,גרמים,50.00,100 גרם,false,,3.50,0.0700,true,1,86654
7290112354952,false,תפוציפס wavy פפריקה,שטראוס פריטו ליי (מל,IL,עלית,גרמים,50.00,100 גרם,false,,3.50,0.0700,true,1,86655
7290112354969,false,תפוציפס wavy טבעי 20,שטראוס פריטו ליי (מל,IL,עלית,גרמים,200.00,100 גרם,false,,9.90,0.0495,true,1,86656
7290112355027,false,דנונה פרו 20 גר בטעם,שטראוס גרופ,IL,דנונה פרו,גרמים,200.00,100 גרם,false,,5.90,0.0295,true,1,65976
7290112355102,false,גמדים פאוץ סלט פירות,שטראוס,IL,?????,גרמים,100.00,100 גרם,false,,5.90,0.0590,true,1,66145
7290112355263,false,רוטב שמנת עם שוקולד,מחלבת יטבתה,IL,יטבתה,מיליליטרים,265.00,"100 מ""ל",false,,10.90,0.0411,true,1,77225
7290112355386,false,רוטב שמנת בטעם קרמל,מחלבת יטבתה,IL,יטבתה,מיליליטרים,260.00,"100 מ""ל",false,,10.90,0.0419,true,1,77226
7290112355393,false,רוטב שמנת עם בטטה 9%,שטראוס גרופ,IL,יטבתה,מיליליטרים,257.00,"100 מ""ל",false,,10.90,0.0424,true,1,86212
7290112356536,false,קקאו עלית 150 גרם+10,שטראוס גרופ,IL,עלית,גרמים,165.00,100 גרם,false,,9.90,0.0600,true,1,64468
7290112357045,false,עגבניות איטלקיות מרו,קונסרב איטליה,IT,טעם הטבע,גרמים,390.00,100 גרם,false,,6.50,0.0167,true,1,63813
7290112357069,false,מחית עגבניות איטלקיו,קונסרב איטליה,IT,טעם הטבע,גרמים,500.00,100 גרם,false,,6.50,0.0130,true,1,63814
7290112357076,false,קוביות עגבניות איטלק,קונסרב איטליה,IT,טעם הטבע,גרמים,390.00,100 גרם,false,,6.50,0.0167,true,1,65082
7290112357083,false,אפונת גינה ט. הטבע 3,קונסרב איטליה,IT,טעם הטבע,גרמים,380.00,100 גרם,false,,6.90,0.0182,true,1,63799
7290112357106,false,שעועית אדומה ט. הטבע,קונסרב איטליה,IT,טעם הטבע,גרמים,380.00,100 גרם,false,,6.90,0.0182,true,1,63800
7290112357113,false,גרגירי חומוס ט. הטבע,קונסרב איטליה,IT,טעם הטבע,גרמים,380.00,100 גרם,false,,6.90,0.0182,true,1,63801
7290112357175,false,קפסולות למכונת נספרס,שטראוס גרופ,IL,עלית,גרמים,50.00,100 גרם,false,,15.90,0.3180,true,1,61488
7290112358004,false,פסק זמן קראנץ',שטראוס גרופ,IL,עלית,גרמים,32.00,100 גרם,false,,4.90,0.1531,true,1,66006
7290112358127,false,דנונה פרו 20 גרם עם,שטראוס,,דנונה פרו 20 גרם עם,גרמים,20.00,100 גרם,false,,6.30,0.3150,true,1,65713
7290112358219,false,רוטב צ'ילי מתוק,"בית אל מזון בע""מ",IL,עלית,מיליליטרים,300.00,"100 מ""ל",false,,12.90,0.0430,true,1,64502
7290112358233,false,רוטב צ'ילי חריף,"בית אל מזון בע""מ",IL,עלית,מיליליטרים,300.00,"100 מ""ל",false,,12.90,0.0430,true,1,64583
7290112358240,false,רוטב גריל 300 גרם,"בית אל מזון בע""מ",IL,עלית,גרמים,300.00,100 גרם,false,,12.90,0.0430,true,1,63706
7290112358431,false,עד חצות דאבל 200 גרם,שטראוס גרופ,IL,עלית,גרמים,200.00,100 גרם,false,,11.90,0.0595,true,1,67350
7290112358554,false,מארז נמס לדרך עלית,שטראוס רומניה,RO,נמס לדרך,יח',26.00,יח',false,,10.90,0.4192,true,1,65088
7290112460998,false,בול עץ לחיתוך והגשה,,,בול עץ לחיתוך והגשה,יחידה,0.00,יחידה,false,,70.00,0.0000,true,1,72094
7290112461018,false,בול עץ לחיתוך והגשה,,,בול עץ לחיתוך והגשה,יחידה,0.00,יחידה,false,,29.90,0.0000,true,1,72096
7290112462213,false,צנצנת זכוכית עם מכסה,,,צנצנת זכוכית עם מכסה,יחידה,0.00,יחידה,false,,10.90,0.0000,true,1,72124
7290112462220,false,מלחיה ופלפליה זכוכית,,,מלחיה ופלפליה זכוכית,יחידה,0.00,יחידה,false,,6.90,0.0000,true,1,72125
7290112462237,false,צנצנת עם מכסה מתכת צ,,,צנצנת עם מכסה מתכת צ,יחידה,0.00,יחידה,false,,12.90,0.0000,true,1,72126
7290112464071,false,מרית שפכטל נירוסטה 1,,,מרית שפכטל נירוסטה 1,יחידה,0.00,יחידה,false,,10.00,0.0000,true,1,72194
7290112466266,false,תבנית טפלון לב מיני,,,תבנית טפלון לב מיני,יחידה,0.00,יחידה,false,,10.90,0.0000,true,1,72290
7290112469021,false,פלייסמנט עגול קוטר 3,,,פלייסמנט עגול קוטר 3,יחידה,0.00,יחידה,false,,19.90,0.0000,true,1,72389
7290112490117,false,קליק טבלה וופל ואגוז,אתר צפת טבלאות ותעשי,IL,KLIK,גרמים,85.00,100 גרם,false,,4.90,0.0576,true,1,37582
7290112490209,false,נמס בכוס עגבניות קרו,אתר חיפה אבקות - Foo,IL,KNORR,גרמים,56.00,100 גרם,false,,6.50,0.1161,true,1,38125
7290112490216,false,נמס בכוס ט.עוף קרוטו,אתר חיפה אבקות - Foo,IL,KNORR,גרמים,48.00,100 גרם,false,,6.50,0.1354,true,1,38126
7290112490230,false,נמס בכוס אפונה ר.טבע,אתר חיפה אבקות - Foo,IL,KNORR,גרמים,50.00,100 גרם,false,,6.50,0.1300,true,1,38127
7290112490582,false,חרדל דיזון 350גר,יוניליוור,IL,הלמנס,גרמים,350.00,100 גרם,false,,12.90,0.0369,true,1,41453
7290112490599,false,חרדל צרפתי עם גרגרים,יוניליוור,IL,הלמנס,גרמים,350.00,100 גרם,false,,12.90,0.0369,true,1,41454
7290112490650,false,778 קונפיטורת תותשדה,אתר חיפה  778 - Food,IL,778,גרמים,340.00,100 גרם,false,,11.90,0.0350,true,1,43704
7290112490667,false,778 קונפיטורת משמש 3,אתר חיפה  778 - Food,IL,778,גרמים,340.00,100 גרם,false,,11.90,0.0350,true,1,43705
7290112490674,false,778 קונפיטורת דובדבן,אתר חיפה  778 - Food,IL,778,גרמים,340.00,100 גרם,false,,11.90,0.0350,true,1,43706
7290112490698,false,778 קונפיטורת תות לי,אתר חיפה  778 - Food,IL,778,גרמים,260.00,100 גרם,false,,12.90,0.0496,true,1,43708
7290112490735,false,מרק עשיר עגבניות פסט,יוניליוור,IL,קנור,גרמים,105.00,100 גרם,false,,11.90,0.1133,true,1,53826
7290112490759,false,מרק עשיר עוף אטריות,יוניליוור,IL,קנור,גרמים,74.00,100 גרם,false,,11.90,0.1608,true,1,53828
7290112490827,false,*מבצע* בדין תרסיס מי,זוהר דליה - 3P Local,IL,BADIN,מיליליטרים,500.00,"100 מ""ל",false,,14.90,0.0298,true,1,53704
7290112490896,false,רוטב צ'ילי חריף,,,רוטב צ'ילי חריף,מיליליטרים,370.00,"100 מ""ל",false,,9.90,0.0268,true,1,69517
7290112491701,false,"ברנפלקס חלבון בד""ץ 3",אתר שפע - Food,IL,TELMA,גרמים,375.00,100 גרם,false,,19.90,0.0531,true,1,56602
7290112491770,false,דקים דקים מלח 300 גר,אתר בייגל - Food,IL,B&B,גרמים,300.00,100 גרם,false,,9.90,0.0330,true,1,56603
7290112491787,false,דקים דקים שומשום 300,אתר בייגל - Food,IL,B&B,גרמים,300.00,100 גרם,false,,9.90,0.0330,true,1,56604
7290112491794,false,דקים דקים שמנת בצל 3,אתר בייגל - Food,IL,B&B,גרמים,300.00,100 גרם,false,,9.90,0.0330,true,1,63382
7290112492456,false,שמפו פינוק לשיער יבש,אתר ליוור - HPC,IL,PINUK,מיליליטרים,700.00,"100 מ""ל",false,,11.90,0.0170,true,1,63387
7290112492470,false,פינוק 2 ב-1 לשיער יב,אתר ליוור - HPC,IL,PINUK,מיליליטרים,700.00,"100 מ""ל",false,,11.90,0.0170,true,1,66175
7290112492500,false,פינוק שמפו שמן קוקוס,אתר ליוור - HPC,IL,PINUK,מיליליטרים,700.00,"100 מ""ל",false,,11.90,0.0170,true,1,63390
7290112492593,false,פינוק תחליב רחצה קלא,אתר ליוור - HPC,IL,PINUK,מיליליטרים,700.00,"100 מ""ל",false,,9.90,0.0141,true,1,59901
7290112492746,false,מרכך פינוק ילדים 700,אתר ליוור - HPC,IL,פינוק,מיליליטרים,700.00,"100 מ""ל",false,,11.90,0.0170,true,1,64370
7290112492982,false,*מבצע* קנור פטריות ר,יוניליוור,IL,*מבצע* קנור פטריות ר,גרמים,400.00,100 גרם,false,,19.90,0.0497,true,1,59902
7290112492999,false,*מבצע* קנור ט.עוף 40,אתר חיפה אבקות - Foo,IL,KNORR,גרמים,400.00,100 גרם,false,,12.90,0.0323,true,1,60033
7290112493095,false,נמס בכוס מרק עגבניות,אתר חיפה אבקות - Foo,IL,KNORR,גרמים,48.00,100 גרם,false,,6.50,0.1354,true,1,58223
7290112493927,false,קרמיסימו גלידה בטעם,גלידות שטראוס,IL,קרמיסימו,ליטרים,1.33,ליטר,false,,18.90,14.2105,true,1,60330
7290112493934,false,קרמיסימו גלידה בטעם,גלידות שטראוס,IL,קרמיסימו,ליטרים,1.33,ליטר,false,,18.90,14.2105,true,1,60331
7290112494153,false,קנור תיבולית בניחוח,אתר חיפה אבקות - Foo,IL,KNORR,גרמים,72.00,100 גרם,false,,7.90,0.1097,true,1,59746
7290112494283,false,קליק מעורב חום לבן ת,אתר צפת חטיפים - Foo,IL,KLIK,גרמים,65.00,100 גרם,false,,4.90,0.0754,true,1,59491
7290112494313,false,קליק קורנפלקס תפזורת,אתר צפת חטיפים - Foo,IL,KLIK,גרמים,65.00,100 גרם,false,,4.90,0.0754,true,1,59492
7290112494610,false,קנור רוטב פיקנטי לדג,יוניליוור,IL,קנור רוטב פיקנטי לדג,גרמים,415.00,100 גרם,false,,9.90,0.0239,true,1,59747
7290112494825,false,תרחיץ פנים דאב לעור,אתר ליוור - HPC,IL,DOVE,מיליליטרים,180.00,"100 מ""ל",false,,16.90,0.0939,true,1,64892
7290112494832,false,תרחיץ פנים דאב לעור,אתר ליוור - HPC,IL,DOVE,מיליליטרים,180.00,"100 מ""ל",false,,16.90,0.0939,true,1,64893
7290112495037,false,קוקומן כדורים 375 גר,אתר שפע - Food,IL,TELMA,גרמים,375.00,100 גרם,false,,19.90,0.0531,true,1,59497
7290112495044,false,קוקומן פצפוצים 375 ג,אתר שפע - Food,IL,TELMA,גרמים,375.00,100 גרם,false,,19.90,0.0531,true,1,59498
7290112495105,false,נשנושים שמנת בצל 260,אתר בייגל - Food,IL,B&B,גרמים,260.00,100 גרם,false,,11.90,0.0458,true,1,59452
7290112495174,false,קוקטייל שומשום 300ג,אתר בייגל - Food,IL,B&B,גרמים,300.00,100 גרם,false,,11.90,0.0397,true,1,59451
7290112495228,false,קורנפלקס דבש 448 גרם,אתר שפע - Food,IL,TELMA,גרמים,448.00,100 גרם,false,,17.90,0.0400,true,1,59499
7290112495280,false,ברנפלקס קינמון 400 ג,אתר שפע - Food,IL,TELMA,גרמים,400.00,100 גרם,false,,19.90,0.0497,true,1,61048
7290112495433,false,*מבצע* דליפקאן 400 ג,אתר שפע - Food,IL,TELMA,גרמים,400.00,100 גרם,false,,19.90,0.0497,true,1,58778
7290112495662,false,קרקר חיטה מלאהעםפשתן,אפיפית - 3P Local Fo,IL,B&B,גרמים,300.00,100 גרם,false,,8.90,0.0297,true,1,61094
7290112495747,false,צ'ילי מופחת סוכר 340,אתר חיפה  778 - Food,IL,KNORR,מיליליטרים,300.00,"100 מ""ל",false,,9.90,0.0330,true,1,61083
7290112495754,false,הלמנס לסלט אלף האיים,אתר חיפה ממרחים - Fo,IL,HELLMANNS,מיליליטרים,305.00,"100 מ""ל",false,,9.90,0.0325,true,1,61084
7290112495761,false,הלמנס לסלט אלף האיים,אתר חיפה ממרחים - Fo,IL,HELLMANNS,מיליליטרים,305.00,"100 מ""ל",false,,9.90,0.0325,true,1,61085
7290112495785,false,הלמנ'ס לסלט שום 300ג,אתר חיפה ממרחים - Fo,IL,HELLMANNS,מיליליטרים,300.00,"100 מ""ל",false,,9.90,0.0330,true,1,61087
7290112495792,false,הלמנס רוטב לסלט שום,,,הלמנס רוטב לסלט שום,גרמים,300.00,100 גרם,false,,9.90,0.0330,true,1,61088
7290112495808,false,הלמנס לסלט חרדל דבש,אתר חיפה ממרחים - Fo,IL,HELLMANNS,מיליליטרים,305.00,"100 מ""ל",false,,9.90,0.0325,true,1,61089
7290112495976,false,פתית פריכיות שוקולד,"גוד פוד בע""מ",PL,פתית פריכיות שוקולד,גרמים,35.00,100 גרם,false,,3.90,0.1114,true,1,63792
7290112495983,false,פתית פריכיות שוקולד,"גוד פוד בע""מ",PL,פתית פריכיות שוקולד,גרמים,39.00,100 גרם,false,,3.90,0.1000,true,1,63793
7290112496027,false,אפיכל סירופ שוקולד 5,אתר חיפה  778 - Food,IL,EFICOL,גרמים,580.00,100 גרם,false,,11.90,0.0205,true,1,61099
7290112496034,false,אפיכל סירופ מייפל 58,אתר חיפה  778 - Food,IL,EFICOL,גרמים,580.00,100 גרם,false,,11.90,0.0205,true,1,61100
7290112496218,false,טריאקי מופחת נתרן 34,אתר חיפה  778 - Food,IL,KNORR,מיליליטרים,340.00,"100 מ""ל",false,,9.90,0.0291,true,1,61933
7290112496287,false,פתית צ'יפס בטטה 21 ג,,,פתית צ'יפס בטטה 21 ג,גרמים,21.00,100 גרם,false,,4.90,0.2333,true,1,64747
7290112496294,false,פתית צ'יפס אפונה וצי,,,פתית צ'יפס אפונה וצי,גרמים,22.00,100 גרם,false,,4.90,0.2227,true,1,64748
7290112496430,false,נמס בכוס אקסטרה עגבנ,אתר חיפה אבקות - Foo,IL,KNORR,גרמים,37.00,100 גרם,false,,3.90,0.1054,true,1,66185
7290112496447,false,נמס בכוס אקסטרה טעם,אתר חיפה אבקות - Foo,IL,KNORR,גרמים,27.00,100 גרם,false,,3.90,0.1444,true,1,66177
7290112496461,false,נמס בכוס אקסטרה ירקו,אתר חיפה אבקות - Foo,IL,KNORR,גרמים,35.00,100 גרם,false,,3.90,0.1114,true,1,65846
7290112497031,false,קנור רוטב לקציצות 41,יוניליוור,IL,קנור רוטב לקציצות 41,גרמים,415.00,100 גרם,false,,9.90,0.0239,true,1,67248
7290112497123,false,*מבצע* סחלב,אתר חיפה אבקות - Foo,IL,KNORR,גרמים,112.00,100 גרם,false,,9.90,0.0884,true,1,65450
7290112497369,false,דאב דאו רולאון טלק 5,יוניליוור  פיליפינים,PH,DOVE,מיליליטרים,50.00,"100 מ""ל",false,,14.90,0.2980,true,1,66192
7290112497499,false,קליק טבלאות עם שוקול,,,קליק טבלאות עם פצפוצים,גרמים,85.00,100 גרם,false,,4.90,0.0576,true,1,67606
7290112497864,false,*מבצע* מרק טעם עוף ר,יוניליוור,IL,*מבצע* מרק טעם עוף ר,גרמים,400.00,100 גרם,false,,19.90,0.0497,true,1,65797
7290112498052,false,מארז פתית צ'יפס בטטה,יוניליוור,IL,מארז פתית צ'יפס בטטה,גרמים,84.00,100 גרם,false,,14.90,0.1774,true,1,69248
7290112498069,false,קוקומן ללא גלוטן 375,אתר שפע - Food,IL,TELMA,גרמים,375.00,100 גרם,false,,19.90,0.0531,true,1,66176
7290112498267,false,אל סבון ידיים פינוק,אתר ליוור - HPC,IL,אל סבון ידיים פינוק,מיליליטרים,950.00,"100 מ""ל",false,,11.90,0.0125,true,1,67607
7290112498441,false,רוטב אסייתי למוקפץ 3,אתר חיפה  778 - Food,IL,KNORR,גרמים,370.00,100 גרם,false,,9.90,0.0268,true,1,67416
7290112498526,false,פתית צ'יפס עם בטטה ס,,,פתית צ'יפס עם בטטה ס,גרמים,22.00,100 גרם,false,,4.90,0.2227,true,1,68024
7290112498748,false,מאגדת מיני סולרו תות,גלידות שטראוס,IL,סולרו,גרמים,325.00,100 גרם,false,,23.90,0.0735,true,1,66650
7290112498922,false,מיני מגנום לבן,גלידות שטראוס,IL,מגנום,גרמים,250.00,100 גרם,false,,26.90,0.1076,true,1,67780
7290112499097,false,מיני מגנום מריר,גלידות שטראוס,IL,מגנום,גרמים,240.00,100 גרם,false,,26.90,0.1121,true,1,71013
7290112499189,false,קרמיסימו גלידת חד קר,גלידות שטראוס,IL,קרמיסימו,ליטרים,1.33,ליטר,false,,18.90,14.2105,true,1,82487
7290112499196,false,קרמיסימו גלידה בטעמי,גלידות שטראוס,IL,קרמיסימו,ליטרים,1.33,ליטר,false,,18.90,14.2105,true,1,82488
7290112499493,false,דאו רקסונה ספריי בני,יונילוור ארגנטינה -,AR,REXONA,מיליליטרים,150.00,"100 מ""ל",false,,11.90,0.0793,true,1,70039
7290112499509,false,דאו רקסונה ספריי בני,קוסטר - תורכיה,TR,REXONA,מיליליטרים,150.00,"100 מ""ל",false,,11.90,0.0793,true,1,84436
7290112499943,false,מאגדת חמישיית מיני מ,גלידות שטראוס,IL,מגנום,גרמים,250.00,100 גרם,false,,26.90,0.1076,true,1,60336
7290112510112,false,ת 1011 מנעול קומבינצ,,,ת 1011 מנעול קומבינצ,יחידה,0.00,יחידה,false,,10.90,0.0000,true,1,77063
7290112510167,false,ר 1016 תומך שורש כף,,,ר 1016 תומך שורש כף,יחידה,0.00,יחידה,false,,5.90,0.0000,true,1,77068
7290112510259,false,ת 1025 כיסוי עיניים,,,ת 1025 כיסוי עיניים,יחידה,0.00,יחידה,false,,10.90,0.0000,true,1,77076
7290112510518,false,ס 1051 חבל קפיצה מקצ,,,ס 1051 חבל קפיצה מקצ,יחידה,0.00,יחידה,false,,15.90,0.0000,true,1,77091
7290112510594,false,ס 1059 קפיץ יד enoll,,,ס 1059 קפיץ יד enoll,יחידה,0.00,יחידה,false,,10.00,0.0000,true,1,77094
7290112530844,false,מדבקות עשר כדורגל,,,מדבקות עשר כדורגל,יחידה,0.00,יחידה,false,,5.00,0.0000,true,1,85095
7290112533999,false,טאץ עטיפות פסטל 70/1,,,טאץ עטיפות פסטל 70/1,יחידה,0.00,יחידה,false,,6.90,0.0000,true,1,83311
7290112640406,false,סט 6 סכינים קיסר שחו,,,סט 6 סכינים קיסר שחו,יחידה,0.00,יחידה,false,,12.90,0.0000,true,1,72438
7290112703170,false,נרות אותיות HB צבעונ,,,נרות אותיות HB צבעונ,יחידה,0.00,יחידה,false,,10.90,0.0000,true,1,86040
7290112703408,false,נר מספר כסף חלק 0,,,נר מספר כסף חלק 0,יחידה,0.00,יחידה,false,,2.90,0.0000,true,1,79638
7290112703415,false,נר מספר כסף חלק 1,,,נר מספר כסף חלק 1,יחידה,0.00,יחידה,false,,2.90,0.0000,true,1,80366
7290112703446,false,נר מספר כסף חלק 4,,,נר מספר כסף חלק 4,יחידה,0.00,יחידה,false,,2.90,0.0000,true,1,80369
7290112703491,false,נר מספר כסף חלק 9,,,נר מספר כסף חלק 9,יחידה,0.00,יחידה,false,,2.90,0.0000,true,1,80374
7290112703514,false,נר מספר זהב חלק 1,,,נר מספר זהב חלק 1,יחידה,0.00,יחידה,false,,2.90,0.0000,true,1,80375
7290112703521,false,נר מספר זהב חלק 2,,,נר מספר זהב חלק 2,יחידה,0.00,יחידה,false,,2.90,0.0000,true,1,80330
7290112703538,false,נר מספר זהב חלק 3,,,נר מספר זהב חלק 3,יחידה,0.00,יחידה,false,,2.90,0.0000,true,1,80376
7290112703545,false,נר מספר זהב חלק 4,,,נר מספר זהב חלק 4,יחידה,0.00,יחידה,false,,2.90,0.0000,true,1,80377
7290112703552,false,נר מספר זהב חלק 5,,,נר מספר זהב חלק 5,יחידה,0.00,יחידה,false,,2.90,0.0000,true,1,80378
7290112703569,false,נר מספר זהב חלק 6,,,נר מספר זהב חלק 6,יחידה,0.00,יחידה,false,,2.90,0.0000,true,1,80379
7290112703583,false,נר מספר זהב חלק 8,,,נר מספר זהב חלק 8,יחידה,0.00,יחידה,false,,2.90,0.0000,true,1,80380
7290112703613,false,נר מספר ענק נצנצים כ,,,נר מספר ענק נצנצים כ,יחידה,0.00,יחידה,false,,9.90,0.0000,true,1,84646
7290112703651,false,נר מספר ענק נצנצים כ,,,נר מספר ענק נצנצים כ,יחידה,0.00,יחידה,false,,9.90,0.0000,true,1,86055
7290112703705,false,נר מספר ענק נצנצים ז,,,נר מספר ענק נצנצים ז,יחידה,0.00,יחידה,false,,9.90,0.0000,true,1,80382
7290112703767,false,נר מספר ענק נצנצים ז,,,נר מספר ענק נצנצים ז,יחידה,0.00,יחידה,false,,9.90,0.0000,true,1,80386
7290112703781,false,נר מספר ענק נצנצים ז,,,נר מספר ענק נצנצים ז,יחידה,0.00,יחידה,false,,9.90,0.0000,true,1,80388
7290112704818,false,סט בלונים 14 לניפוח,,,סט בלונים 14 לניפוח,יחידה,0.00,יחידה,false,,25.90,0.0000,true,1,80389
7290112707499,false,זיקוק 15 סמ 5 גרם -,,,זיקוק 15 סמ 5 גרם -,יח,6.00,יח,false,,19.90,3.3167,true,1,58898
7290112707512,false,זיקוק 7 ס''מ 5 יח 3,,,זיקוק 7 ס''מ 5 יח 3,יח,5.00,יח,false,,12.90,2.5800,true,1,58907
7290112707529,false,זיקוק 7 סמ 3 גרם - 5,,,זיקוק 7 סמ 3 גרם - 5,יח,5.00,יח,false,,12.90,2.5800,true,1,58908
7290112961266,false,בייגלה כפיות איטלקי,אסם,IL,אסם,גרמים,300.00,100 גרם,false,,10.90,0.0363,true,1,57123
7290112961372,false,חטיפי פריכיות דקות פ,אסם,IL,חטיפי פריכיות דקות פ,גרמים,60.00,100 גרם,false,,8.90,0.1483,true,1,54950
7290112961440,false,פיטנס בר פריכיות שוק,,,פיטנס בר פריכיות שוק,גרמים,84.00,100 גרם,false,,11.90,0.1417,true,1,61426
7290112961464,false,חטיפי פריכיות דקות פ,אסם,IL,חטיפי פריכיות דקות פ,גרמים,60.00,100 גרם,false,,8.90,0.1483,true,1,54951
7290112961754,false,עוגיות שוקוצ'יפס קרם,אסם,IL,אסם,גרמים,220.00,100 גרם,false,,9.90,0.0450,true,1,55762
7290112962287,false,שווארמה טבעונית טבעו,טבעול ישראל,IL,שווארמה טבעונית טבעו,גרמים,450.00,100 גרם,false,,29.90,0.0664,true,1,60279
7290112963529,false,אקסטרים שוקו וניל פר,גלידות נסטלה,IL,אקסטרים,יח',6.00,יח',false,,32.90,5.4833,true,1,55381
7290112963918,false,קרקר דק רוזמרין פיטנ,,CO,קרקר דק רוזמרין פיטנ,גרמים,140.00,100 גרם,false,,11.90,0.0850,true,1,57914
7290112964410,false,רוטב אלף האיים לסלט,אסם,IL,אסם,מיליליטרים,290.00,"100 מ""ל",false,,8.90,0.0307,true,1,57917
7290112964434,false,רוטב לסלט קיסר 290 מ,אסם,IL,אסם,מיליליטרים,290.00,"100 מ""ל",false,,8.90,0.0307,true,1,57918
7290112964458,false,רוטב וינגרט 290 מל,אסם,IL,אסם,מיליליטרים,290.00,"100 מ""ל",false,,8.90,0.0307,true,1,57919
7290112964472,false,רוטב שום לסלט 290 מל,אסם,IL,אסם,מיליליטרים,290.00,"100 מ""ל",false,,8.90,0.0307,true,1,57920
7290112964564,false,רוטב אלף האיים לייט,אסם,IL,אסם,מיליליטרים,290.00,"100 מ""ל",false,,8.90,0.0307,true,1,57922
7290112964601,false,רוטב בנוסח סצ'ואן 36,אסם,IL,אסם,גרמים,360.00,100 גרם,false,,12.90,0.0358,true,1,57129
7290112964625,false,רוטב שום לייט 5% שומ,אסם,IL,אסם,מיליליטרים,290.00,"100 מ""ל",false,,8.90,0.0307,true,1,57923
7290112964687,false,לחם מחמצת דגנים,,,לחם מחמצת דגנים,יח',1.00,יח',false,,16.90,16.9000,true,1,63974
7290112965103,false,קוסקוס עם ירקות 146,אסם,IL,אסם,גרמים,146.00,100 גרם,false,,10.90,0.0747,true,1,60177
7290112965240,false,זוג מרק נמס סוף עגבנ,אסם,IL,אסם,גרמים,44.00,100 גרם,false,,5.50,0.1250,true,1,58706
7290112965264,false,זוג מרק נמס סוף אפונ,אסם,IL,אסם,גרמים,30.00,100 גרם,false,,5.50,0.1833,true,1,58707
7290112965288,false,זוג מרק נמס ירקות 30,אסם,IL,אסם,גרמים,30.00,100 גרם,false,,5.50,0.1833,true,1,58708
7290112965301,false,זוג מרק נמס טעם עוף,אסם,IL,אסם,גרמים,38.00,100 גרם,false,,5.50,0.1447,true,1,58709
7290112965707,false,פיטנס חטיף מולטיגריי,,IL,פיטנס חטיף מולטיגריי,גרמים,25.00,100 גרם,false,,4.90,0.1960,true,1,65694
7290112965868,false,קרם קרקר במליחות מעו,אסם,IL,אסם,גרמים,250.00,100 גרם,false,,8.90,0.0356,true,1,60190
7290112965943,false,טבעול נאגטס ירקות יר,טבעול ישראל,IL,טבעול נאגטס ירקות יר,גרמים,500.00,100 גרם,false,,29.90,0.0598,true,1,65907
7290112965967,false,טבעול נאגטס ירקות כת,טבעול ישראל,IL,טבעול נאגטס ירקות כת,גרמים,500.00,100 גרם,false,,29.90,0.0598,true,1,65908
7290112965981,false,ארוחת דגנים טבעול גו,טבעול ישראל,IL,ארוחת דגנים טבעול גו,גרמים,450.00,100 גרם,false,,34.90,0.0776,true,1,71192
7290112966001,false,ארוחת ירוקים טבעול ג,טבעול ישראל,IL,ארוחת ירוקים טבעול ג,גרמים,450.00,100 גרם,false,,34.90,0.0776,true,1,71196
7290112966094,false,עוגת הבית תפוז מופחת,אסם,IL,הבית,גרמים,400.00,100 גרם,false,,10.90,0.0273,true,1,60202
7290112966766,false,טחינה בלאדי עם חציל,צבר,IL,טחינה בלאדי עם חציל,גרמים,350.00,100 גרם,false,,14.90,0.0426,true,1,59321
7290112966803,false,פודינג אינסטנט שוקול,אסם,IL,אסם,גרמים,88.00,100 גרם,false,,5.50,0.0625,true,1,60179
7290112967114,false,חטיפי פריכיות דקות פ,אסם,IL,חטיפי פריכיות דקות פ,גרמים,60.00,100 גרם,false,,8.90,0.1483,true,1,61427
7290112967381,false,חטיפי פריכיות דקות פ,אסם,IL,חטיפי פריכיות דקות פ,גרמים,60.00,100 גרם,false,,8.90,0.1483,true,1,61428
7290112967572,false,רוטב ברביקיו 335 גרם,אסם,IL,אסם,גרמים,335.00,100 גרם,false,,8.90,0.0266,true,1,60180
7290112967824,false,אבקת בישולים מיקס קל,אסם,IL,אבקת בישולים מיקס קל,גרמים,200.00,100 גרם,false,,18.90,0.0945,true,1,66065
7290112967848,false,ג'לי תות שדה מופחת ס,אסם,IL,אסם,גרמים,90.00,100 גרם,false,,5.90,0.0656,true,1,60182
7290112968340,false,חומוס גרוס דק דק 400,צבר,IL,סלטי צבר,גרמים,400.00,100 גרם,false,,13.90,0.0348,true,1,60282
7290112968807,false,קרקר דק סלק פיטנס 14,,CO,קרקר דק סלק פיטנס 14,גרמים,140.00,100 גרם,false,,11.90,0.0850,true,1,65417
7290112968821,false,קרקר דק בטטה פיטנס 1,,CO,קרקר דק בטטה פיטנס 1,גרמים,140.00,100 גרם,false,,11.90,0.0850,true,1,65418
7290113172463,false,זוג כוסות אספרסו דופ,,,זוג כוסות אספרסו דופ,יחידה,0.00,יחידה,false,,20.90,0.0000,true,1,77913
7290113176706,false,LUXURY 28 סיר יציקה,,,LUXURY 28 סיר יציקה,יחידה,0.00,יחידה,false,,119.00,0.0000,true,1,77921
7290113176874,false,LUXURY 18 סיר נירוסט,,,LUXURY 18 סיר נירוסט,יחידה,0.00,יחידה,false,,50.00,0.0000,true,1,77925
7290113177031,false,LUXURY 24 מחבת נעומי,,,LUXURY 24 מחבת נעומי,יחידה,0.00,יחידה,false,,45.00,0.0000,true,1,77932
7290113177055,false,LUXURY 28 מחבת נעומי,,,LUXURY 28 מחבת נעומי,יחידה,0.00,יחידה,false,,55.00,0.0000,true,1,77934
7290113177147,false,LUXURY 16 מחבת שקשוק,,,LUXURY 16 מחבת שקשוק,יחידה,0.00,יחידה,false,,40.00,0.0000,true,1,77940
7290113177246,false,LUXURY 20 סיר בשרינק,,,LUXURY 20 סיר בשרינק,יחידה,0.00,יחידה,false,,55.00,0.0000,true,1,77948
7290113177253,false,LUXURY 24 סיר בשרינק,,,LUXURY 24 סיר בשרינק,יחידה,0.00,יחידה,false,,65.00,0.0000,true,1,77949
7290113177260,false,LUXURY 28 סוטז בשרינ,,,LUXURY 28 סוטז בשרינ,יחידה,0.00,יחידה,false,,75.00,0.0000,true,1,77950
7290113177895,false,LUXURY 28 מחבת גריל,,,LUXURY 28 מחבת גריל,יחידה,0.00,יחידה,false,,85.00,0.0000,true,1,77956
7290113190375,false,סילאן טבעי 900 גרם ש,,,סילאן טבעי 900 גרם ש,גרמים,900.00,100 גרם,false,,17.90,0.0199,true,1,63872
7290113190450,false,ממרח תמרים 450 גרם,טעמי הגליל,IL,ירדן,גרמים,450.00,100 גרם,false,,5.90,0.0131,true,1,56526
7290113190757,false,חלבה תלתלים בטעם וני,חיאל עמר שומרון,,חלבה תלתלים בטעם וני,גרמים,300.00,100 גרם,false,,13.90,0.0463,true,1,56930
7290113190771,false,חלבה תלתלים בטעם שוק,חיאל עמר שומרון,,חלבה תלתלים בטעם שוק,גרמים,300.00,100 גרם,false,,13.90,0.0463,true,1,57718
7290113191006,false,פפריקה מתוקה 250 גרם,,,פפריקה מתוקה 250 גרם,גרמים,250.00,100 גרם,false,,14.90,0.0596,true,1,62254
7290113191013,false,פפריקה חריפה 250 גרם,,,פפריקה חריפה 250 גרם,גרמים,250.00,100 גרם,false,,14.90,0.0596,true,1,69111
7290113191020,false,פלפל שחור 250 גרם בי,,,פלפל שחור 250 גרם בי,גרמים,250.00,100 גרם,false,,14.90,0.0596,true,1,62255
7290113191037,false,פלפל שחור גרוס 250 ג,,,פלפל שחור גרוס 250 ג,גרמים,250.00,100 גרם,false,,14.90,0.0596,true,1,62256
7290113191044,false,כמון מזרחי 250 גרם ב,,,כמון מזרחי 250 גרם ב,גרמים,250.00,100 גרם,false,,14.90,0.0596,true,1,62257
7290113192300,false,חרוזית מושחר 560 גרם,בית השיטה,IL,בית השיטה,גרמים,560.00,100 גרם,false,,9.90,0.0177,true,1,63537
7290113192317,false,טבעות זיתים מושחרים,בית השיטה,IL,בית השיטה,גרמים,560.00,100 גרם,false,,10.90,0.0195,true,1,63538
7290113192331,false,זית ירוק גדול 340 גר,בית השיטה,IL,בית השיטה,גרמים,340.00,100 גרם,false,,9.90,0.0291,true,1,63358
7290113192355,false,חרוזית ירוק 560 גרם,בית השיטה,IL,בית השיטה,גרמים,560.00,100 גרם,false,,9.90,0.0177,true,1,62222
7290113192362,false,טבעות זיתים ירוקים 5,בית השיטה,IL,בית השיטה,גרמים,560.00,100 גרם,false,,10.90,0.0195,true,1,62223
7290113192379,false,זיתים ירוקים מבוקעים,בית השיטה,IL,בית השיטה,גרמים,560.00,100 גרם,false,,10.90,0.0195,true,1,63540
7290113192386,false,זית סורי מבוקע 560 ג,בית השיטה,IL,בית השיטה,גרמים,560.00,100 גרם,false,,9.90,0.0177,true,1,62224
7290113192393,false,קוקטייל זיתים 560 גר,בית השיטה,IL,בית השיטה,גרמים,560.00,100 גרם,false,,10.90,0.0195,true,1,63541
7290113192478,false,מלפפון במלח 12-10 56,בית השיטה,IL,בית השיטה,גרמים,560.00,100 גרם,false,,7.50,0.0134,true,1,63543
7290113192485,false,מלפפון בחומץ 12-10 5,בית השיטה,IL,בית השיטה,גרמים,560.00,100 גרם,false,,7.50,0.0134,true,1,63544
7290113192492,false,מלפפון בחומץ 17-13 5,בית השיטה,IL,בית השיטה,גרמים,560.00,100 גרם,false,,10.90,0.0195,true,1,63545
7290113192508,false,מלפפון מלח 17-13 560,בית השיטה,IL,בית השיטה,גרמים,560.00,100 גרם,false,,10.90,0.0195,true,1,63546
7290113192515,false,מלפפון במלח 18-25 56,בית השיטה,IL,בית השיטה,גרמים,560.00,100 גרם,false,,11.90,0.0213,true,1,63547
7290113192539,false,מלפפון מלח 7-9 560 ג,בית השיטה,IL,בית השיטה,גרמים,560.00,100 גרם,false,,6.50,0.0116,true,1,63549
7290113192553,false,מלפפון במלח בלאדי 13,בית השיטה,IL,מלפפון במלח בלאדי 13,גרמים,560.00,100 גרם,false,,10.90,0.0195,true,1,63551
7290113192560,false,פלפל שיפקה 560 גרם,בית השיטה,IL,בית השיטה,גרמים,560.00,100 גרם,false,,7.50,0.0134,true,1,63552
7290113192577,false,כרוב כבוש 560 גרם,בית השיטה,IL,בית השיטה,גרמים,560.00,100 גרם,false,,7.50,0.0134,true,1,63553
7290113192881,false,טורטיה חיטה מופחתת ק,,,טורטיה חיטה מופחתת ק,גרמים,270.00,100 גרם,false,,9.90,0.0367,true,1,63715
7290113192997,false,זית שחור יבש בית השי,בית השיטה,IL,זית שחור יבש בית השי,גרמים,340.00,100 גרם,false,,12.90,0.0379,true,1,62133
7290113193000,false,פלפל שיפקונית בית הש,בית השיטה,IL,פלפל שיפקונית בית הש,גרמים,560.00,100 גרם,false,,10.90,0.0195,true,1,62134
7290113193017,false,קוקטייל זיתים חרוזית,בית השיטה,IL,קוקטייל זיתים חרוזית,גרמים,560.00,100 גרם,false,,11.90,0.0213,true,1,62135
7290113193031,false,חרוזית קלמטה 560 גרם,בית השיטה,IL,חרוזית קלמטה 560 גרם,גרמים,560.00,100 גרם,false,,11.90,0.0213,true,1,62136
7290113193321,false,בית השיטה שמן זית כת,בית השיטה,IL,בית השיטה שמן זית כת,מיליליטרים,750.00,"100 מ""ל",false,,29.90,0.0399,true,1,63975
7290113193369,false,תרסיס שמן קנולה מזוכ,פוד אירוסולס ספיין,ES,תרסיס שמן קנולה מזוכ,מיליליטרים,150.00,"100 מ""ל",false,,13.90,0.0927,true,1,67044
7290113193406,false,קוקטייל טבעות זיתים,בית השיטה,IL,קוקטייל טבעות זיתים,גרמים,560.00,100 גרם,false,,12.90,0.0230,true,1,62161
7290113194090,false,טבעות קלמטה 626 גרם,בית השיטה,IL,טבעות קלמטה 626 גרם,גרמים,626.00,100 גרם,false,,12.90,0.0206,true,1,65456
7290113194649,false,מלפפון חמוץ במלח קוב,בית השיטה עסיס תעשיו,IL,מלפפון חמוץ במלח קוב,גרמים,320.00,100 גרם,false,,6.90,0.0216,true,1,66888
7290113195042,false,מלפפון בכבישה ביתית,בית השיטה עסיס תעשיו,IL,מלפפון בכבישה ביתית,גרמים,750.00,100 גרם,false,,25.90,0.0345,true,1,66886
7290113196063,false,לחם מחמצת מאפית,,,לחם מחמצת מאפית,יח',1.00,יח',false,,16.90,16.9000,true,1,66499
7290113196070,false,חלה מאפית,,,חלה מאפית,יחידה,0.00,יחידה,false,,10.90,0.0000,true,1,66500
7290113196087,false,בגט רוסטיק,,,בגט רוסטיק,יח',1.00,יח',false,,7.90,7.9000,true,1,66501
7290113196094,false,לחם איטלקי,,,לחם איטלקי,יחידה,0.00,יחידה,false,,5.90,0.0000,true,1,66502
7290113196100,false,באגט מאפית,,,באגט מאפית,יחידה,0.00,יחידה,false,,4.80,0.0000,true,1,66503
7290113196117,false,בייגלה מאפית,,,בייגלה מאפית,יחידה,0.00,יחידה,false,,4.30,0.0000,true,1,66504
7290113196124,false,חצי באגט מאפית,,,חצי באגט מאפית,יחידה,0.00,יחידה,false,,3.30,0.0000,true,1,66505
7290113196131,false,לחמניית המבורגר מאפי,,,לחמניית המבורגר מאפי,יחידה,0.00,יחידה,false,,2.90,0.0000,true,1,66506
7290113196148,false,לחמניה מאפית,,,לחמניה מאפית,יחידה,0.00,יחידה,false,,3.70,0.0000,true,1,66507
7290113196179,false,סופגניה מאפית,,,סופגניה מאפית,יחידה,0.00,יחידה,false,,3.90,0.0000,true,1,66509
7290113196186,false,דונאטס א. חלב נוכרי,,,דונאטס א. חלב נוכרי,יחידה,0.00,יחידה,false,,7.90,0.0000,true,1,66510
7290113196216,false,מארז פוקאצות מאפית,,,מארז פוקאצות מאפית,יחידה,0.00,יחידה,false,,10.00,0.0000,true,1,66511
7290113196247,false,פיתות מאפית אסלית 10,,,פיתות מאפית אסלית 10,יח,10.00,יח,false,,12.90,1.2900,true,1,66513
7290113196254,false,פיתות מאפית עבודת יד,,,פיתות מאפית עבודת יד,יח,10.00,יח,false,,13.50,1.3500,true,1,66514
7290113196278,false,מארז בסיס 3 יח מאפית,,,מארז בסיס 3 יח מאפית,יחידה,0.00,יחידה,false,,19.90,0.0000,true,1,66515
7290113196292,false,מבצע מאפית 5 שח,,,מבצע מאפית 5 שח,יחידה,0.00,יחידה,false,,5.00,0.0000,true,1,66517
7290113196308,false,מבצע מאפית 10 שח,,,מבצע מאפית 10 שח,יחידה,0.00,יחידה,false,,10.00,0.0000,true,1,66518
7290113196322,false,מבצע מאפית 20 שח,,,מבצע מאפית 20 שח,יחידה,0.00,יחידה,false,,20.00,0.0000,true,1,66520
7290113196407,false,בייגלה מאפית 3ב11,,,בייגלה מאפית 3ב11,יחידה,0.00,יחידה,false,,11.00,0.0000,true,1,66521
7290113196414,false,"אורז בסמטי 1 ק""ג שקד",דאבה סינג שאם סינג,IN,"אורז בסמטי 1 ק""ג שקד",קילוגרמים,1.00,"ק""ג",false,,9.90,9.9000,true,1,81626
7290113196490,false,פריכיות כוסמת צ'יה ב,זנבר המכללה לטבעונות,IL,פריכיות כוסמת צ'יה ב,גרמים,150.00,100 גרם,false,,9.90,0.0660,true,1,68883
7290113196506,false,פריכיות כוסמת ללא מל,זנבר המכללה לטבעונות,IL,פריכיות כוסמת ללא מל,גרמים,150.00,100 גרם,false,,9.90,0.0660,true,1,68884
7290113196513,false,פריכיות כוסמת שקדים,זנבר המכללה לטבעונות,IL,פריכיות כוסמת שקדים,גרמים,150.00,100 גרם,false,,9.90,0.0660,true,1,68885
7290113196520,false,פריכיות כוסמין ללא מ,זנבר המכללה לטבעונות,IL,פריכיות כוסמין ללא מ,גרמים,150.00,100 גרם,false,,9.90,0.0660,true,1,68886
7290113197169,false,חמאת בוטנים טבעית עם,סופר נוטרי פודס,IN,חמאת בוטנים טבעית עם,גרמים,510.00,100 גרם,false,,15.90,0.0312,true,1,83141
7290113197176,false,חמאת בוטנים טבעית,סופר נוטרי פודס,IN,חמאת בוטנים טבעית,גרמים,510.00,100 גרם,false,,15.90,0.0312,true,1,83140
7290113197800,false,פלפל קלוי 680 גרם בי,,,פלפל קלוי 680 גרם בי,גרמים,680.00,100 גרם,false,,11.90,0.0175,true,1,80520
7290113197817,false,חציל קלוי 670 גרם בי,,,חציל קלוי 670 גרם בי,גרמים,670.00,100 גרם,false,,11.90,0.0178,true,1,80521
7290113199385,false,פרכיות כוסמת דקות בת,זנבר המכללה לטבעונות,IL,פרכיות כוסמת דקות בת,גרמים,100.00,100 גרם,false,,9.90,0.0990,true,1,83137
7290113199408,false,פריכיות כוסמין דקות,זנבר המכללה לטבעונות,IL,פריכיות כוסמין דקות,גרמים,95.00,100 גרם,false,,9.90,0.1042,true,1,83139
7290113199880,false,טורטיה בתוספת קמח כו,מוטלוקל,IL,טורטיה בתוספת קמח כו,גרמים,360.00,100 גרם,false,,9.90,0.0275,true,1,82335
7290113280717,false,כוס יהלום ייבוא ארוז,,,כוס יהלום ייבוא ארוז,יחידה,0.00,יחידה,false,,9.90,0.0000,true,1,78340
7290113281561,false,מגש קריסטל אובלי גדו,,,מגש קריסטל אובלי גדו,יחידה,0.00,יחידה,false,,15.90,0.0000,true,1,86250
7290113281691,false,מזלג LUXURY כסף 4 גר,,,מזלג LUXURY כסף 4 גר,יחידה,0.00,יחידה,false,,5.90,0.0000,true,1,78345
7290113281707,false,כף LUXURY זהב 4 גרם\,,,כף LUXURY זהב 4 גרם\,יחידה,0.00,יחידה,false,,5.90,0.0000,true,1,78346
7290113281714,false,סכין LUXURY זהב 4 גר,,,סכין LUXURY זהב 4 גר,יחידה,0.00,יחידה,false,,5.90,0.0000,true,1,78347
7290113281721,false,כפית LUXURY זהב 3 גר,,,כפית LUXURY זהב 3 גר,יחידה,0.00,יחידה,false,,5.90,0.0000,true,1,78348
7290113281783,false,צלחת 10צבעוני אדום 2,,,צלחת 10צבעוני אדום 2,יחידה,0.00,יחידה,false,,14.90,0.0000,true,1,78349
7290113282742,false,מגש 6 תאים קשיח לבן,,,מגש 6 תאים קשיח לבן,יחידה,0.00,יחידה,false,,8.00,0.0000,true,1,84683
7290113283046,false,כוס מרוקאי 9OZ גדולה,,,כוס מרוקאי 9OZ גדולה,יחידה,0.00,יחידה,false,,10.90,0.0000,true,1,82198
7290113283947,false,מגש 6 תאים קשיח לבן,,,מגש 6 תאים קשיח לבן,יחידה,0.00,יחידה,false,,10.90,0.0000,true,1,78366
7290113285897,false,קעקה קריסטל נרקיס 9,,,קעקה קריסטל נרקיס 9,יחידה,0.00,יחידה,false,,7.90,0.0000,true,1,78382
7290113286092,false,כוס יהלום צבעוני ברו,,,כוס יהלום צבעוני ברו,יחידה,0.00,יחידה,false,,10.90,0.0000,true,1,78383
7290113287297,false,מפה מוטבעת ארוז וגאס,,,מפה מוטבעת ארוז וגאס,יחידה,0.00,יחידה,false,,10.00,0.0000,true,1,81239
7290113287334,false,מפה מוטבעת ארוז וגאס,,,מפה מוטבעת ארוז וגאס,יחידה,0.00,יחידה,false,,10.00,0.0000,true,1,81237
7290113287854,false,מגש בראש 36X36גדול ל,,,מגש בראש 36X36גדול ל,יחידה,0.00,יחידה,false,,11.90,0.0000,true,1,84487
7290113287938,false,מזלג מהודר בראש שחור,,,מזלג מהודר בראש שחור,יחידה,0.00,יחידה,false,,9.90,0.0000,true,1,78386
7290113288072,false,כפית מהודר בראש לבן+,,,כפית מהודר בראש לבן+,יחידה,0.00,יחידה,false,,7.90,0.0000,true,1,78398
7290113288560,false,צלחות דקל ויטראז ענק,,,צלחות דקל ויטראז ענק,יחידה,0.00,יחידה,false,,20.90,0.0000,true,1,85526
7290113288591,false,צלחות דקל ויטראז קער,,,צלחות דקל ויטראז קער,יחידה,0.00,יחידה,false,,12.90,0.0000,true,1,85532
7290113288614,false,צלחות דקל מלבניות ענ,,,צלחות דקל מלבניות ענ,יחידה,0.00,יחידה,false,,15.90,0.0000,true,1,86464
7290113288706,false,תבניות אלומניות מלבנ,,,תבניות אלומניות מלבנ,יחידה,0.00,יחידה,false,,12.90,0.0000,true,1,84501
7290113288911,false,מאפינס קטן סדרת שיש,,,מאפינס קטן סדרת שיש,יחידה,0.00,יחידה,false,,10.00,0.0000,true,1,81240
7290113300354,false,לה קט סטיק עוף 30 ג,,,לה קט סטיק עוף 30 ג,גרמים,30.00,100 גרם,false,,9.90,0.3300,true,1,86324
7290113302259,false,חטיף בונזו נאגטס בקר,,,חטיף בונזו נאגטס בקר,גרמים,80.00,100 גרם,false,,12.90,0.1613,true,1,64853
7290113302266,false,חטיף בונזו סטריפים ב,,,חטיף בונזו סטריפים ב,גרמים,80.00,100 גרם,false,,12.90,0.1613,true,1,64854
7290113302280,false,חטיף בונזו בצורת נקנ,,,חטיף בונזו בצורת נקנ,גרמים,80.00,100 גרם,false,,12.90,0.1613,true,1,64856
7290113302297,false,חטיף אנרגיה בונזו עו,,,חטיף אנרגיה בונזו עו,גרמים,80.00,100 גרם,false,,12.90,0.1613,true,1,64857
7290113302310,false,חטיף בונזו בטטה רול,,,חטיף בונזו בטטה רול,גרמים,80.00,100 גרם,false,,12.90,0.1613,true,1,67674
7290113302365,false,חטיפי בונזו ברווז בצ,,,חטיפי בונזו ברווז בצ,גרמים,80.00,100 גרם,false,,12.90,0.1613,true,1,64358
7290113302389,false,שיפוד סלמון ודג בקלה,,,שיפוד סלמון ודג בקלה,גרמים,80.00,100 גרם,false,,12.90,0.1613,true,1,64360
7290113302396,false,שיפוד כבש ודג בקלה 8,,,שיפוד כבש ודג בקלה 8,גרמים,80.00,100 גרם,false,,12.90,0.1613,true,1,64361
7290113303607,false,חטיף בונזו נגיסי עוף,,,חטיף בונזו נגיסי עוף,גרמים,80.00,100 גרם,false,,12.90,0.1613,true,1,69504
7290113303614,false,חטיף בונזו ברווז,,,חטיף בונזו ברווז,גרמים,80.00,100 גרם,false,,12.90,0.1613,true,1,69505
7290113305816,false,סופרים סלמון לכלב 40,,TR,סופרים סלמון לכלב 40,גרמים,400.00,100 גרם,false,,4.00,0.0100,true,1,86980
7290113305830,false,סופרים עוף לחתול 400,,TR,סופרים עוף לחתול 400,גרמים,400.00,100 גרם,false,,4.00,0.0100,true,1,86982
7290113317567,false,שקית 10בלונים מטאלי-,,,שקית 10בלונים מטאלי-,יחידה,0.00,יחידה,false,,8.90,0.0000,true,1,83076
7290113317581,false,שקית 10בלונים מטאלי-,,,שקית 10בלונים מטאלי-,יחידה,0.00,יחידה,false,,8.90,0.0000,true,1,83077
7290113319233,false,בקבוק פלסטיק עם צמיד,,,בקבוק פלסטיק עם צמיד,יח',1.00,יח',false,,12.90,12.9000,true,1,83080
7290113361041,false,מדבקות עשר א-ב ציורי,,,מדבקות עשר א-ב ציורי,יחידה,0.00,יחידה,false,,5.00,0.0000,true,1,85096
7290113361225,false,מדבקות עשר עבודה יפה,,,מדבקות עשר עבודה יפה,יחידה,0.00,יחידה,false,,5.00,0.0000,true,1,85097
7290113363250,false,טאץ מחברת A4 חשבון מ,,,טאץ מחברת A4 חשבון מ,יחידה,0.00,יחידה,false,,15.00,0.0000,true,1,83279
7290113363267,false,טאץ מחברת מעבדה PP ח,,,טאץ מחברת מעבדה PP ח,יחידה,0.00,יחידה,false,,5.00,0.0000,true,1,83280
7290113363441,false,טאץ מחברת PP A4 חשבו,,,טאץ מחברת PP A4 חשבו,יחידה,0.00,יחידה,false,,24.90,0.0000,true,1,83264
7290113560055,false,מי פה פרדונטקס 500 מ,G.S.K,GB,פרדונטקס,מיליליטרים,500.00,"100 מ""ל",false,,29.90,0.0598,true,1,64715
7290113560109,false,משחת שיניים פרודונטק,גלקסוסמיתקליין,SK,פרודונטקס,מיליליטרים,75.00,"100 מ""ל",false,,30.90,0.4120,true,1,65789
7290113560277,false,זוג מברשות שיניים סנ,,,זוג מברשות שיניים סנ,יח',2.00,יח',false,,29.90,14.9500,true,1,85639
7290113594074,false,כוס עם קש 4 יחידות -,,,כוס עם קש 4 יחידות -,יח,4.00,יח,false,,12.90,3.2250,true,1,59712
7290113594111,false,קערה עם קש 3 יחידות,,,קערה עם קש 3 יחידות,יח,3.00,יח,false,,12.90,4.3000,true,1,59716
7290113630017,false,"פחמים 4 ק""ג",,,"פחמים 4 ק""ג",קילוגרמים,4.00,"ק""ג",false,,21.90,5.4750,true,1,56474
7290113631496,false,פירורי לחם 350 גרם ב,מעדני גורמה,IL,פירורי לחם 350 גרם ב,גרמים,350.00,100 גרם,false,,10.90,0.0311,true,1,59599
7290113634770,false,אנטריקוט בורגר 880גר,משתנה,IL,אנטריקוט בורגר 880גר' גור,גרמים,880.00,100 גרם,false,,59.90,0.0681,true,1,65027
7290113634787,false,קציצות אנטריקוט 800ג,משתנה,IL,קציצות אנטריקוט 800גר' גו,גרמים,800.00,100 גרם,false,,54.90,0.0686,true,1,65028
7290113634794,false,נקנקיות מרגז 500גר',משתנה,IL,נקנקיות מרגז 500גר' גורמה,גרמים,500.00,100 גרם,false,,34.90,0.0698,true,1,65029
7290113634800,false,קציצות קבבוש 900 גרם,משתנה,IL,קציצות קבבוש 900גרם מעדני,גרמים,900.00,100 גרם,false,,66.90,0.0743,true,1,65030
7290113634848,false,קבב קציצות ביתי 800,משתנה,IL,קבב קציצות ביתי 800גר' גו,גרמים,800.00,100 גרם,false,,54.90,0.0686,true,1,65034
7290113635531,false,קבב על מקל קינמון 55,,,קבב על מקל קינמון 55,גרמים,550.00,100 גרם,false,,44.90,0.0816,true,1,66735
7290113636644,false,רבע טלה חלק קפוא מפו,,,רבע טלה חלק קפוא מפו,קילוגרמים,1.00,"ק""ג",true,,89.90,89.9000,true,1,79604
7290113657786,false,גוזיות,,,גוזיות,יחידה,0.00,יחידה,false,,15.90,0.0000,true,1,77623
7290113682375,false,מדבקות עשר מיקי,,,מדבקות עשר מיקי,יחידה,0.00,יחידה,false,,5.00,0.0000,true,1,85098
7290113686830,false,מדבקות בועות דגים,,,מדבקות בועות דגים,יחידה,0.00,יחידה,false,,5.00,0.0000,true,1,85119
7290113688872,false,מדבקות עשר לבבות אדו,,,מדבקות עשר לבבות אדו,יחידה,0.00,יחידה,false,,5.00,0.0000,true,1,85126
7290113790087,false,נורה 12 וואט A60 E27,,,נורה 12 וואט A60 E27,יחידה,0.00,יחידה,false,,15.90,0.0000,true,1,61734
7290113790094,false,נורה 12 וואט A60 E27,,,נורה 12 וואט A60 E27,יחידה,0.00,יחידה,false,,15.90,0.0000,true,1,61735
7290113790179,false,נורת נר 7 וואט E27 C,,,נורת נר 7 וואט E27 C,יחידה,0.00,יחידה,false,,10.00,0.0000,true,1,61743
7290113790186,false,נורת כדור 7 וואט E14,,,נורת כדור 7 וואט E14,יחידה,0.00,יחידה,false,,7.00,0.0000,true,1,61744
7290113790797,false,רב שקע עם מפסק 4 שקע,,,רב שקע עם מפסק 4 שקע,יחידה,0.00,יחידה,false,,25.00,0.0000,true,1,61764
7290113790810,false,רב שקע עם מפסק 5 שקע,,,רב שקע עם מפסק 5 שקע,יחידה,0.00,יחידה,false,,25.00,0.0000,true,1,61765
7290113791077,false,שעון שבת מכני קטן לל,,,שעון שבת מכני קטן לל,יחידה,0.00,יחידה,false,,29.90,0.0000,true,1,61784
7290113792050,false,רב שקע עם מפסק 4 שקע,,,רב שקע עם מפסק 4 שקע,יחידה,0.00,יחידה,false,,39.90,0.0000,true,1,74984
7290113792067,false,רב שקע עם מפסק 5 שקע,,,רב שקע עם מפסק 5 שקע,יחידה,0.00,יחידה,false,,45.00,0.0000,true,1,74985
7290113793101,false,משקל מטבח צבעים אחיד,,,משקל מטבח צבעים אחיד,יחידה,0.00,יחידה,false,,50.00,0.0000,true,1,75006
7290113795181,false,נורה 10 וואט A60 E27,,,נורה 10 וואט A60 E27,יחידה,0.00,יחידה,false,,10.00,0.0000,true,1,75041
7290113795198,false,נורה 10 וואט A60 E27,,,נורה 10 וואט A60 E27,יחידה,0.00,יחידה,false,,10.00,0.0000,true,1,75042
7290113795389,false,שקע כח 3 פין לבן LUM,,,שקע כח 3 פין לבן LUM,יחידה,0.00,יחידה,false,,5.00,0.0000,true,1,75048
7290113795396,false,תקע כח 3 פין לבן LUM,,,תקע כח 3 פין לבן LUM,יחידה,0.00,יחידה,false,,5.90,0.0000,true,1,75049
7290113799424,false,קטלן יתושים 2X8W דגם,,,קטלן יתושים 2X8W דגם,יחידה,0.00,יחידה,false,,109.00,0.0000,true,1,75076
7290113799684,false,נורת A60 10W ממותג ל,,,נורת A60 10W ממותג ל,יחידה,0.00,יחידה,false,,5.00,0.0000,true,1,75082
7290113799721,false,נורות A60 15W באריזת,,,נורות A60 15W באריזת,יחידה,0.00,יחידה,false,,20.90,0.0000,true,1,75086
7290113831674,false,תחתוני נשים חמישיות,,,תחתוני נשים חמישיות,יחידה,0.00,יחידה,false,,25.00,0.0000,true,1,77626
7290113831681,false,תחתוני נשים רביעיוה,,,תחתוני נשים רביעיוה,יחידה,0.00,יחידה,false,,25.00,0.0000,true,1,77627
7290113832282,false,תחתוני נשים חמישיות,,,תחתוני נשים חמישיות,יחידה,0.00,יחידה,false,,25.00,0.0000,true,1,77630
7290113920873,false,אציטון 100 מל,,,אציטון 100 מל,יחידה,0.00,יחידה,false,,5.90,0.0000,true,1,87241
7290114310215,false,שמנת מתוקה 38% 250 מ,טרה,IL,טרה,מיליליטרים,250.00,"100 מ""ל",false,,6.40,0.0256,true,1,63558
7290114310222,false,חלב מועשר בסידן וויט,מילקו,IL,טרה,ליטרים,1.50,ליטר,false,,10.90,7.2667,true,1,64065
7290114310239,false,חלב נטול לקטוז מועשר,מילקו,IL,טרה,ליטרים,1.50,ליטר,false,,10.90,7.2667,true,1,64061
7290114310246,false,גרנדה פדנו צ'אנק 125,מחלבת משק צוריאל,IL,צוריאל,גרמים,125.00,100 גרם,false,,18.90,0.1512,true,1,66612
7290114310253,false,גרנדה פדנו מגורדת 10,מחלבת משק צוריאל,IL,צוריאל,גרמים,100.00,100 גרם,false,,11.90,0.1190,true,1,66613
7290114310338,false,צפתית מעודנת 5% בגבי,מחלבת משק צוריאל,IL,משק צוריאל,גרמים,225.00,100 גרם,false,,16.30,0.0724,true,1,66710
7290114310345,false,מו מעדן בטעם תות,טרה,IL,טרה,גרמים,125.00,100 גרם,false,,2.70,0.0216,true,1,65236
7290114310536,false,מולר אקטיב לייט יוגו,מילקו,IL,מולר,מיליליטרים,200.00,"100 מ""ל",false,,5.90,0.0295,true,1,66812
7290114310550,false,פטה עיזים מעודנת 5%,מחלבת משק צוריאל,IL,פטה עיזים מעודנת 5%,גרמים,200.00,100 גרם,false,,23.90,0.1195,true,1,67152
7290114310567,false,*מבצע* לאבנה עיזים 5,מחלבת משק צוריאל,IL,*מבצע* לאבנה עיזים 5,גרמים,200.00,100 גרם,false,,10.90,0.0545,true,1,67153
7290114310611,false,משקה חלב בננה בבקבוק,טרה,IL,טרה,מיליליטרים,250.00,"100 מ""ל",false,,5.30,0.0212,true,1,67155
7290114310628,false,משקה חלב בטעם וניל ע,טרה,IL,טרה,ליטרים,1.00,ליטר,false,,11.00,11.0000,true,1,67202
7290114310673,false,לאבנה 9% שומן 250 גר,טרה,IL,לאבנה 9% שומן 250 גר,גרמים,250.00,100 גרם,false,,12.90,0.0516,true,1,67055
7290114310895,false,מאגדת שמינייה מנגו ו,טרה,IL,MULLER,קילוגרמים,1.20,"ק""ג",false,,29.90,24.9167,true,1,68456
7290114310901,false,גבינה לבנה 250 גרם 5,טרה,IL,טרה,גרמים,250.00,100 גרם,false,,4.95,0.0198,true,1,68382
7290114311014,false,משקה אייס קפוצ'ינו 2,טרה,IL,טרה,מיליליטרים,250.00,"100 מ""ל",false,,5.30,0.0212,true,1,79439
7290114311021,false,משקה וניל עוגיות 250,טרה,IL,טרה,מיליליטרים,250.00,"100 מ""ל",false,,5.30,0.0212,true,1,79440
7290114311038,false,שמנת מתוקה להקצפה 32,טרה,IL,שמנת מתוקה להקצפה 32,מיליליטרים,250.00,"100 מ""ל",false,,6.90,0.0276,true,1,79496
7290114311069,false,Muller Active יוגורט,מילקו,IL,מולר,גרמים,200.00,100 גרם,false,,5.50,0.0275,true,1,70941
7290114311076,false,מולר חמאה עם שום 200,מולר,IL,מולר חמאה עם שום 200,גרמים,200.00,100 גרם,false,,11.90,0.0595,true,1,79448
7290114311298,false,Muller Froop תות 150,טרה,IL,MULLER,גרמים,150.00,100 גרם,false,,4.80,0.0320,true,1,82958
7290114311304,false,Muller Froop מנגו פס,טרה,IL,MULLER,גרמים,150.00,100 גרם,false,,4.80,0.0320,true,1,82959
7290114311359,false,Muller Froop תות 150,טרה,IL,MULLER,גרמים,150.00,100 גרם,false,,4.80,0.0320,true,1,82960
7290114311458,false,חלב3 ליטר מועשר ויטמ,טרה,IL,חלב טרה,ליטרים,1.00,ליטר,false,,7.40,7.4000,true,1,84135
7290114311496,false,חלב 1 ליטר מועשר 1%,טרה,IL,חלב טרה,ליטרים,1.00,ליטר,false,,7.40,7.4000,true,1,84138
7290114348881,false,סט 6 כוסות זכוכית מע,,,סט 6 כוסות זכוכית מע,יחידה,0.00,יחידה,false,,19.90,0.0000,true,1,72574
7290114600927,false,*מבצע* מאסטר שף עלי,אלקאטי קורביישיסי,TR,מאסטר שף,גרמים,320.00,100 גרם,false,,7.90,0.0247,true,1,65295
7290114600941,false,מאסטר שף מיונז לחיץ,Remia,NL,מאסטר שף,מיליליטרים,435.00,"100 מ""ל",false,,12.90,0.0297,true,1,64128
7290114603508,false,מאסטר שף רוטב להקפצה,סיטי פוד,TH,מנה,מיליליטרים,300.00,"100 מ""ל",false,,7.90,0.0263,true,1,65296
7290114604901,false,מאסטר שף ממרח שום לח,Remia,NL,מאסטר שף,גרמים,444.00,100 גרם,false,,12.90,0.0291,true,1,67492
7290114604925,false,קרם קוקוס לייט מאסטר,תאי קוקנאט קו לטידי,TH,מנה מאסטר שף,מיליליטרים,400.00,"100 מ""ל",false,,8.90,0.0223,true,1,68661
7290114604949,false,*מבצע* רוטב ברביקיו,Remia,NL,*מבצע* רוטב ברביקיו,גרמים,524.00,100 גרם,false,,10.90,0.0208,true,1,67486
7290114604963,false,מאסטר שף פירורים מתו,EinatFood,IL,מנה,גרמים,230.00,100 גרם,false,,6.90,0.0300,true,1,67092
7290114606530,false,מאסטר שף רוטב בטעם מ,Remia,NL,מאסטר שף,גרמים,515.00,100 גרם,false,,12.90,0.0250,true,1,67493
7290114606547,false,מאסטר שף מיונז עם פט,Remia,NL,מאסטר שף,גרמים,242.00,100 גרם,false,,12.90,0.0533,true,1,67494
7290114606561,false,אטריות אורז דקות מאס,ליינג טונג רייס פלוו,TH,מנה מאסטר שף,גרמים,400.00,100 גרם,false,,7.90,0.0198,true,1,68662
7290114606578,false,שקדי מרק מאסטר שף 40,מנה,IL,שקדי מרק מאסטר שף 40,גרמים,400.00,100 גרם,false,,10.90,0.0273,true,1,68438
7290114608695,false,מיונז עם ווסאבי לחיץ,Remia,NL,מאסטר שף,גרמים,241.00,100 גרם,false,,12.90,0.0535,true,1,68663
7290114651462,false,באנר שרשרת אותיות 3מ,,,באנר שרשרת אותיות 3מ,יחידה,0.00,יחידה,false,,10.90,0.0000,true,1,78938
7290114654135,false,קישוט לעוגה כוכב פלס,,,קישוט לעוגה כוכב פלס,יחידה,0.00,יחידה,false,,7.90,0.0000,true,1,83093
7290114657921,false,נרות לבנים ארוכים עם,,,נרות לבנים ארוכים עם,יחידה,0.00,יחידה,false,,10.00,0.0000,true,1,81202
7290114657938,false,נרות לבנים ארוכים עם,,,נרות לבנים ארוכים עם,יחידה,0.00,יחידה,false,,10.00,0.0000,true,1,81203
7290114658096,false,נרות ארוכים מיקס 6 י,,,נרות ארוכים מיקס 6 י,יחידה,0.00,יחידה,false,,10.90,0.0000,true,1,81209
7290114658119,false,נרות ארוכים מסולסלים,,,נרות ארוכים מסולסלים,יחידה,0.00,יחידה,false,,10.90,0.0000,true,1,81211
7290114966689,false,ערכת בדיקת קורונה אנ,,,ערכת בדיקת קורונה אנ,יח',3.00,יח',false,,21.90,7.3000,true,1,83980
7290114993722,false,"מאג קלאסי 350 מ""ל מס",,,"מאג קלאסי 350 מ""ל מס",יחידה,0.00,יחידה,false,,6.90,0.0000,true,1,73823
7290114993739,false,"מאג אפרופו 295 מ""ל מ",,,"מאג אפרופו 295 מ""ל מ",יחידה,0.00,יחידה,false,,6.90,0.0000,true,1,73824
7290114994217,false,תבנית לעוגה עגולה עם,,,תבנית לעוגה עגולה עם,יחידה,0.00,יחידה,false,,35.00,0.0000,true,1,73865
7290114994224,false,תבנית לעוגה מלבנית ע,,,תבנית לעוגה מלבנית ע,יחידה,0.00,יחידה,false,,35.00,0.0000,true,1,73866
7290114994798,false,משטח סיליקון 50/40 ס,,,משטח סיליקון 50/40 ס,יחידה,0.00,יחידה,false,,25.90,0.0000,true,1,73910
7290114995481,false,סכין חמאה שחור לבן,,,סכין חמאה שחור לבן,יחידה,0.00,יחידה,false,,6.90,0.0000,true,1,73942
7290114995498,false,פורס ביצים פלסטיק שח,,,פורס ביצים פלסטיק שח,יחידה,0.00,יחידה,false,,12.90,0.0000,true,1,73943
7290114995733,false,מסחטת מיץ שחור לבן,,,מסחטת מיץ שחור לבן,יחידה,0.00,יחידה,false,,12.90,0.0000,true,1,73956
7290114995771,false,בוזק אבקת סוכר שחור,,,בוזק אבקת סוכר שחור,יחידה,0.00,יחידה,false,,10.90,0.0000,true,1,73960
7290114995788,false,קולפן שחור לבן,,,קולפן שחור לבן,יחידה,0.00,יחידה,false,,12.90,0.0000,true,1,73961
7290114995801,false,חותכן פיצה ענק שחור,,,חותכן פיצה ענק שחור,יחידה,0.00,יחידה,false,,12.90,0.0000,true,1,73963
7290114995832,false,סכין קילוף שחור לבן,,,סכין קילוף שחור לבן,יחידה,0.00,יחידה,false,,2.90,0.0000,true,1,73966
7290114995856,false,מטרפה ולקקן שחור לבן,,,מטרפה ולקקן שחור לבן,יחידה,0.00,יחידה,false,,12.90,0.0000,true,1,73968
7290114996310,false,קולפן דגם דניאל שחור,,,קולפן דגם דניאל שחור,יחידה,0.00,יחידה,false,,6.90,0.0000,true,1,73997
7290114996334,false,פומפיה נירוסטה 9 אינ,,,פומפיה נירוסטה 9 אינ,יחידה,0.00,יחידה,false,,19.90,0.0000,true,1,73999
7290114996532,false,סבוניה לסבון מוצק סד,,,סבוניה לסבון מוצק סד,יחידה,0.00,יחידה,false,,12.90,0.0000,true,1,74018
7290114996549,false,מברשת שירותים סדרת ב,,,מברשת שירותים סדרת ב,יחידה,0.00,יחידה,false,,29.90,0.0000,true,1,74019
7290114997645,false,בול פינוקי חלק 450 מ,,,בול פינוקי חלק 450 מ,יחידה,0.00,יחידה,false,,6.90,0.0000,true,1,74114
7290114999182,false,כף עץ שטוחה במבוק,,,כף עץ שטוחה במבוק,יחידה,0.00,יחידה,false,,5.90,0.0000,true,1,74251
7290114999618,false,מזלג עץ מבמבוק,,,מזלג עץ מבמבוק,יחידה,0.00,יחידה,false,,5.90,0.0000,true,1,74266
7290114999625,false,תרווד עץ מבמבוק,,,תרווד עץ מבמבוק,יחידה,0.00,יחידה,false,,5.90,0.0000,true,1,74267
7290115032604,false,מכחול הקסם גנרי,,,מכחול הקסם גנרי,יחידה,0.00,יחידה,false,,20.00,0.0000,true,1,85134
7290115072297,false,בקבוק פלסטיק עם פייה,,,בקבוק פלסטיק עם פייה,יחידה,0.00,יחידה,false,,12.90,0.0000,true,1,84668
7290115072457,false,קערה עם קש 3 יחידות,,,קערה עם קש 3 יחידות,יחידה,0.00,יחידה,false,,12.90,0.0000,true,1,86064
7290115073676,false,מסכות 50 יח',,,מסכות 50 יח',יח',50.00,יח',false,,7.90,0.1580,true,1,68122
7290115200003,false,פתי בר פינוקי וניל 2,אסם,PL,אסם,גרמים,220.00,100 גרם,false,,9.90,0.0450,true,1,64785
7290115200027,false,פתי בר פינוקי שוקו 2,אסם,PL,אסם,גרמים,220.00,100 גרם,false,,9.90,0.0450,true,1,64786
7290115200676,false,קרמוגית במילוי קרמל,אסם,IL,אסם,גרמים,200.00,100 גרם,false,,9.90,0.0495,true,1,65419
7290115200713,false,מארז במבה 5*50 גרם,,IL,מארז במבה 5*50 גרם,גרמים,250.00,100 גרם,false,,11.90,0.0476,true,1,64787
7290115200782,false,חמישיית פיתות מאפית,,,חמישיית פיתות מאפית,יח,5.00,יח,false,,6.90,1.3800,true,1,70806
7290115201031,false,פתי בר דובי שוקולד 1,אסם,PL,אסם,גרמים,175.00,100 גרם,false,,9.90,0.0566,true,1,67099
7290115201680,false,ביסלי ברביקיו 70 גרם,אסם,IL,ביסלי,גרמים,67.00,100 גרם,false,,3.90,0.0582,true,1,65382
7290115201703,false,ביסלי ברביקיו 200 גר,אסם,IL,ביסלי,גרמים,200.00,100 גרם,false,,6.90,0.0345,true,1,65383
7290115202236,false,טופו קראנצים טבעול 4,טבעול ישראל,IL,טופו קראנצים טבעול 4,גרמים,470.00,100 גרם,false,,29.90,0.0636,true,1,69413
7290115202434,false,חומוס צבר עם זעתר 37,צבר,IL,סלטי צבר,גרמים,375.00,100 גרם,false,,11.90,0.0317,true,1,66846
7290115202786,false,מנה חמה פאוצ' נודלס,אסם,IL,מנה חמה פאוצ' נודלס,גרמים,70.00,100 גרם,false,,3.90,0.0557,true,1,67447
7290115202816,false,מנה חמה פאוצ' נודלס,אסם,IL,מנה חמה פאוצ' נודלס,גרמים,70.00,100 גרם,false,,3.90,0.0557,true,1,67448
7290115202847,false,מנה חמה פאוצ' נודלס,אסם,IL,מנה חמה פאוצ' נודלס,גרמים,70.00,100 גרם,false,,3.90,0.0557,true,1,67449
7290115202939,false,מנה חמה רייס נודלס,תאי פרזידנט מזון,TH,מנה חמה רייס נודלס,גרמים,50.00,100 גרם,false,,6.90,0.1380,true,1,69545
7290115203134,false,פופקו במבה 80 גרם,אסם,IL,פופקו,גרמים,80.00,100 גרם,false,,4.50,0.0563,true,1,67692
7290115203172,false,במבה פרו 80 גרם,אסם,IL,במבה,גרמים,80.00,100 גרם,false,,3.90,0.0487,true,1,84304
7290115203295,false,פסטה פרפקטו ריציאולי,זארה,IT,פרפקטו,גרמים,500.00,100 גרם,false,,9.90,0.0198,true,1,67409
7290115203486,false,פירורית בטעם ביסלי ג,עינת תעשיות מזון אגו,IL,אסם,גרמים,200.00,100 גרם,false,,5.90,0.0295,true,1,67305
7290115203806,false,רוטב בסיסי לבישול 29,אסם,IL,אסם,מיליליטרים,290.00,"100 מ""ל",false,,12.90,0.0445,true,1,68992
7290115203905,false,עשריית פיתות כוסמין,,,עשריית פיתות כוסמין,יח,10.00,יח,false,,15.00,1.5000,true,1,70184
7290115204056,false,קטשופ מופחת סוכר 690,אסם,IL,אסם,גרמים,690.00,100 גרם,false,,9.90,0.0143,true,1,66882
7290115204131,false,סחוג ירוק צבר 190 גר,צבר,IL,סחוג ירוק צבר 190 גר,גרמים,190.00,100 גרם,false,,10.90,0.0574,true,1,70189
7290115204155,false,סחוג אדום צבר 190 גר,צבר,IL,סחוג אדום צבר 190 גר,גרמים,190.00,100 גרם,false,,10.90,0.0574,true,1,70190
7290115204186,false,פסטו 190 גרם,צבר,IL,פסטו 190 גרם,גרמים,190.00,100 גרם,false,,14.90,0.0784,true,1,70191
7290115204247,false,עגבניות מיובשות 190,צבר,IL,עגבניות מיובשות 190,גרמים,190.00,100 גרם,false,,14.90,0.0784,true,1,70192
7290115205176,false,קרקר דק כפרי פיטנס 1,,CO,קרקר דק כפרי פיטנס 1,גרמים,140.00,100 גרם,false,,11.90,0.0850,true,1,69170
7290115205251,false,פיטנס בר פריכיות קרמ,,,פיטנס בר פריכיות קרמ,גרמים,84.00,100 גרם,false,,11.90,0.1417,true,1,85909
7290115205312,false,קרקר דק זיתים פיטנס,,CO,קרקר דק זיתים פיטנס,גרמים,140.00,100 גרם,false,,11.90,0.0850,true,1,80488
7290115205527,false,פיטנס חטיף מולטיגריי,,IL,פיטנס חטיף מולטיגריי,גרמים,25.00,100 גרם,false,,4.90,0.1960,true,1,82740
7290115205541,false,פיטנס חטיף מולטיגריי,,IL,פיטנס חטיף מולטיגריי,גרמים,25.00,100 גרם,false,,4.90,0.1960,true,1,82741
7290115205633,false,נקניקיות טבעול סנסשי,טבעול צ'כיה,,נקניקיות טבעול סנסשי,גרמים,350.00,100 גרם,false,,34.90,0.0997,true,1,70824
7290115205695,false,בצק מצונן לפיצה בונז,נסטלה,CH,בצק מצונן לפיצה בונז,גרמים,510.00,100 גרם,false,,17.90,0.0351,true,1,70300
7290115205718,false,בצק מצונן עלים בונז',נסטלה,CH,בצק מצונן עלים בונז',גרמים,251.00,100 גרם,false,,14.90,0.0594,true,1,70301
7290115205978,false,פתי בר אצבעות שוקולד,אסם,PL,אסם,גרמים,180.00,100 גרם,false,,9.90,0.0550,true,1,70836
7290115206135,false,ארוחת קינואה טבעול ג,טבעול ישראל,IL,ארוחת קינואה טבעול ג,גרמים,450.00,100 גרם,false,,34.90,0.0776,true,1,71197
7290115206173,false,פתי בר קרמל 500 גרם,אסם,IL,אסם,גרמים,500.00,100 גרם,false,,9.90,0.0198,true,1,68455
7290115207484,false,צבר חציל על האש 360,צבר,IL,סלטי צבר,גרמים,360.00,100 גרם,false,,14.90,0.0414,true,1,70093
7290115207507,false,צבר סלט טורקי 360 גר,צבר,IL,סלטי צבר,גרמים,360.00,100 גרם,false,,14.90,0.0414,true,1,70094
7290115207620,false,רוטב סויה קלאסי 290,אסם,IL,אסם,מיליליטרים,290.00,"100 מ""ל",false,,12.90,0.0445,true,1,80497
7290115207682,false,רוטב סויה בסגנון סינ,אסם,IL,אסם,מיליליטרים,330.00,"100 מ""ל",false,,8.90,0.0270,true,1,80499
7290115207798,false,בורגר חריף טבעוני טב,טבעול ישראל,IL,בורגר חריף טבעוני טב,גרמים,420.00,100 גרם,false,,29.90,0.0712,true,1,71408
7290115207941,false,ויטמינציק אננס 1 ליט,אסם,IL,ויטמינציק אננס 1 ליט,ליטרים,1.00,ליטר,false,,21.90,21.9000,true,1,70201
7290115207965,false,ויטמינציק מנגו אפרסק,אסם,IL,ויטמינציק מנגו אפרסק,ליטרים,1.00,ליטר,false,,21.90,21.9000,true,1,70202
7290115207989,false,ויטמינציק לימון 1 לי,אסם,IL,ויטמינציק לימון 1 לי,ליטרים,1.00,ליטר,false,,21.90,21.9000,true,1,70203
7290115208009,false,ויטמינציק ענבים 1 לי,אסם,IL,ויטמינציק ענבים 1 לי,ליטרים,1.00,ליטר,false,,21.90,21.9000,true,1,70204
7290115208047,false,ויטמינציק פטל  1 ליט,אסם,IL,ויטמינציק פטל  1 ליט,ליטרים,1.00,ליטר,false,,21.90,21.9000,true,1,70205
7290115208061,false,ויטמינציק תפוח 1 ליט,אסם,IL,ויטמינציק תפוח 1 ליט,ליטרים,1.00,ליטר,false,,21.90,21.9000,true,1,70206
7290115208344,false,בייגלה כפיות שמנת בצ,אסם,IL,אסם,גרמים,300.00,100 גרם,false,,10.90,0.0363,true,1,84320
7290115208597,false,קרמוגית מיניס קרמל מ,אסם,IL,אסם,גרמים,200.00,100 גרם,false,,9.90,0.0495,true,1,82938
7290115208801,false,לחמית דבש ואגוזים 19,אסם,IL,לחמית,גרמים,190.00,100 גרם,false,,9.90,0.0521,true,1,84321
7290115209198,false,במבה אוורירית 80 גרם,אסם,IL,במבה,גרמים,80.00,100 גרם,false,,3.90,0.0487,true,1,82744
7290115209235,false,פתי בר קפה 500 גרם,אסם,IL,אסם,גרמים,500.00,100 גרם,false,,9.90,0.0198,true,1,85911
7290115209600,false,קופון מתנה בצק פיצה/,,,קופון מתנה בצק פיצה/,יח',1.00,יח',false,,0.01,0.0100,true,1,70963
7290115405774,false,פחזניות ממולאות בטעם,קפולסקי א.ד.ל.,IL,פחזניות ממולאות בטעם,גרמים,180.00,100 גרם,false,,13.90,0.0772,true,1,81841
7290115405811,false,קינוח אישי גבינה פיר,קפולסקי א.ד.ל.,IL,קפולסקי,גרמים,200.00,100 גרם,false,,14.90,0.0745,true,1,82327
7290115405828,false,קינוח אישי גבינה אוכ,קפולסקי א.ד.ל.,IL,קפולסקי,גרמים,200.00,100 גרם,false,,14.90,0.0745,true,1,82328
7290115640199,false,פתיל צף עגול קטן מוכ,,,פתיל צף עגול קטן מוכ,יחידה,0.00,יחידה,false,,5.00,0.0000,true,1,80715
7290115642186,false,טפט לשיש מעוטר 3 מטר,,,טפט לשיש מעוטר 3 מטר,יחידה,0.00,יחידה,false,,25.90,0.0000,true,1,80725
7290115670691,false,גרנולה שיבולת שועל ע,אמקו ספול אס,CZ,גרנולה שיבולת שועל ע,גרמים,400.00,100 גרם,false,,13.90,0.0348,true,1,69543
7290115670707,false,גרנולה שוקולד ואגוזי,אמקו ספול אס,CZ,גרנולה שוקולד ואגוזי,גרמים,400.00,100 גרם,false,,13.90,0.0348,true,1,67352
7290115671155,false,שלשיית סוכריות פרש ע,הליקון גידה,TR,עלית,גרמים,45.00,100 גרם,false,,7.90,0.1756,true,1,70021
7290115671223,false,צנצנת מסטיק מאסט פאן,שטראוס גרופ,IL,עלית,גרמים,58.00,100 גרם,false,,9.90,0.1707,true,1,70022
7290115671339,false,מיני פינוקיות בראוני,הגביע,IL,עלית,גרמים,180.00,100 גרם,false,,9.90,0.0550,true,1,69982
7290115671346,false,מיני פינוקיות טופי ק,הגביע,IL,עלית,גרמים,180.00,100 גרם,false,,9.90,0.0550,true,1,69980
7290115671353,false,מיני פינוקיות שחור ל,הגביע,IL,עלית,גרמים,180.00,100 גרם,false,,9.90,0.0550,true,1,69983
7290115675559,false,קפה טורקי לדרך עלית,שטראוס קפה בי.וי,IL,קפה טורקי לדרך עלית,גרמים,70.00,100 גרם,false,,8.90,0.1271,true,1,70330
7290115675696,false,*מבצע* קוואקר אגוזים,BEVERAGES FOODS & SE,US,קוואקר,גרמים,375.00,100 גרם,false,,16.90,0.0451,true,1,68137
7290115675702,false,*מבצע* קוואקר פירות,BEVERAGES FOODS & SE,US,קוואקר,גרמים,375.00,100 גרם,false,,16.90,0.0451,true,1,68138
7290115675986,false,דנונה בר עם אגוזים מ,שטראוס גרופ,IL,שטראוס,גרמים,173.00,100 גרם,false,,4.30,0.0249,true,1,66144
7290115676037,false,דנונה ריפרש תות דומד,שטראוס,IL,דנונה ריפרש תות דומד,גרמים,250.00,100 גרם,false,,5.50,0.0220,true,1,67564
7290115676051,false,"משקה אקטיביה עם ש""ש",שטראוס גרופ,IL,שטראוס,גרמים,265.00,100 גרם,false,,4.90,0.0185,true,1,69096
7290115676082,false,משקה דנונה פרו 20 תו,שטראוס,IL,משקה דנונה פרו 20 תו,גרמים,255.00,100 גרם,false,,6.90,0.0271,true,1,67567
7290115676099,false,משקה דנונה פרו 20 ונ,שטראוס,IL,משקה דנונה פרו 20 ונ,גרמים,255.00,100 גרם,false,,6.90,0.0271,true,1,67568
7290115677089,false,קונפיטורת תפוח וקינמ,"בית אל מזון בע""מ",IL,יד מרדכי,גרמים,340.00,100 גרם,false,,11.90,0.0350,true,1,68406
7290115677140,false,תפוציפס wavy פפריקה,שטראוס פריטו ליי (מל,IL,עלית,גרמים,200.00,100 גרם,false,,9.90,0.0495,true,1,86657
7290115677362,false,*מבצע* דלישס נודלס ט,ניר עציון,IL,*מבצע* דלישס נודלס ט,גרמים,350.00,100 גרם,false,,21.90,0.0626,true,1,69348
7290115677966,false,ממרח אבוקדו,ג'י. אר. סימפלוט,MX,ממרח אבוקדו,גרמים,200.00,100 גרם,false,,14.90,0.0745,true,1,68686
7290115678222,false,מארז יוגורט יווני שמ,שטראוס,IL,מארז יוגורט יווני שמ,גרמים,1040.00,100 גרם,false,,24.90,0.0239,true,1,67569
7290115678376,false,מעדן הגולן שוקולד 12,שטראוס,IL,מעדן הגולן שוקולד 12,גרמים,125.00,100 גרם,false,,2.90,0.0232,true,1,68241
7290115678383,false,מעדן הגולן שוקולד מר,שטראוס,IL,מעדן הגולן שוקולד מר,גרמים,125.00,100 גרם,false,,2.90,0.0232,true,1,68242
7290115678598,false,חסה אייסברג חתוך גס,שטראוס גרופ,IL,שטראוס,גרמים,300.00,100 גרם,false,,9.90,0.0330,true,1,69104
7290115678635,false,נשנושי גבינה 16% עם,טבע עז,IL,נשנושי גבינה 16% עם,גרמים,67.00,100 גרם,false,,9.90,0.1478,true,1,82956
7290115678970,false,שלישיית סוכריות בטעם,הליקון גידה,TR,שלישיית סוכריות בטעם,גרמים,45.00,100 גרם,false,,8.90,0.1978,true,1,68407
7290115730616,false,מיני מזלגוני קוקטייל,,,מיני מזלגוני קוקטייל,יחידה,0.00,יחידה,false,,5.90,0.0000,true,1,87070
7290115730876,false,ליקר ניאון 2OZ איכות,,,ליקר ניאון 2OZ איכות,יחידה,0.00,יחידה,false,,7.90,0.0000,true,1,87071
7290115730937,false,כוס מעוטר צבעוני 300,,,כוס מעוטר צבעוני 300,יחידה,0.00,יחידה,false,,12.90,0.0000,true,1,81687
7290115731200,false,פלייסמנט נייר עיתון,,,פלייסמנט נייר עיתון,יחידה,0.00,יחידה,false,,5.90,0.0000,true,1,87072
7290115731347,false,קערות אובליות עמוקות,,,קערות אובליות עמוקות,יחידה,0.00,יחידה,false,,7.90,0.0000,true,1,87075
7290115731828,false,שיפודי יקיטורי גדולי,,,שיפודי יקיטורי גדולי,יחידה,0.00,יחידה,false,,5.90,0.0000,true,1,80556
7290115732740,false,קערה 12 זהב נצנצים,,,קערה 12 זהב נצנצים,יחידה,0.00,יחידה,false,,15.90,0.0000,true,1,78702
7290115732757,false,קערה 12 כסף נצנצים,,,קערה 12 כסף נצנצים,יחידה,0.00,יחידה,false,,15.90,0.0000,true,1,78703
7290115733778,false,מזלג מוכסף סטיקס-אר',,,מזלג מוכסף סטיקס-אר',יחידה,0.00,יחידה,false,,5.90,0.0000,true,1,87076
7290115733792,false,כף מוכסף סטיקס-אר' 1,,,כף מוכסף סטיקס-אר' 1,יחידה,0.00,יחידה,false,,5.90,0.0000,true,1,87078
7290115734911,false,מקלות עץ 1.5 מטר (S),,,מקלות עץ 1.5 מטר (S),יחידה,0.00,יחידה,false,,6.90,0.0000,true,1,87080
7290115736878,false,מקל מתכת 1.5 מ' אפור,,,מקל מתכת 1.5 מ' אפור,יחידה,0.00,יחידה,false,,6.90,0.0000,true,1,87081
7290115738261,false,קערות קראפט+מכסים 50,,,קערות קראפט+מכסים 50,יחידה,0.00,יחידה,false,,10.90,0.0000,true,1,87082
7290115772661,false,גורס פלפל זכוכית,,,גורס פלפל זכוכית,יחידה,0.00,יחידה,false,,10.90,0.0000,true,1,72608
7290115773644,false,סבוניה דגם אושר,,,סבוניה דגם אושר,יחידה,0.00,יחידה,false,,20.90,0.0000,true,1,72610
7290115774092,false,מאג לבן עם דקור צבעו,,,מאג לבן עם דקור צבעו,יחידה,0.00,יחידה,false,,6.90,0.0000,true,1,72647
7290115774177,false,קופסא פח עגולה 19.7,,,קופסא פח עגולה 19.7,יחידה,0.00,יחידה,false,,15.90,0.0000,true,1,72651
7290115774313,false,"דלי מעוצב 12*18 ס""מ",,,"דלי מעוצב 12*18 ס""מ",יחידה,0.00,יחידה,false,,4.00,0.0000,true,1,72653
7290115774627,false,תרמוס 1 ליטר עיצוב ד,,,תרמוס 1 ליטר עיצוב ד,יחידה,0.00,יחידה,false,,30.00,0.0000,true,1,72675
7290115775037,false,קופסא פח עגולה 19.7,,,קופסא פח עגולה 19.7,יחידה,0.00,יחידה,false,,15.90,0.0000,true,1,72706
7290115776041,false,כוס תרמית נירוסטה דג,,,כוס תרמית נירוסטה דג,יחידה,0.00,יחידה,false,,15.90,0.0000,true,1,72750
7290115776768,false,"צלחת עוגה 15 ס""מ",,,"צלחת עוגה 15 ס""מ",יחידה,0.00,יחידה,false,,5.90,0.0000,true,1,77388
7290115777260,false,קערית לבנה מרובעת 16,,,קערית לבנה מרובעת 16,יחידה,0.00,יחידה,false,,5.90,0.0000,true,1,85734
7290115778304,false,מאג לבן ללא דקור 331,,,מאג לבן ללא דקור 331,יחידה,0.00,יחידה,false,,5.90,0.0000,true,1,85740
7290115951127,false,א- שחור וינטג' מזלג,,,א- שחור וינטג' מזלג,יחידה,0.00,יחידה,false,,5.00,0.0000,true,1,78520
7290115951134,false,א- שחור וינטג' סכין,,,א- שחור וינטג' סכין,יחידה,0.00,יחידה,false,,5.00,0.0000,true,1,78521
7290115951141,false,א- שחור וינטג' כף לי,,,א- שחור וינטג' כף לי,יחידה,0.00,יחידה,false,,5.00,0.0000,true,1,78522
7290115951189,false,ב- ורוד וינטג' כף לי,,,ב- ורוד וינטג' כף לי,יחידה,0.00,יחידה,false,,5.00,0.0000,true,1,79276
7290115951240,false,ט- קרם וינטג' מזלג ל,,,ט- קרם וינטג' מזלג ל,יחידה,0.00,יחידה,false,,5.00,0.0000,true,1,78524
7290115951257,false,ט- קרם וינטג' סכין ל,,,ט- קרם וינטג' סכין ל,יחידה,0.00,יחידה,false,,5.00,0.0000,true,1,78525
7290115951264,false,ט- קרם וינטג' כף ליי,,,ט- קרם וינטג' כף ליי,יחידה,0.00,יחידה,false,,5.00,0.0000,true,1,78526
7290115951363,false,ו- לבן וינטג' מזלג ל,,,ו- לבן וינטג' מזלג ל,יחידה,0.00,יחידה,false,,5.00,0.0000,true,1,78528
7290115951370,false,ו- לבן וינטג' סכין ל,,,ו- לבן וינטג' סכין ל,יחידה,0.00,יחידה,false,,5.00,0.0000,true,1,78529
7290115951387,false,ו- לבן וינטג' כף ליי,,,ו- לבן וינטג' כף ליי,יחידה,0.00,יחידה,false,,5.00,0.0000,true,1,78530
7290115951394,false,ו- לבן וינטג' כפית ל,,,ו- לבן וינטג' כפית ל,יחידה,0.00,יחידה,false,,5.00,0.0000,true,1,78531
7290115952339,false,מפיות נפקינג מובלטות,,,מפיות נפקינג מובלטות,יחידה,0.00,יחידה,false,,5.90,0.0000,true,1,78538
7290115952384,false,גליל מפה לבנה 1.40*1,,,גליל מפה לבנה 1.40*1,יחידה,0.00,יחידה,false,,39.90,0.0000,true,1,86692
7290115953510,false,מפה מובלטת קרם 274*1,,,מפה מובלטת קרם 274*1,יחידה,0.00,יחידה,false,,10.90,0.0000,true,1,78539
7290115953527,false,מפה מובלטת כסף 274*1,,,מפה מובלטת כסף 274*1,יחידה,0.00,יחידה,false,,10.90,0.0000,true,1,78540
7290115953541,false,פמפס צבע ורוד,,,פמפס צבע ורוד,יחידה,0.00,יחידה,false,,25.90,0.0000,true,1,81799
7290115953978,false,09- מפית דגם קלאסיק,,,09- מפית דגם קלאסיק,יחידה,0.00,יחידה,false,,7.90,0.0000,true,1,78541
7290115953992,false,08 - מפית דגם קלאסיק,,,08 - מפית דגם קלאסיק,יחידה,0.00,יחידה,false,,7.90,0.0000,true,1,78542
7290115955590,false,מגש אובלי סוהו לבן*,,,מגש אובלי סוהו לבן*,יחידה,0.00,יחידה,false,,10.90,0.0000,true,1,82475
7290116240077,false,כוס שתיה דופן כפולה,,,כוס שתיה דופן כפולה,יחידה,0.00,יחידה,false,,19.90,0.0000,true,1,86071
7290116244907,false,סוכריות קישוט 8יח במ,,,סוכריות קישוט 8יח במ,יחידה,0.00,יחידה,false,,23.00,0.0000,true,1,83119
7290116248233,false,מפיות נייר 2 שכ 33X3,,,מפיות נייר 2 שכ 33X3,יחידה,0.00,יחידה,false,,10.00,0.0000,true,1,79656
7290116248271,false,באנר שרשרת משולשים 2,,,באנר שרשרת משולשים 2,יחידה,0.00,יחידה,false,,10.90,0.0000,true,1,78992
7290116304489,false,טאץ מיני מרקר גלידה,,,טאץ מיני מרקר גלידה,יחידה,0.00,יחידה,false,,15.90,0.0000,true,1,83296
7290116421513,false,דובי גאומטרי מטאלי 9,,,דובי גאומטרי מטאלי 9,יחידה,0.00,יחידה,false,,24.90,0.0000,true,1,77683
7290116422398,false,פלייסמנט עגול דגם שי,,,פלייסמנט עגול דגם שי,יחידה,0.00,יחידה,false,,12.90,0.0000,true,1,84690
7290116423609,false,פודל דקורטיבי זהב וכ,,,פודל דקורטיבי זהב וכ,יחידה,0.00,יחידה,false,,19.90,0.0000,true,1,77702
7290116425443,false,דג זהב כסף ורוז גולד,,,דג זהב כסף ורוז גולד,יחידה,0.00,יחידה,false,,12.90,0.0000,true,1,84699
7290116530062,false,הלמנ'ס רוטב ויניגרט,אתר חיפה ממרחים - Fo,IL,HELLMANNS,גרמים,295.00,100 גרם,false,,9.90,0.0336,true,1,67956
7290116530185,false,*מבצע* דלישקד תלמה 4,אתר שפע - Food,IL,TELMA,גרמים,400.00,100 גרם,false,,19.90,0.0497,true,1,68494
7290116530482,false,מארז קורנפלקס של אלו,תלמה,IL,מארז קורנפלקס של אלו,גרמים,150.00,100 גרם,false,,12.90,0.0860,true,1,68495
7290116530871,false,נשנושים מיקס 240 גרם,אתר בייגל - Food,IL,B&B,גרמים,240.00,100 גרם,false,,11.90,0.0496,true,1,67251
7290116531045,false,דליפקאן ללא גלוטן כש,מולינו ניקולי,IT,דליפקאן ללא גלוטן כש,גרמים,350.00,100 גרם,false,,21.90,0.0626,true,1,71186
7290116531069,false,*מבצע* מרק בצל קנור,יוניליוור,IL,*מבצע* מרק בצל קנור,גרמים,225.00,100 גרם,false,,14.90,0.0662,true,1,69927
7290116531083,false,ברנפלקס ללא תוספת סו,אתר שפע - Food,IL,TELMA,גרמים,500.00,100 גרם,false,,19.90,0.0398,true,1,69261
7290116531090,false,חטיף אפוי במליחות עד,בייגל את בייגל מזון,IL,חטיף אפוי במליחות עד,גרמים,250.00,100 גרם,false,,9.90,0.0396,true,1,69929
7290116531496,false,דגנים פריכים מצופים,נבסיז,LT,דגנים פריכים מצופים,גרמים,375.00,100 גרם,false,,19.90,0.0531,true,1,71241
7290116531564,false,מאגדת פתית פריכיות ק,גוד פוד פרודקטס,PL,מאגדת פתית פריכיות ק,גרמים,150.00,100 גרם,false,,11.90,0.0793,true,1,70072
7290116531793,false,רוטב לסלט קיסר הלמנ',אתר חיפה ממרחים - Fo,IL,HELLMANNS,גרמים,295.00,100 גרם,false,,9.90,0.0336,true,1,69262
7290116531892,false,רוטב ברביקיו מעושן י,אתר חיפה  778 - Food,IL,KNORR,גרמים,350.00,100 גרם,false,,9.90,0.0283,true,1,71238
7290116531939,false,גלידונית בטעם תות 60,גלידות שטראוס,IL,קרמיסימו,מיליליטרים,955.00,"100 מ""ל",false,,49.90,0.0523,true,1,80860
7290116532011,false,קליק חטיף נוגט 35 גר,אתר צפת חטיפים - Foo,IL,KLIK,גרמים,35.00,100 גרם,false,,3.90,0.1114,true,1,71101
7290116532219,false,קורנפלקס תות 448 גרם,אתר שפע - Food,IL,TELMA,גרמים,448.00,100 גרם,false,,17.90,0.0400,true,1,80539
7290116532240,false,קליק טבלאות עם שוקול,,,קליק טבלאות עם פצפוצים,גרמים,85.00,100 גרם,false,,4.90,0.0576,true,1,80540
7290116532479,false,גלידת פיינט קליק שוק,גלידות שטראוס,IL,גלידת פיינט קליק שוק,מיליליטרים,520.00,"100 מ""ל",false,,21.90,0.0421,true,1,82490
7290116532486,false,גלידת פיינט קליק וני,גלידות שטראוס,IL,גלידת פיינט קליק וני,מיליליטרים,520.00,"100 מ""ל",false,,21.90,0.0421,true,1,82491
7290116532721,false,הלמנס לסלט לימון וזע,אתר חיפה ממרחים - Fo,IL,HELLMANNS,גרמים,295.00,100 גרם,false,,9.90,0.0336,true,1,84439
7290116533063,false,שוגי קרטיב ענבים 400,אתר שפע - Food,IL,TELMA,גרמים,400.00,100 גרם,false,,19.90,0.0497,true,1,82031
7290116533216,false,*מבצע* מרק ירקות קנו,יוניליוור,IL,*מבצע* מרק ירקות קנו,גרמים,235.00,100 גרם,false,,14.90,0.0634,true,1,84441
7290116700298,false,מברשת למנגל 30.5 ס״מ,,,מברשת למנגל 30.5 ס״מ,יחידה,0.00,יחידה,false,,12.90,0.0000,true,1,74324
7290116700533,false,חותך ירקות בצורות -,,,חותך ירקות בצורות -,יחידה,0.00,יחידה,false,,12.90,0.0000,true,1,74336
7290116700625,false,פעמון עוגה ומגש 28/9,,,פעמון עוגה ומגש 28/9,יחידה,0.00,יחידה,false,,55.00,0.0000,true,1,74345
7290116700755,false,צלחת סטייק קוטר 25 ס,,,צלחת סטייק קוטר 25 ס,יחידה,0.00,יחידה,false,,25.90,0.0000,true,1,74352
7290116700823,false,סט 5 חותכני נירוסטה,,,סט 5 חותכני נירוסטה,יחידה,0.00,יחידה,false,,12.90,0.0000,true,1,85932
7290116701370,false,סבוניה דגם פריז,,,סבוניה דגם פריז,יחידה,0.00,יחידה,false,,12.90,0.0000,true,1,74395
7290116701387,false,כוס למברשת שיניים דג,,,כוס למברשת שיניים דג,יחידה,0.00,יחידה,false,,10.90,0.0000,true,1,74396
7290116701431,false,סט כלי במבוק 30 סמ,,,סט כלי במבוק 30 סמ,יחידה,0.00,יחידה,false,,19.90,0.0000,true,1,82000
7290116701790,false,מצקת דגם סילבר ליין.,,,מצקת דגם סילבר ליין.,יחידה,0.00,יחידה,false,,5.90,0.0000,true,1,74418
7290116701967,false,פקק אוניברסלי,,,פקק אוניברסלי,יחידה,0.00,יחידה,false,,6.90,0.0000,true,1,85933
7290116702155,false,"סכין סנטוקו ""7 דגם מ",,,"סכין סנטוקו ""7 דגם מ",יחידה,0.00,יחידה,false,,25.00,0.0000,true,1,82001
7290116702209,false,משחיז סכינים גדול דג,,,משחיז סכינים גדול דג,יחידה,0.00,יחידה,false,,35.00,0.0000,true,1,81572
7290116702230,false,ריביירה מסדרת דליקטס,,,ריביירה מסדרת דליקטס,יחידה,0.00,יחידה,false,,4.00,0.0000,true,1,79506
7290116702292,false,משטח סיליקון 70/50 ס,,,משטח סיליקון 70/50 ס,יחידה,0.00,יחידה,false,,55.00,0.0000,true,1,81573
7290116702308,false,משטח סיליקון 50/40 ס,,,משטח סיליקון 50/40 ס,יחידה,0.00,יחידה,false,,25.90,0.0000,true,1,79507
7290116702322,false,"בקבוק לרטבים 400 מ""ל",,,"בקבוק לרטבים 400 מ""ל",יחידה,0.00,יחידה,false,,6.90,0.0000,true,1,82782
7290116702445,false,כותש שום מחוזק.,,,כותש שום מחוזק.,יחידה,0.00,יחידה,false,,29.90,0.0000,true,1,85469
7290116702490,false,מגש בוצ'ר עם רגליים,,,מגש בוצ'ר עם רגליים,יחידה,0.00,יחידה,false,,20.90,0.0000,true,1,79508
7290116702506,false,מגש בוצ'ר עם רגליים,,,מגש בוצ'ר עם רגליים,יחידה,0.00,יחידה,false,,25.90,0.0000,true,1,79509
7290116702513,false,מגש בוצ'ר עם רגליים,,,מגש בוצ'ר עם רגליים,יחידה,0.00,יחידה,false,,30.00,0.0000,true,1,79510
7290116702728,false,סט 3 רינגים נירוסטה.,,,סט 3 רינגים נירוסטה.,יחידה,0.00,יחידה,false,,12.90,0.0000,true,1,86557
7290116702810,false,שפכטל רחב לעוגה.,,,שפכטל רחב לעוגה.,יחידה,0.00,יחידה,false,,12.90,0.0000,true,1,81162
7290116702841,false,קולפן 3 מצבים.,,,קולפן 3 מצבים.,יחידה,0.00,יחידה,false,,12.90,0.0000,true,1,81569
7290116702858,false,כף גלידה קפיץ מפלסטי,,,כף גלידה קפיץ מפלסטי,יחידה,0.00,יחידה,false,,10.90,0.0000,true,1,85509
7290116702865,false,מסננת כיור סיליקון.,,,מסננת כיור סיליקון.,יחידה,0.00,יחידה,false,,12.90,0.0000,true,1,83762
7290116702902,false,סט 6 סכינים ידית שחו,,,סט 6 סכינים ידית שחו,יחידה,0.00,יחידה,false,,12.90,0.0000,true,1,86559
7290116702933,false,סט 6 סכינים ידית כחו,,,סט 6 סכינים ידית כחו,יחידה,0.00,יחידה,false,,12.90,0.0000,true,1,87243
7290116702988,false,סכומון פלסטיק דגם הד,,,סכומון פלסטיק דגם הד,יחידה,0.00,יחידה,false,,19.90,0.0000,true,1,81141
7290116703008,false,קולפן ידית פלסטיק דג,,,קולפן ידית פלסטיק דג,יחידה,0.00,יחידה,false,,7.90,0.0000,true,1,85518
7290116703077,false,מסננת תה שחור לבן,,,מסננת תה שחור לבן,יחידה,0.00,יחידה,false,,12.90,0.0000,true,1,82788
7290116703176,false,סבוניה אקרילית לסבון,,,סבוניה אקרילית לסבון,יחידה,0.00,יחידה,false,,6.90,0.0000,true,1,81164
7290116703183,false,מחזיק סקוץ' אקרילי.,,,מחזיק סקוץ' אקרילי.,יחידה,0.00,יחידה,false,,6.90,0.0000,true,1,81165
7290116703251,false,כף בישול ארוכה מפלסט,,,כף בישול ארוכה מפלסט,יחידה,0.00,יחידה,false,,6.90,0.0000,true,1,85521
7290116703268,false,כף בישול ארוכה מפלסט,,,כף בישול ארוכה מפלסט,יחידה,0.00,יחידה,false,,5.90,0.0000,true,1,79515
7290116703275,false,לקקן סיליקון.,,,לקקן סיליקון.,יחידה,0.00,יחידה,false,,6.90,0.0000,true,1,81576
7290116703282,false,לקקן סיליקון שחור לב,,,לקקן סיליקון שחור לב,יחידה,0.00,יחידה,false,,5.90,0.0000,true,1,81577
7290116703305,false,מברשת עוגה סיליקון ש,,,מברשת עוגה סיליקון ש,יחידה,0.00,יחידה,false,,6.90,0.0000,true,1,83760
7290116703367,false,חותך פיצה+עוגיות דגם,,,חותך פיצה+עוגיות דגם,יחידה,0.00,יחידה,false,,10.90,0.0000,true,1,85505
7290116703381,false,תפוחן דגם שף.,,,תפוחן דגם שף.,יחידה,0.00,יחידה,false,,12.90,0.0000,true,1,81568
7290116703435,false,קולפן מנירוסטה דגם ש,,,קולפן מנירוסטה דגם ש,יחידה,0.00,יחידה,false,,10.90,0.0000,true,1,85517
7290116703459,false,קולפן דגם דניאל.,,,קולפן דגם דניאל.,יחידה,0.00,יחידה,false,,6.90,0.0000,true,1,81168
7290116703473,false,כפפה מסיליקון דגם תנ,,,כפפה מסיליקון דגם תנ,יחידה,0.00,יחידה,false,,12.90,0.0000,true,1,85522
7290116703527,false,מצקת מחוררת דגם דליש,,,מצקת מחוררת דגם דליש,יחידה,0.00,יחידה,false,,12.90,0.0000,true,1,74435
7290116703534,false,תרווד דגם דליש'ס,,,תרווד דגם דליש'ס,יחידה,0.00,יחידה,false,,12.90,0.0000,true,1,74436
7290116703633,false,מגנט לסכינים.,,,מגנט לסכינים.,יחידה,0.00,יחידה,false,,25.00,0.0000,true,1,81144
7290116703671,false,סט 10 שקיות זילוף 36,,,סט 10 שקיות זילוף 36,יחידה,0.00,יחידה,false,,6.90,0.0000,true,1,86561
7290116703732,false,פותחן מלצרים.,,,פותחן מלצרים.,יחידה,0.00,יחידה,false,,12.90,0.0000,true,1,81146
7290116703749,false,צובתן למעמול.,,,צובתן למעמול.,יחידה,0.00,יחידה,false,,5.90,0.0000,true,1,81170
7290116703756,false,כף סינון נירוסטה דגם,,,כף סינון נירוסטה דגם,יחידה,0.00,יחידה,false,,12.90,0.0000,true,1,81171
7290116703770,false,כף חלוקה נירוסטה דגם,,,כף חלוקה נירוסטה דגם,יחידה,0.00,יחידה,false,,12.90,0.0000,true,1,81173
7290116703800,false,"מסננת נירוסטה 7 ס""מ.",,,"מסננת נירוסטה 7 ס""מ.",יחידה,0.00,יחידה,false,,6.90,0.0000,true,1,86563
7290116704142,false,סט 6 כפיות דגם ניר.,,,סט 6 כפיות דגם ניר.,יחידה,0.00,יחידה,false,,5.90,0.0000,true,1,86564
7290116704227,false,מחליק ומישר עוגה,,,מחליק ומישר עוגה,יחידה,0.00,יחידה,false,,5.90,0.0000,true,1,82006
7290116704319,false,מערוך עץ למופלטה 18.,,,מערוך עץ למופלטה 18.,יחידה,0.00,יחידה,false,,19.90,0.0000,true,1,81175
7290116704340,false,סט לקקני סיליקון מסד,,,סט לקקני סיליקון מסד,יחידה,0.00,יחידה,false,,15.90,0.0000,true,1,85843
7290116704364,false,סט מברשות סיליקון מס,,,סט מברשות סיליקון מס,יחידה,0.00,יחידה,false,,15.90,0.0000,true,1,85845
7290116704388,false,סט לקקני סיליקון איכ,,,סט לקקני סיליקון איכ,יחידה,0.00,יחידה,false,,15.90,0.0000,true,1,85846
7290116704487,false,סבוניה למטבח דגם מור,,,סבוניה למטבח דגם מור,יחידה,0.00,יחידה,false,,15.90,0.0000,true,1,85849
7290116704654,false,כף בישול מחורצת Mama,,,כף בישול מחורצת Mama,יחידה,0.00,יחידה,false,,12.90,0.0000,true,1,85471
7290116704661,false,מצקת Mama's Kitchen,,,מצקת Mama's Kitchen,יחידה,0.00,יחידה,false,,12.90,0.0000,true,1,85507
7290116704685,false,כף בישול Mama's Kitc,,,כף בישול Mama's Kitc,יחידה,0.00,יחידה,false,,12.90,0.0000,true,1,85524
7290116704692,false,תרווד מחורץ Mama's K,,,תרווד מחורץ Mama's K,יחידה,0.00,יחידה,false,,12.90,0.0000,true,1,85511
7290116704708,false,מטרפה Mama's Kitchen,,,מטרפה Mama's Kitchen,יחידה,0.00,יחידה,false,,12.90,0.0000,true,1,85525
7290116704890,false,מסננת נירוסטה לכיור,,,מסננת נירוסטה לכיור,יחידה,0.00,יחידה,false,,10.90,0.0000,true,1,86566
7290116705194,false,צלחת הגשה מסדרת מלכו,,,צלחת הגשה מסדרת מלכו,יחידה,0.00,יחידה,false,,9.90,0.0000,true,1,85857
7290116705255,false,קערת הגשה מחולקת מסד,,,קערת הגשה מחולקת מסד,יחידה,0.00,יחידה,false,,25.00,0.0000,true,1,85863
7290116705637,false,פומפיה ידנית,,,פומפיה ידנית,יחידה,0.00,יחידה,false,,7.90,0.0000,true,1,85934
7290116705729,false,קערה דגם ידיות 13.8,,,קערה דגם ידיות 13.8,יחידה,0.00,יחידה,false,,7.90,0.0000,true,1,85870
7290116705736,false,ספל דגם חיבוקי 550 מ,,,ספל דגם חיבוקי 550 מ,יחידה,0.00,יחידה,false,,6.90,0.0000,true,1,85871
7290116705750,false,ספל דגם אלגנט 350 מל,,,ספל דגם אלגנט 350 מל,יחידה,0.00,יחידה,false,,6.90,0.0000,true,1,85873
7290116705989,false,מרית לקרפ 18.5/12.5,,,מרית לקרפ 18.5/12.5,יחידה,0.00,יחידה,false,,7.90,0.0000,true,1,85881
7290116706030,false,מחבת שטוחה לבלינצ'ס,,,מחבת שטוחה לבלינצ'ס,יחידה,0.00,יחידה,false,,45.00,0.0000,true,1,85882
7290116706054,false,פותחן יין רב שימושי,,,פותחן יין רב שימושי,יחידה,0.00,יחידה,false,,12.90,0.0000,true,1,86571
7290116706191,false,מסננת עגולה מתקפלת ק,,,מסננת עגולה מתקפלת ק,יחידה,0.00,יחידה,false,,12.90,0.0000,true,1,85885
7290116706207,false,מסננת עגולה מתקפלת ק,,,מסננת עגולה מתקפלת ק,יחידה,0.00,יחידה,false,,12.90,0.0000,true,1,85886
7290116706252,false,כוס שעם טרמית מסדרת,,,כוס שעם טרמית מסדרת,יחידה,0.00,יחידה,false,,10.90,0.0000,true,1,85887
7290116780641,false,סט אמבטיה 3 חלקים שח,,,סט אמבטיה 3 חלקים שח,יחידה,0.00,יחידה,false,,40.00,0.0000,true,1,76949
7290116780900,false,"טרמוס + כוס 500 מ""ל",,,"טרמוס + כוס 500 מ""ל",יחידה,0.00,יחידה,false,,35.00,0.0000,true,1,86477
7290116780917,false,"טרמוס + כוס 750 מ""ל",,,"טרמוס + כוס 750 מ""ל",יחידה,0.00,יחידה,false,,39.90,0.0000,true,1,86478
7290116781020,false,מושב אסלה סופט - אפו,,,מושב אסלה סופט - אפו,יחידה,0.00,יחידה,false,,40.00,0.0000,true,1,76956
7290116911816,false,בקבוק 500 מל פלסטיק,,,בקבוק 500 מל פלסטיק,יח',1.00,יח',false,,12.90,12.9000,true,1,83133
7290116915791,false,בקבוק טריטן עם צמידי,,,בקבוק טריטן עם צמידי,יחידה,0.00,יחידה,false,,29.90,0.0000,true,1,84653
7290116930282,false,ארוחה בקטנה לאבנה עם,תנובה,IL,ארוחה בקטנה לאבנה עם,גרמים,150.00,100 גרם,false,,7.50,0.0500,true,1,83772
7290116930435,false,יוגורט גו סמיך 0% דו,תנובה,IL,יוגורט גו סמיך 0% דו,גרמים,200.00,100 גרם,false,,5.90,0.0295,true,1,79673
7290116930459,false,יופלה שייק מנגו בננה,קבוצת המזון אקטשלאר,IL,יופלה שייק מנגו בננה,מיליליטרים,230.00,"100 מ""ל",false,,7.90,0.0343,true,1,81872
7290116930466,false,יופלה שייק מנגו בננה,קבוצת המזון אקטשלאר,IL,יופלה שייק מנגו בננה,מיליליטרים,230.00,"100 מ""ל",false,,7.90,0.0343,true,1,81867
7290116930626,false,ארוחה בקטנה ציזיקי ע,תנובה,IL,ארוחה בקטנה ציזיקי ע,גרמים,150.00,100 גרם,false,,7.50,0.0500,true,1,83773
7290116930701,false,מעדן חלב גו בטעם קרמ,תנובה,IL,מעדן חלב גו בטעם קרמ,גרמים,120.00,100 גרם,false,,4.50,0.0375,true,1,81869
7290116930725,false,סויה BIO קוקוס גביע,תנובה,IL,סויה BIO קוקוס גביע,גרמים,150.00,100 גרם,false,,4.20,0.0280,true,1,84342
7290116931074,false,פרוסות טל העמק 32% 3,תנובה,IL,פרוסות טל העמק 32% 3,גרמים,300.00,100 גרם,false,,24.90,0.0830,true,1,86087
7290116931081,false,מעדן סויה בטעם טופי,תנובה,IL,תנובה,מיליליטרים,125.00,"100 מ""ל",false,,3.70,0.0296,true,1,84183
7290116940878,false,LOL 600 מדבקות בקופס,,,LOL 600 מדבקות בקופס,יחידה,0.00,יחידה,false,,30.00,0.0000,true,1,85212
7290116943879,false,קלסר פוליו קרטון משו,,,קלסר פוליו קרטון משו,יחידה,0.00,יחידה,false,,19.90,0.0000,true,1,83192
7290116944005,false,קלסרים גב 8 פרנדס,,,קלסרים גב 8 פרנדס,יחידה,0.00,יחידה,false,,29.90,0.0000,true,1,83195
7290116944777,false,סט צביעה לאמבטיה חד,,,סט צביעה לאמבטיה חד,יחידה,0.00,יחידה,false,,35.00,0.0000,true,1,85223
7290116946238,false,מפיות אוכל (3) LOL,,,מפיות אוכל (3) LOL,יחידה,0.00,יחידה,false,,12.50,0.0000,true,1,83222
7290116946313,false,מפיות אוכל (3) חד קר,,,מפיות אוכל (3) חד קר,יחידה,0.00,יחידה,false,,12.50,0.0000,true,1,83227
7290116946474,false,מפיות אוכל (3) ספייד,,,מפיות אוכל (3) ספייד,יחידה,0.00,יחידה,false,,12.50,0.0000,true,1,83234
7290116946719,false,עפרונות (12) חד קרן,,,עפרונות (12) חד קרן,יחידה,0.00,יחידה,false,,12.90,0.0000,true,1,83247
7290116946733,false,עפרונות (12) מיני ור,,,עפרונות (12) מיני ור,יחידה,0.00,יחידה,false,,12.90,0.0000,true,1,83248
7290116946962,false,מספריים מיקי כחול,,,מספריים מיקי כחול,יחידה,0.00,יחידה,false,,8.00,0.0000,true,1,83215
7290116947075,false,מחדד 2 חורים חד קרן,,,מחדד 2 חורים חד קרן,יחידה,0.00,יחידה,false,,6.90,0.0000,true,1,83218
7290116947211,false,סט כתיבה קטן חד קרן,,,סט כתיבה קטן חד קרן,יחידה,0.00,יחידה,false,,12.90,0.0000,true,1,83239
7290116947228,false,סט כתיבה קטן כדורגל,,,סט כתיבה קטן כדורגל,יחידה,0.00,יחידה,false,,12.90,0.0000,true,1,83240
7290116947235,false,סט כתיבה קטן מיני ור,,,סט כתיבה קטן מיני ור,יחידה,0.00,יחידה,false,,12.90,0.0000,true,1,83241
7290116948553,false,עטיפות 70/100 (2) מי,,,עטיפות 70/100 (2) מי,יחידה,0.00,יחידה,false,,12.90,0.0000,true,1,83187
7290117030752,false,מארז תבניות אלומיניו,,,מארז תבניות אלומיניו,יח',7.00,יח',false,,6.90,0.9857,true,1,83812
7290117030769,false,מארז תבניות אלומיניו,,,מארז תבניות אלומיניו,יח',7.00,יח',false,,6.90,0.9857,true,1,83813
7290117030776,false,מארז תבניות אלומיניו,,,מארז תבניות אלומיניו,יח',7.00,יח',false,,6.90,0.9857,true,1,83814
7290117030783,false,מארז תבניות אלומיניו,,,מארז תבניות אלומיניו,יח',4.00,יח',false,,6.90,1.7250,true,1,83815
7290117030790,false,מארז תבניות אלומיניו,,,מארז תבניות אלומיניו,יח',10.00,יח',false,,6.90,0.6900,true,1,83816
7290117030813,false,מארז תבניות אלומיניו,,,מארז תבניות אלומיניו,יח',4.00,יח',false,,6.90,1.7250,true,1,83823
7290117030820,false,מארז תבניות אלומיניו,,,מארז תבניות אלומיניו,יח',4.00,יח',false,,6.90,1.7250,true,1,83824
7290117035009,false,גרעיני תירס לפופקורן,איי אס טי פופקורן,BG,גרעיני תירס לפופקורן,גרמים,500.00,100 גרם,false,,9.90,0.0198,true,1,82506
7290117035016,false,גרעיני תירס לפופקורן,איי אס טי פופקורן,BG,גרעיני תירס לפופקורן,גרמים,500.00,100 גרם,false,,9.90,0.0198,true,1,82507
7290117260104,false,חטיף גבינה לבנה בטעם,ז'ייאסבי,LT,חטיף גבינה לבנה בטעם,גרמים,120.00,100 גרם,false,,14.90,0.1242,true,1,83978
7290117260449,false,*מבצע* גבינה בולגרית,"חת""ס",IL,*מבצע* גבינה בולגרית,גרמים,200.00,100 גרם,false,,9.90,0.0495,true,1,80286
7290117260470,false,*מבצע* גבינה בולגרית,"חת""ס",IL,*מבצע* גבינה בולגרית,גרמים,200.00,100 גרם,false,,9.90,0.0495,true,1,80289
7290117260562,false,חמאה בגביע 225 ג,,TR,חמאה בגביע 225 ג,גרמים,225.00,100 גרם,false,,16.90,0.0751,true,1,86728
7290117260579,false,חטיף קראנצי על בסיס,נאוגסיס,LT,חטיף קראנצי על בסיס,גרמים,80.00,100 גרם,false,,7.90,0.0988,true,1,85263
7290117260586,false,חטיף קראנצי על בסיס,נאוגסיס,LT,חטיף קראנצי על בסיס,גרמים,80.00,100 גרם,false,,7.90,0.0988,true,1,85260
7290117260593,false,חטיף קראנצי על בסיס,נאוגסיס,LT,חטיף קראנצי על בסיס,גרמים,80.00,100 גרם,false,,7.90,0.0988,true,1,85261
7290117260692,false,*מבצע* משקה חלב עם ש,איינס,TR,*מבצע* משקה חלב עם ש,ליטרים,1.00,ליטר,false,,6.90,6.9000,true,1,82139
7290117260715,false,*מבצע* משקה חלב עם פ,איינס,TR,*מבצע* משקה חלב עם פ,ליטרים,1.00,ליטר,false,,6.90,6.9000,true,1,82141
7290117260944,false,*מבצע* מיני גריסיני,מודיאה אס.אר.אל,IT,*מבצע* מיני גריסיני,גרמים,125.00,100 גרם,false,,5.90,0.0472,true,1,79401
7290117261354,false,*מבצע* גבינת ריקוטה,קאאנלאר גידה,TR,*מבצע* גבינת ריקוטה,גרמים,200.00,100 גרם,false,,7.90,0.0395,true,1,82747
7290117261361,false,גבינת ריקוטה 5% 400,קאאנלאר גידה,TR,גבינת ריקוטה 5% 400,גרמים,400.00,100 גרם,false,,19.90,0.0497,true,1,82748
7290117261378,false,*מבצע* גבינת קשקבל ל,קאאנלאר גידה,TR,*מבצע* גבינת קשקבל ל,גרמים,250.00,100 גרם,false,,12.90,0.0516,true,1,82101
7290117261415,false,יוגורט פרוביוטי 2.7%,סוטאש,TR,יוגורט פרוביוטי 2.7%,גרמים,125.00,100 גרם,false,,2.90,0.0232,true,1,86156
7290117261422,false,יוגורט פרוביוטי עם ת,סוטאש,TR,יוגורט פרוביוטי עם ת,גרמים,125.00,100 גרם,false,,2.90,0.0232,true,1,86157
7290117261439,false,יוגורט פרוביוטי עם פ,סוטאש,TR,יוגורט פרוביוטי עם פ,גרמים,125.00,100 גרם,false,,2.90,0.0232,true,1,86158
7290117261446,false,יוגורט פרוביוטי עם א,סוטאש,TR,יוגורט פרוביוטי עם א,גרמים,125.00,100 גרם,false,,2.90,0.0232,true,1,86159
7290117261576,false,סרדינים בריסלינג מעו,ליסיט,LV,סרדינים בריסלינג מעו,גרמים,185.00,100 גרם,false,,12.90,0.0697,true,1,85998
7290117261583,false,סרדינים בריסלינג מעו,ליסיט,LV,סרדינים בריסלינג מעו,גרמים,185.00,100 גרם,false,,12.90,0.0697,true,1,85999
7290117261590,false,סרדינים בריסלינג מעו,ליסיט,LV,סרדינים בריסלינג מעו,גרמים,185.00,100 גרם,false,,12.90,0.0697,true,1,86000
7290117261705,false,חמאת עיזים יורו 200,באלטאלי,TR,חמאת עיזים יורו 200,גרמים,200.00,100 גרם,false,,13.90,0.0695,true,1,80290
7290117262221,false,משקה יוגורט פרוביוטי,אקר,TR,משקה יוגורט פרוביוטי,מיליליטרים,200.00,"100 מ""ל",false,,4.90,0.0245,true,1,83984
7290117262245,false,משקה יוגורט פרוביוטי,אקר,TR,משקה יוגורט פרוביוטי,מיליליטרים,200.00,"100 מ""ל",false,,4.90,0.0245,true,1,83986
7290117262306,false,קורנפלקס מצופים שוקו,עלית צ'קולטה,TR,קורנפלקס מצופים שוקו,גרמים,50.00,100 גרם,false,,4.90,0.0980,true,1,87170
7290117262320,false,ביסקוויט מצופה שוקול,עלית צ'קולטה,TR,ביסקוויט מצופה שוקול,גרמים,40.00,100 גרם,false,,4.90,0.1225,true,1,87171
7290117380178,true,סוויט פוף שוקולד חלב,תחנת האבן,IL,סוויט פוף שוקולד חלב,גרמים,50.00,100 גרם,false,,4.90,0.0980,true,1,82463
7290117380185,true,סוויט פוף שוקולד חלב,תחנת האבן,IL,סוויט פוף שוקולד חלב,גרמים,50.00,100 גרם,false,,4.90,0.0980,true,1,82464
7290117380215,false,פוף משולש אפוי בטעם,מנה,IL,פוף משולש אפוי בטעם,גרמים,60.00,100 גרם,false,,3.90,0.0650,true,1,69790
7290117380857,false,מרבה סלים דליס בטעם,Biocentury,NL,מרבה,גרמים,120.00,100 גרם,false,,10.90,0.0908,true,1,82034
7290117380864,false,מרבה סלים דליס בטעם,Biocentury,NL,מרבה,גרמים,120.00,100 גרם,false,,10.90,0.0908,true,1,82035
7290117380871,false,מרבה סלים דליס בטעם,Biocentury,NL,מרבה,גרמים,120.00,100 גרם,false,,10.90,0.0908,true,1,82036
7290117380888,false,מרבה פטיסרי עוגיות ד,,NL,מרבה פטיסרי עוגיות ד,גרמים,200.00,100 גרם,false,,8.90,0.0445,true,1,82847
7290117381236,false,פוף פרכיות מצופות שו,בנליאן פודס,RS,פוף פרכיות מצופות שו,גרמים,70.00,100 גרם,false,,7.90,0.1129,true,1,84143
7290117383711,false,פלמוליב תחליב חלב וד,CP - Turkey+60,TR,פלמוליב תחליב חלב וד,ליטרים,1.50,ליטר,false,,29.90,19.9333,true,1,86880
7290117383728,false,פלמוליב תחליב לומינו,CP - Turkey+60,TR,פלמוליב תחליב לומינו,ליטרים,1.50,ליטר,false,,29.90,19.9333,true,1,86881
7290117383735,false,פלמוליב תחליב חימר ו,CP - Turkey+60,TR,פלמוליב תחליב חימר ו,ליטרים,1.50,ליטר,false,,29.90,19.9333,true,1,86882
7290117383742,false,פלמוליב תחליב מרענן,CP - Turkey+60,TR,פלמוליב תחליב מרענן,ליטרים,1.50,ליטר,false,,29.90,19.9333,true,1,86883
7290117663776,false,לוח שנה פד לשולחן 21,,,לוח שנה פד לשולחן 21,יחידה,0.00,יחידה,false,,25.90,0.0000,true,1,83553
7290117669440,false,טאץ 10 טושים צבעוניי,,,טאץ 10 טושים צבעוניי,יחידה,0.00,יחידה,false,,20.90,0.0000,true,1,85476
7290117825662,false,כפפות ניטריל שחורות,,,כפפות ניטריל שחורות,יח',100.00,יח',false,,24.90,0.2490,true,1,83721
7290117825679,false,כפפות ניטריל שחורות,,,כפפות ניטריל שחורות,יח',100.00,יח',false,,24.90,0.2490,true,1,83722
7290117825747,false,כפפות ניטריל שחורות,,,כפפות ניטריל שחורות,יח',100.00,יח',false,,24.90,0.2490,true,1,83723
7290117825754,false,כפפות ניטריל שחורות,,,כפפות ניטריל שחורות,יח',100.00,יח',false,,24.90,0.2490,true,1,83724
7290117860038,false,תחליב רחצה יוגורט בנ,"טרופיקל גליל בע""מ",IL,תחליב רחצה יוגורט בנ,מיליליטרים,700.00,"100 מ""ל",false,,14.90,0.0213,true,1,86862
7290117860045,false,שמפו מטפח לשיער רגיל,"טרופיקל גליל בע""מ",IL,שמפו מטפח לשיער רגיל,מיליליטרים,700.00,"100 מ""ל",false,,14.90,0.0213,true,1,86842
7290117860083,false,קרם רחצה בניחוח אירו,"טרופיקל גליל בע""מ",IL,קרם רחצה בניחוח אירו,מיליליטרים,700.00,"100 מ""ל",false,,14.90,0.0213,true,1,86863
7290117860090,false,מרכך מטפח לשיער רגיל,"טרופיקל גליל בע""מ",IL,מרכך מטפח לשיער רגיל,מיליליטרים,700.00,"100 מ""ל",false,,14.90,0.0213,true,1,86843
7290117860137,false,קרם רחצה בניחוח פרח,"טרופיקל גליל בע""מ",IL,קרם רחצה בניחוח פרח,מיליליטרים,700.00,"100 מ""ל",false,,14.90,0.0213,true,1,86864
7290117860144,false,שמפו למניעת קשקשים,"טרופיקל גליל בע""מ",IL,שמפו למניעת קשקשים,מיליליטרים,700.00,"100 מ""ל",false,,14.90,0.0213,true,1,86844
7290117860182,false,תחליב רחצה בניחוח מג,"טרופיקל גליל בע""מ",IL,תחליב רחצה בניחוח מג,מיליליטרים,700.00,"100 מ""ל",false,,14.90,0.0213,true,1,86865
7290117860199,false,שמפו מעניק לחות לשיע,"טרופיקל גליל בע""מ",IL,שמפו מעניק לחות לשיע,מיליליטרים,700.00,"100 מ""ל",false,,14.90,0.0213,true,1,86845
7290117860236,false,קרם רחצה בניחוח ויול,"טרופיקל גליל בע""מ",IL,קרם רחצה בניחוח ויול,מיליליטרים,700.00,"100 מ""ל",false,,14.90,0.0213,true,1,86866
7290117860243,false,מרכך מעניק לחות לשיע,"טרופיקל גליל בע""מ",IL,מרכך מעניק לחות לשיע,מיליליטרים,700.00,"100 מ""ל",false,,14.90,0.0213,true,1,86846
7290117860281,false,ג'ל רחצה לגבר בניחוח,"טרופיקל גליל בע""מ",IL,ג'ל רחצה לגבר בניחוח,מיליליטרים,700.00,"100 מ""ל",false,,14.90,0.0213,true,1,86867
7290117860298,false,שמפו קרטין מחזק,"טרופיקל גליל בע""מ",IL,שמפו קרטין מחזק,מיליליטרים,700.00,"100 מ""ל",false,,14.90,0.0213,true,1,86847
7290117860335,false,ג'ל רחצה לגבר בניחוח,"טרופיקל גליל בע""מ",IL,ג'ל רחצה לגבר בניחוח,מיליליטרים,700.00,"100 מ""ל",false,,14.90,0.0213,true,1,86856
7290117860342,false,מרכך קרטין מחזק,"טרופיקל גליל בע""מ",IL,מרכך קרטין מחזק,מיליליטרים,700.00,"100 מ""ל",false,,14.90,0.0213,true,1,86857
7290117860380,false,תחליב רחצה יוגורט בנ,"טרופיקל גליל בע""מ",IL,תחליב רחצה יוגורט בנ,מיליליטרים,700.00,"100 מ""ל",false,,14.90,0.0213,true,1,86868
7290117860397,false,שמפו פריחת הדובדבן,"טרופיקל גליל בע""מ",IL,שמפו פריחת הדובדבן,מיליליטרים,700.00,"100 מ""ל",false,,14.90,0.0213,true,1,86848
7290117860441,false,מרכך פריחת הדובדבן,"טרופיקל גליל בע""מ",IL,מרכך פריחת הדובדבן,מיליליטרים,700.00,"100 מ""ל",false,,14.90,0.0213,true,1,86849
7290117860496,false,שמפו + מרכך לגבר 2 ב,"טרופיקל גליל בע""מ",IL,שמפו + מרכך לגבר 2 ב,מיליליטרים,700.00,"100 מ""ל",false,,14.90,0.0213,true,1,86850
7290117860540,false,שמפו עדין לילדים,"טרופיקל גליל בע""מ",IL,שמפו עדין לילדים,מיליליטרים,700.00,"100 מ""ל",false,,14.90,0.0213,true,1,86851
7290117860595,false,מרכך מתיר קשרים לילד,"טרופיקל גליל בע""מ",IL,מרכך מתיר קשרים לילד,מיליליטרים,700.00,"100 מ""ל",false,,14.90,0.0213,true,1,86858
7290117860649,false,שמפו ללא סולפטים,"טרופיקל גליל בע""מ",IL,שמפו ללא סולפטים,מיליליטרים,700.00,"100 מ""ל",false,,14.90,0.0213,true,1,86852
7290117860694,false,מרכך ללא סולפטים,"טרופיקל גליל בע""מ",IL,מרכך ללא סולפטים,מיליליטרים,700.00,"100 מ""ל",false,,14.90,0.0213,true,1,86859
7290117860748,false,שמפו מעניק נפח,"טרופיקל גליל בע""מ",IL,שמפו מעניק נפח,מיליליטרים,700.00,"100 מ""ל",false,,14.90,0.0213,true,1,86853
7290117860793,false,מרכך מעניק נפח,"טרופיקל גליל בע""מ",IL,מרכך מעניק נפח,מיליליטרים,700.00,"100 מ""ל",false,,14.90,0.0213,true,1,86860
7290117860847,false,שמפו לגבר רעננות קרי,"טרופיקל גליל בע""מ",IL,שמפו לגבר רעננות קרי,מיליליטרים,700.00,"100 מ""ל",false,,14.90,0.0213,true,1,86854
7290117860892,false,תחליב רחצה יוגורט בנ,"טרופיקל גליל בע""מ",IL,תחליב רחצה יוגורט בנ,מיליליטרים,700.00,"100 מ""ל",false,,14.90,0.0213,true,1,86869
7290117860946,false,תחליב רחצה יוגורט בנ,"טרופיקל גליל בע""מ",IL,תחליב רחצה יוגורט בנ,מיליליטרים,700.00,"100 מ""ל",false,,14.90,0.0213,true,1,86870
7290117860991,false,תחליב רחצה יוגורט בנ,"טרופיקל גליל בע""מ",IL,תחליב רחצה יוגורט בנ,מיליליטרים,700.00,"100 מ""ל",false,,14.90,0.0213,true,1,86871
7290117901199,false,טורטיה על גחלים 520,מוטלוקל,TR,טורטיה על גחלים 520,גרמים,520.00,100 גרם,false,,9.90,0.0190,true,1,85779
7290117901205,false,טורטיה דגנים 420 ג,מוטלוקל,TR,טורטיה דגנים 420 ג,גרמים,420.00,100 גרם,false,,9.90,0.0236,true,1,85709
7290117901328,false,מיקס חלבה וממתקי שומ,,,מיקס חלבה וממתקי שומ,גרמים,500.00,100 גרם,false,,29.90,0.0598,true,1,84103
7290118420378,false,פתי בר פינוקים תותים,אסם,PL,אסם,גרמים,220.00,100 גרם,false,,9.90,0.0450,true,1,87362
7291049129699,false,סט טבעת+עגיל שבועי ח,,,סט טבעת+עגיל שבועי ח,יחידה,0.00,יחידה,false,,10.90,0.0000,true,1,84529
7291049149222,false,סט טבעות ועגילים שבו,,,סט טבעות ועגילים שבו,יחידה,0.00,יחידה,false,,10.90,0.0000,true,1,84530
7291049175597,false,ארנק בד PJ כחול,,,ארנק בד PJ כחול,יחידה,0.00,יחידה,false,,12.90,0.0000,true,1,84507
7291049186302,false,בובה עגולה 18 סמ חד,,,בובה עגולה 18 סמ חד,יחידה,0.00,יחידה,false,,30.00,0.0000,true,1,84607
7291049205089,false,חיות ים נמתחות,,,חיות ים נמתחות,יחידה,0.00,יחידה,false,,15.90,0.0000,true,1,84521
7296001018035,false,חוצץ מנילה א-ב,,,חוצץ מנילה א-ב,יחידה,0.00,יחידה,false,,5.90,0.0000,true,1,78741
7296001025897,false,אוריגמי 20X20,,,אוריגמי 20X20,יחידה,0.00,יחידה,false,,25.00,0.0000,true,1,78750
7296001026283,false,חוצץ בריסטול A4 קלף,,,חוצץ בריסטול A4 קלף,יחידה,0.00,יחידה,false,,15.90,0.0000,true,1,78755
7296001026351,false,חוצץ נייר צבעוני A4,,,חוצץ נייר צבעוני A4,יחידה,0.00,יחידה,false,,10.00,0.0000,true,1,78759
7296015125682,false,יומן יומי 21x27 סמ א,,,יומן יומי 21x27 סמ א,יחידה,0.00,יחידה,false,,35.90,0.0000,true,1,83954
7296015125743,false,יומן יומי 12x17 סמ א,,,יומן יומי 12x17 סמ א,יחידה,0.00,יחידה,false,,24.90,0.0000,true,1,83957
7296049013085,false,לקיטשן צנצנת 1000 מכ,,,לקיטשן צנצנת 1000 מכ,יחידה,0.00,יחידה,false,,20.90,0.0000,true,1,77760
7296049018431,false,בוס קומקום זכוכית 1.,,,בוס קומקום זכוכית 1.,יחידה,0.00,יחידה,false,,99.00,0.0000,true,1,86125
7296049226775,false,טוסטר לחיצה פסים 2 פ,,,טוסטר לחיצה פסים 2 פ,יחידה,0.00,יחידה,false,,65.00,0.0000,true,1,82373
7296049258134,false,דן קערה מילאנו גדולה,,,דן קערה מילאנו גדולה,יחידה,0.00,יחידה,false,,9.90,0.0000,true,1,79929
7296049258158,false,דן קערה 7 ליטר 12.5*,,,דן קערה 7 ליטר 12.5*,יחידה,0.00,יחידה,false,,12.90,0.0000,true,1,79931
7296049258332,false,דן מסננת פסטה 255 עם,,,דן מסננת פסטה 255 עם,יחידה,0.00,יחידה,false,,10.00,0.0000,true,1,79939
7296049258394,false,דן סלסלה מיני 23/15/,,,דן סלסלה מיני 23/15/,יחידה,0.00,יחידה,false,,5.90,0.0000,true,1,79944
7296049258547,false,דן צלחת שטוחה 23/2 ס,,,דן צלחת שטוחה 23/2 ס,יחידה,0.00,יחידה,false,,2.90,0.0000,true,1,79956
7296049258561,false,דן כוס שתיה 11.5*7 3,,,דן כוס שתיה 11.5*7 3,יחידה,0.00,יחידה,false,,2.50,0.0000,true,1,79958
7296049259049,false,דן שרפרף קטן,,,דן שרפרף קטן,יחידה,0.00,יחידה,false,,15.90,0.0000,true,1,79975
7296049259056,false,דן שרפרף גדול,,,דן שרפרף גדול,יחידה,0.00,יחידה,false,,25.00,0.0000,true,1,79976
7296049259728,false,דן אחסונית 12.5*10.5,,,דן אחסונית 12.5*10.5,יחידה,0.00,יחידה,false,,5.00,0.0000,true,1,79982
7296058110010,false,פריכיות אורז מלא 110,פרח תעשיות,IL,פריכיות אורז מלא 110,גרמים,110.00,100 גרם,false,,4.90,0.0445,true,1,84108
7296082000035,false,ביצה פלוס אומגה L 6,,,ביצה פלוס אומגה L 6,יח',6.00,יח',false,,13.90,2.3167,true,1,34719
7296082000080,false,ביצי חופש 12 יח,,,ביצי חופש 12 יח,יח',12.00,יח',false,,19.90,1.6583,true,1,34727
7296082000103,false,ביצים סופר טרי M 30,,,ביצים סופר טרי M 30,יח',30.00,יח',false,,27.80,0.9267,true,1,34720
7296082000110,false,בצים סופר טרי L 30,,,בצים סופר טרי L 30,יח',30.00,יח',false,,30.10,1.0033,true,1,34721
7296082000134,false,ביצים גדול L 12,,,ביצים גדול L 12,יח',12.00,יח',false,,12.05,1.0042,true,1,34722
7296082000141,false,ביצים בינוני M12,,,ביצים בינוני M12,יח',12.00,יח',false,,11.15,0.9292,true,1,34723
7296082000165,false,ביצים אורגניות 12 יח,,,ביצים אורגניות 12 יח,יח',12.00,יח',false,,22.90,1.9083,true,1,34728
7296082000202,false,ביצים סופר טרי L18,,,ביצים סופר טרי L18,יח',18.00,יח',false,,18.00,1.0000,true,1,34725
7296102059159,false,"שפכטל קרבון מקצועי """,,,"שפכטל קרבון מקצועי """,יחידה,0.00,יחידה,false,,6.90,0.0000,true,1,77423
7296102060735,false,חבל תריס מחוזק לבן ר,,,חבל תריס מחוזק לבן ר,יחידה,0.00,יחידה,false,,6.90,0.0000,true,1,82571
7296102060773,false,"כבל פלדה מצופה 3 מ""מ",,,"כבל פלדה מצופה 3 מ""מ",יחידה,0.00,יחידה,false,,10.90,0.0000,true,1,77430
7296102061091,false,חוט כותנה 100 מ',,,חוט כותנה 100 מ',יחידה,0.00,יחידה,false,,6.90,0.0000,true,1,86601
7296102102329,false,אקדח גינה מתכוונן,,,אקדח גינה מתכוונן,יחידה,0.00,יחידה,false,,24.90,0.0000,true,1,82564
7296102108260,false,מתקן כביסה מתכת,,,מתקן כביסה מתכת,יח',1.00,יח',false,,59.00,59.0000,true,1,65806
7296102111123,false,פנס דימר עגול,,,פנס דימר עגול,יחידה,0.00,יחידה,false,,12.90,0.0000,true,1,77442
7296102111178,false,פנס לד דימר מרובע,,,פנס לד דימר מרובע,יחידה,0.00,יחידה,false,,10.90,0.0000,true,1,77443
7296102118887,false,סרט בידוד PVC שחור 4,,,סרט בידוד PVC שחור 4,יחידה,0.00,יחידה,false,,10.00,0.0000,true,1,77451
7296102245392,false,"מחצלת הודו 40*75 ס""מ",,,"מחצלת הודו 40*75 ס""מ",יחידה,0.00,יחידה,false,,35.00,0.0000,true,1,77476
7296102360354,false,ראש מקלחת לוגאנו,,,ראש מקלחת לוגאנו,יחידה,0.00,יחידה,false,,25.90,0.0000,true,1,77482
7296102360583,false,מאריך ברז ארוך,,,מאריך ברז ארוך,יחידה,0.00,יחידה,false,,12.90,0.0000,true,1,81968
7296102440025,false,מברשת פלדה מגהץ 5 שו,,,מברשת פלדה מגהץ 5 שו,יחידה,0.00,יחידה,false,,15.90,0.0000,true,1,77492
7296102453018,false,"מחצלת הודו 35*60 ס""מ",,,"מחצלת הודו 35*60 ס""מ",יחידה,0.00,יחידה,false,,29.90,0.0000,true,1,77494
7296102453148,false,שטיח כניסה גודל 45*7,,,שטיח כניסה גודל 45*7,יחידה,0.00,יחידה,false,,35.00,0.0000,true,1,87194
7296102453155,false,מחצלת הודו בדגמים שו,,,מחצלת הודו בדגמים שו,יחידה,0.00,יחידה,false,,35.00,0.0000,true,1,77495
7296102459232,false,סכין יפנית מתכת מקצו,,,סכין יפנית מתכת מקצו,יחידה,0.00,יחידה,false,,12.90,0.0000,true,1,77498
7296102471678,false,חוט קשירה מגולוון 8.,,,חוט קשירה מגולוון 8.,יחידה,0.00,יחידה,false,,12.90,0.0000,true,1,77502
7296102561201,false,קליפס למגבת גדול,,,קליפס למגבת גדול,יחידה,0.00,יחידה,false,,12.90,0.0000,true,1,77518
7296102647011,false,משטח לייבוש כלים 38*,,,משטח לייבוש כלים 38*,יחידה,0.00,יחידה,false,,10.90,0.0000,true,1,86605
7296102720059,false,מתלה מתכוונן למוט תל,,,מתלה מתכוונן למוט תל,יחידה,0.00,יחידה,false,,29.90,0.0000,true,1,77531
7296102831540,false,סט 4 קערות מילאנו 13,,,סט 4 קערות מילאנו 13,יחידה,0.00,יחידה,false,,10.90,0.0000,true,1,77539
7296102831557,false,סט 4 צלחות עמוקות תמ,,,סט 4 צלחות עמוקות תמ,יחידה,0.00,יחידה,false,,10.90,0.0000,true,1,77540
7296102957509,false,סכין יפנית מקצועית 1,,,סכין יפנית מקצועית 1,יחידה,0.00,יחידה,false,,6.90,0.0000,true,1,77543
7296102980125,false,סט 4 קולבי הדבקה אוב,,,סט 4 קולבי הדבקה אוב,יחידה,0.00,יחידה,false,,6.90,0.0000,true,1,85903
7296102980842,false,סט גומיות שקופות גדו,,,סט גומיות שקופות גדו,יחידה,0.00,יחידה,false,,6.90,0.0000,true,1,85904
7296102981016,false,סט 3 קולבי הדבקה מעו,,,סט 3 קולבי הדבקה מעו,יחידה,0.00,יחידה,false,,6.90,0.0000,true,1,80708
7296102984048,false,סגר בטיחות לשקעים -,,,סגר בטיחות לשקעים -,יחידה,0.00,יחידה,false,,5.90,0.0000,true,1,77556
7296107000002,false,מלפפון במלח 7-9 670,,IL,פרי חן,גרמים,670.00,100 גרם,false,,5.50,0.0082,true,1,64626
7296107000033,false,מלפפון בחומץ 7-9 670,,IL,פרי חן,גרמים,670.00,100 גרם,false,,5.50,0.0082,true,1,64627
7296107000439,false,חרוזית ירוק 560 גרם,,IL,פרי חן,גרמים,560.00,100 גרם,false,,7.90,0.0141,true,1,64628
7296107000958,false,קוקטייל זיתים,פרי חן,IL,קוקטייל זיתים,גרמים,560.00,100 גרם,false,,7.90,0.0141,true,1,68965
7297307030042,false,כרית וואקום 50/70,,,כרית וואקום 50/70,יחידה,0.00,יחידה,false,,20.90,0.0000,true,1,77011
7297307120200,false,שמיכת כירבולית פליז,,,שמיכת כירבולית פליז,יחידה,0.00,יחידה,false,,10.90,0.0000,true,1,86711
7297307120248,false,שמיכת שזאר זוגי200/2,,,שמיכת שזאר זוגי200/2,יחידה,0.00,יחידה,false,,79.00,0.0000,true,1,86713
7297307120262,false,שמיכת קורל יחיד 150/,,,שמיכת קורל יחיד 150/,יחידה,0.00,יחידה,false,,30.00,0.0000,true,1,86715
7297307120286,false,שמיכת קולר 130/160 כ,,,שמיכת קולר 130/160 כ,יחידה,0.00,יחידה,false,,20.90,0.0000,true,1,86716
7297307120293,false,שמיכת כירבולית כבש,,,שמיכת כירבולית כבש,יחידה,0.00,יחידה,false,,25.90,0.0000,true,1,86717
7297307120606,false,שמיכת פופקרן יחיד 15,,,שמיכת פופקרן יחיד 15,יחידה,0.00,יחידה,false,,35.00,0.0000,true,1,86719
7297307120613,false,שמיכת פופקרן זוגי 20,,,שמיכת פופקרן זוגי 20,יחידה,0.00,יחידה,false,,50.00,0.0000,true,1,86720
7297307220252,false,פוך לאס וגאס יחיד 15,,,פוך לאס וגאס יחיד 15,יחידה,0.00,יחידה,false,,99.00,0.0000,true,1,86721
7297307220269,false,פוך לאס וגאס זוגי 20,,,פוך לאס וגאס זוגי 20,יחידה,0.00,יחידה,false,,119.00,0.0000,true,1,86722
7297307440063,false,מגן PVC יחיד 90/200,,,מגן PVC יחיד 90/200,יחידה,0.00,יחידה,false,,30.00,0.0000,true,1,77016
7297307440070,false,מגן pvc מיטה וחצי 12,,,מגן pvc מיטה וחצי 12,יחידה,0.00,יחידה,false,,35.00,0.0000,true,1,77017
7297307440186,false,ריפודית בד 160X200 ז,,,ריפודית בד 160X200 ז,יחידה,0.00,יחידה,false,,65.00,0.0000,true,1,84348
7297307440216,false,מגן מזרון 180*200,,,מגן מזרון 180*200,יחידה,0.00,יחידה,false,,50.00,0.0000,true,1,77019
7297488098152,false,דגש קמח חומוס,"תבליני העליון בע""מ",IL,דגש,גרמים,500.00,100 גרם,false,,18.90,0.0378,true,1,2083
7297488098183,false,דגש קמח אורז,"תבליני העליון בע""מ",IL,דגש,גרמים,500.00,100 גרם,false,,12.90,0.0258,true,1,2086
7297488098220,false,"דגש קמח תפו""א","תבליני העליון בע""מ",IL,דגש,גרמים,500.00,100 גרם,false,,13.90,0.0278,true,1,2089
7297488098282,false,דגש אבקת מרק בטעם עו,"תבליני העליון בע""מ",IL,דגש,גרמים,500.00,100 גרם,false,,24.90,0.0498,true,1,2095
7297488098299,false,דגש קמח טפיוקה,"תבליני העליון בע""מ",IL,דגש,גרמים,500.00,100 גרם,false,,10.90,0.0218,true,1,2096
7297488098305,false,דגש קמח שקדים,"תבליני העליון בע""מ",IL,דגש,גרמים,250.00,100 גרם,false,,26.90,0.1076,true,1,2097
7297488098688,false,דגש פצפוצי אורז מלא,"תירפז בע""מ",IL,דגש,גרמים,450.00,100 גרם,false,,20.90,0.0464,true,1,28482
7297488199590,false,דגש פצפוצי אורז,"תירפז בע""מ",IL,דגש,גרמים,450.00,100 גרם,false,,20.90,0.0464,true,1,2103
7297488199682,false,דגש קמח כוסמת,"תבליני העליון בע""מ",IL,דגש,גרמים,500.00,100 גרם,false,,17.90,0.0358,true,1,2109
7297568000037,false,טי שירט גבר וי לבן,,,טי שירט גבר וי לבן,יחידה,0.00,יחידה,false,,15.90,0.0000,true,1,79519
7297568000051,false,2 גופיות כותנה לגבר,,,2 גופיות כותנה לגבר,יחידה,0.00,יחידה,false,,20.90,0.0000,true,1,84661
7297568000204,false,עיקביות בנות (3),,,עיקביות בנות (3),יחידה,0.00,יחידה,false,,12.90,0.0000,true,1,79522
7297568000211,false,שלישיית גרבי אלגנט ג,,,שלישיית גרבי אלגנט ג,יחידה,0.00,יחידה,false,,10.00,0.0000,true,1,79523
7297568000228,false,שלישיית גרבי נשים,,,שלישיית גרבי נשים,יחידה,0.00,יחידה,false,,10.00,0.0000,true,1,79524
7297568000235,false,שלישיית גרבי בנים,,,שלישיית גרבי בנים,יחידה,0.00,יחידה,false,,10.00,0.0000,true,1,87173
7297568000266,false,גרבי בובה עם סיליקון,,,גרבי בובה עם סיליקון,יחידה,0.00,יחידה,false,,10.00,0.0000,true,1,79526
7297568000303,false,תחתוני בקיני גומי רח,,,תחתוני בקיני גומי רח,יחידה,0.00,יחידה,false,,15.90,0.0000,true,1,79527
7297568000327,false,5 זוגות תחתוני בנות,,,5 זוגות תחתוני בנות,יחידה,0.00,יחידה,false,,20.90,0.0000,true,1,79528
7297568000341,false,5 זוגות תחתוני בנים,,,5 זוגות תחתוני בנים,יחידה,0.00,יחידה,false,,20.90,0.0000,true,1,79529
7297568000433,false,2 זוגות בוקסר בנות,,,2 זוגות בוקסר בנות,יחידה,0.00,יחידה,false,,20.00,0.0000,true,1,86122
7297568000471,false,בוקסר גברים,,,בוקסר גברים,יחידה,0.00,יחידה,false,,10.00,0.0000,true,1,79531
7297568000785,false,עקביות (3) נשים,,,עקביות (3) נשים,יחידה,0.00,יחידה,false,,10.90,0.0000,true,1,79534
7297568000839,false,גרבים מדוגם בנות,,,גרבים מדוגם בנות,יחידה,0.00,יחידה,false,,10.90,0.0000,true,1,87174
7297568003083,false,3זוגות גרבי תינוקות,,,3זוגות גרבי תינוקות,יחידה,0.00,יחידה,false,,10.90,0.0000,true,1,79535
7297568003090,false,3זוגות גרבי תינוקות,,,3זוגות גרבי תינוקות,יחידה,0.00,יחידה,false,,10.90,0.0000,true,1,79536
7297568004172,false,גרבי בובה 3 זוגות עם,,,גרבי בובה 3 זוגות עם,יחידה,0.00,יחידה,false,,10.90,0.0000,true,1,79539
7297568004189,false,גרבי בובה 3 זוגות עם,,,גרבי בובה 3 זוגות עם,יחידה,0.00,יחידה,false,,10.00,0.0000,true,1,79540
7297568004363,false,תחתון כותנה ביקיני ג,,,תחתון כותנה ביקיני ג,יחידה,0.00,יחידה,false,,15.90,0.0000,true,1,79543
7297579004758,false,מגבת טוליפ ענק,,,מגבת טוליפ ענק,יחידה,0.00,יחידה,false,,55.00,0.0000,true,1,84065
7297579004932,false,מגבת טוליפ פנים,,,מגבת טוליפ פנים,יחידה,0.00,יחידה,false,,19.90,0.0000,true,1,84066
7297579007858,false,קופסא לעוגיות דגם בו,,,קופסא לעוגיות דגם בו,יחידה,0.00,יחידה,false,,59.90,0.0000,true,1,76587
7297579008534,false,דיספנסר לסבון נוזלי,,,דיספנסר לסבון נוזלי,יחידה,0.00,יחידה,false,,25.90,0.0000,true,1,76611
7297579008596,false,מגש אחסון לאמבטיה דג,,,מגש אחסון לאמבטיה דג,יחידה,0.00,יחידה,false,,25.90,0.0000,true,1,76617
7297579008633,false,*מבצע* דיספנסר לסבון,,,*מבצע* דיספנסר לסבון,יחידה,0.00,יחידה,false,,15.00,0.0000,true,1,76621
7297579008640,false,*מבצע* דיספנסר לסבון,,,*מבצע* דיספנסר לסבון,יחידה,0.00,יחידה,false,,15.00,0.0000,true,1,76622
7297579008657,false,*מבצע* מעמד למברשת ש,,,*מבצע* מעמד למברשת ש,יחידה,0.00,יחידה,false,,15.00,0.0000,true,1,76623
7297579010735,false,שלישיית מגבות מטבח א,,,שלישיית מגבות מטבח א,יחידה,0.00,יחידה,false,,12.90,0.0000,true,1,84078
7297579010889,false,סט מצעים 100% כותנה,,,סט מצעים 100% כותנה,יחידה,0.00,יחידה,false,,99.00,0.0000,true,1,76639
7297579011022,false,מגבת פנים אסאי,,,מגבת פנים אסאי,יחידה,0.00,יחידה,false,,15.00,0.0000,true,1,79391
7297579011039,false,מגבת גוף אסאי,,,מגבת גוף אסאי,יחידה,0.00,יחידה,false,,30.00,0.0000,true,1,79392
7297579011046,false,מגבת ענק  אסאי,,,מגבת ענק  אסאי,יחידה,0.00,יחידה,false,,40.00,0.0000,true,1,79393
7297623200105,false,גרבי בנים פרוטה,,,גרבי בנים פרוטה,יחידה,0.00,יחידה,false,,11.90,0.0000,true,1,87043
7297623200112,false,גרבי בנות פרוטה,,,גרבי בנות פרוטה,יחידה,0.00,יחידה,false,,11.90,0.0000,true,1,87044
7297623200204,false,גרבי שאניל נשים שליש,,,גרבי שאניל נשים שליש,יחידה,0.00,יחידה,false,,11.90,0.0000,true,1,87045
7297623200259,false,גרבי בייבי שפרה סנופ,,,גרבי בייבי שפרה סנופ,יחידה,0.00,יחידה,false,,11.90,0.0000,true,1,87046
7297623200266,false,גרבי בנות שפרה סנופי,,,גרבי בנות שפרה סנופי,יחידה,0.00,יחידה,false,,11.90,0.0000,true,1,87047
7297623200273,false,גרבי נשים שפרה סנופי,,,גרבי נשים שפרה סנופי,יחידה,0.00,יחידה,false,,12.90,0.0000,true,1,87048
7297623200280,false,גרבי עבודה גבר,,,גרבי עבודה גבר,יחידה,0.00,יחידה,false,,12.90,0.0000,true,1,87342
7297623200327,false,גרבי נשים פורטה,,,גרבי נשים פורטה,יחידה,0.00,יחידה,false,,12.90,0.0000,true,1,87049
7297623200372,false,גרבי ספורט גבר חמישי,,,גרבי ספורט גבר חמישי,יחידה,0.00,יחידה,false,,15.90,0.0000,true,1,87050
7297623210203,false,גופיה חמה גבר,,,גופיה חמה גבר,יחידה,0.00,יחידה,false,,20.00,0.0000,true,1,87051
7297623210326,false,גופיה חמה נשים,,,גופיה חמה נשים,יחידה,0.00,יחידה,false,,20.00,0.0000,true,1,87052
7297623210333,false,גופיה חמה בייבי  לבן,,,גופיה חמה בייבי  לבן,יחידה,0.00,יחידה,false,,11.90,0.0000,true,1,87053
7297623210340,false,גופיה חמה נוער  לבן,,,גופיה חמה נוער  לבן,יחידה,0.00,יחידה,false,,11.90,0.0000,true,1,87054
7297623210395,false,טייץ נשים פרמיום,,,טייץ נשים פרמיום,יחידה,0.00,יחידה,false,,15.90,0.0000,true,1,87056
7297623220196,false,נעלי בריאות נשים,,,נעלי בריאות נשים,יח',1.00,יח',false,,25.90,25.9000,true,1,86730
7297623220202,false,נעלי בריאות גברים,,,נעלי בריאות גברים,יח',1.00,יח',false,,25.90,25.9000,true,1,86731
7297623310156,false,טי שרט גבר,,,טי שרט גבר,יחידה,0.00,יחידה,false,,15.90,0.0000,true,1,77637
7297623313232,false,סדין גרסי מיטה וחצי,,,סדין גרסי מיטה וחצי,יחידה,0.00,יחידה,false,,20.90,0.0000,true,1,77643
7297623313249,false,זוג ציפיות גרסי גם א,,,זוג ציפיות גרסי גם א,יחידה,0.00,יחידה,false,,15.90,0.0000,true,1,77644
7297623321251,false,מגבות מטבח,,,מגבות מטבח,יחידה,0.00,יחידה,false,,10.90,0.0000,true,1,77646
7297623500595,false,כרית ויסקו לי קופר,,,כרית ויסקו לי קופר,יחידה,0.00,יחידה,false,,79.00,0.0000,true,1,87330
7297623500601,false,מגבות ידיים חמישיה,,,מגבות ידיים חמישיה,יחידה,0.00,יחידה,false,,10.90,0.0000,true,1,87337
7297623500649,false,מגבות מטבח,,,מגבות מטבח,יחידה,0.00,יחידה,false,,10.90,0.0000,true,1,87338
7297623500687,false,סדין גרסי יחיד,,,סדין גרסי יחיד,יחידה,0.00,יחידה,false,,20.90,0.0000,true,1,87339
7297623500700,false,סדין גרסי זוגי,,,סדין גרסי זוגי,יחידה,0.00,יחידה,false,,20.90,0.0000,true,1,87341
7298074130003,false,צנצנת פלסטיק 2.5 ליט,,,צנצנת פלסטיק 2.5 ליט,יחידה,0.00,יחידה,false,,6.90,0.0000,true,1,83791
7298171182202,false,כובע ילדים 2 פונפוני,,,כובע ילדים 2 פונפוני,יחידה,0.00,יחידה,false,,20.90,0.0000,true,1,87086
7298171195721,false,בקבוק האכלה פטמה רחב,,,בקבוק האכלה פטמה רחב,יחידה,0.00,יחידה,false,,15.90,0.0000,true,1,80912
7298171195752,false,סט מסרק ומברשת דיסני,,,סט מסרק ומברשת דיסני,יחידה,0.00,יחידה,false,,10.90,0.0000,true,1,80915
7298171201392,false,שמיכת תינוק דו צדדי,,,שמיכת תינוק דו צדדי,יחידה,0.00,יחידה,false,,45.00,0.0000,true,1,87090
7298171201835,false,בקבוק מים חמים פרוות,,,בקבוק מים חמים פרוות,יחידה,0.00,יחידה,false,,30.00,0.0000,true,1,87091
7298171204768,false,מקטין אסלה דיסני מיק,,,מקטין אסלה דיסני מיק,יחידה,0.00,יחידה,false,,25.90,0.0000,true,1,80953
7298171208339,false,שלישיית סינר כותנה ה,,,שלישיית סינר כותנה ה,יחידה,0.00,יחידה,false,,20.90,0.0000,true,1,81022
7298171208391,false,זוג סינרי בנדנה פו ה,,,זוג סינרי בנדנה פו ה,יחידה,0.00,יחידה,false,,15.90,0.0000,true,1,81027
7298171210172,false,כפכפי EVA + פרווה לו,,,כפכפי EVA + פרווה לו,יחידה,0.00,יחידה,false,,35.00,0.0000,true,1,87092
7298171210738,false,סט 3 חלקים -מיני,,,סט 3 חלקים -מיני,יחידה,0.00,יחידה,false,,25.90,0.0000,true,1,87097
7298171211254,false,מטריית ילדים דיסני מ,,,מטריית ילדים דיסני מ,יחידה,0.00,יחידה,false,,15.90,0.0000,true,1,87100
7298171211315,false,כפכפי פרווה X  נשים,,,כפכפי פרווה X  נשים,יחידה,0.00,יחידה,false,,35.00,0.0000,true,1,87102
7298171211414,false,נעלי בית תלת מיימד מ,,,נעלי בית תלת מיימד מ,יחידה,0.00,יחידה,false,,45.00,0.0000,true,1,87105
7298171211445,false,נעלי בית תלת מיימד נ,,,נעלי בית תלת מיימד נ,יחידה,0.00,יחידה,false,,50.00,0.0000,true,1,87106
7298171212459,false,כפפות אקרילן ילדים פ,,,כפפות אקרילן ילדים פ,יחידה,0.00,יחידה,false,,9.90,0.0000,true,1,87127
7298171212527,false,כפפות מיטן בייבי מינ,,,כפפות מיטן בייבי מינ,יחידה,0.00,יחידה,false,,9.90,0.0000,true,1,87131
7298171212688,false,כובע בייבי 2 פונפוני,,,כובע בייבי 2 פונפוני,יחידה,0.00,יחידה,false,,20.90,0.0000,true,1,87133
7298171212800,false,כובע בייבי קשירה + פ,,,כובע בייבי קשירה + פ,יחידה,0.00,יחידה,false,,20.90,0.0000,true,1,87136
7312040017683,false,"וודקה אבסולוט 700 מ""",,,"וודקה אבסולוט 700 מ""ל",מיליליטרים,700.00,"100 מ""ל",false,,59.90,0.0856,true,1,10941
7393714369000,false,פחית קופרברג סיידר א,קופרברג,SE,קופרברג,מיליליטרים,330.00,"100 מ""ל",false,,8.90,0.0270,true,1,56277
7393714507020,false,בקבוק קופרברג סיידר,קופרברג,SE,קופרברג,מיליליטרים,330.00,"100 מ""ל",false,,8.90,0.0270,true,1,56279
7393714508102,false,בקבוק קופרברג סיידר,קופרברג,SE,קופרברג,מיליליטרים,330.00,"100 מ""ל",false,,8.90,0.0270,true,1,56275
7393714509604,false,בקבוק קופרברג סיידר,קופרברג,SE,קופרברג,מיליליטרים,330.00,"100 מ""ל",false,,8.90,0.0270,true,1,56280
7394376123337,false,אוטלי שיבולת שועל או,טרנסומס פוד,SE,אוטלי,ליטרים,1.00,ליטר,false,,13.90,13.9000,true,1,64116
7394376615832,false,אוטלי משקה שיבולת שו,טרנסומס פוד,SE,אוטלי,ליטרים,1.00,ליטר,false,,15.90,15.9000,true,1,64118
7394376616778,false,אוטלי משקה שיבולת שו,טרנסומס פוד,SE,אוטלי,ליטרים,1.00,ליטר,false,,15.90,15.9000,true,1,64119
7394376620294,false,אוטלי משקה שיבולת שו,טרנסומס פוד,SE,אוטלי,ליטרים,1.00,ליטר,false,,15.90,15.9000,true,1,86251
7501013122039,true,נקטר ג'ומקס קרטונית,תומקס קומרסאליזדורה,MX,ג'ומקס,ליטרים,1.00,ליטר,false,,9.50,9.5000,true,1,59308
7501013122114,true,נקטר ג'ומקס קרטונית,תומקס קומרסאליזדורה,MX,ג'ומקס,ליטרים,1.00,ליטר,false,,9.50,9.5000,true,1,59310
7501013122992,true,נקטר ג'ומקס קרטונית,תומקס קומרסאליזדורה,MX,ג'ומקס,ליטרים,1.00,ליטר,false,,9.50,9.5000,true,1,59312
7501013138184,false,משקה חמוציות יוניקו,תומקס קומרסאליזדורה,MX,משקה חמוציות יוניקו,מיליליטרים,1000.00,"100 מ""ל",false,,11.50,0.0115,true,1,59764
7501049936945,false,*מבצע* בירה סול שישי,,MX,*מבצע* בירה סול שישי,ליטרים,1.98,ליטר,false,,29.90,15.1010,true,1,63711
7501064191398,false,בירה קורונה שישיה,סרבסריה מודלו,MX,corona extra,ליטרים,2.13,ליטר,false,,34.90,16.3850,true,1,31317
7502231540896,false,שמרים פליישמן 500 גר,,,שמרים יבשים 500 ג,גרמים,500.00,100 גרם,false,,10.90,0.0218,true,1,10952
7506001600520,false,דיספנסר שולחני קטן,,,דיספנסר שולחני קטן,יחידה,0.00,יחידה,false,,5.90,0.0000,true,1,80044
7509546061160,false,*מבצע* משחת ילדים מי,קולגייט פלמוליב,MX,*מבצע* משחת ילדים מי,מיליליטרים,75.00,"100 מ""ל",false,,12.90,0.1720,true,1,68394
7509546061665,false,ספיד סטיק אקסטרים אי,Colgate - USA,US,ספיד סטיק,גרמים,85.00,100 גרם,false,,19.90,0.2341,true,1,85279
7509546061672,false,ספיד סטיק אקסטרים סט,Colgate - USA,US,ספיד סטיק,גרמים,50.00,100 גרם,false,,16.90,0.3380,true,1,85280
7509546666846,false,קולגייט טוטאל משחת ש,קולגייט פלמוליב,MX,קולגייט טוטאל משחת ש,מיליליטרים,75.00,"100 מ""ל",false,,19.90,0.2653,true,1,67663
7509546678702,false,קולגייט משחת שיניים,CP-Poland swidnica,PL,קולגייט,מיליליטרים,100.00,"100 מ""ל",false,,16.90,0.1690,true,1,83808
7561390125290,false,גומי חזק מיקרופיבר ג,,,גומי חזק מיקרופיבר ג,יחידה,0.00,יחידה,false,,3.90,0.0000,true,1,80131
7589424570120,false,מארז סרט מתנה עם כוכ,,,מארז סרט מתנה עם כוכ,יחידה,0.00,יחידה,false,,7.90,0.0000,true,1,76285
7589424570137,false,מארז קישוטים לאריזת,,,מארז קישוטים לאריזת,יחידה,0.00,יחידה,false,,7.90,0.0000,true,1,76286
7598635892723,false,סט מערכת למקלחת,,,סט מערכת למקלחת,יחידה,0.00,יחידה,false,,59.00,0.0000,true,1,76288
7598635893140,false,סלסלה שקופה 18*13*6,,,סלסלה שקופה 18*13*6,יחידה,0.00,יחידה,false,,6.90,0.0000,true,1,76289
7598635893157,false,סלסלה שקופה 23*15.5*,,,סלסלה שקופה 23*15.5*,יחידה,0.00,יחידה,false,,10.90,0.0000,true,1,76290
7598635893522,false,סלסלה מעוצבת תחרה 31,,,סלסלה מעוצבת תחרה 31,יחידה,0.00,יחידה,false,,10.00,0.0000,true,1,76292
7598635893546,false,סלסלה מעוצבת תחרה 22,,,סלסלה מעוצבת תחרה 22,יחידה,0.00,יחידה,false,,5.00,0.0000,true,1,76293
7610100034084,false,מיונז טומי 265 גרם,טומי,CH,טומי,גרמים,265.00,100 גרם,false,,9.90,0.0374,true,1,32760
7610113000175,false,"בקרדי מוחיטו 700 מ""ל",תאגיד בקרדי,IT,בקרדי,מיליליטרים,700.00,"100 מ""ל",false,,74.90,0.1070,true,1,59742
7610113011652,false,בקרדי בריזר תפוח,טמפו,DE,בקרדי,מיליליטרים,275.00,"100 מ""ל",false,,13.90,0.0505,true,1,64133
7610211130804,false,הרמזית 800 טבליות,,CH,הרמזית,יח',800.00,יח',false,,24.90,0.0311,true,1,70125
7610243004463,false,דורגול מרסס להסרת אב,דורינג,CH,דורגול מרסס להסרת אב,מיליליטרים,600.00,"100 מ""ל",false,,19.90,0.0332,true,1,55938
7610400068505,false,לינדור בונבוניירה מי,לינדט ושפרונגלי קילש,CH,בונבוניירה לינדור 200 גרם,גרמים,200.00,100 גרם,false,,22.90,0.1145,true,1,3500
7610400074155,false,לינדור שוקולד בודד 6,לינדט ושפרונגלי קילש,CH,שוקולד לינדור 100 גרם,גרמים,100.00,100 גרם,false,,14.90,0.1490,true,1,3505
7610400075770,false,לינדט לה גרנד שוקולד,לינדט,FR,לינדט,גרמים,150.00,100 גרם,false,,24.90,0.1660,true,1,33372
7610400085946,false,לינדט לה גרנד שוקולד,לינדט,,לינדט,גרמים,150.00,100 גרם,false,,24.90,0.1660,true,1,58588
7610400091060,false,לינדט אקסלנס שוקולד,לינדט ושפרונגלי קילש,CH,שוקולד לינדט תפוז,גרמים,100.00,100 גרם,false,,14.90,0.1490,true,1,63708
7611160032331,false,ויקטורינוקס סכין קלא,,,ויקטורינוקס סכין קלא,יחידה,0.00,יחידה,false,,20.90,0.0000,true,1,81741
7613030979647,false,טריקס 480 גרם,נסטלה,US,TRIX,גרמים,480.00,100 גרם,false,,19.90,0.0415,true,1,36885
7613032045753,false,פיטנס שוקולד 375 גרם,נסטלה צרפת איטנקורט,FR,FITNESS,גרמים,375.00,100 גרם,false,,19.90,0.0531,true,1,4922
7613033174728,false,קפסולות דולצה גוסטו,nestle,ES,דולצה גוסטו,יח',16.00,יח',false,,27.90,1.7437,true,1,24932
7613033548192,false,פיטנס שוקולד מריר 37,נסטלה צרפת איטנקורט,FR,FITNESS,גרמים,375.00,100 גרם,false,,19.90,0.0531,true,1,4945
7613035379794,false,דנטלייף גזע בינוני 1,,,דנטלייף גזע בינוני 1,גרמים,115.00,100 גרם,false,,14.90,0.1296,true,1,70335
7613035622623,false,גרנולה פיטנס דבש 300,CPW,BE,פיטנס,גרמים,300.00,100 גרם,false,,14.90,0.0497,true,1,27324
7613035635845,false,גרנולה פיטנס שוקולד,CPW,BE,פיטנס,גרמים,300.00,100 גרם,false,,14.90,0.0497,true,1,27320
7613035758834,false,פיטנס סופר גרנולה חמ,CPW,BE,פיטנס,גרמים,300.00,100 גרם,false,,14.90,0.0497,true,1,29785
7613035807778,false,פרפקטו רוטב עגבניות,נסטלה ספרד,ES,פרפקטו,גרמים,400.00,100 גרם,false,,8.90,0.0223,true,1,29497
7613035809109,false,פרפקטו רוטב עגבניות,נסטלה ספרד,ES,פרפקטו,גרמים,400.00,100 גרם,false,,8.90,0.0223,true,1,29498
7613035809123,false,פרפקטו רוטב עגבניות,נסטלה ספרד,ES,פרפקטו,גרמים,400.00,100 גרם,false,,8.90,0.0223,true,1,29499
7613035809857,false,פרפקטו רוטב עגבניות,נסטלה ספרד,ES,פרפקטו,גרמים,400.00,100 גרם,false,,8.90,0.0223,true,1,29500
7613036120395,false,פורינה ONE כלב מידמק,פורינה,IT,פורינה,קילוגרמים,2.50,"ק""ג",false,,89.90,35.9600,true,1,59701
7613036387798,false,פיטנס יוגורט 350 גרם,נסטלה צרפת איטנקורט,FR,FITNESS,גרמים,350.00,100 גרם,false,,19.90,0.0569,true,1,35366
7613036520492,false,פרפקטו רוטב עגבניות,נסטלה ספרד,ES,פרפקטו,גרמים,400.00,100 גרם,false,,8.90,0.0223,true,1,36607
7613036725286,false,דנטלייף חתול סלמון 4,,,דנטלייף חתול סלמון 4,גרמים,40.00,100 גרם,false,,9.90,0.2475,true,1,70337
7613036725309,false,דנטלייף חתול עוף 40,,,דנטלייף חתול עוף 40,גרמים,40.00,100 גרם,false,,9.90,0.2475,true,1,70338
7613036880534,false,מחית מרק ירקות גרבר,ארג'זה - פולין,PL,מחית מרק ירקות גרבר,גרמים,190.00,100 גרם,false,,5.90,0.0311,true,1,60135
7613036976671,false,פאוץ' פריסקיז עוף 85,,,פאוץ' פריסקיז עוף 85,גרמים,85.00,100 גרם,false,,5.90,0.0694,true,1,64362
7613036976695,false,פאוץ' פריסקיז בקר 85,,,פאוץ' פריסקיז בקר 85,גרמים,85.00,100 גרם,false,,5.90,0.0694,true,1,64363
7613036976718,false,פאוץ' פריסקיז ברווז,,,פאוץ' פריסקיז ברווז,גרמים,85.00,100 גרם,false,,5.90,0.0694,true,1,64364
7613036976732,false,פאוץ פריסקיז סלמון 8,,,פאוץ פריסקיז סלמון 8,גרמים,85.00,100 גרם,false,,5.90,0.0694,true,1,66219
7613037012200,false,גרבר פאוצ' בטעם תפוח,נסטלה ספרד,ES,גרבר פאוצ' בטעם תפוח,גרמים,90.00,100 גרם,false,,5.90,0.0656,true,1,60357
7613037204797,false,סטארבקס פולי קפה בלו,סטארבקס,PT,סטארבקס פולי קפה בלו,גרמים,450.00,100 גרם,false,,49.90,0.1109,true,1,67345
7613037686906,false,פיטנס דבש ושקדים 355,נסטלה צרפת איטנקורט,FR,FITNESS,גרמים,355.00,100 גרם,false,,19.90,0.0561,true,1,59802
7613037687132,false,פיטנס שקדים ודבש 585,נסטלה צרפת איטנקורט,FR,FITNESS,גרמים,585.00,100 גרם,false,,25.90,0.0443,true,1,59803
7613037811629,false,קורנפלקס גו פרי 500,,,קורנפלקס גו פרי 500,גרמים,500.00,100 גרם,false,,9.90,0.0198,true,1,61182
7613038451954,false,דגני קראנץ שוקולד מו,נסטלה צרפת רומילי,FR,CRUNCH,גרמים,410.00,100 גרם,false,,19.90,0.0485,true,1,60207
7613039547632,false,גרבר פאוצ' בטעם תפוח,נסטלה ספרד,ES,גרבר פאוצ' בטעם תפוח,גרמים,90.00,100 גרם,false,,5.90,0.0656,true,1,64722
7613039547731,false,גרבר פאוצ' בטעם תפוח,נסטלה ספרד,ES,גרבר פאוצ' בטעם תפוח,גרמים,90.00,100 גרם,false,,5.90,0.0656,true,1,64723
7613039547922,false,גרבר פאוצ' בטעם תפוח,נסטלה ספרד,ES,גרבר פאוצ' בטעם תפוח,גרמים,90.00,100 גרם,false,,5.90,0.0656,true,1,64724
7613039770450,false,המבורגר טבעול סנסשיו,טבעול צ'כיה,,המבורגר טבעול סנסשיו,גרמים,226.00,100 גרם,false,,34.90,0.1544,true,1,65108
7613039771174,false,טחון טבעול סנסשיונל,טבעול צ'כיה,,טחון טבעול סנסשיונל,גרמים,400.00,100 גרם,false,,34.90,0.0872,true,1,65109
7613039880807,false,מחית תפוח גזר גרבר 1,ארג'זה - פולין,PL,מחית תפוח גזר גרבר 1,גרמים,190.00,100 גרם,false,,5.90,0.0311,true,1,65952
7613039881521,false,מחית מנגו גרבר 190 ג,ארג'זה - פולין,PL,מחית מנגו גרבר 190 ג,גרמים,190.00,100 גרם,false,,5.90,0.0311,true,1,65953
7613039881965,false,מחית תפוח גזר מנגו ג,ארג'זה - פולין,PL,מחית תפוח גזר מנגו ג,גרמים,190.00,100 גרם,false,,5.90,0.0311,true,1,65954
7613287121783,false,סמרטיס מיני 187 גרם,נסטלה,DE,סמרטיס,גרמים,187.00,100 גרם,false,,13.90,0.0743,true,1,71148
7613287155832,false,גרבר פאוצ' בטעם תפוח,נסטלה ספרד,ES,גרבר פאוצ' בטעם תפוח,גרמים,90.00,100 גרם,false,,5.90,0.0656,true,1,66911
7613287155924,false,גרבר פאוצ' בטעם תפוח,נסטלה ספרד,ES,גרבר פאוצ' בטעם תפוח,גרמים,90.00,100 גרם,false,,5.90,0.0656,true,1,66913
7613287182326,false,פאוצ' ויטמינצ'יק בננ,,IL,פאוצ' ויטמינצ'יק בננ,גרמים,110.00,100 גרם,false,,4.90,0.0445,true,1,68513
7613287182357,false,פאוצ' ויטמינצ'יק אגס,,IL,פאוצ' ויטמינצ'יק אגס,גרמים,110.00,100 גרם,false,,4.90,0.0445,true,1,68514
7613287186928,false,סטארבקס קפסולות ברקפ,נסטלה,CH,סטארבקס קפסולות ברקפ,גרמים,56.00,100 גרם,false,,21.90,0.3911,true,1,68452
7613287325952,false,רוטב ברביקיו לחיץ,אסם,PL,רוטב ברביקיו לחיץ,גרמים,345.00,100 גרם,false,,14.90,0.0432,true,1,69020
7613287476678,false,סיני מיניס צ'ורוס 36,נסטלה,US,TRIX,גרמים,360.00,100 גרם,false,,19.90,0.0553,true,1,68450
7613287821348,false,נתחוני עוף טבעוני סנ,טבעול צ'כיה,,נתחוני עוף טבעוני סנ,גרמים,350.00,100 גרם,false,,34.90,0.0997,true,1,69412
7613287855640,false,סטארבקס קפסולות גווט,נסטלה,CH,סטארבקס קפסולות גווט,גרמים,52.00,100 גרם,false,,21.90,0.4212,true,1,84322
7622010001858,false,אוראו וניל 176 גרם ב,מונדלייז,ES,אוראו,גרמים,176.00,100 גרם,false,,8.90,0.0506,true,1,26771
7622201050757,false,מילקה-שוק' חלב עם קר,מונדלייז,DE,מילקה,גרמים,100.00,100 גרם,false,,5.90,0.0590,true,1,20377
7622201137052,false,מילקה מיני קוקיז 110,מונדלייז,ES,מילקה מיני קוקיז 110,גרמים,110.00,100 גרם,false,,7.90,0.0718,true,1,66995
7622201139278,false,גבינת פילדלפיה 27% ש,מונדלז,ES,פילדלפיה,גרמים,150.00,100 גרם,false,,11.90,0.0793,true,1,61173
7622201401900,false,עוגיות מילקה סנסיישן,מונדלייז,PL,מילקה,גרמים,156.00,100 גרם,false,,10.90,0.0699,true,1,65075
7622201502515,false,מילקה קוקי לופ 132 ג,מונדלייז,PL,מילקה,גרמים,132.00,100 גרם,false,,10.90,0.0826,true,1,68891
7622201521493,false,פילדלפיה שום ועשבי ת,מונדלז,ES,פילדלפיה,גרמים,150.00,100 גרם,false,,11.90,0.0793,true,1,82429
7622201798154,false,פילדלפיה לייט 150 גר,מונדלז,ES,פילדלפיה,גרמים,150.00,100 גרם,false,,11.90,0.0793,true,1,68887
7622201801809,false,מילקה- שוק' חלב עם א,מונדלייז,DE,מילקה,גרמים,100.00,100 גרם,false,,5.90,0.0590,true,1,68130
7622201802363,false,מילקה -שוק' חלב עם צ,מונדלייז,DE,מילקה,גרמים,100.00,100 גרם,false,,5.90,0.0590,true,1,68131
7622201802394,false,מילקה - שוק' חלב 100,מונדלייז,DE,מילקה,גרמים,100.00,100 גרם,false,,5.90,0.0590,true,1,68132
7622201808631,false,אוראו מיני כוסות בטע,מונדלז,ID,אוראו,גרמים,67.00,100 גרם,false,,6.90,0.1030,true,1,68133
7622201813390,false,מילקה וואפל במילוי ק,מונדלייז,PL,מילקה,גרמים,150.00,100 גרם,false,,10.90,0.0727,true,1,67855
7622210078131,false,מילקה דיים 100 גרם ח,מונדלייז,DE,מילקה,גרמים,100.00,100 גרם,false,,5.90,0.0590,true,1,32779
7622210137234,false,עוגיות אוראו דאבל קר,מונדלייז,ES,אוראו,גרמים,170.00,100 גרם,false,,9.90,0.0582,true,1,28776
7622210163899,false,מילקה שוקולד חלב עם,מונדלייז,DE,מילקה,גרמים,100.00,100 גרם,false,,5.90,0.0590,true,1,37544
7622210637994,false,אוראו ביס קראנ'צי או,מונדלייז,ES,אוראו,גרמים,110.00,100 גרם,false,,7.90,0.0718,true,1,65139
7622210638021,false,אוראו ביס קראנ'צי בצ,מונדלייז,ES,אוראו,גרמים,110.00,100 גרם,false,,7.90,0.0718,true,1,65140
7622210664150,false,עוגיות אוראו וניל 39,,,אוראו,גרמים,396.00,100 גרם,false,,14.90,0.0376,true,1,84680
7622210826053,false,שוקולד מילקה אוראו ס,מונדלייז,HU,מילקה,גרמים,92.00,100 גרם,false,,5.90,0.0641,true,1,65076
7622300270506,false,מילקה גריינס - עוגיו,מונדלייז,PL,מילקה,גרמים,168.00,100 גרם,false,,10.90,0.0649,true,1,20384
7622300489427,false,עוגיות אוראו בציפוי,מונדלייז,ES,אוראו,גרמים,246.00,100 גרם,false,,14.90,0.0606,true,1,36810
7622300489434,false,עוגיות אוראו בציפוי,מונדלייז,ES,אוראו,גרמים,246.00,100 גרם,false,,14.90,0.0606,true,1,36811
7622300495046,false,מילקה אקסטרה קקאו 10,מונדלייז,DE,מילקה,גרמים,100.00,100 גרם,false,,5.90,0.0590,true,1,20388
7622300503079,false,מילקה מוו 200 גרם,מונדלייז,PL,מילקה,גרמים,168.00,100 גרם,false,,10.90,0.0649,true,1,20390
7622300617820,false,מילקה אוראו 100 גרם,מונדלייז,DE,מילקה,גרמים,100.00,100 גרם,false,,5.90,0.0590,true,1,20391
7622400005190,false,מילקה חום לבן חדש,מונדלייז,DE,מילקה,גרמים,100.00,100 גרם,false,,5.90,0.0590,true,1,20397
7630311507016,false,סטארבקס קפסולות סאני,נסטלה,CH,סטארבקס קפסולות סאני,גרמים,56.00,100 גרם,false,,21.90,0.3911,true,1,71409
7630477891592,false,סטארבקס קפסולות האוס,נסטלה,CH,סטארבקס קפסולות האוס,גרמים,57.00,100 גרם,false,,21.90,0.3842,true,1,64725
7630477891615,false,סטארבקס קפסולות סומט,נסטלה,CH,סטארבקס קפסולות סומט,גרמים,55.00,100 גרם,false,,21.90,0.3982,true,1,64726
7630477891639,false,סטארבקס קפסולות ורונ,נסטלה,CH,סטארבקס קפסולות ורונ,גרמים,55.00,100 גרם,false,,21.90,0.3982,true,1,64727
7630477891653,false,סטארבקס קפסולות אספר,נסטלה,CH,סטארבקס קפסולות אספר,גרמים,57.00,100 גרם,false,,21.90,0.3842,true,1,64728
7630477891677,false,סטארבקס קפסולות פייק,נסטלה,CH,סטארבקס קפסולות פייק,גרמים,53.00,100 גרם,false,,21.90,0.4132,true,1,64729
7630477891691,false,סטארבקס קפסולות קולו,נסטלה,CH,סטארבקס קפסולות קולו,גרמים,57.00,100 גרם,false,,21.90,0.3842,true,1,64730
7630477891714,false,סטארבקס קפסולות אספר,נסטלה,CH,סטארבקס קפסולות אספר,גרמים,57.00,100 גרם,false,,21.90,0.3842,true,1,64731
7630477891738,false,סטארבקס קפסולות אספר,נסטלה,CH,סטארבקס קפסולות אספר,גרמים,53.00,100 גרם,false,,21.90,0.4132,true,1,64732
7702018498567,false,מכשיר+5 סכינים סקינג,,,מכשיר+5 סכינים סקינג,יח,1.00,יח,false,,89.90,89.9000,true,1,63842
7702018514472,false,מכשיר מאך 3 טורבו,פרוקטר אנד גמבל,PL,Gillette,יחידה,1.00,יחידה,false,,39.90,39.9000,true,1,64067
7702018607518,false,מארז גילט פיוזן מכשי,,,מארז גילט פיוזן מכשי,יח,1.00,יח,false,,99.90,99.9000,true,1,86143
7702018866984,false,סכיני פיוזן ידני 4 י,פרוקטר אנד גמבל,PL,Gillette,יח',4.00,יח',false,,59.90,14.9750,true,1,8540
7702024074625,false,חטיפי קרקר פיטנס חיט,,CO,חטיפי קרקר פיטנס חיט,גרמים,234.00,100 גרם,false,,11.90,0.0509,true,1,41580
7702024258322,false,חטיפי קרקר פיטנס צ'י,,CO,חטיפי קרקר פיטנס צ'י,גרמים,234.00,100 גרם,false,,11.90,0.0509,true,1,64839
7702174066631,false,לקקנים פין פופ 10 יח,אלדור,EC,יוגטה,יח',10.00,יח',false,,7.90,0.7900,true,1,11891
7702174068826,false,לקקן יוגטה 12 יח שקי,אלדור,EC,יוגטה,גרמים,300.00,100 גרם,false,,8.90,0.0297,true,1,11894
7702174070201,false,לקקן יוגטה 12 יח שקי,אלדור,EC,יוגטה,גרמים,216.00,100 גרם,false,,8.90,0.0412,true,1,11898
7702174073783,false,לקקן פין פופ טעם קול,אלדור,CO,יוגטה לקקנים,גרמים,180.00,100 גרם,false,,7.90,0.0439,true,1,24302
7754617030082,false,מתאם T3 אנכי OMEGA,,,מתאם T3 אנכי OMEGA,יחידה,0.00,יחידה,false,,15.90,0.0000,true,1,74799
7754617034967,false,מפצל T4 מרובע 0.3 מט,,,מפצל T4 מרובע 0.3 מט,יחידה,0.00,יחידה,false,,29.90,0.0000,true,1,74809
7754617035551,false,ת.חרום ניידת ליתיום,,,ת.חרום ניידת ליתיום,יח',1.00,יח',false,,29.90,29.9000,true,1,65551
7755663311545,false,קיפי רוכסן 42-46,,,קיפי רוכסן 42-46,יחידה,0.00,יחידה,false,,35.00,0.0000,true,1,87158
7766554422141,false,צמר נשים 36-41,,,צמר נשים 36-41,יחידה,0.00,יחידה,false,,29.90,0.0000,true,1,87159
7766554422165,false,דגם 36-41UG,,,דגם 36-41UG,יחידה,0.00,יחידה,false,,29.90,0.0000,true,1,87160
7766554422189,false,מגבת נשים 36-41,,,מגבת נשים 36-41,יחידה,0.00,יחידה,false,,29.90,0.0000,true,1,87161
7766554422325,false,גבר קורדורי 41-46,,,גבר קורדורי 41-46,יחידה,0.00,יחידה,false,,29.90,0.0000,true,1,87162
7766554422332,false,גבר פליז 41-46,,,גבר פליז 41-46,יחידה,0.00,יחידה,false,,29.90,0.0000,true,1,87163
7766554422349,false,גבר מוקסין 41-46,,,גבר מוקסין 41-46,יחידה,0.00,יחידה,false,,29.90,0.0000,true,1,87164
7766554422547,false,סמיילי ילדות 30-35,,,סמיילי ילדות 30-35,יחידה,0.00,יחידה,false,,29.90,0.0000,true,1,87166
7792860006218,false,בייבי דול לקקן רביעי,לרטייר,AR,בייבידול,גרמים,24.00,100 גרם,false,,2.50,0.1042,true,1,3509
7798150160066,false,אוכמניות,,,אוכמניות,יח,1.00,יח,false,,9.90,9.9000,true,1,86725
7804414000860,false,*מבצע* דון חוליו קבר,לואיס פליפה אדוארדס,CL,דון חוליו,מיליליטרים,750.00,"100 מ""ל",false,,24.90,0.0332,true,1,10745
7804414000877,false,*מבצע* דון חוליו מרל,לואיס פליפה אדוארדס,CL,דון חוליו,מיליליטרים,750.00,"100 מ""ל",false,,24.90,0.0332,true,1,10746
7804414000884,false,*מבצע* דון חוליו שרד,לואיס פליפה אדוארדס,CL,דון חוליו,מיליליטרים,750.00,"100 מ""ל",false,,24.90,0.0332,true,1,10747
7804414012351,false,*מבצע* דון חוליו מלב,לואיס פליפה אדוארדס,CL,דון חוליו,מיליליטרים,750.00,"100 מ""ל",false,,24.90,0.0332,true,1,31918
7804414012368,false,*מבצע* דון חוליו רוז,לואיס פליפה אדוארדס,CL,דון חוליו,מיליליטרים,750.00,"100 מ""ל",false,,24.90,0.0332,true,1,31919
7891024124826,false,*מבצע* קולגייט משחת,Colgate - Brazil,BR,קולגייט,מיליליטרים,75.00,"100 מ""ל",false,,14.90,0.1987,true,1,18327
7898588610505,false,סרט מתנה מעורב צבעים,,,סרט מתנה מעורב צבעים,יחידה,0.00,יחידה,false,,5.90,0.0000,true,1,85427
7898621902260,false,כוס תרמית (190226) נ,,,כוס תרמית (190226) נ,יחידה,0.00,יחידה,false,,10.90,0.0000,true,1,79163
7898668707255,false,מברג צהוב *10496* פי,,,מברג צהוב *10496* פי,יחידה,0.00,יחידה,false,,5.90,0.0000,true,1,75286
8000070003774,false,קפסולות לוואצה אמודו,לואיג'י לוואצה,IT,קפסולות לוואצה אמודו,גרמים,120.00,100 גרם,false,,29.90,0.2492,true,1,85684
8000070003798,false,קפסולות לוואצה אמודו,לואיג'י לוואצה,IT,קפסולות לוואצה אמודו,גרמים,120.00,100 גרם,false,,29.90,0.2492,true,1,85678
8000070003811,false,קפסולות לוואצה אמודו,לואיג'י לוואצה,IT,קפסולות לוואצה אמודו,גרמים,120.00,100 גרם,false,,29.90,0.2492,true,1,85685
8000070038868,false,קפה לוואצה גוסטו,לווצה טורינו,IT,LAVAZZA,גרמים,250.00,100 גרם,false,,29.90,0.1196,true,1,14431
8000070053472,false,קפסולות קפה לוואצה ק,לואיג'י לוואצה,IT,קפסולות קפה לוואצה ק,גרמים,57.00,100 גרם,false,,19.90,0.3491,true,1,86700
8000070055254,false,קפסולות קפה לוואצה ק,לואיג'י לוואצה,IT,קפסולות קפה לוואצה ק,גרמים,55.00,100 גרם,false,,19.90,0.3618,true,1,86697
8000070059832,false,קפסולות קפה לוואצה ק,לואיג'י לוואצה,IT,קפסולות קפה לוואצה ק,גרמים,55.00,100 גרם,false,,19.90,0.3618,true,1,86701
8000215204219,false,Vitariz - משקה אורז,,,משקה אורז אורגני,ליטרים,1.00,ליטר,false,,12.90,12.9000,true,1,14432
8000215204240,false,Vitariz - משקה שקדים,נטורפוד,IT,משקה שקדים אורגני,ליטרים,1.00,ליטר,false,,12.90,12.9000,true,1,14433
8000215204554,false,Vitariz - משקה אורז,,,Vitariz - משקה אורז,יחידה,0.00,יחידה,false,,12.90,0.0000,true,1,82261
8000215204677,false,Vitariz - משקה שיבול,אלינור,IT,Vitariz - משקה שיבול,ליטרים,1.00,ליטר,false,,12.90,12.9000,true,1,71269
8000215204714,false,Primavena - משקה שיב,,,משקה שיבולת שועל אורגני,ליטרים,1.00,ליטר,false,,12.90,12.9000,true,1,14436
8000380003723,false,לואקר אגוז גרנד פטיס,לואקר,IT,לואקר,גרמים,100.00,100 גרם,false,,11.90,0.1190,true,1,11900
8000380003761,false,לואקר קוקוס גרנד פטי,לואקר,IT,לואקר קוקוס,גרמים,100.00,100 גרם,false,,11.90,0.1190,true,1,30650
8000380004669,false,וופל לואקר קקאו 200,לואקר,AT,לואקר,גרמים,200.00,100 גרם,false,,11.90,0.0595,true,1,11902
8000380004676,false,וופל וניל 200 גרם,לואקר,AT,לואקר,גרמים,200.00,100 גרם,false,,11.90,0.0595,true,1,11903
8000380004881,false,וופל לואקר קודרטיני,לואקר,AT,לואקר,גרמים,220.00,100 גרם,false,,13.90,0.0632,true,1,11904
8000380004911,false,וופל לואקר קודרטיני,לואקר,AT,לואקר,גרמים,250.00,100 גרם,false,,13.90,0.0556,true,1,11905
8000380004942,false,וופל לואקר קודרטיני,לואקר,AT,לואקר,גרמים,250.00,100 גרם,false,,13.90,0.0556,true,1,11906
8000380004966,false,וופל לואקר קודרטיני,לואקר,AT,לואקר,גרמים,250.00,100 גרם,false,,13.90,0.0556,true,1,11907
8000380007219,false,לואקר אגוז 175 גרם,לואקר,AT,לואקר,גרמים,175.00,100 גרם,false,,10.90,0.0623,true,1,11909
8000380007257,false,וופל גרדנה אגוז 200,לואקר,IT,לואקר,גרמים,200.00,100 גרם,false,,13.90,0.0695,true,1,11910
8000380007264,false,לואקר קקאו 175 גרם,לואקר,AT,לואקר,גרמים,175.00,100 גרם,false,,10.90,0.0623,true,1,11911
8000380007271,false,לואקר חלב 175 גרם,לואקר,AT,לואקר,גרמים,175.00,100 גרם,false,,10.90,0.0623,true,1,11912
8000380106028,false,טורטינה שישייה חלב,לואקר,IT,לואקר,גרמים,125.00,100 גרם,false,,15.90,0.1272,true,1,11913
8000380142484,false,וופל לואקר קודרטיני,לואקר,AT,לואקר,גרמים,250.00,100 גרם,false,,13.90,0.0556,true,1,11914
8000380144044,false,וופל גרדנה שוקולד 20,לואקר,AT,וופל גרדנה שוקולד 200גר,גרמים,200.00,100 גרם,false,,13.90,0.0695,true,1,31642
8000380153534,false,טורטינה שישייה לבן,לואקר,IT,לואקר,גרמים,125.00,100 גרם,false,,15.90,0.1272,true,1,11923
8000380156573,false,ורד הדולומיטים מגוון,,,בונבוניירה ורד הדולמיטים,גרמים,150.00,100 גרם,false,,21.90,0.1460,true,1,11928
8000380157440,false,שוקולד לואקר אגוזי ל,לואקר,IT,לואקר,גרמים,85.00,100 גרם,false,,6.90,0.0812,true,1,29419
8000380157570,false,לואקר אגוז 50% תוספת,לואקר,AT,לואקר,גרמים,262.50,100 גרם,false,,9.90,0.0377,true,1,33498
8000380157587,false,לואקר שוקולד 50% תוס,לואקר,AT,לואקר,גרמים,262.50,100 גרם,false,,9.90,0.0377,true,1,33499
8000380180721,false,לואקר אגוז 175 גרם ש,לואקר,AT,לואקר,גרמים,175.00,100 גרם,false,,10.90,0.0623,true,1,26941
8000380180745,false,וופל לואקר קודרטיני,לואקר,AT,לואקר,גרמים,250.00,100 גרם,false,,13.90,0.0556,true,1,26942
8000380180837,false,לואקר שוקולד לבן,לואקר,IT,לואקר,גרמים,100.00,100 גרם,false,,11.90,0.1190,true,1,30651
8000380187119,false,עוגיות אגוזי לוז לוא,לואקר,IT,עוגיות לואקר,גרמים,100.00,100 גרם,false,,14.90,0.1490,true,1,65164
8000380187249,false,עוגיות שקדים לואקר 1,לואקר,IT,עוגיות לואקר,גרמים,100.00,100 גרם,false,,14.90,0.1490,true,1,65165
8000380187300,false,עוגיות פתיתי שלג לוא,לואקר,IT,עוגיות לואקר,גרמים,120.00,100 גרם,false,,14.90,0.1242,true,1,65237
8000380189281,false,מארז מיני מיקס לואקר,לואקר,AT,לואקר,גרמים,210.00,100 גרם,false,,19.90,0.0948,true,1,37825
8000380192151,false,טורטינה שישייה מריר,לואקר,IT,לואקר,גרמים,125.00,100 גרם,false,,15.90,0.1272,true,1,59600
8000380192199,false,לואקר אגוז 175 גרם ד,לואקר,AT,לואקר,גרמים,175.00,100 גרם,false,,10.90,0.0623,true,1,57116
8000380192243,false,לואקר מקסי בטעם אגוז,לואקר,IT,לואקר מקסי בטעם אגוז,גרמים,200.00,100 גרם,false,,12.90,0.0645,true,1,58051
8000380192250,false,לואקר מקסי בטעם שוקו,לואקר,IT,לואקר מקסי בטעם שוקו,גרמים,200.00,100 גרם,false,,12.90,0.0645,true,1,58052
8000380192588,false,וופל לואקר קודרטיני,לואקר,AT,לואקר,גרמים,250.00,100 גרם,false,,13.90,0.0556,true,1,57117
8000380201396,false,טורטינה שישייה קרמל,לואקר,IT,לואקר,גרמים,126.00,100 גרם,false,,15.90,0.1262,true,1,66768
8000380205400,false,וופל לואקר קודרטיני,לואקר,AT,לואקר,גרמים,250.00,100 גרם,false,,13.90,0.0556,true,1,80471
8000380205523,false,לואקר חמאת בוטנים 17,לואקר,AT,לואקר,גרמים,175.00,100 גרם,false,,10.90,0.0623,true,1,80472
8000380206896,false,וופל גרדנה חמאת בוטנ,לואקר,IT,לואקר,גרמים,200.00,100 גרם,false,,13.90,0.0695,true,1,80473
8000380207183,false,טורטינה שישייה חמאת,לואקר,IT,לואקר,גרמים,126.00,100 גרם,false,,15.90,0.1262,true,1,80474
8000500009673,false,פררו רושה 300 גרם,פררו,IT,פררו,גרמים,300.00,100 גרם,false,,44.90,0.1497,true,1,11933
8000500023624,false,קינדר הפי-היפו חמישי,פררו,IT,פררו,גרמים,103.00,100 גרם,false,,11.90,0.1155,true,1,11934
8000500023976,false,רפאלו 150 גרם,פררו,IT,פררו,גרמים,150.00,100 גרם,false,,14.90,0.0993,true,1,11935
8000500026731,false,ביצת קינדר שלישייה,פררו,IT,פררו,יח',3.00,יח',false,,13.90,4.6333,true,1,23443
8000500029350,false,בואנו שלשות חלב,פררו,PL,פררו,גרמים,129.00,100 גרם,false,,9.90,0.0767,true,1,11936
8000500037874,false,פררו רושה 200 גרם,פררו,IT,פררו,גרמים,200.00,100 גרם,false,,22.90,0.1145,true,1,11938
8000500071083,false,קינדר 200,פררו,IT,פררו,גרמים,200.00,100 גרם,false,,11.90,0.0595,true,1,11940
8000500127728,false,קינדר מילק סלייס עוג,פררו,TR,קינדר מילק סלייס עוג,גרמים,112.00,100 גרם,false,,11.90,0.1063,true,1,67467
8000500167656,false,קינדר שוקולד עם דגני,פררו,IT,קינדר שוקולד עם דגני,גרמים,94.00,100 גרם,false,,7.90,0.0840,true,1,58886
8000500217740,false,קינדר בואנו מיני,פררו,PL,קינדר,גרמים,86.00,100 גרם,false,,10.90,0.1267,true,1,63513
8000500227848,false,*מבצע* נוטלה בי רדי,פררו,IT,פררו,גרמים,132.00,100 גרם,false,,9.90,0.0750,true,1,37529
8000500249352,false,קינדר בואנו מיני מיק,פררו,PL,קינדר,גרמים,205.00,100 גרם,false,,18.90,0.0922,true,1,34173
8000500256213,false,שוקולד קינדר מיני 12,פררו,IT,שוקולד קינדר מיני 12,גרמים,120.00,100 גרם,false,,9.90,0.0825,true,1,55352
8000500267103,false,*מבצע* קינדר דליס 10,פררו,IT,*מבצע* קינדר דליס 10,יח',10.00,יח',false,,17.90,1.7900,true,1,43888
8000500269169,false,קינדר קארדס חמישייה,פררו,IT,קינדר קארדס חמישייה,גרמים,128.00,100 גרם,false,,12.90,0.1008,true,1,84434
8000500353738,false,טיק טק מנטה חזק רביע,פררו,EC,פררו,גרמים,64.00,100 גרם,false,,9.90,0.1547,true,1,65746
8001003100218,false,סוכריות ג'לי יוגטה 8,סרז'טו,IT,יוגטה,גרמים,800.00,100 גרם,false,,15.90,0.0199,true,1,11951
8001090016003,false,פיירי טבליות למדיח 8,פרוקטר אנד גמבל,BE,פיירי,יח',84.00,יח',false,,44.90,0.5345,true,1,30578
8001090184412,false,"פיירי לימון 900 מ""ל",פרוקטר אנד גמבל,GB,פיירי,מיליליטרים,900.00,"100 מ""ל",false,,11.90,0.0132,true,1,83626
8001090222848,false,הרבל אסנסס שמפו 400,פרוקטר אנד גמבל,FR,הרבל אסנסס,מיליליטרים,400.00,"100 מ""ל",false,,14.90,0.0373,true,1,58371
8001090222879,false,הרבל אסנסס מרכך 400,פרוקטר אנד גמבל,FR,הרבל אסנסס,מיליליטרים,400.00,"100 מ""ל",false,,14.90,0.0373,true,1,58372
8001090336446,false,פמפרס בייבי דריי מיד,פרוקטר אנד גמבל,PL,פמפרס,יח,34.00,יח,false,,29.90,0.8794,true,1,60029
8001090336521,false,פמפרס בייבי דריי מיד,פרוקטר אנד גמבל,PL,פמפרס,יח,30.00,יח,false,,29.90,0.9967,true,1,60031
8001090364104,false,אורל בי משחה G&E אור,,,אורל בי משחה G&E אור,יח,1.00,יח,false,,13.90,13.9000,true,1,66614
8001090375230,false,"פנטן מרכך 200 מ""ל",פרוקטר אנד גמבל,RO,Pantene,מיליליטרים,200.00,"100 מ""ל",false,,13.90,0.0695,true,1,37015
8001090375285,false,"פנטן מרכך 200 מ""ל",פרוקטר אנד גמבל,RO,Pantene,מיליליטרים,200.00,"100 מ""ל",false,,13.90,0.0695,true,1,37016
8001090379337,false,פמפרס פרימיום VP מיד,פרוקטר אנד גמבל,TR,Pampers,יח',40.00,יח',false,,29.90,0.7475,true,1,35474
8001090379368,false,פמפרס פרימיום VP מיד,פרוקטר אנד גמבל,TR,Pampers,יח',34.00,יח',false,,29.90,0.8794,true,1,35475
8001090734044,false,מגן תחתון אולווייז מ,פרוקטר אנד גמבל,UA,אולוייז,יח',64.00,יח',false,,17.90,0.2797,true,1,36499
8001090740717,false,מגן תחתון אולדייז מג,פרוקטר אנד גמבל,DE,Fem Care,יח',76.00,יח',false,,17.90,0.2355,true,1,36500
8001090745903,false,"טייד 4 ק""ג",פרוקטר אנד גמבל,TR,טייד,קילוגרמים,4.00,"ק""ג",false,,24.90,6.2250,true,1,37728
8001090832450,false,פנטן שמפו נוסחה קלאס,פרוקטר אנד גמבל,RO,פנטן,מיליליטרים,660.00,"100 מ""ל",false,,19.90,0.0302,true,1,63776
8001090832535,false,פנטן שמפו שמן מרוקאי,פרוקטר אנד גמבל,RO,פנטן,מיליליטרים,660.00,"100 מ""ל",false,,19.90,0.0302,true,1,63777
8001090832573,false,פנטן שמפו לחות מוגבר,פרוקטר אנד גמבל,RO,פנטן,מיליליטרים,660.00,"100 מ""ל",false,,19.90,0.0302,true,1,63778
8001090832610,false,פנטן שמפו למגע רך כמ,פרוקטר אנד גמבל,RO,פנטן,מיליליטרים,660.00,"100 מ""ל",false,,19.90,0.0302,true,1,63779
8001090832818,false,פנטן קונדישנר נוסחה,פרוקטר אנד גמבל,RO,פנטן,מיליליטרים,660.00,"100 מ""ל",false,,19.90,0.0302,true,1,63782
8001090832856,false,פנטן קונדישנר מרוקאי,פרוקטר אנד גמבל,RO,פנטן,מיליליטרים,660.00,"100 מ""ל",false,,19.90,0.0302,true,1,63783
8001090832894,false,פנטן קונדישנר לחות מ,פרוקטר אנד גמבל,RO,פנטן,מיליליטרים,660.00,"100 מ""ל",false,,19.90,0.0302,true,1,63784
8001090832931,false,פנטן קונדישנר למגע ר,פרוקטר אנד גמבל,RO,פנטן,מיליליטרים,660.00,"100 מ""ל",false,,19.90,0.0302,true,1,63786
8001090833136,false,אריאל ג'ל בייבי 2.25,פרוקטר אנד גמבל,FR,Ariel,ליטרים,2.26,ליטר,false,,26.90,11.9027,true,1,54904
8001090833198,false,אריאל גל בניחוח רענן,פרוקטר אנד גמבל,FR,Ariel,ליטרים,2.37,ליטר,false,,27.90,11.7722,true,1,54905
8001090899194,false,תחבושת אולוויז פלטינ,פרוקטר אנד גמבל,DE,אולוויז,יח,24.00,יח,false,,16.90,0.7042,true,1,59438
8001090899224,false,תחבושת אולוויז פלטינ,פרוקטר אנד גמבל,DE,אולוויז,יח,20.00,יח,false,,16.90,0.8450,true,1,59439
8001090899255,false,תחבושת אולוויז פלטינ,פרוקטר אנד גמבל,DE,אולוויז,יח,16.00,יח,false,,16.90,1.0562,true,1,59440
8001090899286,false,תחבושת אולוויז פלטינ,פרוקטר אנד גמבל,DE,אולוויז,יח,14.00,יח,false,,16.90,1.2071,true,1,59441
8001090992338,false,פיירי טבליות למדיח פ,פרוקטר אנד גמבל,BE,פיירי,יח',50.00,יח',false,,44.90,0.8980,true,1,61106
8001160001786,false,משקה גטורייד ספורט כ,ALOE VERA HEAVEN SRL,IT,גטורייד,מיליליטרים,500.00,"100 מ""ל",false,,9.90,0.0198,true,1,69537
8001160001892,false,משקה גטורייד ספורט ת,ALOE VERA HEAVEN SRL,IT,גטורייד,מיליליטרים,500.00,"100 מ""ל",false,,9.90,0.0198,true,1,69538
8001620015636,false,פרוטה מיקס פירות 400,סאן בנדטו,,פרוטה מיקס פירות 400,מיליליטרים,400.00,"100 מ""ל",false,,6.50,0.0163,true,1,71030
8001620017456,false,סאן בנדטו שישייה 500,טמפו,,סאן בנדטו שישייה 500,מיליליטרים,3000.00,"100 מ""ל",false,,13.90,0.0046,true,1,38184
8001841006710,false,לנור כדוריות בניחוח,פרוקטר אנד גמבל,GB,לנור,גרמים,210.00,100 גרם,false,,24.90,0.1186,true,1,66835
8001841053684,false,תחבושות אולוויז עבה,פרוקטר אנד גמבל,HU,אולוויז,יח',12.00,יח',false,,9.90,0.8250,true,1,56721
8001841104799,false,פמפרס פרימיום VP מיד,פרוקטר אנד גמבל,TR,Pampers,יח',46.00,יח',false,,29.90,0.6500,true,1,59993
8001841427126,false,מגן תח. אולוויז מגה,פרוקטר אנד גמבל,DE,אולוויז,יח',64.00,יח',false,,17.90,0.2797,true,1,64431
8001841500799,false,הרבל אסנס שמפו ללא ס,פרוקטר אנד גמבל,FR,הרבל אסנסס,מיליליטרים,380.00,"100 מ""ל",false,,14.90,0.0392,true,1,67743
8001841500942,false,הרבל אסנס שמפו ללא ס,פרוקטר אנד גמבל,FR,הרבל אסנסס,מיליליטרים,380.00,"100 מ""ל",false,,14.90,0.0392,true,1,67744
8001841566771,false,לנור כדוריות 210 גרם,פרוקטר אנד גמבל,US,לנור,גרמים,210.00,100 גרם,false,,24.90,0.1186,true,1,66836
8001841625188,false,פיירי לימון פלטיניום,פרוקטר אנד גמבל,GB,פיירי,מיליליטרים,515.00,"100 מ""ל",false,,8.90,0.0173,true,1,63411
8001841625287,false,פיירי פלטיניום 1.015,,,פיירי פלטיניום 1.015,ליטרים,1.01,ליטר,false,,12.90,12.7723,true,1,65303
8001841625362,false,פיירי פלטינום לימון,פרוקטר אנד גמבל,GB,פיירי,מיליליטרים,780.00,"100 מ""ל",false,,11.90,0.0153,true,1,83768
8001841669465,false,אריאל קפסולות לכביסה,פרוקטר אנד גמבל,FR,Ariel,יח',24.00,יח',false,,29.90,1.2458,true,1,67177
8001841715957,false,שולדרס ג'ל רחצה ושמפ,,FR,שולדרס,מיליליטרים,360.00,"100 מ""ל",false,,16.90,0.0469,true,1,68085
8001841716435,false,שולדרס ג'ל רחצה ושמפ,,FR,שולדרס,מיליליטרים,360.00,"100 מ""ל",false,,16.90,0.0469,true,1,68087
8001841941929,false,אולוויז וליו פק לילי,פרוקטר אנד גמבל,DE,אולוויז,יח',16.00,יח',false,,16.90,1.0562,true,1,69208
8001841943961,false,לנור כדוריות 210 גרם,פרוקטר אנד גמבל,US,לנור,גרמים,210.00,100 גרם,false,,24.90,0.1186,true,1,66837
8002267014662,false,ביצת הפתעה ברבי שליש,דולפין,IT,פולרטי,גרמים,60.00,100 גרם,false,,10.90,0.1817,true,1,35348
8002267016475,false,ביצת הפתעה בוב הבנאי,דולפין,IT,פולרטי,גרמים,60.00,100 גרם,false,,10.90,0.1817,true,1,54578
8002270015656,false,מים סאן פלגרינו 750,ברקן סגל,IL,ס.פלגרינו,מיליליטרים,750.00,"100 מ""ל",false,,9.50,0.0127,true,1,10943
8002270866524,false,מים סן פלגרינו 1 ליט,ברקן סגל,IL,ס.פלגרינו,ליטרים,1.00,ליטר,false,,8.90,8.9000,true,1,10945
8002450203002,false,*מבצע* ורדי אבטיח,בוסקה,IT,ורדי,מיליליטרים,750.00,"100 מ""ל",false,,19.90,0.0265,true,1,56038
8002450204009,false,*מבצע* ורדי אפרסק,בוסקה,IT,ורדי,מיליליטרים,750.00,"100 מ""ל",false,,19.90,0.0265,true,1,10754
8002450208007,false,*מבצע* ורדי גרין אפל,בוסקה,IT,ורדי,מיליליטרים,750.00,"100 מ""ל",false,,19.90,0.0265,true,1,10760
8002450209004,false,*מבצע* ורדי רוזה,בוסקה,IT,ורדי,מיליליטרים,750.00,"100 מ""ל",false,,19.90,0.0265,true,1,24645
8003340091280,false,לינדור בונבוניירה 60,לינדט ושפרונגלי קילש,CH,בונבוניירה לינדור 200 גרם,גרמים,200.00,100 גרם,false,,22.90,0.1145,true,1,3510
8004030022010,false,ריו מארה אינסלטיסימי,בולטון,IT,ריו מרה טונה ירקות גינה 1,גרמים,160.00,100 גרם,false,,16.90,0.1056,true,1,18331
8004030026018,false,ריו מרה אנסלטיסימי מ,בולטון,IT,ריו מרה טונה מקסיקני 160,גרמים,160.00,100 גרם,false,,16.90,0.1056,true,1,18332
8004030102033,false,ריו מרה טונה בשמן זי,BOLTON GROUP- RIO,IT,ריו מרה,גרמים,240.00,100 גרם,false,,27.90,0.1162,true,1,54739
8004030180000,false,ריו מרה בשמן זית 3*8,בולטון,IT,ריו מרה בשמן זית 3*8,גרמים,240.00,100 גרם,false,,25.90,0.1079,true,1,82753
8004030344938,false,ריו מרה טונה בשמן זי,BOLTON GROUP- RIO,IT,ריו מרה,גרמים,240.00,100 גרם,false,,27.90,0.1162,true,1,18335
8004030845046,false,ריו מארה אינסלטיסימי,בולטון,IT,ריו מרה טונה מקסיקני 160,גרמים,160.00,100 גרם,false,,16.90,0.1056,true,1,57003
8004800000064,false,*מבצע* גלילי וופל לא,לאגו,IT,*מבצע* גלילי וופל לא,גרמים,100.00,100 גרם,false,,9.90,0.0990,true,1,84119
8004800000071,false,*מבצע* גלילי וופל לא,לאגו,IT,*מבצע* גלילי וופל לא,גרמים,100.00,100 גרם,false,,9.90,0.0990,true,1,84120
8004800004826,false,*מבצע* וופל לאגו במי,לאגו,IT,*מבצע* וופל לאגו במי,גרמים,98.00,100 גרם,false,,9.90,0.1010,true,1,84122
8004800005502,false,*מבצע* גלילי וופל לא,לאגו,IT,*מבצע* גלילי וופל לא,גרמים,125.00,100 גרם,false,,7.90,0.0632,true,1,84123
8004800005519,false,*מבצע* גלילי וופל לא,לאגו,IT,*מבצע* גלילי וופל לא,גרמים,125.00,100 גרם,false,,7.90,0.0632,true,1,84124
8004800005526,false,*מבצע* גלילי וופל לא,לאגו,IT,*מבצע* גלילי וופל לא,גרמים,125.00,100 גרם,false,,7.90,0.0632,true,1,84125
8005110002243,false,תרכיז עגבניות 185 גר,mutti s.p.a,IT,MUTTI,גרמים,185.00,100 גרם,false,,7.50,0.0405,true,1,65461
8005110170300,false,שלישיית עגבניות מרוס,mutti s.p.a,IT,MUTTI,גרמים,400.00,100 גרם,false,,17.90,0.0447,true,1,31166
8005110171215,false,עגבניות חתוכות 690 ג,mutti s.p.a,IT,עגבניות חתוכות 690 ג,גרמים,690.00,100 גרם,false,,13.90,0.0201,true,1,41530
8005110191015,false,פאסטה עגבניות עם בזי,mutti s.p.a,IT,mutti,גרמים,700.00,100 גרם,false,,11.90,0.0170,true,1,35048
8005110551253,false,רוטב לפיצה 400 גרם,mutti s.p.a,IT,MUTTI,גרמים,400.00,100 גרם,false,,7.90,0.0198,true,1,63409
8005200256587,false,נסטי בטעם אפרסק 1.5,סן-פלגרינו,IL,נסטי,ליטרים,1.50,ליטר,false,,8.30,5.5333,true,1,69681
8005200286584,false,נסטי בטעם מנגו אננס,סן-פלגרינו,IL,נסטי,ליטרים,1.50,ליטר,false,,8.30,5.5333,true,1,69682
8005200316588,false,נסטי בטעם אפרסק דיאט,סן-פלגרינו,IL,נסטי,ליטרים,1.50,ליטר,false,,7.90,5.2667,true,1,69683
8005803010357,false,גריסיני קלאסי 125 גר,הוסטה איטליה,IT,גריסיני קלאסי 125 גר,גרמים,125.00,100 גרם,false,,5.90,0.0472,true,1,30657
8005803010371,false,גריסיני רוזמרין 125,הוסטה איטליה,IT,גריסיני רוזמרין 125,גרמים,125.00,100 גרם,false,,5.90,0.0472,true,1,30658
8005803010586,false,גריסיני פיצה 125 גרם,הוסטה איטליה,IT,גריסיני פיצה 125 גרם,גרמים,125.00,100 גרם,false,,5.90,0.0472,true,1,30659
8005803010661,false,גריסיני שומשום 125 ג,הוסטה איטליה,IT,גריסיני שומשום 125 ג,גרמים,125.00,100 גרם,false,,5.90,0.0472,true,1,30660
8006540091937,false,לנור כדוריות בניחוח,פרוקטר אנד גמבל,GB,לנור,גרמים,210.00,100 גרם,false,,24.90,0.1186,true,1,69138
8006540112793,false,מרכך לנור מרוכז בניח,פרוקטר אנד גמבל,FR,לנור,מיליליטרים,900.00,"100 מ""ל",false,,14.90,0.0166,true,1,67595
8006540112823,false,מרכך לנור מרוכז בניח,פרוקטר אנד גמבל,FR,לנור,מיליליטרים,900.00,"100 מ""ל",false,,14.90,0.0166,true,1,67596
8006540112854,false,מרכך לנור מרוכז בניח,פרוקטר אנד גמבל,FR,לנור,מיליליטרים,900.00,"100 מ""ל",false,,14.90,0.0166,true,1,67597
8006540352960,false,טמפונים טמפקס פרל רג,פרוקטר אנד גמבל,HU,Fem Care,יח',20.00,יח',false,,19.90,0.9950,true,1,69577
8006540353004,false,טמפונים טמפקס פרל סו,פרוקטר אנד גמבל,HU,Fem Care,יח',18.00,יח',false,,19.90,1.1056,true,1,69578
8006540383018,false,פיירי  פלטינום פלוס,פרוקטר אנד גמבל,BE,פיירי,יח',23.00,יח',false,,34.90,1.5174,true,1,80777
8006540404850,false,תחבושות אולוויז דיסק,p&g,DE,תחבושות אולוויז דיסק,יח',10.00,יח',false,,14.90,1.4900,true,1,84662
8006540404898,false,תחבושות אולוויז דיסק,p&g,DE,תחבושות אולוויז דיסק,יח',8.00,יח',false,,14.90,1.8625,true,1,84663
8006540405031,false,תחבושות אולוויז דיסק,p&g,DE,תחבושות אולוויז דיסק,יח',16.00,יח',false,,14.90,0.9313,true,1,84665
8006540425930,false,אריאל קפסולות לכביסה,פרוקטר אנד גמבל,FR,Ariel,יח',24.00,יח',false,,29.90,1.2458,true,1,69949
8006540429327,false,"פיירי לימון 440 מ""ל",,CZ,"פיירי לימון 440 מ""ל",מיליליטרים,440.00,"100 מ""ל",false,,8.90,0.0202,true,1,70907
8006540495186,false,מרכך לנור מרוכז בייב,פרוקטר אנד גמבל,FR,לנור,מיליליטרים,900.00,"100 מ""ל",false,,14.90,0.0166,true,1,82492
8006540495216,false,מרכך לנור מרוכז בניו,פרוקטר אנד גמבל,FR,לנור,מיליליטרים,900.00,"100 מ""ל",false,,14.90,0.0166,true,1,82666
8006540495247,false,מרכך לנור מרוכז פרחי,פרוקטר אנד גמבל,FR,לנור,מיליליטרים,900.00,"100 מ""ל",false,,14.90,0.0166,true,1,86440
8007178120310,false,חומץ בלסמי גקובזי 50,FATTORIE GIACOBAZZI,IT,ז'קובזי,מיליליטרים,500.00,"100 מ""ל",false,,17.90,0.0358,true,1,20401
8007520096003,false,"מורנדו לכלב 4 ק""ג",,,"מורנדו לכלב 4 ק""ג",קילוגרמים,3.80,"ק""ג",false,,49.90,13.1316,true,1,64883
8008245004861,false,*מבצע* ממרח אגוזי לו,נאטקו,IT,*מבצע* ממרח אגוזי לו,גרמים,300.00,100 גרם,false,,12.90,0.0430,true,1,67653
8008660210021,false,*מבצע* מעדן דובדבן מ,מנד אנד גאסר,IT,*מבצע* מעדן דובדבן מ,גרמים,300.00,100 גרם,false,,14.90,0.0497,true,1,27499
8008660210038,false,*מבצע* מעדן תות שדה,מנד אנד גאסר,IT,*מבצע* מעדן תות שדה,גרמים,300.00,100 גרם,false,,14.90,0.0497,true,1,27500
8008660210045,false,*מבצע* מעדן פירות יע,מנד אנד גאסר,IT,*מבצע* מעדן פירות יע,גרמים,300.00,100 גרם,false,,14.90,0.0497,true,1,27501
8008698003503,false,קרקר אפוי 210 גרם לל,ס.ר.ל פוסטל,IT,dr schear,גרמים,210.00,100 גרם,false,,22.90,0.1090,true,1,2137
8008698054109,false,מילי גריס ממרח אגוזי,schar,IT,מילי גריס ממרח אגוזי,גרמים,52.00,100 גרם,false,,12.90,0.2481,true,1,70038
8008857114347,false,פסטה רג'יה ללא גלוטן,רגיה,IT,פסטה רג'יה ללא גלוטן,גרמים,400.00,100 גרם,false,,8.90,0.0223,true,1,82092
8008857114484,false,פסטה רג'יה ללא גלוטן,רגיה,IT,פסטה רג'יה ללא גלוטן,גרמים,400.00,100 גרם,false,,8.90,0.0223,true,1,82093
8008857200057,false,פסטה רג'יה ספגטי שטו,רגיה,IT,תומר,גרמים,500.00,100 גרם,false,,4.90,0.0098,true,1,17553
8008857200194,false,פסטה רג'יה ספגטי 500,רגיה,IT,תומר,גרמים,500.00,100 גרם,false,,4.90,0.0098,true,1,17554
8008857200200,false,פסטה רג'יה ספגטי דק,,,פסטה רג'יה איטלקית 500 גר,גרמים,500.00,100 גרם,false,,4.90,0.0098,true,1,17555
8008857300238,false,פסטה רג'יה גליל 500,רגיה,IT,תומר,גרמים,500.00,100 גרם,false,,4.90,0.0098,true,1,17556
8008857300344,false,פסטה רג'יה צינור 500,רגיה,IT,תומר,גרמים,500.00,100 גרם,false,,4.90,0.0098,true,1,17557
8008857300481,false,פסטה רג'יה בורג  500,רגיה,IT,תומר,גרמים,500.00,100 גרם,false,,4.90,0.0098,true,1,17558
8008857300580,false,פסטה רג'יה איטלקית 5,,,פסטה רג'יה איטלקית 5,גרמים,500.00,100 גרם,false,,4.90,0.0098,true,1,67222
8008857300603,false,פסטה רג'יה איטלקית 5,,,פסטה רג'יה איטלקית 5,גרמים,500.00,100 גרם,false,,4.90,0.0098,true,1,69469
8008857300634,false,פסטה רג'יה תלתל 500,רגיה,IT,תומר,גרמים,500.00,100 גרם,false,,4.90,0.0098,true,1,17563
8008857300641,false,פסטה רג'יה קונכיה 50,רגיה,IT,תומר,גרמים,500.00,100 גרם,false,,4.90,0.0098,true,1,17564
8008857300771,false,פסטה רג'יה אטריות מר,,,פסטה רג'יה אטריות מר,גרמים,500.00,100 גרם,false,,4.90,0.0098,true,1,17566
8008857406152,false,אטריות עגולות עבות 5,רגיה,IT,תומר,גרמים,500.00,100 גרם,false,,7.90,0.0158,true,1,17569
8008857500003,false,אטריות עגולות דקות ר,רגיה,IT,תומר,גרמים,500.00,100 גרם,false,,7.90,0.0158,true,1,17570
8008857601052,false,לזניה רג'יה 500 גרם,giglio specialite pa,IT,לזניה רג'יה 500 גרם,גרמים,500.00,100 גרם,false,,8.90,0.0178,true,1,53796
8008857704487,false,פסטה רג'יה ח.מלאה פו,רגיה,IT,פסטה רג'יה ח.מלאה פו,גרמים,500.00,100 גרם,false,,5.90,0.0118,true,1,82096
8008912010034,false,ספגטי ליגורי מספר 3,פסטה ליגורי,IT,ליגורי,גרמים,500.00,100 גרם,false,,7.90,0.0158,true,1,65834
8008912010072,false,פסטה ליגורי 500 גר מ,פסטה ליגורי,IT,ליגורי,גרמים,500.00,100 גרם,false,,7.90,0.0158,true,1,65835
8008912010270,false,פסטה ליגורי קסרצ'ה 5,פסטה ליגורי,IT,ליגורי,גרמים,500.00,100 גרם,false,,7.90,0.0158,true,1,65836
8008912010300,false,פסטה ליגורי פרפלה 50,פסטה ליגורי,IT,ליגורי,גרמים,500.00,100 גרם,false,,7.90,0.0158,true,1,65837
8008912010317,false,פסטה ליגורי פוזילי 5,פסטה ליגורי,IT,ליגורי,גרמים,500.00,100 גרם,false,,7.90,0.0158,true,1,65838
8008912010331,false,פסטה ליגורי ניוקטי ס,פסטה ליגורי,IT,ליגורי,גרמים,500.00,100 גרם,false,,7.90,0.0158,true,1,65839
8008912010423,false,פסטה ליגורי פנה ריגט,פסטה ליגורי,IT,ליגורי,גרמים,500.00,100 גרם,false,,7.90,0.0158,true,1,65840
8008912016012,false,לזניה מספר 102 ליגור,פסטיפישיו פציון ס.פ.,IT,לזניה מספר 102 ליגור,גרמים,500.00,100 גרם,false,,15.90,0.0318,true,1,71240
8009470009041,false,"סימבה בקר לחתול 2 ק""",,,"סימבה בקר לחתול 2 ק""",קילוגרמים,2.00,"ק""ג",false,,34.90,17.4500,true,1,81520
8009470009560,false,"סימבה בקר לכלב 4 ק""ג",,,"סימבה בקר לכלב 4 ק""ג",גרמים,4000.00,100 גרם,false,,49.90,0.0125,true,1,63490
8017938005122,false,חומץ תפוחים אורגני -,,,חומץ תפוחים אורגני -,גרמים,750.00,100 גרם,false,,20.90,0.0279,true,1,82278
8017938005146,false,ביוטרנטינו - מיץ אוכ,,,ביוטרנטינו - מיץ אוכ,גרמים,330.00,100 גרם,false,,39.90,0.1209,true,1,82279
8017938005764,false,מיץ תפוחים אורגני 10,,,מיץ תפוחים אורגני 10,יחידה,0.00,יחידה,false,,20.90,0.0000,true,1,82280
8023678162360,false,*מבצע* משקה שקדים טב,אבא פודס אס. אר. אל,IT,ISOLA,ליטרים,1.00,ליטר,false,,13.90,13.9000,true,1,59316
8024985002783,false,נטורה נובה - סמוזי ג,,,נטורה נובה - סמוזי ג,גרמים,100.00,100 גרם,false,,4.90,0.0490,true,1,82288
8024985002943,false,נטורה נובה - סמוזי א,,,נטורה נובה - סמוזי א,גרמים,100.00,100 גרם,false,,4.90,0.0490,true,1,82289
8024985002950,false,נטורה נובה - סמוזי ש,,,נטורה נובה - סמוזי ש,גרמים,100.00,100 גרם,false,,4.90,0.0490,true,1,82290
8024985002967,false,נטורה נובה - סמוזי ב,,,נטורה נובה - סמוזי ב,גרמים,100.00,100 גרם,false,,4.90,0.0490,true,1,82291
8024985003988,false,נטורה נובה - סמוזי ת,נטורה נובה,IT,נטורה נובה - סמוזי ת,גרמים,100.00,100 גרם,false,,4.90,0.0490,true,1,60461
8024985005234,false,נטורה נובה - סמוזי מ,נטורה נובה,IT,נטורה נובה - סמוזי מ,גרמים,100.00,100 גרם,false,,4.90,0.0490,true,1,60463
8024985005302,false,נטורה נובה - סמוזי ת,,,נטורה נובה - סמוזי ת,גרמים,120.00,100 גרם,false,,6.90,0.0575,true,1,82295
8024985008051,false,נטורה נובה - סמוזי פ,נטורה נובה,IT,נטורה נובה - סמוזי פ,גרמים,100.00,100 גרם,false,,4.90,0.0490,true,1,60465
8032573170035,false,*מבצע* יין מוסקטו טר,יקבי קנטינה,IT,מוסקטו טרה בלה,מיליליטרים,750.00,"100 מ""ל",false,,32.90,0.0439,true,1,11424
8032793342458,false,*מבצע* עגבניות מרוסק,קונסוריזיו דל פרומוד,IT,*מבצע* עגבניות מרוסק,גרמים,700.00,100 גרם,false,,8.90,0.0127,true,1,30683
8032793344292,false,*מבצע* עגבניות חתוכו,קונסוריזיו דל פרומוד,IT,*מבצע* עגבניות חתוכו,גרמים,700.00,100 גרם,false,,8.90,0.0127,true,1,63679
8032793344520,false,רסק עגבניות בשפורפרת,קונסוריזיו דל פרומוד,IT,רסק עגבניות בשפורפרת,גרמים,200.00,100 גרם,false,,7.90,0.0395,true,1,65705
8032804432024,false,פליסיה קופסא - לזניה,,,פליסיה קופסא - לזניה,גרמים,250.00,100 גרם,false,,17.90,0.0716,true,1,82310
8032880800243,false,פיקניק עם הפתעה,הוסטה,IT,פיקניק הפתעה,יח',1.00,יח',false,,6.90,6.9000,true,1,11958
8076800105056,false,"ספגטי ברילה 1 ק""ג",ברילה,IT,"ספגטי ברילה 1 ק""ג",קילוגרמים,1.00,"ק""ג",false,,12.90,12.9000,true,1,85625
8076800105735,false,"פנה ריגטה ברילה 1 ק""",ברילה,IT,"פנה ריגטה ברילה 1 ק""",קילוגרמים,1.00,"ק""ג",false,,12.90,12.9000,true,1,85626
8076800105988,false,"פוזילי ברילה 1 ק""ג",ברילה,IT,"פוזילי ברילה 1 ק""ג",קילוגרמים,1.00,"ק""ג",false,,12.90,12.9000,true,1,85627
8076800195019,false,ברילה צ.א ספגטי מס1,BARILLA,IT,ברילה,גרמים,500.00,100 גרם,false,,6.90,0.0138,true,1,18337
8076800195033,false,פסטה ברילה צורות צ.א,BARILLA,IT,ברילה,גרמים,500.00,100 גרם,false,,6.90,0.0138,true,1,18338
8076800195057,false,פסטה ברילה צורות צ.א,BARILLA,IT,ברילה,גרמים,500.00,100 גרם,false,,6.90,0.0138,true,1,18339
8076800195132,false,פסטה ברילה צורות צ.א,BARILLA,IT,ברילה,גרמים,500.00,100 גרם,false,,6.90,0.0138,true,1,18340
8076800315097,false,פסטה ברילה צורות צ.א,BARILLA,IT,ברילה,גרמים,500.00,100 גרם,false,,6.90,0.0138,true,1,18341
8076802085738,false,פסטה ברילה צורות צ.ק,BARILLA,IT,ברילה,גרמים,500.00,100 גרם,false,,6.90,0.0138,true,1,18343
8076802085837,false,פסטה ברילה צורות צ.ק,BARILLA,IT,ברילה,גרמים,500.00,100 גרם,false,,6.90,0.0138,true,1,18344
8076802085936,false,פסטה פסטה ברילה צורו,BARILLA,IT,ברילה,גרמים,500.00,100 גרם,false,,6.90,0.0138,true,1,18345
8076808060654,false,פסטה ברילה צורות צ.ק,BARILLA,IT,ברילה,גרמים,500.00,100 גרם,false,,6.90,0.0138,true,1,18349
8076809512268,false,פסטה ברילה צורות צ.ק,BARILLA,IT,ברילה,גרמים,500.00,100 גרם,false,,6.90,0.0138,true,1,18353
8076809513388,false,ברילה רוטב ארביאטה 4,BARILLA,IT,ברילה,גרמים,400.00,100 גרם,false,,14.90,0.0373,true,1,18354
8076809513395,false,ברילה רוטב פומודורו,BARILLA,IT,ברילה,מיליליטרים,333.00,"100 מ""ל",false,,14.90,0.0447,true,1,18355
8076809513654,false,ברילה בסיס לבולונז 4,BARILLA,IT,ברילה,גרמים,400.00,100 גרם,false,,14.90,0.0373,true,1,18356
8076809513692,false,ברילה רוטב נפולטנה 4,BARILLA,IT,ברילה,מיליליטרים,333.00,"100 מ""ל",false,,14.90,0.0447,true,1,18357
8076809513739,false,ברילה רוטב בזיליקום,BARILLA,IT,ברילה,גרמים,400.00,100 גרם,false,,14.90,0.0373,true,1,18358
8076809523561,false,ברילה רוטב פסטה בטעם,BARILLA,IT,ברילה,גרמים,400.00,100 גרם,false,,14.90,0.0373,true,1,18360
8076809523738,false,ברילה צ.מ לזניה 500,BARILLA,IT,ברילה,גרמים,500.00,100 גרם,false,,19.90,0.0398,true,1,18362
8076809545457,false,ברילה צינורות ללא גל,ברילה,IT,ברילה,גרמים,400.00,100 גרם,false,,14.90,0.0373,true,1,24663
8076809545464,false,ברילה ספירלי ללא גלו,ברילה,IT,ברילה,גרמים,400.00,100 גרם,false,,14.90,0.0373,true,1,24664
8076809580496,false,ברילה צ.מ פפירי,ברילה,IT,ברילה,גרמים,500.00,100 גרם,false,,12.90,0.0258,true,1,69991
8121300207004,false,*מבצע* טרוביה- סטיבי,cargil,US,טרוביה,גרמים,270.00,100 גרם,false,,24.90,0.0922,true,1,60147
8121300208780,false,טרוביה תחליף סוכר לכ,MSI EXPRESS,US,טרוביה תחליף סוכר לכ,גרמים,360.00,100 גרם,false,,34.90,0.0969,true,1,84334
8327819811217,false,פמוט קריסטל נמוך,,,פמוט קריסטל נמוך,יחידה,0.00,יחידה,false,,6.90,0.0000,true,1,76294
8327819811224,false,מארז טושים 4 יח וספו,,,מארז טושים 4 יח וספו,יחידה,0.00,יחידה,false,,7.90,0.0000,true,1,79100
8327819811323,false,צנצנת משבצות משושה 8,,,צנצנת משבצות משושה 8,יחידה,0.00,יחידה,false,,5.90,0.0000,true,1,76295
8327819811330,false,צנצנת משבצות מרובעת,,,צנצנת משבצות מרובעת,יחידה,0.00,יחידה,false,,5.90,0.0000,true,1,76296
8327819811385,false,מארז סרטי מתנה עם פפ,,,מארז סרטי מתנה עם פפ,יחידה,0.00,יחידה,false,,12.90,0.0000,true,1,76297
8410076600479,false,חטיפי דגנים נייצ'ר ו,,ES,נייצ'ר ואלי,גרמים,210.00,100 גרם,false,,14.90,0.0710,true,1,33392
8410076600622,false,חטיפי קראנצי שבבי שו,ג'נרל מילס,ES,נייטשר ואלי,גרמים,210.00,100 גרם,false,,18.90,0.0900,true,1,11961
8410076610379,false,נייצר ואלי שוקולד פר,ג'נרל מילס,ES,נייצר ואלי,גרמים,160.00,100 גרם,false,,23.90,0.1494,true,1,27792
8410076610386,false,נייצר ואלי קרמל פרוט,ג'נרל מילס,ES,נייצר ואלי,גרמים,160.00,100 גרם,false,,23.90,0.1494,true,1,27793
8410076610492,false,חטיפי צ'ואי בוטנים ח,ג'נרל מילס,ES,נייטשר ואלי,גרמים,210.00,100 גרם,false,,14.90,0.0710,true,1,30227
8410076610508,false,חטיפי צ'ואי שוקולד ח,ג'נרל מילס,ES,נייטשר ואלי,גרמים,210.00,100 גרם,false,,14.90,0.0710,true,1,30228
8410076621009,false,*מבצע* חטיף פייבר 1,גורפו זירו,ES,פייבר,גרמים,120.00,100 גרם,false,,12.90,0.1075,true,1,65375
8410076621047,false,*מבצע* חטיף פייבר 1,גורפו זירו,ES,פייבר,גרמים,120.00,100 גרם,false,,12.90,0.1075,true,1,65376
8410104039134,false,פיניש מחדש מדיח 250,RECKITT BENCKISER PR,PL,פיניש,מיליליטרים,250.00,"100 מ""ל",false,,14.90,0.0596,true,1,7323
8410104044916,false,פיניש 2.7 קג,RECKITT BENCKISER HU,DE,פיניש,קילוגרמים,2.70,"ק""ג",false,,39.90,14.7778,true,1,7324
8410104045111,false,פיניש מלח 2 קג,חברת המלח,IL,פיניש,קילוגרמים,2.00,"ק""ג",false,,14.90,7.4500,true,1,63446
8410104437268,false,פיניש ציטרופרש,RECKITT BENCKISER HU,HU,פיניש,יח',1.00,יח',false,,14.90,14.9000,true,1,7329
8410128768324,false,ויוה סוי משקה שקדים,קלידאד פסקואל,ES,ויוה סוי,ליטרים,1.00,ליטר,false,,11.90,11.9000,true,1,65002
8410128768355,false,ויוה סוי משקה סויה ק,קלידאד פסקואל,ES,ויוה סוי,ליטרים,1.00,ליטר,false,,10.90,10.9000,true,1,64996
8410128783587,false,ויוה סוי משקה סויה ש,קלידאד פסקואל,ES,ויוה סוי סויה לייט ליטר,ליטרים,1.00,ליטר,false,,11.90,11.9000,true,1,82844
8410179100043,false,*מבצע* שמן זית כתית,PONTU BORGES ACEITES,ES,שמן זית כתית מעולה,מיליליטרים,750.00,"100 מ""ל",false,,31.90,0.0425,true,1,18933
8410179300818,false,*מבצע* שמן זית מעודן,PONTU BORGES ACEITES,ES,שמן זית כתית מעולה,מיליליטרים,750.00,"100 מ""ל",false,,31.90,0.0425,true,1,29412
8411574008347,false,סט 12 טושים צבעוניים,,,סט 12 טושים צבעוניים,יחידה,0.00,יחידה,false,,12.00,0.0000,true,1,78635
8411574021285,false,סט 10 טושים דו צדדי,,,סט 10 טושים דו צדדי,יחידה,0.00,יחידה,false,,20.00,0.0000,true,1,78638
8411574023807,false,סט 12 עפרונות צבעוני,,,סט 12 עפרונות צבעוני,יחידה,0.00,יחידה,false,,12.90,0.0000,true,1,78639
8411574053446,false,עפרון משולש + מחק  1,,,עפרון משולש + מחק  1,יחידה,0.00,יחידה,false,,10.90,0.0000,true,1,78641
8411574800132,false,סט 12 צבעי פסטל MILA,,,סט 12 צבעי פסטל MILA,יחידה,0.00,יחידה,false,,10.90,0.0000,true,1,78643
8412168002529,false,*מבצע* ערק מחייה 13,דיסטילריאס לה הורטנה,ES,מחייה,מיליליטרים,700.00,"100 מ""ל",false,,49.90,0.0713,true,1,67216
8412423154154,false,שקית מתנה- צבע מטאלי,,,שקית מתנה- צבע מטאלי,יחידה,0.00,יחידה,false,,1.50,0.0000,true,1,83911
8412423154161,false,שקית מתנה- צבע מטאלי,,,שקית מתנה- צבע מטאלי,יחידה,0.00,יחידה,false,,2.50,0.0000,true,1,83912
8412423154178,false,שקית מתנה- צבע מטאלי,,,שקית מתנה- צבע מטאלי,יחידה,0.00,יחידה,false,,3.00,0.0000,true,1,83913
8412423154185,false,שקית מתנה- צבע מטאלי,,,שקית מתנה- צבע מטאלי,יחידה,0.00,יחידה,false,,5.00,0.0000,true,1,83914
8412423154208,false,שקית וואקום לאחסון 5,,,שקית וואקום לאחסון 5,יחידה,0.00,יחידה,false,,5.90,0.0000,true,1,82625
8412423154215,false,שקית וואקום לאחסון 7,,,שקית וואקום לאחסון 7,יחידה,0.00,יחידה,false,,10.00,0.0000,true,1,82626
8412765844225,false,סוללות AAA אבץ,,,סוללות AAA אבץ,יחידה,0.00,יחידה,false,,2.90,0.0000,true,1,83559
8420397856783,false,פרקט הדבקה לריצפה אפ,,,פרקט הדבקה לריצפה אפ,יחידה,0.00,יחידה,false,,6.90,0.0000,true,1,76309
8420397857858,false,מלחייה זכוכית פסים,,,מלחייה זכוכית פסים,יחידה,0.00,יחידה,false,,3.00,0.0000,true,1,76312
8420397857865,false,מלחייה זכוכית חלק,,,מלחייה זכוכית חלק,יחידה,0.00,יחידה,false,,3.00,0.0000,true,1,76313
8420397857971,false,טפט דמוי בריקים לבן,,,טפט דמוי בריקים לבן,יחידה,0.00,יחידה,false,,10.90,0.0000,true,1,79104
8420397858206,false,מברשת אסלה דגם פסים,,,מברשת אסלה דגם פסים,יחידה,0.00,יחידה,false,,20.90,0.0000,true,1,85433
8420397858657,false,שטיח אמבט למניעת החל,,,שטיח אמבט למניעת החל,יחידה,0.00,יחידה,false,,15.90,0.0000,true,1,76315
8420397858664,false,שטיח אמבט למניעת החל,,,שטיח אמבט למניעת החל,יחידה,0.00,יחידה,false,,20.90,0.0000,true,1,76316
8420397858688,false,שטיח כיור דגם דג 30*,,,שטיח כיור דגם דג 30*,יחידה,0.00,יחידה,false,,6.90,0.0000,true,1,76318
8420822130600,false,סופר מסיר שומנים 750,קה לורדה,ES,סופר מסיר שומנים 750,מיליליטרים,750.00,"100 מ""ל",false,,16.90,0.0225,true,1,70302
8420822130624,false,סופר מסיר כתמים  750,קה לורדה,ES,סופר מסיר כתמים  750,מיליליטרים,750.00,"100 מ""ל",false,,18.90,0.0252,true,1,70303
8421002135804,false,"סכין לשף 20 ס""מ",,,"סכין לשף 20 ס""מ",יח',1.00,יח',false,,59.00,59.0000,true,1,80334
8421002188633,false,ארקוס סכין שפיץ,,,ארקוס סכין שפיץ,1,1.00,1,false,,13.90,13.9000,true,1,85982
8421002188640,false,ארקוס סכין שפיץ,,,ארקוס סכין שפיץ,1,1.00,1,false,,13.90,13.9000,true,1,85983
8421002292132,false,*מבצע* ארקוס סכין שף,,,*מבצע* ארקוס סכין שף,1,1.00,1,false,,79.90,79.9000,true,1,85956
8421401201209,false,פפריקה מתוקה מעושנת,לה צ'ינטה קרטה,ES,"תבליני טעם וריח בע""מ",גרמים,70.00,100 גרם,false,,14.90,0.2129,true,1,65035
8423207206488,false,מרבה סלים דליס שוקול,Biocentury,ES,מרבה,גרמים,120.00,100 גרם,false,,10.90,0.0908,true,1,18367
8423207206495,false,מרבה סלים דליס שוקול,Biocentury,ES,מרבה,גרמים,120.00,100 גרם,false,,10.90,0.0908,true,1,18368
8423207206501,false,מרבה סלים דליס חצי מ,Biocentury,ES,מרבה,גרמים,120.00,100 גרם,false,,10.90,0.0908,true,1,18369
8423207207362,false,מרבה סלים דליס שוקול,Biocentury,ES,מרבה,גרמים,120.00,100 גרם,false,,10.90,0.0908,true,1,18371
8423207208260,false,מרבה סלים דליס שוקול,Merba BV,ES,מרבה,גרמים,120.00,100 גרם,false,,10.90,0.0908,true,1,23630
8423207208680,false,מרבה סלים דליס לילדי,Biocentury,ES,מרבה,גרמים,120.00,100 גרם,false,,10.90,0.0908,true,1,25171
8423207208697,false,מרבה סלים דליס לילדי,Biocentury,ES,מרבה,גרמים,120.00,100 גרם,false,,10.90,0.0908,true,1,25172
8423207208703,false,מרבה סלים דליס מהדור,Biocentury,ES,מרבה,גרמים,120.00,100 גרם,false,,10.90,0.0908,true,1,25173
8423207208871,false,*מבצע* פריכיות תירס,ביסנצ'ורי,ES,סלים דליס,גרמים,130.00,100 גרם,false,,7.90,0.0608,true,1,26992
8423207209885,false,מרבה סלים דליס מהדור,Biocentury,ES,מרבה,גרמים,120.00,100 גרם,false,,10.90,0.0908,true,1,35762
8423207210928,false,מרבה סלים טופינג אגו,Vndmer,ES,מרבה,גרמים,90.00,100 גרם,false,,10.90,0.1211,true,1,64654
8423207210942,false,מרבה סלים טופינג פיר,Vndmer,ES,מרבה,גרמים,90.00,100 גרם,false,,10.90,0.1211,true,1,64655
8424842050016,false,צ'יפס בטעם כמהין 125,RUBIO,ES,צ'יפס בטעם כמהין 125,גרמים,125.00,100 גרם,false,,12.90,0.1032,true,1,86107
8424842050085,false,צ'יפס בטעם חרדל ודבש,RUBIO,ES,צ'יפס בטעם חרדל ודבש,גרמים,125.00,100 גרם,false,,12.90,0.1032,true,1,86109
8435495805199,false,תינוקלין 3 קג,פרוקטר אנד גמבל,TR,Tinokleen,קילוגרמים,3.00,"ק""ג",false,,39.90,13.3000,true,1,37639
8435495807605,false,מרכך תינוקלין לבן 1,סארוהאן,TR,מרכך תינוקלין לבן 1,מיליליטרים,1000.00,"100 מ""ל",false,,19.90,0.0199,true,1,54990
8435495807636,false,גל כביסה תינוקלין 2,,TR,תינוקלין,ליטרים,2.00,ליטר,false,,29.90,14.9500,true,1,60469
8435495819363,false,מרכך תינוקלין 1 ליטר,סארוהאן,TR,מרכך תינוקלין 1 ליטר,מיליליטרים,1000.00,"100 מ""ל",false,,19.90,0.0199,true,1,68871
8436575292205,false,*מבצע* חמשושים 15 יח,,,*מבצע* חמשושים 15 יח,גרמים,180.00,100 גרם,false,,17.90,0.0994,true,1,55382
8437008915456,false,טורטיה 5 דגנים,Azteca foods europe,ES,תומר,גרמים,320.00,100 גרם,false,,6.90,0.0216,true,1,17573
8445290341587,false,פנסי פטה דג לבן ועוף,,,פנסי פטה דג לבן ועוף,גרמים,85.00,100 גרם,false,,5.90,0.0694,true,1,84028
8445290341617,false,פנסי פטה עוף וסלמן 8,,,פנסי פטה עוף וסלמן 8,גרמים,85.00,100 גרם,false,,5.90,0.0694,true,1,82658
8445290341655,false,פנסי פטה עוף 85 ג,,,פנסי פטה עוף 85 ג,גרמים,85.00,100 גרם,false,,5.90,0.0694,true,1,82659
8445290427120,false,פיטנס שוקולד מריר וב,נסטלה צרפת איטנקורט,FR,FITNESS,גרמים,330.00,100 גרם,false,,19.90,0.0603,true,1,84323
8485818700014,false,משקפיים בנרתיק,,,משקפיים בנרתיק,יח',1.00,יח',false,,6.90,6.9000,true,1,19464
8501864812379,false,גומי חזק מיקרופיבר ק,,,גומי חזק מיקרופיבר ק,יחידה,0.00,יחידה,false,,2.90,0.0000,true,1,80133
8501864868161,false,גומי חזק 8 יח בכרטיס,,,גומי חזק 8 יח בכרטיס,יחידה,0.00,יחידה,false,,2.90,0.0000,true,1,85546
8501864868215,false,גומי חזק 18 יח בכרטי,,,גומי חזק 18 יח בכרטי,יחידה,0.00,יחידה,false,,2.90,0.0000,true,1,80134
8559656512532,false,סיכות סבתא גדול בכרט,,,סיכות סבתא גדול בכרט,יחידה,0.00,יחידה,false,,3.90,0.0000,true,1,80137
8604110320038,false,מראה חייל קטן,,,מראה חייל קטן,יחידה,0.00,יחידה,false,,5.00,0.0000,true,1,86223
8606018615827,false,פיינט אוראו,פרונרי סרביה,RS,פיינט אוראו,יח',1.00,יח',false,,18.90,18.9000,true,1,70862
8606018615841,false,פיינט מילקה וניל ליב,פרונרי סרביה,RS,פיינט מילקה וניל ליב,יח',1.00,יח',false,,18.90,18.9000,true,1,70863
8606018615865,false,פיינט מילקה קרמל ליב,פרונרי סרביה,RS,פיינט מילקה קרמל ליב,יח',1.00,יח',false,,18.90,18.9000,true,1,70864
8680530572660,false,"סודה ריבר 6*200 מ""ל",,,"סודה ריבר 6*200 מ""ל",ליטרים,1.20,ליטר,false,,9.90,8.2500,true,1,81980
8680771720332,false,קופסאת סגרים מרובעת,,,קופסאת סגרים מרובעת,יחידה,0.00,יחידה,false,,10.00,0.0000,true,1,82554
8680771720615,false,סיר מיקרו 1.2 ליטר,,,סיר מיקרו 1.2 ליטר,יחידה,0.00,יחידה,false,,7.90,0.0000,true,1,85660
8680771721308,false,קופסאת סגרים 1 ליטר,,,קופסאת סגרים 1 ליטר,יחידה,0.00,יחידה,false,,5.90,0.0000,true,1,76329
8680771721322,false,קופסאת סגרים 3.5 ליט,,,קופסאת סגרים 3.5 ליט,יחידה,0.00,יחידה,false,,12.90,0.0000,true,1,76331
8680771721339,false,קופסאת סגרים 5.5 ליט,,,קופסאת סגרים 5.5 ליט,יחידה,0.00,יחידה,false,,15.90,0.0000,true,1,76332
8680771721346,false,קופסאת סגרים 10 ליטר,,,קופסאת סגרים 10 ליטר,יחידה,0.00,יחידה,false,,25.90,0.0000,true,1,76333
8680771721353,false,קופסאת סגרים 15 ליטר,,,קופסאת סגרים 15 ליטר,יחידה,0.00,יחידה,false,,35.00,0.0000,true,1,76334
8680771721360,false,קופסאת סגרים 20 ליטר,,,קופסאת סגרים 20 ליטר,יחידה,0.00,יחידה,false,,40.00,0.0000,true,1,76335
8680771721902,false,קערה שקופה עם מכסה 7,,,קערה שקופה עם מכסה 7,יחידה,0.00,יחידה,false,,15.90,0.0000,true,1,81811
8680771728628,false,מארז 4 קופסאות אוכל,,,מארז 4 קופסאות אוכל,יחידה,0.00,יחידה,false,,10.90,0.0000,true,1,81813
8680771729939,false,קופסא מחולקת סגירה ה,,,קופסא מחולקת סגירה ה,יחידה,0.00,יחידה,false,,5.90,0.0000,true,1,81816
8681690004916,false,סלסלה בוטניקה 1.5 לי,,,סלסלה בוטניקה 1.5 לי,יחידה,0.00,יחידה,false,,5.90,0.0000,true,1,76342
8681692200040,false,רקסי בוגר לחתול,,,רקסי בוגר לחתול,קילוגרמים,1.00,"ק""ג",false,,19.90,19.9000,true,1,86327
8681692200057,false,מייפוד לחתול מסורס 1,,,מייפוד לחתול מסורס 1,קילוגרמים,1.00,"ק""ג",false,,22.90,22.9000,true,1,81518
8682205406164,false,כוס פשוט ארוז-R)100),,,כוס פשוט ארוז-R)100),יחידה,0.00,יחידה,false,,5.90,0.0000,true,1,87192
8682376710435,false,נייר טואלט בלינו 32,,,נייר טואלט בלינו 32,מטרים,512.00,מטר,false,,26.90,0.0525,true,1,86811
8683130008355,false,מיונז עם שום הלמנס ל,"בסטפוד - 3P ארה""ב Fo",US,HELLMANNS,גרמים,400.00,100 גרם,false,,14.90,0.0373,true,1,68560
8683130008935,false,קטשיונז 425 גר',"בסטפוד - 3P ארה""ב Fo",US,HELLMANNS,גרמים,425.00,100 גרם,false,,14.90,0.0351,true,1,69888
8683130025574,false,בדין אקסטרא לבנדר 96,יונילוור - תורכיה,TR,BADIN,מיליליטרים,960.00,"100 מ""ל",false,,15.90,0.0166,true,1,80541
8683130025581,false,בדין אקסטרא ענבר 960,יונילוור - תורכיה,TR,BADIN,מיליליטרים,960.00,"100 מ""ל",false,,15.90,0.0166,true,1,80542
8683323063024,false,חמצוצים בטעם תותי פר,סאדאט,TR,יוגטה,גרמים,220.00,100 גרם,false,,5.90,0.0268,true,1,30691
8690120060170,false,וופל מצופה שוקולד חל,טורקו,TR,וופל מצופה שוקולד חל,גרמים,35.00,100 גרם,false,,1.50,0.0429,true,1,80468
8690120060408,false,וופל מצופה שוקולד אג,טורקו,TR,וופל מצופה שוקולד אג,גרמים,32.00,100 גרם,false,,1.50,0.0469,true,1,80469
8690325106093,false,פסטה פוזילי 400 גרם,TAT MAKARNA,TR,פסטה פוזילי 400 גרם,גרמים,400.00,100 גרם,false,,3.50,0.0088,true,1,81817
8690325116092,false,פסטה 400 גרם סטריפד,TAT MAKARNA,TR,פסטה 400 גרם סטריפד,גרמים,400.00,100 גרם,false,,3.50,0.0088,true,1,81818
8690325118096,false,פסטה פנה 400 גרם,TAT MAKARNA,TR,פסטה פנה 400 גרם,גרמים,400.00,100 גרם,false,,3.50,0.0088,true,1,81819
8690325122093,false,פסטה ספגטי 400 גרם,TAT MAKARNA,TR,פסטה ספגטי 400 גרם,גרמים,400.00,100 גרם,false,,3.50,0.0088,true,1,81820
8690504081913,false,טינס מצופה שוקולד חל,ויסוצקי,IL,ויסוצקי,גרמים,150.00,100 גרם,false,,9.90,0.0660,true,1,37129
8690504081920,false,טינס מצופה שוקולד מר,ויסוצקי,IL,ויסוצקי,גרמים,150.00,100 גרם,false,,9.90,0.0660,true,1,37130
8690504081937,false,טינס מצופה שוקולד חל,ויסוצקי,IL,ויסוצקי,גרמים,150.00,100 גרם,false,,9.90,0.0660,true,1,37131
8690504153740,false,טבלת ש. מריר עם ש. מ,גודייבה,TR,טבלת ש. מריר עם ש. מ,גרמים,86.00,100 גרם,false,,13.90,0.1616,true,1,41604
8690504153849,false,טבלת ש. חלב ק. אגוזי,גודייבה,TR,טבלת ש. חלב ק. אגוזי,גרמים,83.00,100 גרם,false,,13.90,0.1675,true,1,41607
8690526019147,false,וופל אגוזים142ג,eti gida sanayi,TR,ETI,גרמים,142.00,100 גרם,false,,4.90,0.0345,true,1,63752
8690572778326,false,*מבצע* דאודורנט ספרי,שוורצקופף והנקל,DE,פה,מיליליטרים,200.00,"100 מ""ל",false,,9.90,0.0495,true,1,32009
8690572784303,false,שמפו לאורך שיער מושל,שוורצקופף והנקל,DE,גליס,מיליליטרים,400.00,"100 מ""ל",false,,16.90,0.0422,true,1,43857
8690572786222,false,מרכך לאורך שיער מושל,שוורצקופף והנקל,DE,גליס,מיליליטרים,400.00,"100 מ""ל",false,,16.90,0.0422,true,1,43861
8690572799482,false,מרכך קרטין לוטוס כחו,הנקל,TR,מרכך קרטין לוטוס כחו,מיליליטרים,500.00,"100 מ""ל",false,,12.90,0.0258,true,1,67631
8690572799499,false,מרכך שמן טמאנו 500 מ,הנקל,TR,מרכך שמן טמאנו 500 מ,מיליליטרים,500.00,"100 מ""ל",false,,12.90,0.0258,true,1,67632
8690572799529,false,שמפו קרטין לוטוס כחו,הנקל,TR,שמפו קרטין לוטוס כחו,מיליליטרים,500.00,"100 מ""ל",false,,12.90,0.0258,true,1,67619
8690572799536,false,שמפו שמן טמאנו 500 מ,הנקל,TR,שמפו שמן טמאנו 500 מ,מיליליטרים,500.00,"100 מ""ל",false,,12.90,0.0258,true,1,67635
8690572799543,false,שמפו עלה סטנלה 500 מ,הנקל,TR,שמפו עלה סטנלה 500 מ,מיליליטרים,500.00,"100 מ""ל",false,,12.90,0.0258,true,1,67636
8690572799550,false,שמפו פרוטאין סויה 50,הנקל,TR,שמפו פרוטאין סויה 50,מיליליטרים,500.00,"100 מ""ל",false,,12.90,0.0258,true,1,67637
8690637073373,false,ליפטון ארלגרי 25 מעט,יונילוור - תורכיה,TR,LIPTON TEA,גרמים,50.00,100 גרם,false,,7.90,0.1580,true,1,16503
8690637073434,false,*מבצע* ליפטון ארלגרי,,,תה ליפטון ארל גריי,גרמים,200.00,100 גרם,false,,19.90,0.0995,true,1,16504
8690637504426,false,סיף קרם לימון,יונילוור - תורכיה,TR,CIF,מיליליטרים,500.00,"100 מ""ל",false,,10.90,0.0218,true,1,69266
8690637505607,false,בדין אקסטרא פינוק כח,יונילוור - תורכיה,TR,BADIN,מיליליטרים,960.00,"100 מ""ל",false,,15.90,0.0166,true,1,67963
8690637505614,false,בדין אקסטרא פינוק קו,יונילוור - תורכיה,TR,BADIN,מיליליטרים,960.00,"100 מ""ל",false,,15.90,0.0166,true,1,67964
8690637555084,false,בדין אקסטרא פריחת הת,יונילוור - תורכיה,TR,BADIN,מיליליטרים,960.00,"100 מ""ל",false,,15.90,0.0166,true,1,16516
8690637704277,false,"דאב שמפו 600 מ""ל",יונילוור - תורכיה,TR,DOVE,מיליליטרים,600.00,"100 מ""ל",false,,15.90,0.0265,true,1,16535
8690637704291,false,"דאב שמפו 600 מ""ל",יונילוור - תורכיה,TR,DOVE,מיליליטרים,600.00,"100 מ""ל",false,,15.90,0.0265,true,1,16536
8690637704376,false,"דאב שמפו 600 מ""ל",יונילוור - תורכיה,TR,DOVE,מיליליטרים,600.00,"100 מ""ל",false,,15.90,0.0265,true,1,16537
8690637704390,false,"דאב מרכך 600 מ""ל",יונילוור - תורכיה,TR,DOVE,מיליליטרים,600.00,"100 מ""ל",false,,15.90,0.0265,true,1,16538
8690637704437,false,"דאב שמפו 600 מ""ל",יונילוור - תורכיה,TR,DOVE,מיליליטרים,600.00,"100 מ""ל",false,,15.90,0.0265,true,1,16540
8690637835643,false,תה ירוק לימונית לואי,יוניליוור,TR,ליפטון,גרמים,30.00,100 גרם,false,,16.90,0.5633,true,1,33913
8690637842399,false,מאגדת שישיית מיני מג,גלידות שטראוס,IL,מגנום,גרמים,379.00,100 גרם,false,,31.90,0.0842,true,1,36795
8690637858734,false,סיף גל אקונומיקה לימ,יונילוור - תורכיה,TR,CIF,מיליליטרים,750.00,"100 מ""ל",false,,10.90,0.0145,true,1,53714
8690637858741,false,סיף גל אקונומיקה רוח,יונילוור - תורכיה,TR,CIF,מיליליטרים,750.00,"100 מ""ל",false,,10.90,0.0145,true,1,53715
8690637865596,false,דאב תרחיץ ידיים 500,,,דאב,מיליליטרים,500.00,"100 מ""ל",false,,16.90,0.0338,true,1,57025
8690637866654,false,ליפטון תה ירוק קלאסי,,,ליפטון תה ירוק קלאסי,יח',50.00,יח',false,,24.90,0.4980,true,1,57011
8690637871047,false,דאב שמפו קוקוס 600 מ,יונילוור - תורכיה,TR,DOVE,מיליליטרים,600.00,"100 מ""ל",false,,15.90,0.0265,true,1,53699
8690637871061,false,"דאב שמפו 600 מ""ל",יונילוור - תורכיה,TR,DOVE,מיליליטרים,600.00,"100 מ""ל",false,,15.90,0.0265,true,1,53700
8690637890666,false,מאגדת שישיית מיני מג,גלידות שטראוס,IL,מגנום,גרמים,329.00,100 גרם,false,,31.90,0.0970,true,1,56760
8690637916991,false,"דאב מרכך 600 מ""ל",יונילוור - תורכיה,TR,DOVE,מיליליטרים,600.00,"100 מ""ל",false,,15.90,0.0265,true,1,57755
8690637946318,false,בדין אקסטרא בייבי טל,יונילוור - תורכיה,TR,BADIN,מיליליטרים,960.00,"100 מ""ל",false,,15.90,0.0166,true,1,61999
8690637989612,false,מיני מגנום דאבל דולצ,גלידות שטראוס,IL,מגנום,גרמים,246.00,100 גרם,false,,31.90,0.1297,true,1,67166
8690766156367,false,שוקולד גודייבה חלב פ,גודייבה,TR,גודייבה,גרמים,90.00,100 גרם,false,,14.90,0.1656,true,1,60107
8690766156374,false,שוקולד מריר מעולה 72,גודייבה,TR,גודייבה,גרמים,90.00,100 גרם,false,,14.90,0.1656,true,1,60108
8690766156381,false,שוקולד מריר מעולה 90,גודייבה,TR,גודייבה,גרמים,90.00,100 גרם,false,,14.90,0.1656,true,1,60114
8690766156404,false,שוקולד מריר מעולה בט,גודייבה,TR,גודייבה,גרמים,90.00,100 גרם,false,,14.90,0.1656,true,1,60109
8690777203012,false,פלפל ירוק כבוש לא חר,קורהאן,TR,SERA,גרמים,300.00,100 גרם,false,,10.90,0.0363,true,1,10197
8690777204071,false,פלפל חריף 640 גרם,קורהאן,TR,SERA,גרמים,640.00,100 גרם,false,,10.90,0.0170,true,1,10198
8690777206051,false,חצילים קלויים 650 גר,קורהאן,TR,SERA,גרמים,650.00,100 גרם,false,,10.90,0.0168,true,1,10199
8690777221405,false,פלפל אדום קלוי על הא,קורהאן,TR,SERA,גרמים,650.00,100 גרם,false,,10.90,0.0168,true,1,10200
8690784614771,false,דאק סבון מוצק לאסלה,דאופלור אס.פי.אי כונ,IT,דאק,גרמים,38.60,100 גרם,false,,7.90,0.2047,true,1,43792
8691239754981,false,כוסות לונגים - שקוף,,,כוסות לונגים - שקוף,יחידה,0.00,יחידה,false,,7.90,0.0000,true,1,86690
8691459106300,false,קופסא מלבנית LOCKFIT,,,קופסא מלבנית LOCKFIT,יחידה,0.00,יחידה,false,,5.90,0.0000,true,1,77327
8691459106508,false,קופסא מלבנית LOCKFIT,,,קופסא מלבנית LOCKFIT,יחידה,0.00,יחידה,false,,15.90,0.0000,true,1,77329
8691459107406,false,קופסא מרובעת 2.4 ל',,,קופסא מרובעת 2.4 ל',יחידה,0.00,יחידה,false,,19.90,0.0000,true,1,83898
8691459107901,false,קופסא עגולה 0.65 ל',,,קופסא עגולה 0.65 ל',יחידה,0.00,יחידה,false,,7.90,0.0000,true,1,86481
8691459108205,false,קופסא עגולה 1.9 ל' L,,,קופסא עגולה 1.9 ל' L,יחידה,0.00,יחידה,false,,15.90,0.0000,true,1,86482
8691459850005,false,קופסא אלגנט מלבנית 1,,,קופסא אלגנט מלבנית 1,יחידה,0.00,יחידה,false,,12.90,0.0000,true,1,83899
8691459862008,false,קופסא אלגנט עגולה 14,,,קופסא אלגנט עגולה 14,יחידה,0.00,יחידה,false,,12.90,0.0000,true,1,83901
8691459863005,false,קופסא אלגנט עגולה 20,,,קופסא אלגנט עגולה 20,יחידה,0.00,יחידה,false,,12.90,0.0000,true,1,83902
8691459936006,false,קופסא אלגנט מרובעת 1,,,קופסא אלגנט מרובעת 1,יחידה,0.00,יחידה,false,,12.90,0.0000,true,1,83903
8691459937003,false,קופסא אלגנט מרובעת 2,,,קופסא אלגנט מרובעת 2,יחידה,0.00,יחידה,false,,15.90,0.0000,true,1,83904
8691899052847,false,כוסות פלסטיק שקופות,,,כוסות פלסטיק שקופות,יחידה,0.00,יחידה,false,,12.90,0.0000,true,1,86448
8693135045941,false,סיר לילה כסא (4594),,,סיר לילה כסא (4594),יחידה,0.00,יחידה,false,,29.90,0.0000,true,1,79177
8693395001176,false,מחזיק נייר טואלט קפי,,,מחזיק נייר טואלט קפי,יחידה,0.00,יחידה,false,,10.90,0.0000,true,1,79183
8693395002777,false,צנצנת  תבלינים עגולה,,,צנצנת  תבלינים עגולה,1,1.00,1,false,,5.90,5.9000,true,1,81090
8693395008052,false,דלי פופקורן   רב פעמ,,,דלי פופקורן   רב פעמ,יחידה,0.00,יחידה,false,,8.90,0.0000,true,1,87017
8693395008090,false,קופסה  מחולקת ל 3 עג,,,קופסה  מחולקת ל 3 עג,יחידה,0.00,יחידה,false,,10.90,0.0000,true,1,87018
8693395008281,false,קופסת אחסון אבקת כבי,,,קופסת אחסון אבקת כבי,יחידה,0.00,יחידה,false,,15.90,0.0000,true,1,81095
8693395008588,false,קופסא לאחסון קטניות,,,קופסא לאחסון קטניות,יחידה,0.00,יחידה,false,,10.90,0.0000,true,1,81646
8693395008786,false,בקבוק ספורט מעוצב פל,,,בקבוק ספורט מעוצב פל,יחידה,0.00,יחידה,false,,20.90,0.0000,true,1,87022
8693395015357,false,צנצנצת פלסטיק הברגה,,,צנצנצת פלסטיק הברגה,יחידה,0.00,יחידה,false,,5.90,0.0000,true,1,82341
8693395016798,false,מדף פינתי עמוק נתלה,,,מדף פינתי עמוק נתלה,יחידה,0.00,יחידה,false,,20.90,0.0000,true,1,81096
8693395017252,false,"צנצנת הברגה 1000 מ""ל",,,"צנצנת הברגה 1000 מ""ל",יחידה,0.00,יחידה,false,,10.90,0.0000,true,1,81106
8693395017542,false,כף עזר לנעילת נעליים,,,כף עזר לנעילת נעליים,יחידה,0.00,יחידה,false,,5.90,0.0000,true,1,82363
8693395017610,false,קופסא פלסטיק 1900 מל,,,קופסא פלסטיק 1900 מל,יחידה,0.00,יחידה,false,,15.00,0.0000,true,1,81108
8693395017627,false,"קופסא 3200 מ""ל Bio",,,"קופסא 3200 מ""ל Bio",יחידה,0.00,יחידה,false,,20.00,0.0000,true,1,81109
8693395017702,false,"קופסא 4600 מ""ל גבוהה",,,"קופסא 4600 מ""ל גבוהה",יחידה,0.00,יחידה,false,,20.90,0.0000,true,1,81114
8693395017887,false,מארז 2 קולבי הדבקה,,,מארז 2 קולבי הדבקה,יחידה,0.00,יחידה,false,,5.00,0.0000,true,1,81116
8693395041141,false,צנצנת זכוכית הברגה 4,,,צנצנת זכוכית הברגה 4,יחידה,0.00,יחידה,false,,6.90,0.0000,true,1,81120
8693395042797,false,מלחיה זכוכית מעוצבת,,,מלחיה זכוכית מעוצבת,יחידה,0.00,יחידה,false,,3.90,0.0000,true,1,87030
8693395043640,false,צנצנת זכוכית לתבליני,,,צנצנת זכוכית לתבליני,יחידה,0.00,יחידה,false,,5.90,0.0000,true,1,82349
8693395044098,false,צנצנת זכוכית מעוצבת,,,צנצנת זכוכית מעוצבת,יחידה,0.00,יחידה,false,,10.90,0.0000,true,1,87038
8693495050333,false,פלמוליב לגבר ג'ל רחצ,CP - Turkey+60,TR,פלמוליב סבון,מיליליטרים,500.00,"100 מ""ל",false,,15.90,0.0318,true,1,33142
8693495052177,false,פלמוליב זיתים 750מל,CP - Turkey+60,TR,פלמוליב זיתים 750מל,מיליליטרים,750.00,"100 מ""ל",false,,19.90,0.0265,true,1,36748
8696219402029,false,קופסת פלסטיק לחמאה,,,קופסת פלסטיק לחמאה,יחידה,0.00,יחידה,false,,12.90,0.0000,true,1,82694
8696287111076,false,מקטין אסלה+ידיות,,,מקטין אסלה+ידיות,יחידה,0.00,יחידה,false,,19.90,0.0000,true,1,86026
8697418261370,false,"מים תריסר 500 מ""ל",,,"מים תריסר 500 מ""ל",ליטרים,6.00,ליטר,false,,12.90,2.1500,true,1,83345
8697418261431,false,"מים תריסר 500 מ""ל",,,"מים תריסר 500 מ""ל",ליטרים,6.00,ליטר,false,,12.90,2.1500,true,1,86550
8697420697914,false,זיתים שחורים 700 גרם,,,זיתים שחורים 700 גרם,גרמים,700.00,100 גרם,false,,19.90,0.0284,true,1,55046
8697448711395,false,"מחבת שקשוקה 12 ס""מ",,,"מחבת שקשוקה 12 ס""מ",יחידה,0.00,יחידה,false,,10.00,0.0000,true,1,77053
8697460000385,false,עטיפות למחברות שקוף,,,עטיפות למחברות שקוף,יחידה,0.00,יחידה,false,,2.50,0.0000,true,1,83737
8697460000422,false,עטיפות למחברות צבעונ,,,עטיפות למחברות צבעונ,יחידה,0.00,יחידה,false,,2.50,0.0000,true,1,83792
8697480570097,false,כיסא קטן מפלסטיק (בז,,,כיסא קטן מפלסטיק (בז,יחידה,0.00,יחידה,false,,15.90,0.0000,true,1,81406
8697512626709,false,משפך שקוף + ידית,,,משפך שקוף + ידית,יחידה,0.00,יחידה,false,,5.00,0.0000,true,1,76360
8697633822233,false,מיכל כביסה תחרה 60 ל,,,מיכל כביסה תחרה 60 ל,יחידה,0.00,יחידה,false,,65.00,0.0000,true,1,86029
8697788763894,false,מצית דקליפס קצר,,,מצית דקליפס קצר,יחידה,0.00,יחידה,false,,2.50,0.0000,true,1,82793
8697826469092,false,טורטיה קטנה 540 גרם,מוטלוקל,TR,טורטיה קטנה 540 גרם,גרמים,540.00,100 גרם,false,,9.90,0.0183,true,1,3085
8697975029390,false,צנצנת קלאסי 1800 MON,,,צנצנת קלאסי 1800 MON,יחידה,0.00,יחידה,false,,20.90,0.0000,true,1,77337
8697975032826,false,בקבוק ספורט 730 TRIT,,,בקבוק ספורט 730 TRIT,יחידה,0.00,יחידה,false,,20.90,0.0000,true,1,77316
8698532591220,false,כוס לקפה רגיל 400 מל,,,כוס לקפה רגיל 400 מל,יחידה,0.00,יחידה,false,,5.90,0.0000,true,1,83800
8698734210530,false,דיספנסר סבון (4050),,,דיספנסר סבון (4050),יחידה,0.00,יחידה,false,,15.90,0.0000,true,1,79200
8698734217898,false,מיבש כלים פלסטיק דגם,,,מיבש כלים פלסטיק דגם,יחידה,0.00,יחידה,false,,35.00,0.0000,true,1,82702
8698996001150,false,ממחטות כיס עשיריה מי,לילה,TR,מיילו,יח',100.00,יח',false,,5.90,0.0590,true,1,10704
8699015411493,false,ארגז אחסון 12  ליטר,,,ארגז אחסון 12  ליטר,1,1.00,1,false,,15.90,15.9000,true,1,77572
8699621150502,false,בלון למילוי מצתים,,,בלון למילוי מצתים,יחידה,0.00,יחידה,false,,7.00,0.0000,true,1,78833
8699878651203,false,קנקן שתייה 1.75 ליטר,,,קנקן שתייה 1.75 ליטר,יחידה,0.00,יחידה,false,,10.90,0.0000,true,1,76338
8699878651715,false,כד מידה 1.65 ליטר,,,כד מידה 1.65 ליטר,יחידה,0.00,יחידה,false,,5.90,0.0000,true,1,76368
8699878652095,false,קופסה מחולקת ל 3 עגו,,,קופסה מחולקת ל 3 עגו,יחידה,0.00,יחידה,false,,5.90,0.0000,true,1,76371
8699878652811,false,קופסא 450 מל מעוצבת,,,קופסא 450 מל מעוצבת,יחידה,0.00,יחידה,false,,5.00,0.0000,true,1,76372
8699878652835,false,קופסא 900 מל מעוצבת,,,קופסא 900 מל מעוצבת,יחידה,0.00,יחידה,false,,6.90,0.0000,true,1,76374
8699878652859,false,קופסא 1.6 ליטר,,,קופסא 1.6 ליטר,יחידה,0.00,יחידה,false,,10.00,0.0000,true,1,76376
8699878652972,false,קופסא 1.4 ליטר מעוצב,,,קופסא 1.4 ליטר מעוצב,יחידה,0.00,יחידה,false,,10.90,0.0000,true,1,76381
8699878652989,false,קופסא 2 ליטר מעוצבת,,,קופסא 2 ליטר מעוצבת,יחידה,0.00,יחידה,false,,12.90,0.0000,true,1,75896
8699878653108,false,קופסא 1000 מל מעוצבת,,,קופסא 1000 מל מעוצבת,יחידה,0.00,יחידה,false,,7.00,0.0000,true,1,85538
8699878653115,false,קופסא 1750 מל,,,קופסא 1750 מל,יחידה,0.00,יחידה,false,,10.90,0.0000,true,1,85539
8699878653634,false,פח אשפה עם מכסה בעיצ,,,פח אשפה עם מכסה בעיצ,יחידה,0.00,יחידה,false,,15.90,0.0000,true,1,76387
8699878653726,false,קופסא 250 מל,,,קופסא 250 מל,יחידה,0.00,יחידה,false,,4.00,0.0000,true,1,76391
8699878653788,false,קופסא 1000 מל,,,קופסא 1000 מל,יחידה,0.00,יחידה,false,,7.90,0.0000,true,1,76393
8699878653789,false,"קופסא 1700 מ""ל",,,"קופסא 1700 מ""ל",יחידה,0.00,יחידה,false,,10.90,0.0000,true,1,81086
8710428016355,false,פאדישור שוקו 400 גרם,אבוט מעבדות רפואיות,NL,פדיאשור,גרמים,400.00,100 גרם,false,,39.90,0.0997,true,1,65272
8710447275306,false,דאב קרם ידיים,אתר ליוור - HPC,IL,DOVE,מיליליטרים,75.00,"100 מ""ל",false,,9.90,0.1320,true,1,57963
8710447275313,false,דאב קרם ידיים,אתר ליוור - HPC,IL,DOVE,מיליליטרים,75.00,"100 מ""ל",false,,9.90,0.1320,true,1,57964
8710447284117,false,אקס ג'ל רחצה בלאק 40,יוניליוור גרמניה (בו,DE,AXE,מיליליטרים,400.00,"100 מ""ל",false,,13.90,0.0348,true,1,37222
8710502064814,false,מרבה עוגיות שוקולד צ,"י.מרבה ישראל בע""מ",NL,עוגיות שוקולד ציפס,גרמים,225.00,100 גרם,false,,9.90,0.0440,true,1,18399
8710502139017,false,מרבה עוגיות  טריפל ש,Merba BV,NL,מרבה,גרמים,180.00,100 גרם,false,,9.90,0.0550,true,1,18400
8710502194801,false,מרבה עוגיות שוקולד צ,Merba BV,NL,מרבה,גרמים,225.00,100 גרם,false,,9.90,0.0440,true,1,28707
8710502260032,false,מרבה עוגיות שוקולד צ,Merba BV,NL,מרבה,גרמים,150.00,100 גרם,false,,4.90,0.0327,true,1,18401
8710502279010,false,מרבה עוגיות שוקולד צ,"י.מרבה ישראל בע""מ",NL,עוגיות שוקולד ציפס,גרמים,225.00,100 גרם,false,,9.90,0.0440,true,1,65958
8710502405204,false,מרבה עוגיות  ממולאות,Merba BV,NL,מרבה,גרמים,225.00,100 גרם,false,,9.90,0.0440,true,1,18402
8710502470028,false,מרבה עוגיות  נוגטלי,Merba BV,NL,מרבה,גרמים,160.00,100 גרם,false,,9.90,0.0619,true,1,18405
8710552274614,false,קליה קצף שטיחים,RECKITT BENCKISER UK,GB,וניש,מיליליטרים,600.00,"100 מ""ל",false,,29.90,0.0498,true,1,41629
8710800961310,false,מנטוס רביעייה,פרפטי ואן מלה,NL,מנטוס,גרמים,160.00,100 גרם,false,,10.90,0.0681,true,1,12008
8710847973970,false,תחליב דאב רחצה אלוור,יוניליוור גרמניה (בו,DE,DOVE,מיליליטרים,750.00,"100 מ""ל",false,,15.90,0.0212,true,1,65453
8710908693809,false,מסכת קרטין טרזמה,,,מסכת קרטין טרזמה,מיליליטרים,300.00,"100 מ""ל",false,,29.90,0.0997,true,1,37115
8711000362556,false,לור קפסולות קפה אספר,JDE,FR,L'OR,גרמים,52.00,100 גרם,false,,16.90,0.3250,true,1,55792
8711000362570,false,לור קפסולות קפה אספר,JDE,FR,L'OR,גרמים,52.00,100 גרם,false,,16.90,0.3250,true,1,55793
8711000362679,false,לור קפסולות קפה אספר,JDE,FR,L'OR,גרמים,52.00,100 גרם,false,,16.90,0.3250,true,1,58341
8711000371176,false,ג'ייקובס קפסולות קפה,JDE,FR,גייקובס,גרמים,52.00,100 גרם,false,,14.90,0.2865,true,1,55797
8711000371183,false,ג'ייקובס קפסולות קפה,JDE,FR,גייקובס,גרמים,52.00,100 גרם,false,,14.90,0.2865,true,1,55799
8711000371206,false,ג'ייקובס קפסולות קפה,JDE,FR,גייקובס,גרמים,52.00,100 גרם,false,,14.90,0.2865,true,1,55800
8711000371244,false,ג'ייקובס קפסולות אספ,JDE,FR,גייקובס,גרמים,52.00,100 גרם,false,,14.90,0.2865,true,1,61279
8711000397466,false,לור קפסולות קפה אספר,JDE,FR,L'OR,גרמים,52.00,100 גרם,false,,16.90,0.3250,true,1,55798
8711000431108,false,לור קפסולות קפה אספר,JDE,FR,L'OR,גרמים,52.00,100 גרם,false,,16.90,0.3250,true,1,58343
8711327475663,false,גלידה מגנום פיינט שו,גלידות שטראוס,IL,פנטסיה,גרמים,260.00,100 גרם,false,,21.90,0.0842,true,1,66138
8711327475762,false,גלידה מגנום פיינט שו,גלידות שטראוס,IL,פנטסיה,גרמים,260.00,100 גרם,false,,21.90,0.0842,true,1,66140
8711528211145,false,גבינת גאודה בקר,הנרי בליך,NL,הנרי וילך,קילוגרמים,1.00,"ק""ג",true,,105.00,105.0000,true,1,28909
8712000051099,false,*מבצע* הייניקן שישיי,הייניקן,NL,*מבצע* הייניקן שישיי,מיליליטרים,1980.00,"100 מ""ל",false,,29.90,0.0151,true,1,57530
8712400802499,false,נוטריליון שלב 1 800,נוטרישיה קאלק ב. ו.,NL,נוטרישה-נוטרילון,גרמים,800.00,100 גרם,false,,59.90,0.0749,true,1,20411
8712400802512,false,נוטרליון שלב 2 800 ג,נוטרישיה קאלק ב. ו.,NL,נוטרישה-נוטרילון,גרמים,800.00,100 גרם,false,,59.90,0.0749,true,1,20413
8712400802536,false,נוטריליון שלב 3 800,נוטרישיה קאלק ב. ו.,NL,נוטרישה-נוטרילון,גרמים,800.00,100 גרם,false,,59.90,0.0749,true,1,20415
8712561594608,false,דאב תח. רח' הזנה עמו,יוניליוור גרמניה (בו,DE,DOVE,מיליליטרים,750.00,"100 מ""ל",false,,15.90,0.0212,true,1,22961
8712561611411,false,דאב תח. רחצה ירוק 75,יוניליוור גרמניה (בו,DE,DOVE,מיליליטרים,750.00,"100 מ""ל",false,,15.90,0.0212,true,1,22962
8712561646024,false,דאב תח. רחצה קרם פיס,יוניליוור גרמניה (בו,DE,DOVE,מיליליטרים,750.00,"100 מ""ל",false,,15.90,0.0212,true,1,70366
8714599513781,false,ג'ייקובס גולד מיובש,מונדלייז,DE,ג'ייקובס,גרמים,200.00,100 גרם,false,,24.90,0.1245,true,1,26036
8714599513835,false,ג'ייקובס נטול קפאין,JDE,RU,ג'ייקובס נטול קפאין,גרמים,200.00,100 גרם,false,,32.90,0.1645,true,1,29780
8714599513866,false,ג'ייקובס קרוננג מיוב,מונדלייז,DE,ג'ייקובס,גרמים,200.00,100 גרם,false,,24.90,0.1245,true,1,26037
8714789177229,false,קולגייט אקסטרה קלין,CP- China-SH,CN,קולגייט,יח',4.00,יח',false,,9.90,2.4750,true,1,18408
8714789303925,false,קולגייט מברשת 360 סנ,קולגייט פלמוליב,CH,קולגייט מברשת 360 סנסטיב,יח',2.00,יח',false,,24.90,12.4500,true,1,18415
8714789402918,false,*מבצע* אגקס חגיגת הפ,Colgate - Greece,GR,אג'קס,ליטרים,1.50,ליטר,false,,15.90,10.6000,true,1,18416
8714789402932,false,*מבצע* אגקס חגיגת הפ,Colgate - Greece,GR,אג'קס,ליטרים,1.50,ליטר,false,,15.90,10.6000,true,1,18417
8714789529561,false,*מבצע* קולגייט סנסיט,Colgate - Brazil,BR,קולגייט,מיליליטרים,75.00,"100 מ""ל",false,,17.90,0.2387,true,1,18423
8714789582764,false,אג'קס ספריי חלונות 7,Colgate - Greece,GR,אג'קס,מיליליטרים,750.00,"100 מ""ל",false,,14.90,0.0199,true,1,18426
8714789831275,false,קולגייט מברשת 360 או,CP- China-SH,CN,קולגייט,יח',2.00,יח',false,,24.90,12.4500,true,1,18439
8714789930848,false,*מבצע* קולגייט משחת,CP-Poland swidnica,PL,קולגייט,מיליליטרים,75.00,"100 מ""ל",false,,14.90,0.1987,true,1,18444
8715300238306,false,חמאה הולנדית ללא מלח,פריזלנד קמפינה,,חמאה הולנדית ללא מלח,גרמים,200.00,100 גרם,false,,12.90,0.0645,true,1,83834
8715700110141,false,SG מיונז צנצנת 460 ג,ה.י. היינץ,NL,היינץ,גרמים,460.00,100 גרם,false,,9.90,0.0215,true,1,35962
8715700110158,false,SG מיונז לייט צנצנת,ה.י. היינץ,NL,היינץ,גרמים,490.00,100 גרם,false,,9.90,0.0202,true,1,35963
8715700115641,false,היינץ ממרח לחיץ לייט,ה.י. היינץ,NL,היינץ,גרמים,420.00,100 גרם,false,,14.90,0.0355,true,1,33191
8715700117805,false,היינץ קטשופ ללא תוספ,HEINZ,NL,HEINZ,גרמים,425.00,100 גרם,false,,9.90,0.0233,true,1,63759
8715700419732,false,קטשופ היינץ 700 גרם,ה.י. היינץ,NL,היינץ,גרמים,700.00,100 גרם,false,,9.90,0.0141,true,1,20417
8715700422473,false,היינץ ממרח לחיץ ללא,ה.י. היינץ,NL,היינץ,גרמים,395.00,100 גרם,false,,14.90,0.0377,true,1,30688
8715700423906,false,היינץ מתבל עגבניות 5,ה.י. היינץ,NL,היינץ,גרמים,550.00,100 גרם,false,,9.90,0.0180,true,1,36825
8717163655764,false,דאו רקסונה ספריי,קוסטר - תורכיה,TR,REXONA,מיליליטרים,150.00,"100 מ""ל",false,,11.90,0.0793,true,1,59204
8717163947692,false,אקס ג'ל רחצה 400מל,יוניליוור גרמניה (בו,DE,AXE,מיליליטרים,400.00,"100 מ""ל",false,,13.90,0.0348,true,1,61457
8717677336593,false,טבלאות שוקולד חלב טו,טוניס/שוקולונלי,NL,טבלאות שוקולד חלב טו,גרמים,180.00,100 גרם,false,,17.90,0.0994,true,1,70304
8717677336616,false,טבלאות שוקולד מריר ע,טוניס/שוקולונלי,NL,טבלאות שוקולד מריר ע,גרמים,180.00,100 גרם,false,,17.90,0.0994,true,1,70306
8717677336661,false,טבלאות שוקולד מריר 7,טוניס/שוקולונלי,NL,טבלאות שוקולד מריר 7,גרמים,180.00,100 גרם,false,,17.90,0.0994,true,1,70308
8717677338436,false,טבלאות שוקולד חלב עם,טוניס/שוקולונלי,NL,טבלאות שוקולד חלב עם,גרמים,180.00,100 גרם,false,,17.90,0.0994,true,1,70305
8717928062875,false,משטח לייבוש (171441),,,משטח לייבוש (171441),יחידה,0.00,יחידה,false,,5.90,0.0000,true,1,79201
8718114734484,false,*מבצע* מיונז מאיי 32,בונגראן,FR,בונגראן,גרמים,320.00,100 גרם,false,,11.90,0.0372,true,1,28916
8718951044913,false,מרידול משחת שיניים ה,קולגייט פלמוליב,PL,מרידול,מיליליטרים,75.00,"100 מ""ל",false,,21.90,0.2920,true,1,23054
8718951093331,false,*מבצע* מברשת שיניים,,,מברשת שיניים מרידול זוג,יח',2.00,יח',false,,24.90,12.4500,true,1,26751
8718951144064,false,*מבצע* מרידול מברשת,,,מברשת שיניים מרידול זוג,יח',2.00,יח',false,,24.90,12.4500,true,1,31019
8718951159808,false,*מבצע* קולגייט מברשת,קולגייט פלמוליב,CN,קולגייט,יח',3.00,יח',false,,24.90,8.3000,true,1,33489
8718951166288,false,קולגייט משחת מקס ויי,cp,PL,קולגייט,מיליליטרים,125.00,"100 מ""ל",false,,17.90,0.1432,true,1,54663
8718951166561,false,קולגייט משחת מקס פרש,cp,PL,קולגייט,מיליליטרים,125.00,"100 מ""ל",false,,17.90,0.1432,true,1,54664
8718951167094,false,פלמוליב צילינדר תפוז,Colgate - Greece,GR,פלמוליב  כלים,ליטרים,1.00,ליטר,false,,13.90,13.9000,true,1,35201
8718951236790,false,קולגייט משחת טוטל קל,CP-Poland swidnica,PL,קולגייט,מיליליטרים,100.00,"100 מ""ל",false,,16.90,0.1690,true,1,55322
8718951236806,false,קולגייט משחת טוטל הל,CP-Poland swidnica,PL,קולגייט,מיליליטרים,100.00,"100 מ""ל",false,,16.90,0.1690,true,1,55323
8718951236813,false,קולגייט משחת טוטל אד,CP-Poland swidnica,PL,קולגייט,מיליליטרים,100.00,"100 מ""ל",false,,16.90,0.1690,true,1,55324
8718951240742,false,קולגייט משחת טוטל פס,CP-Poland swidnica,PL,קולגייט,מיליליטרים,100.00,"100 מ""ל",false,,16.90,0.1690,true,1,55325
8718951259409,false,פלמוליב תחליב רחצה נ,CP - Turkey+60,TR,פלמוליב תחליב רחצה נ,מיליליטרים,750.00,"100 מ""ל",false,,19.90,0.0265,true,1,86341
8718951264618,false,קולגייט משחת אופטיק,CP-Poland swidnica,PL,קולגייט,מיליליטרים,75.00,"100 מ""ל",false,,29.90,0.3987,true,1,63191
8718951289833,false,*מבצע* פלמוליב סבון,CP - Turkey+60,TR,פלמוליב סבון,גרמים,400.00,100 גרם,false,,9.90,0.0248,true,1,60090
8718951313927,false,פלמוליב סבון ידיים ח,CP - Turkey+60,TR,פלמוליב,מיליליטרים,300.00,"100 מ""ל",false,,10.90,0.0363,true,1,64659
8718951315303,false,קולגייט אדומה 2*100,cp,PL,קולגייט,מיליליטרים,200.00,"100 מ""ל",false,,19.90,0.0995,true,1,64111
8718951333048,false,פלמוליב סבון ידיים ל,Colgate -ITALY,IT,פלמוליב,מיליליטרים,300.00,"100 מ""ל",false,,10.90,0.0363,true,1,66797
8718951382787,false,*מבצע* קולגייט משחת,CP-Poland swidnica,PL,קולגייט,מיליליטרים,75.00,"100 מ""ל",false,,24.90,0.3320,true,1,69992
8718951409798,false,קולגייט מברשת מקס וו,קולגייט פלמוליב,CN,קולגייט מברשת מקס וו,יח',2.00,יח',false,,24.90,12.4500,true,1,67664
8718951428522,false,סבון רחצה לגבר 4ב1פל,CP - Turkey+60,TR,סבון רחצה לגבר 4ב1פל,מיליליטרים,750.00,"100 מ""ל",false,,19.90,0.0265,true,1,69173
8718951431614,false,סבון רחצה סו פירם מי,CP - Turkey+60,TR,סבון רחצה סו פירם מי,מיליליטרים,750.00,"100 מ""ל",false,,19.90,0.0265,true,1,68665
8718951466371,false,מרידול משחת שיניים 7,GABA LOER GER,DE,מרידול,גרמים,75.00,100 גרם,false,,19.90,0.2653,true,1,84181
8718951470323,false,קולגייט מברשת סופט פ,cp,CN,קןלגייט,יח',2.00,יח',false,,34.90,17.4500,true,1,82752
8718951477384,false,משחת שיניים קולגייט,קולגייט פלמוליב,MX,משחת שיניים קולגייט,מיליליטרים,75.00,"100 מ""ל",false,,19.90,0.2653,true,1,69995
8718951509627,false,*מבצע* קולגייט משחת,קולגייט פלמוליב,PL,קולגייט,מיליליטרים,75.00,"100 מ""ל",false,,24.90,0.3320,true,1,78804
8719128118499,false,*מבצע* מיכל גז CQC ע,,,*מבצע* מיכל גז CQC ע,יח',1.00,יח',false,,99.00,99.0000,true,1,81893
8719128118734,false,מילוי מיכל CQC עד 60,,,מילוי מיכל CQC עד 60,יח',1.00,יח',false,,59.90,59.9000,true,1,81894
8719200997998,false,בלובנד עם מלח 200ג כ,אתר חיפה מרגרינה - F,IL,BLUE BAND,גרמים,200.00,100 גרם,false,,4.30,0.0215,true,1,59835
8719200998001,false,בלובנד בלי מלח 60*20,אתר חיפה מרגרינה - F,IL,BLUE BAND,גרמים,200.00,100 גרם,false,,4.30,0.0215,true,1,59836
8719200998018,false,מחמאה  60*200 ג,אתר חיפה מרגרינה - F,IL,BLUE BAND,גרמים,200.00,100 גרם,false,,4.30,0.0215,true,1,59837
8719200998032,false,מזולה בטעם חמאה 48*2,אתר חיפה מרגרינה - F,IL,MAZOLA,גרמים,250.00,100 גרם,false,,9.90,0.0396,true,1,59824
8719200998094,false,מזולה לאפיה ללא מלח,אתר חיפה מרגרינה - F,IL,MAZOLA,גרמים,200.00,100 גרם,false,,6.50,0.0325,true,1,59821
8719200998100,false,מזולה לאפיה בטעם חמא,אתר חיפה מרגרינה - F,IL,MAZOLA,גרמים,200.00,100 גרם,false,,6.50,0.0325,true,1,59822
8720181046605,false,דאב ספריי אינביזיבל,יונילוור ארגנטינה -,AR,DOVE,מיליליטרים,150.00,"100 מ""ל",false,,14.90,0.0993,true,1,65454
8720181046612,false,דאב רולאון אוריגינל,יוניליוור HPC,PH,DOVE,מיליליטרים,50.00,"100 מ""ל",false,,14.90,0.2980,true,1,67256
8720181114465,false,דאו אקס ספריי כחול,,,דאו אקס ספריי כחול,מיליליטרים,150.00,"100 מ""ל",false,,9.90,0.0660,true,1,82077
8720181114472,false,דאו אקס ספריי טורקיז,,,דאו אקס ספריי טורקיז,מיליליטרים,150.00,"100 מ""ל",false,,9.90,0.0660,true,1,82078
8720181114489,false,דאו אקס ספריי שחור,,,דאו אקס ספריי שחור,מיליליטרים,150.00,"100 מ""ל",false,,9.90,0.0660,true,1,82079
8720181114496,false,דאו אקס ספריי חום,,,דאו אקס ספריי חום,מיליליטרים,150.00,"100 מ""ל",false,,9.90,0.0660,true,1,82080
8720181114519,false,"אקס  150 מ""ל",,,"אקס  150 מ""ל",מיליליטרים,150.00,"מ""ל",false,,9.90,0.0660,true,1,87175
8720181123955,false,אקס ג'ל רחצה ריצ'ארג,יוניליוור גרמניה (בו,DE,AXE,מיליליטרים,400.00,"100 מ""ל",false,,13.90,0.0348,true,1,69407
8720181204111,false,אקס גל רחצה  אפיק פר,יוניליוור גרמניה (בו,DE,AXE,מיליליטרים,400.00,"100 מ""ל",false,,13.90,0.0348,true,1,82044
8723400756552,false,מנטוס רביעייה,פרפטי ואן מלה,NL,מנטוס,גרמים,160.00,100 גרם,false,,10.90,0.0681,true,1,12009
8723400782544,false,סוכריות מנטוס בשקית,פרפטי ואן מלה,NL,סוכריות מנטוס בשקית,גרמים,160.00,100 גרם,false,,9.90,0.0619,true,1,35018
8801055706440,false,טסטר צוייס טו גו 20,,,טסטר צוייס טו גו 20 יח,גרמים,36.00,100 גרם,false,,9.90,0.2750,true,1,4970
8801055707966,false,טסטר צוייס בריסטה 18,נסטלה קוריאה - קפה,KR,TASTER'S CHOICE,גרמים,180.00,100 גרם,false,,29.90,0.1661,true,1,27933
8801055709427,false,טסטר צ'ויס אלטה ריקה,נסטלה קוריאה - קפה,KR,טסטר צ'ויס אלטה ריקה,גרמים,100.00,100 גרם,false,,23.90,0.2390,true,1,69143
8801055709458,false,נסקפה קפוצ'ינו קרמל,נסטלה,KR,נסקפה קפוצ'ינו קרמל 10*17,גרמים,170.00,100 גרם,false,,17.90,0.1053,true,1,70837
8801055709465,false,נסקפה קפוצ'ינו וניל,נסטלה,KR,נסקפה קפוצ'ינו וניל 10*18,גרמים,185.00,100 גרם,false,,17.90,0.0968,true,1,70838
8801055709472,false,נסקפה קפוצ'ינו קלאסי,נסטלה,,נסקפה קפוצ'ינו קלאסיק 10*,גרמים,125.00,100 גרם,false,,17.90,0.1432,true,1,70839
8801055709489,false,נס קפה קפוצינו אגוזי,נסטלה,,נס קפה קפוצינו אגוזים,גרמים,180.00,100 גרם,false,,17.90,0.0994,true,1,70840
8801055709526,false,נס קפה קפוצינו שוקול,נסטלה,,נס קפה קפוצינו אגוזים,גרמים,180.00,100 גרם,false,,17.90,0.0994,true,1,80500
8803733180986,false,לוק&לוק קופסת מלבן 1,,,לוק&לוק קופסת מלבן 1,יחידה,0.00,יחידה,false,,25.00,0.0000,true,1,80157
8803733182201,false,לוק&לוק קופסא מרובעת,,,לוק&לוק קופסא מרובעת,יחידה,0.00,יחידה,false,,15.90,0.0000,true,1,80161
8803733281300,false,לוק&לוק קופסת מלבן 1,,,לוק&לוק קופסת מלבן 1,יחידה,0.00,יחידה,false,,29.90,0.0000,true,1,80167
8817002212490,false,"עציץ נוי 120 ס""מ",,,"עציץ נוי 120 ס""מ",יחידה,0.00,יחידה,false,,10.90,0.0000,true,1,76396
8850180040028,false,טמפורה,malinee food product,TH,gogi,גרמים,500.00,100 גרם,false,,10.90,0.0218,true,1,30419
8850206250592,false,רוטב צ'ילי סיראצ'ה 5,קרמה,TH,רוטב צ'ילי סיראצ'ה 5,גרמים,530.00,100 גרם,false,,19.90,0.0375,true,1,34531
8850367300266,false,תערובת חמשת תבלינים,theppadungporn cocon,TH,תערובת חמשת תבלינים,גרמים,50.00,100 גרם,false,,9.90,0.1980,true,1,82669
8850367990443,false,רוטב לסלט אסייתי 285,theppadungporn cocon,TH,MAE POLY,מיליליטרים,285.00,"100 מ""ל",false,,12.90,0.0453,true,1,29707
8850367992164,false,"קרם קוקוס 250 מ""ל",theppadungporn cocon,TH,chaokkou,מיליליטרים,250.00,"100 מ""ל",false,,7.90,0.0316,true,1,29708
8850367994021,false,רוטב צילי מתוק ללא ס,theppadungporn cocon,TH,רוטב צילי מתוק ללא ס,מיליליטרים,280.00,"100 מ""ל",false,,10.90,0.0389,true,1,58596
8850367994786,false,מחית קארי אדומה 50 ג,theppadungporn cocon,TH,מחית קארי אדומה 50 ג,גרמים,50.00,100 גרם,false,,5.90,0.1180,true,1,67874
8850389105825,false,סאפה ענבים 1 ליטר,SAPPE PUBLIC COMPANY,TH,סאפה,ליטרים,1.00,ליטר,false,,12.70,12.7000,true,1,3820
8850389105832,false,סאפה תפוח 1 ליטר,SAPPE PUBLIC COMPANY,TH,סאפה,ליטרים,1.00,ליטר,false,,12.70,12.7000,true,1,3821
8850389105849,false,סאפה אפרסק 1 ליטר,SAPPE PUBLIC COMPANY,TH,סאפה,ליטרים,1.00,ליטר,false,,12.70,12.7000,true,1,3822
8850389115336,false,סאפה מלון 1 ליטר,SAPPE PUBLIC COMPANY,TH,סאפה,ליטרים,1.00,ליטר,false,,12.70,12.7000,true,1,36577
8850632604259,false,מקלות חמוצים טעם תות,סאאדת,TR,יוגטה,יח',24.00,יח',false,,3.90,0.1625,true,1,12013
8850632604266,false,מקלות חמוצים טעם קול,סאאדת,TR,יוגטה,יח',24.00,יח',false,,3.90,0.1625,true,1,12014
8850632604372,false,מקלות חמוצים טעם תות,סאאדת,TR,יוגטה,יח',24.00,יח',false,,3.90,0.1625,true,1,12015
8850632604402,false,מקלות חמוצים בטעמים,סאאדת,TR,יוגטה,יח',24.00,יח',false,,3.90,0.1625,true,1,12016
8850632605201,false,מקלות חמוצים מעורב,סאאדת,TR,יוגטה,יח',24.00,יח',false,,3.90,0.1625,true,1,12017
8851613101378,false,"חלב קוקוס 250 מ""ל",תאי וורלד,TH,רנדי,מיליליטרים,250.00,"100 מ""ל",false,,9.90,0.0396,true,1,7108
8851613101385,false,"חלב קוקוס 500 מ""ל",תאי וורלד,TH,רנדי,מיליליטרים,500.00,"100 מ""ל",false,,12.90,0.0258,true,1,26107
8857101301008,false,"רוטב צילי 700 מ""ל",פאן אינטר,TH,וילי פוד,מיליליטרים,700.00,"100 מ""ל",false,,9.90,0.0141,true,1,65104
8858271002870,false,רוטב פאד תאי,yan wal yun corpara,TH,maxchup,מיליליטרים,250.00,"100 מ""ל",false,,10.90,0.0436,true,1,30424
8858271002887,false,"רוטב טרייאקי 250 מ""ל",yan wal yun corpara,TH,מזרח ומערב,מיליליטרים,250.00,"100 מ""ל",false,,9.90,0.0396,true,1,29721
8858271003020,false,רוטב סויה פורמולה 1,,TH,רוטב סויה פורמולה 1,מיליליטרים,700.00,"100 מ""ל",false,,15.90,0.0227,true,1,60246
8858271003075,false,רוטב סויה מתוקה,yan wal yun corpara,TH,maxchup,מיליליטרים,700.00,"100 מ""ל",false,,16.90,0.0241,true,1,30425
8858271003921,false,רוטב קארי אדום,yan wal yun corpara,TH,maxchup,מיליליטרים,250.00,"100 מ""ל",false,,10.90,0.0436,true,1,30426
8858271004300,false,רוטב טרייאקי,yan wal yun corpara,TH,maxchup,מיליליטרים,700.00,"100 מ""ל",false,,19.90,0.0284,true,1,30430
8858271005451,false,רוטב סויה פורמולה 1,yan wal yun corpara,TH,רוטב סויה מנה 500מל,מיליליטרים,250.00,"100 מ""ל",false,,10.90,0.0436,true,1,37323
8888021200256,false,סוללות אנרגייזר שמינ,אנרג'ייזר,US,אנרג'ייזר,יח',8.00,יח',false,,24.90,3.1125,true,1,8242
8888021200720,false,סוללות אנרגייזר שמינ,אנרג'ייזר,US,אנרג'ייזר,יח',8.00,יח',false,,24.90,3.1125,true,1,8243
8888111030053,false,רביעיית מיץ אננס 960,פילפאק,PH,S&W,מיליליטרים,960.00,"100 מ""ל",false,,14.90,0.0155,true,1,20827
8888757103005,false,300 שמן שומשום,אוך אייק גואן פוד אי,SG,רנדי,מיליליטרים,300.00,"100 מ""ל",false,,19.90,0.0663,true,1,7111
8888899013125,false,מארז גביע 1 ליטר אמר,,,מארז גביע 1 ליטר אמר,יחידה,0.00,יחידה,false,,12.90,0.0000,true,1,79347
8888899013200,false,"מארז גביע 250 סמ""ק +",,,"מארז גביע 250 סמ""ק +",יחידה,0.00,יחידה,false,,5.00,0.0000,true,1,79354
8888899013248,false,מגש הגשה פלסטיק מלבנ,,,מגש הגשה פלסטיק מלבנ,יחידה,0.00,יחידה,false,,12.90,0.0000,true,1,81883
8888899013279,false,סט קולבים - 5 יח' זו,,,סט קולבים - 5 יח' זו,יחידה,0.00,יחידה,false,,6.90,0.0000,true,1,79358
8901138825591,false,הימלאיה משחת שיניים,הימלאיה,IN,הימלאיה,מיליליטרים,75.00,"100 מ""ל",false,,14.90,0.1987,true,1,24187
8901537024014,false,"אורז בסמטי 1 ק""ג",lt foods,IN,DAAWAT,קילוגרמים,1.00,"ק""ג",false,,11.90,11.9000,true,1,10206
8934878081811,false,"דף אורז 22 ס""מ",chanh khang company,VN,trav,גרמים,400.00,100 גרם,false,,11.90,0.0298,true,1,30437
8974567899174,false,מארז 4 קולבי ואקום צ,,,מארז 4 קולבי ואקום צ,יחידה,0.00,יחידה,false,,5.90,0.0000,true,1,76399
8974567899327,false,"חבל כביסה 10מ*6מ""מ",,,"חבל כביסה 10מ*6מ""מ",יחידה,0.00,יחידה,false,,5.90,0.0000,true,1,76402
8978156302014,false,דלי פופקורן גדול 20.,,,דלי פופקורן גדול 20.,יחידה,0.00,יחידה,false,,10.00,0.0000,true,1,76407
9000100806657,false,*מבצע* דאודורנט רול,שוורצקופף והנקל,DE,פה,מיליליטרים,50.00,"100 מ""ל",false,,9.90,0.1980,true,1,5247
9000101372878,false,פרסיל קפסולות דיסקס,הנקל סוד,HU,פרסיל,יח',22.00,יח',false,,34.90,1.5864,true,1,67489
9000101375268,false,*מבצע* ברף דלקס סבון,הנקל,RS,*מבצע* ברף דלקס סבון,גרמים,193.00,100 גרם,false,,14.90,0.0772,true,1,85292
9000101375299,false,*מבצע* ברף דלקס סבון,הנקל,RS,*מבצע* ברף דלקס סבון,גרמים,193.00,100 גרם,false,,14.90,0.0772,true,1,85293
9000101418163,false,*מבצע* ברף בניחוח מת,הנקל,RS,*מבצע* ברף בניחוח מת,גרמים,193.00,100 גרם,false,,14.90,0.0772,true,1,71094
9000101509069,false,*מבצע* ברף בריליאנט,הנקל,RS,*מבצע* ברף בריליאנט,גרמים,126.00,100 גרם,false,,14.90,0.1183,true,1,84675
9000101509151,false,*מבצע* ברף בריליאנט,הנקל,RS,*מבצע* ברף בריליאנט,גרמים,126.00,100 גרם,false,,14.90,0.1183,true,1,84676
9000101520965,false,*מבצע* ברף בניחוח מת,הנקל,RS,*מבצע* ברף בניחוח מת,גרמים,193.00,100 גרם,false,,14.90,0.0772,true,1,71095
9000101521436,false,כדוריות לאסלה בניחוח,הנקל,RS,כדוריות לאסלה בניחוח,גרמים,50.00,100 גרם,false,,9.90,0.1980,true,1,69211
9000101537550,false,*מבצע* פרסיל פאוור ק,הנקל,IL,*מבצע* פרסיל פאוור ק,יח',52.00,יח',false,,49.90,0.9596,true,1,82780
9000101537581,false,*מבצע* פרסיל פאוור ק,הנקל,IL,*מבצע* פרסיל פאוור ק,יח',52.00,יח',false,,49.90,0.9596,true,1,82781
9000101548419,false,דפים למכונה מחדש צבע,הנקל סוד,IE,דפים למכונה מחדש צבע,יח',18.00,יח',false,,19.90,1.1056,true,1,85673
9001148803103,false,שום קלוף יח',,,שום קלוף יח',יח',1.00,יח',false,,9.90,9.9000,true,1,65805
9001616202155,false,*מבצע* זוג מוצצי סיל,מאמ,AT,מאמ,יח',2.00,יח',false,,32.90,16.4500,true,1,31470
9001616202186,false,*מבצע* בקבוק תינוק א,מאמ,AT,מאמ,יח',1.00,יח',false,,32.90,32.9000,true,1,31471
9001616203305,false,זוג פטמות לבקבוק תינ,מאמ,AT,מאמ,יח',1.00,יח',false,,24.90,24.9000,true,1,32248
9001616203626,false,זוג פטמות לבקבוק תינ,מאמ,AT,מאמ,יח',1.00,יח',false,,24.90,24.9000,true,1,31590
9001616205774,false,*מבצע* זוג מוצצי סיל,מאמ,AT,מאמ,יח',2.00,יח',false,,32.90,16.4500,true,1,54294
9001616681363,false,*מבצע* בקבוק אנטי קו,מאמ,AT,מאמ,יח',1.00,יח',false,,32.90,32.9000,true,1,54627
9001616702693,false,*מבצע* זוג מוצצי סיל,מאמ,AT,מאמ,יח',2.00,יח',false,,32.90,16.4500,true,1,54296
9001616702808,false,*מבצע* זוג מוצצי סיל,מאמ,AT,מאמ,יח',2.00,יח',false,,32.90,16.4500,true,1,54625
9001616702877,false,*מבצע* זוג מוצצי סיל,מאמ,AT,מאמ,יח',2.00,יח',false,,32.90,16.4500,true,1,54301
9002975393836,false,סוכריות הריבו האפי ק,,,סוכריות הריבו האפי ק,גרמים,70.00,100 גרם,false,,6.90,0.0986,true,1,78807
9002975393843,false,סוכריות הריבו גולדבר,,,סוכריות הריבו גולדבר,גרמים,70.00,100 גרם,false,,6.90,0.0986,true,1,78808
9003974446462,false,נייר צילום 80 A4 גרם,,,נייר צילום 80 A4 גרם,יחידה,0.00,יחידה,false,,25.90,0.0000,true,1,79993
9008700128575,false,*מבצע* נקטר פסיפלורה,ראוך,HU,*מבצע* נקטר פסיפלורה,ליטרים,1.00,ליטר,false,,9.90,9.9000,true,1,56082
9044400851672,false,סוכריות פז,פז פרודקשיין יורו,AT,סוכריות פז,גרמים,25.50,100 גרם,false,,10.90,0.4275,true,1,84302
9120025834723,false,חטיף אוראו מצונן 120,בובארד,IT,חטיף אוראו מצונן 120,גרמים,120.00,100 גרם,false,,14.90,0.1242,true,1,83973
9120025839896,false,חטיף מילקה מצונן 128,בובארד,IT,חטיף מילקה מצונן 128,גרמים,128.00,100 גרם,false,,14.90,0.1164,true,1,84442
9310072028743,false,ביסקוויט מצופה שוקול,ארנולטס,AU,טים טם,גרמים,200.00,100 גרם,false,,19.90,0.0995,true,1,27275
9310072028750,false,ביסקוויט מצופה שוקול,ארנולטס,AU,טים טם,גרמים,200.00,100 גרם,false,,19.90,0.0995,true,1,26754
9322969000046,false,פריכיות תירס עם שומש,ריל פוד,AU,פריכיות תירס עם שומש,גרמים,150.00,100 גרם,false,,11.90,0.0793,true,1,55824
9616761103402,false,סט 4 מותחן סדין (12),,,סט 4 מותחן סדין (12),יחידה,0.00,יחידה,false,,19.90,0.0000,true,1,86035
9677400000001,false,בובה אמבטיה,,,בובה אמבטיה,יחידה,0.00,יחידה,false,,15.90,0.0000,true,1,83750
9720188050109,false,טופוטי - ממרח טופו ב,מחלבת משק צוריאל,US,משק צוריאל,גרמים,225.00,100 גרם,false,,19.90,0.0884,true,1,14871
9770623605074,false,מאפרה מתכת לחצן,,,מאפרה מתכת לחצן,יחידה,0.00,יחידה,false,,12.90,0.0000,true,1,85504
9843022871026,false,נר הבדלה כחול לבן של,,,נר הבדלה כחול לבן של,יחידה,0.00,יחידה,false,,7.90,0.0000,true,1,79360
9843022871132,false,נר  הבדלה  מעמד בזה,,,נר  הבדלה  מעמד בזה,1,1.00,1,false,,20.90,20.9000,true,1,80238
9864521200117,false,תחתית מרובעת קשיחה ל,,,תחתית מרובעת קשיחה ל,יחידה,0.00,יחידה,false,,7.90,0.0000,true,1,85436
9967890185440,false,קערה 24 סמ,,,קערה 24 סמ,יחידה,0.00,יחידה,false,,8.00,0.0000,true,1,81221
