code,internal_code,name,manufacturer_name,manufacture_country,manufacturer_item_description,unit_qty,quantity,unit_of_measure,weighted,qty_in_package,price,unit_of_measure_price,allow_discount,status,item_id
12,true,עיתון עליתון,שונים,,,יח,1,,false,1,3,3,false,1,
15,true,עיתון שופר,שופר השבועון לקהילה,,,יח,1,,false,1,1,1,false,1,
16,true,מציות בית-מאפה גאלט,מאפית היפרכהן,,,יח,1,,false,1,14.90,14.90,false,1,
23,true,עיתון השבוע,דפוס עתיד,,,יח,1,,false,1,2,2,false,1,
25,true,עיתון מגזין,ל.א אוחיון פרסום ותקשורת בעמ,,,יח,1,,false,1,3,3,false,1,
50,true,מים קטן כללי,החברה המרכזית להפצת משקאות בע,,,יח,1,,false,1,4.90,4.90,false,1,
70,true,טרופית,שונים,,,יח,1,,false,1,1.10,1.10,false,1,
88,true,תוספת לשתיה קרה מהמחיר הנקוב,שונים,,,יח,1,,false,1,2,2,false,1,
118,true,לחמניה ארוכה,בית מאפה ח. כהן חדש,,,יח,1,,false,1,1.90,1.90,true,1,
119,true,חצי בגט,בית מאפה ח. כהן חדש,,,יח,1,,false,1,2.90,2.90,true,1,
120,true,לחמניה קלועה שמניה /מיני חלה,בית מאפה ח. כהן חדש,,,יח,1,,false,1,2.50,2.50,true,1,
121,true,חלה 4 צמות,בית מאפה ח. כהן חדש,,,יח,1,,false,1,9.90,9.90,true,1,
122,true,לחמניה ציפור//פרח,בית מאפה ח. כהן חדש,,,יח,1,,false,1,2.50,2.50,true,1,
123,true,עוגיות פסח 500,שיבולים ייצור מוצרי מאפה בעמ,,,יח,1,,false,1,9.90,9.90,false,1,
129,true,לחם קווקזי,בית מאפה ח. כהן חדש,,,יח,1,,false,1,7.90,7.90,false,1,
143,true,חלה שושנה,בית מאפה ח. כהן חדש,,,יח,1,,false,1,7.90,7.90,false,1,
147,true,בייגל שומשום עגול,מאפית היפרכהן,,,יח,1,,false,1,4.20,4.20,false,1,
149,true,לחמניה כפרית,ג`נרל מילס ישראל בעמ,,,יח,1,,false,1,2.50,2.50,false,1,
152,true,לחם מחמצת כפרי גדול,מאפית היפרכהן,,,יח,1,,false,1,16.90,16.90,true,1,
157,true,בגט ארוך,ג`נרל מילס ישראל בעמ,,,יח,1,,false,1,4.90,4.90,false,1,
158,true,חלה 2 צמות.,בית מאפה ח. כהן חדש,,,יח,1,,false,1,6.50,6.50,true,1,
159,true,חלה מתוקה,בית מאפה ח. כהן חדש,,,יח,1,,false,1,11.90,11.90,false,1,
161,true,לחמניה המבורגר,ג`נרל מילס ישראל בעמ,,,יח,1,,false,1,3.30,3.30,true,1,
165,true,לחמניה מתוקה קלועה,בית מאפה ח. כהן חדש,,,יח,1,,false,1,2.70,2.70,true,1,
202,true,רוסטיק,ג`נרל מילס ישראל בעמ,,,יח,1,,false,1,7.50,7.50,false,1,
204,true,גפטה,ג`נרל מילס ישראל בעמ,,,ל 100 גרם,1,,false,1,4,4,false,1,
221,true,לחמניה טונסאי,בית מאפה ח. כהן חדש,,,יח,1,,false,1,2.50,2.50,true,1,
250,true,סופגניה,ג`נרל מילס ישראל בעמ,,,יח,1,,false,1,3.90,3.90,true,1,
259,true,פיתות 10 יח`,גיא שיווק טוב,,,יח,1,,false,1,15.90,15.90,false,1,
262,true,לחמניה שומשום,בית מאפה ח. כהן חדש,,,יח,1,,false,1,2.50,2.50,true,1,
374,true,פטריות חוות השמפיניון,"בכורי השדה צפון1994 ג.ד. בע""מ",,,יח,1,,false,1,11.90,11.90,false,1,
502,true,אננס שלם,"בכורי השדה צפון1994 ג.ד. בע""מ",,,"לק""ג",10,ל 100 גרם,true,1,39.90,3.99,false,1,
504,true,אפרסמון,"בכורי השדה צפון1994 ג.ד. בע""מ",,,"לק""ג",1,,true,1,8.90,8.90,false,1,
505,true,אבוקדו,"בכורי השדה צפון1994 ג.ד. בע""מ",,,"לק""ג",1,,true,1,9.90,9.90,false,1,
507,true,אפרסמון קרמבו,"בכורי השדה צפון1994 ג.ד. בע""מ",,,"לק""ג",1,,true,1,16.90,16.90,false,1,
508,true,אפרסק,"בכורי השדה צפון1994 ג.ד. בע""מ",,,"לק""ג",1,,true,1,12.90,12.90,false,1,
511,true,.אגס,"בכורי השדה צפון1994 ג.ד. בע""מ",,,"לק""ג",1,,true,1,16.90,16.90,false,1,
525,true,תפוזינה,"בכורי השדה צפון1994 ג.ד. בע""מ",,,"לק""ג",1,,true,1,9.90,9.90,false,1,
530,true,בננה,"בכורי השדה צפון1994 ג.ד. בע""מ",,,"לק""ג",1,,true,1,8.90,8.90,false,1,
531,true,אבטיח אישי,"בכורי השדה צפון1994 ג.ד. בע""מ",,,"לק""ג",1,,true,1,6.90,6.90,false,1,
535,true,לימון,"בכורי השדה צפון1994 ג.ד. בע""מ",,,"לק""ג",1,,true,1,6.90,6.90,false,1,
539,true,אנונה/קובו,"בכורי השדה צפון1994 ג.ד. בע""מ",,,"לק""ג",1,,true,1,19.90,19.90,false,1,
540,true,מלון,"בכורי השדה צפון1994 ג.ד. בע""מ",,,"לק""ג",1,,true,1,7.90,7.90,false,1,
543,true,מנגו,"בכורי השדה צפון1994 ג.ד. בע""מ",,,"לק""ג",1,,true,1,19.90,19.90,false,1,
553,true,ענב תפזורת ירוק,"בכורי השדה צפון1994 ג.ד. בע""מ",,,"לק""ג",10,"ל 100 מ""ל",true,1,29.90,2.99,false,1,
554,true,ענב אדום רד גלוב / מיקס,"בכורי השדה צפון1994 ג.ד. בע""מ",,,"לק""ג",10,ל 100 גרם,true,1,22.90,2.29,false,1,
558,true,פומלה,"בכורי השדה צפון1994 ג.ד. בע""מ",,,"לק""ג",1,,true,1,9.90,9.90,false,1,
559,true,פומלית,"בכורי השדה צפון1994 ג.ד. בע""מ",,,"לק""ג",1,,true,1,5.90,5.90,false,1,
560,true,קלמנטינה,"בכורי השדה צפון1994 ג.ד. בע""מ",,,"לק""ג",1,,true,1,6.90,6.90,false,1,
563,true,קיווי,"בכורי השדה צפון1994 ג.ד. בע""מ",,,"לק""ג",1,,true,1,19.90,19.90,false,1,
564,true,רימון,"בכורי השדה צפון1994 ג.ד. בע""מ",,,"לק""ג",1,,true,1,6.90,6.90,false,1,
568,true,שזיף אדום,"בכורי השדה צפון1994 ג.ד. בע""מ",,,"לק""ג",1,,true,1,15.90,15.90,false,1,
571,true,ליצי/פטיה,"בכורי השדה צפון1994 ג.ד. בע""מ",,,"לק""ג",1,,true,1,32.90,32.90,false,1,
573,true,שזיף שגיב/מיטלי,"בכורי השדה צפון1994 ג.ד. בע""מ",,,"לק""ג",1,,true,1,15.90,15.90,false,1,
575,true,תפוז,"בכורי השדה צפון1994 ג.ד. בע""מ",,,"לק""ג",1,,true,1,5.90,5.90,false,1,
576,true,אשכולית,"בכורי השדה צפון1994 ג.ד. בע""מ",,,"לק""ג",1,,true,1,4.90,4.90,false,1,
579,true,נענע רגיל,"בכורי השדה צפון1994 ג.ד. בע""מ",,,יח,1,,false,1,3.90,3.90,true,1,
581,true,תפוח עץ אנה,"בכורי השדה צפון1994 ג.ד. בע""מ",,,"לק""ג",1,,true,1,10.90,10.90,false,1,
583,true,תפוח סמיט ירוק,"בכורי השדה צפון1994 ג.ד. בע""מ",,,"לק""ג",10,ל 100 גרם,true,1,10.90,1.09,false,1,
584,true,תפוח עץ גלה,"בכורי השדה צפון1994 ג.ד. בע""מ",,,"לק""ג",1,,true,1,9.90,9.90,false,1,
585,true,תפוח חרמון,"בכורי השדה צפון1994 ג.ד. בע""מ",,,"לק""ג",10,ל 100 גרם,true,1,9.90,0.99,false,1,
588,true,תפוח עץ יונתן ייבוא,"בכורי השדה צפון1994 ג.ד. בע""מ",,,"לק""ג",1,,true,1,9.90,9.90,false,1,
590,true,תפוח זהוב,"בכורי השדה צפון1994 ג.ד. בע""מ",,,"לק""ג",1,,true,1,10.90,10.90,false,1,
592,true,תפוח עץ פינק,"בכורי השדה צפון1994 ג.ד. בע""מ",,,"לק""ג",1,,true,1,14.90,14.90,false,1,
593,true,תות שדה ארוז,"בכורי השדה צפון1994 ג.ד. בע""מ",,,יח,1,יח,false,1,34.90,34.90,false,1,
594,true,סברס,"בכורי השדה צפון1994 ג.ד. בע""מ",,,"לק""ג",1,,true,1,19.90,19.90,false,1,
603,true,דלורית,"בכורי השדה צפון1994 ג.ד. בע""מ",,,"לק""ג",1,,true,1,5.90,5.90,false,1,
605,true,בצל יבש,"בכורי השדה צפון1994 ג.ד. בע""מ",,,"לק""ג",1,"לק""ג",true,1,3.90,3.90,false,1,
609,true,בצל סגול,"בכורי השדה צפון1994 ג.ד. בע""מ",,,"לק""ג",1,,true,1,5.90,5.90,false,1,
612,true,בטטה,"בכורי השדה צפון1994 ג.ד. בע""מ",,,"לק""ג",1,,true,1,8.90,8.90,false,1,
613,true,קישוא עגול/ירוק,"בכורי השדה צפון1994 ג.ד. בע""מ",,,"לק""ג",1,,true,1,8.90,8.90,false,1,
614,true,תפוח אדמה קטן,"בכורי השדה צפון1994 ג.ד. בע""מ",,,"לק""ג",1,,true,1,4.90,4.90,false,1,
615,true,ברוקולי,"בכורי השדה צפון1994 ג.ד. בע""מ",,,יח,1,,false,1,9.90,9.90,false,1,
618,true,גזר ארוז,"בכורי השדה צפון1994 ג.ד. בע""מ",,,"לק""ג",1,,true,1,3.90,3.90,false,1,
625,true,חציל,"בכורי השדה צפון1994 ג.ד. בע""מ",,,"לק""ג",1,,true,1,6.90,6.90,false,1,
627,true,פטריות תפז טרי.,"בכורי השדה צפון1994 ג.ד. בע""מ",,,"לק""ג",1,,true,1,39.90,39.90,false,1,
628,true,תירס ארוז,"בכורי השדה צפון1994 ג.ד. בע""מ",,,"לק""ג",10,ל 100 גרם,true,1,14.90,1.49,false,1,
629,true,חסה רגילה,"בכורי השדה צפון1994 ג.ד. בע""מ",,,יח,1,,false,1,5.90,5.90,false,1,
630,true,כרוב לבן,"בכורי השדה צפון1994 ג.ד. בע""מ",,,"לק""ג",1,,true,1,3.90,3.90,false,1,
631,true,פלפלונים צבעוני טינקרבל,"בכורי השדה צפון1994 ג.ד. בע""מ",,,יח,1,ל 100 גרם,false,1,18.90,18.90,true,1,
632,true,חזרת,"בכורי השדה צפון1994 ג.ד. בע""מ",,,"לק""ג",1,,true,1,44,44,false,1,
633,true,כרוב אדום.,"בכורי השדה צפון1994 ג.ד. בע""מ",,,"לק""ג",1,,true,1,6.90,6.90,false,1,
634,true,קישוא קרעה(ברכות),"בכורי השדה צפון1994 ג.ד. בע""מ",,,"לק""ג",1,,true,1,16.90,16.90,false,1,
635,true,כרובית,"בכורי השדה צפון1994 ג.ד. בע""מ",,,יח,1,,false,1,8.90,8.90,false,1,
639,true,כוסברה,"בכורי השדה צפון1994 ג.ד. בע""מ",,,יח,1,,false,1,3.90,3.90,true,1,
645,true,מלפפון,"בכורי השדה צפון1994 ג.ד. בע""מ",,,"לק""ג",1,"לק""ג",true,1,5.90,5.90,false,1,
646,true,שורש פטרוזיליה/סלרי ראש,"בכורי השדה צפון1994 ג.ד. בע""מ",,,יח,1,,false,1,5.90,5.90,false,1,
655,true,סלרי,"בכורי השדה צפון1994 ג.ד. בע""מ",,,יח,1,,false,1,5.90,5.90,false,1,
659,true,סלק אדום,"בכורי השדה צפון1994 ג.ד. בע""מ",,,"לק""ג",1,,true,1,3.90,3.90,false,1,
660,true,עגבניה תמר,"בכורי השדה צפון1994 ג.ד. בע""מ",,,"לק""ג",10,ל 100 גרם,true,1,4.90,0.49,false,1,
661,true,עגבניות שרי תפזורת,"בכורי השדה צפון1994 ג.ד. בע""מ",,,"לק""ג",10,ל 100 גרם,true,1,19.90,1.99,false,1,
662,true,עגבניה,"בכורי השדה צפון1994 ג.ד. בע""מ",,,"לק""ג",1,,true,1,5.90,5.90,false,1,
663,true,פלפל חריף ירוק,"בכורי השדה צפון1994 ג.ד. בע""מ",,,"לק""ג",10,ל 100 גרם,true,1,9.90,0.99,false,1,
664,true,פלפל חריף אדום,"בכורי השדה צפון1994 ג.ד. בע""מ",,,"לק""ג",1,,true,1,19.90,19.90,false,1,
665,true,גמבה ירוקה,"בכורי השדה צפון1994 ג.ד. בע""מ",,,"לק""ג",1,,true,1,9.90,9.90,false,1,
666,true,תפוח אדמה לבן/אדום/גזר תפזורת,"בכורי השדה צפון1994 ג.ד. בע""מ",,,"לק""ג",1,,true,1,5.90,5.90,false,1,
667,true,גמבה אדומה,"בכורי השדה צפון1994 ג.ד. בע""מ",,,"לק""ג",1,ל 100 גרם,true,1,9.90,9.90,false,1,
668,true,גמבה כתום,"בכורי השדה צפון1994 ג.ד. בע""מ",,,"לק""ג",1,,true,1,10.90,10.90,false,1,
669,true,גמבה בהירה,"בכורי השדה צפון1994 ג.ד. בע""מ",,,"לק""ג",1,,true,1,9.90,9.90,false,1,
670,true,פטרוזליה,"בכורי השדה צפון1994 ג.ד. בע""מ",,,יח,1,,false,1,3.90,3.90,true,1,
675,true,שמיר,"בכורי השדה צפון1994 ג.ד. בע""מ",,,יח,1,,false,1,3.90,3.90,true,1,
679,true,קרמבולה,"בכורי השדה צפון1994 ג.ד. בע""מ",,,"לק""ג",1,,true,1,19.90,19.90,false,1,
682,true,חציל בלדי,"בכורי השדה צפון1994 ג.ד. בע""מ",,,"לק""ג",10,ל 100 גרם,true,1,6.90,0.69,false,1,
683,true,צנון,"בכורי השדה צפון1994 ג.ד. בע""מ",,,"לק""ג",1,,true,1,8.90,8.90,false,1,
684,true,פלפל שושקה,"בכורי השדה צפון1994 ג.ד. בע""מ",,,"לק""ג",1,,true,1,19.90,19.90,false,1,
685,true,קישוא,"בכורי השדה צפון1994 ג.ד. בע""מ",,,"לק""ג",1,,true,1,7.90,7.90,false,1,
687,true,קולורבי,"בכורי השדה צפון1994 ג.ד. בע""מ",,,"לק""ג",1,,true,1,8.90,8.90,false,1,
689,true,שום יבש,"בכורי השדה צפון1994 ג.ד. בע""מ",,,יח,1,,false,1,7.90,7.90,false,1,
690,true,שומר.,"בכורי השדה צפון1994 ג.ד. בע""מ",,,"לק""ג",1,,true,1,9.90,9.90,false,1,
691,true,גמבה צהובה,"בכורי השדה צפון1994 ג.ד. בע""מ",,,"לק""ג",1,,true,1,9.90,9.90,false,1,
696,true,"תפו""א לבן ארוז","בכורי השדה צפון1994 ג.ד. בע""מ",,,"לק""ג",1,,true,1,3.90,3.90,false,1,
697,true,"תפו""א אדום ארוז","בכורי השדה צפון1994 ג.ד. בע""מ",,,"לק""ג",1,,true,1,4.90,4.90,false,1,
985,true,פטרוזליה ברכת קטיף,"בכורי השדה צפון1994 ג.ד. בע""מ",,,יח,1,,false,1,5.90,5.90,false,1,
1055,true,רגל בקר טרי מחפוד/עטרה.,באסם דבאח בעמ,,,"לק""ג",10,ל 100 גרם,true,1,41.90,4.19,false,1,
1111,true,מכולת,שונים,,,יח,1,,false,1,0.01,0.01,false,1,
1154,true,דג לברק פילה קפוא,אחים דובקין בעמ,,,יח,10,ל 100 גרם,false,1,79.90,7.99,false,1,
1157,true,דג פילה אמנון קפוא,אחים דובקין בעמ,,,יח,10,ל 100 גרם,false,1,49,4.90,false,1,
1164,true,דג לברק נקי פילה קפוא זוגות,אחים דובקין בעמ,,,יח,1,,false,1,79,79,false,1,
1579,true,סלרי ברכת קטיף,*22138,,,יח,1,,false,1,6.90,6.90,false,1,
1586,true,שמיר ב. קטיף,*22138,,,יח,1,,false,1,5.90,5.90,false,1,
1609,true,מנגולד גוש קטיף ירק הארץ היתר מכירה,*22138,,,יח,1,,false,1,7.90,7.90,false,1,
1687,true,שמיטה קולרבי,"בכורי השדה צפון1994 ג.ד. בע""מ",,,יח,1,,true,1,8.90,8.90,false,1,
1749,true,עוף טרי שלם,נטו מילנדה סחר בעמ*,,,"לק""ג",1,,true,1,19.90,19.90,true,1,
1755,true,כרעיים עוף טרי תפזורת רבנות,יהודה ניב,,,"לק""ג",1,,true,1,29.90,29.90,true,1,
1762,true,ירכיים עוף טרי.,נטו מילנדה סחר בעמ*,,,"לק""ג",10,ל 100 גרם,true,1,29.90,2.99,true,1,
1779,true,שוקיים עוף טרי,נטו מילנדה סחר בעמ*,,,"לק""ג",1,,true,1,31.90,31.90,true,1,
1786,true,שניצל רגיל,עוף עוז שיווק בעמ,,,"לק""ג",10,ל 100 גרם,true,1,39.90,3.99,true,1,
1793,true,כנפיים עוף טרי,יהודה ניב,,,"לק""ג",1,,true,1,14.90,14.90,true,1,
1809,true,כבד עוף לא מוכשר לצליה בלבד,נטו מילנדה סחר בעמ*,,,"לק""ג",1,,true,1,24.90,24.90,true,1,
1816,true,לב עוף לא מוכשר לצליה בלבד,נטו מילנדה סחר בעמ*,,,"לק""ג",1,,true,1,31.90,31.90,true,1,
1823,true,קורקבן עוף טרי,קורניש חן{1987} בעמ,,,"לק""ג",1,,true,1,11.90,11.90,false,1,
1830,true,שוארמה נקבה טרי,יהודה ניב,,,"לק""ג",10,ל 100 גרם,true,1,71.90,7.19,false,1,
1892,true,גרון הודו טרי,יהודה ניב,,,"לק""ג",10,ל 100 גרם,true,1,34.90,3.49,false,1,
1900,true,נתחי פילה עוף,נטו מילנדה סחר בעמ*,,,"לק""ג",1,,true,1,42.90,42.90,true,1,
1946,true,אשכים לא מוכשר,קורניש חן{1987} בעמ,,,"לק""ג",1,,true,1,179,179,false,1,
1953,true,טחול עוף טרי רבנות,נטו מילנדה סחר בעמ*,,,"לק""ג",1,,true,1,69.90,69.90,false,1,
1984,true,בשר טחון טרי ישראלי,שונים,,,"לק""ג",1,,true,1,59.90,59.90,false,1,
1991,true,חזה הודו,קורניש חן{1987} בעמ,,,"לק""ג",10,ל 100 גרם,true,1,32.90,3.29,false,1,
2000,true,כרעיים טרי ללא עור,מאסטרפוד בעמ,,,"לק""ג",1,,true,1,31.90,31.90,false,1,
2004,true,כתף טרי חלק מחפוד/עטרה,בקר תנובה -שותפות מוגבלת,,,"לק""ג",1,,true,1,74.90,74.90,false,1,
2010,true,כנפיים עוף חצוי טרי,מאסטרפוד בעמ,,,"לק""ג",1,,true,1,15.90,15.90,false,1,
2020,true,חזה עוף שלם,יהודה ניב,,,"לק""ג",10,ל 100 גרם,true,1,32.90,3.29,true,1,
2028,true,עוף טחון,שונים,,,"לק""ג",1,,true,1,34.90,34.90,false,1,
2059,true,בשרטחון מובחר חלק רבנות,בלדי בעמ,,,"לק""ג",1,,true,1,43.90,43.90,true,1,
2060,true,בשר טחון -מחפוד/עטרה,עוף ירושלים שיווק בעמ,,,"לק""ג",1,,true,1,44.90,44.90,false,1,
2066,true,בשר טחון טרי מחפוד פרמיום,נטו מלינדה סחר בעמ,,,"לק""ג",1,,true,1,49.90,49.90,false,1,
2226,true,פילה סלמון טרי מפולט נקי,מאסטרפוד בעמ,,,"לק""ג",1,,true,1,89.90,89.90,false,1,
2238,true,טונה לבנה פרוס,שונים,,,"לק""ג",10,ל 100 גרם,true,1,47.90,4.79,false,1,
2239,true,טונה אלבקור לבנה שלם,שונים,,,"לק""ג",10,יח,true,1,44.90,4.49,false,1,
2244,true,דג טונה צעירה שלם,שונים,,,"לק""ג",10,ל 100 גרם,true,1,42.90,4.29,false,1,
2245,true,דג טונה צעיר פרוס,שונים,,,"לק""ג",10,ל 100 גרם,true,1,44.90,4.49,false,1,
2372,true,ראש סלמון טרי,דגת הארץ אגודה שיתופית חקלאית,,,ל 100 גרם,1,,true,1,39,39,false,1,
2509,true,בשר ראש טרי מחפוד/עטרה,בקר תנובה -שותפות מוגבלת,,,"לק""ג",10,ל 100 גרם,true,1,69.90,6.99,false,1,
2523,true,שומןבקר טרי מחפוד,בקר תנובה -שותפות מוגבלת,,,"לק""ג",1,,true,1,22.90,22.90,false,1,
2524,true,עצמותבקר טרי מחפוד,בקר תנובה -שותפות מוגבלת,,,"לק""ג",10,ל 100 גרם,true,1,34.90,3.49,false,1,
2547,true,כבד בקר טרי מחופד עטרה,בקר תנובה -שותפות מוגבלת,,,"לק""ג",1,,true,1,29.90,29.90,false,1,
2553,true,שיפודי פרגיות טרי,שונים,,,"לק""ג",10,ל 100 גרם,true,1,69.90,6.99,false,1,
2561,true,לשון עגל טרימחפוד/עטרה,בקר תנובה -שותפות מוגבלת,,,"לק""ג",1,,true,1,56.90,56.90,false,1,
2579,true,שקדי בקר טרי,בקר תנובה -שותפות מוגבלת,,,"לק""ג",1,,true,1,164.90,164.90,false,1,
2585,true,צלעות טלה חלק קצביה,בקר תנובה -שותפות מוגבלת,,,"לק""ג",1,,true,1,180,180,false,1,
2592,true,צלעות טרי חלק מחפוד עטרה,עוף ירושלים שיווק בעמ,,,"לק""ג",1,,true,1,64.90,64.90,false,1,
2608,true,בשר צוואר טרי מוכשר מ/ע,נטו מלינדה סחר בעמ,,,"לק""ג",1,,true,1,56.90,56.90,true,1,
2610,true,בשר אוסובוקו טרי מחפוד עטרה,עוף ירושלים שיווק בעמ,,,"לק""ג",1,,true,1,69.90,69.90,false,1,
2663,true,חמוצים מיוחדים,אצלן מזור בעמ,,,ל 100 גרם,10,ל 100 גרם,true,1,45,4.50,false,1,
2699,true,פילה אמנון ללא עור. פס עור קפוא,שונים,,,"לק""ג",10,ל 100 גרם,true,1,34.90,3.49,false,1,
2700,true,פילה אמנון קפוא80%,שונים,,,"לק""ג",10,ל 100 גרם,true,1,29.90,2.99,true,1,
2749,true,שקית אל בד,שונים,,,יח,1,,false,1,1.90,1.90,false,1,
2806,true,צלי חלק מחפוד עטרה טרי,נטו מלינדה סחר בעמ,,,"לק""ג",1,,true,1,110,110,false,1,
2807,true,אסדו טרי חלק מ/ע עם עצם,בקר תנובה -שותפות מוגבלת,,,"לק""ג",1,,true,1,69.90,69.90,false,1,
2808,true,שריר בקר טרי חלק מחפוד עטרה,נטו מלינדה סחר בעמ,,,"לק""ג",1,,true,1,75.90,75.90,false,1,
2818,true,בשר לחמין אונטריפ טרי,קורקבדוס בית העוף והבשר,,,"לק""ג",1,,true,1,64.90,64.90,false,1,
2819,true,בשר פילה טרי 6 מדומה,עוף ירושלים שיווק בעמ,,,"לק""ג",1,,true,1,80,80,false,1,
2821,true,סטייק עצם טרי מחפוד /עטרה,בקר תנובה -שותפות מוגבלת,,,"לק""ג",10,ל 100 גרם,true,1,110,11,true,1,
2850,true,סטייק טרי אנטריקוט ארגנטינאי,נטו מלינדה סחר בעמ,,,"לק""ג",1,,true,1,190,190,false,1,
2860,true,שניצל עוף דק דק טרי,קורניש חן{1987} בעמ,,,"לק""ג",1,,true,1,44.90,44.90,true,1,
2862,true,קשתית אסדו טריע.מבלי עצם..,עוף ירושלים שיווק בעמ,,,"לק""ג",1,,true,1,75.90,75.90,false,1,
2875,true,כבש טרי חלק ע\מ,בקר תנובה -שותפות מוגבלת,,,"לק""ג",10,ל 100 גרם,true,1,110,11,false,1,
2876,true,צלעות טלה טרי,נטו מלינדה סחר בעמ,,,"לק""ג",1,,true,1,180,180,false,1,
2877,true,כתף כבש טרי חלק,נטו מלינדה סחר בעמ,,,"לק""ג",1,,true,1,110,110,false,1,
2878,true,צלעות טלה טרי חלק,נטו מלינדה סחר בעמ,,,"לק""ג",10,ל 100 גרם,true,1,180,18,false,1,
2879,true,צוואר כבש לבישול חלק,נטו מלינדה סחר בעמ,,,"לק""ג",1,,true,1,100,100,false,1,
2931,true,מעורב ירושלמי טרי,שונים,,,"לק""ג",1,,true,1,72.90,72.90,false,1,
3094,true,חזה בקר עם עצם מחפוד /עטרה,בקר תנובה -שותפות מוגבלת,,,"לק""ג",1,,true,1,39.90,39.90,true,1,
3115,true,גביע 115 היפרכהן לסלט,פאלאס תעשיות (פי.איי) בעמ,,,יח,1,,false,1,0.50,0.50,false,1,
3116,true,ג. 116 500 שקוף,פאלאס תעשיות (פי.איי) בעמ,,,יח,1,,false,1,0.60,0.60,false,1,
3118,true,גביע 118 גדול,פאלאס תעשיות (פי.איי) בעמ,,,יח,1,,false,1,0.80,0.80,false,1,
3193,true,זנב עגל טרי מחפוד עטרה,בקר תנובה -שותפות מוגבלת,,,"לק""ג",1,,true,1,59.90,59.90,false,1,
3635,true,בשר ראש חלק רבנות,נטו מילנדה סחר בעמ*,,,"לק""ג",10,ל 100 גרם,true,1,69.90,6.99,false,1,
3637,true,רבע כבש חלק קפוא,מאסטרפוד בעמ,,,"לק""ג",10,ל 100 גרם,true,1,89.90,8.99,false,1,
3644,true,חזה אווז קפוא,בלדי בעמ,,,"לק""ג",10,ל 100 גרם,true,1,189,18.90,false,1,
4505,true,.בשר מס` 5 קפוא חלק,שונים,,,"לק""ג",10,ל 100 גרם,true,1,64.90,6.49,false,1,
4508,true,בשר מס`8 חלק רבנות,שונים,,,"לק""ג",10,"לק""ג",true,1,33.90,3.39,false,1,
4902,true,טונה לבנה פרוסות רגילות,אחים דובקין בעמ,,,"לק""ג",10,ל 100 גרם,true,1,69,6.90,false,1,
4906,true,נסיכת הנילוס קפוא,אחים דובקין בעמ,,,"לק""ג",10,ל 100 גרם,true,1,72,7.20,false,1,
5904,true,מיקס דגים טחונים לקציצות,אחים דובקין בעמ,,,"לק""ג",10,ל 100 גרם,true,1,70,7,false,1,
6034,true,לחם פרינה קטן ש.,גיא שיווק טוב,,,יח,1,,false,1,5,5,false,1,
6500,true,בורקס/עוגיות-במשקל,ג`נרל מילס ישראל בעמ,,,"לק""ג",10,ל 100 גרם,true,1,44.90,4.49,false,1,
6514,true,חלה 3 צמות,בית מאפה ח. כהן חדש,,,יח,1,יח,false,1,8.50,8.50,true,1,
6515,true,חלה כפרית,ג`נרל מילס ישראל בעמ,,,יח,1,יח,false,1,11.90,11.90,false,1,
6567,true,לחמנית כוסמין,מאפית היפרכהן,,,יח,1,,false,1,3.50,3.50,true,1,
6680,true,מארז שלישיות פרינה,גיא שיווק טוב,,,יח,3,למארז,false,1,14.90,4.97,false,1,
7778,true,נסיעה במונית מוגבל ל1 שעה מקניה,מבצעים,,,יח,1,,false,1,20,20,false,1,
8440,true,מעורב ירושלמי טרי,אחים דובקין בעמ,,,"לק""ג",10,ל 100 גרם,true,1,75,7.50,false,1,
9019,true,אריסה ביתית,אחים אלעזרי בעמ,,,ל 100 גרם,10,ל 100 גרם,true,1,39.90,3.99,false,1,
9020,true,שום כתוש מחפוד,אחים אלעזרי בעמ,,,ל 100 גרם,10,ל 100 גרם,true,1,27.90,2.79,false,1,
9046,true,סחוג ירוק / אדום גל,אחים אלעזרי בעמ,,,"לק""ג",10,ל 100 גרם,true,1,25.90,2.59,false,1,
9500,true,דג דניס נקי טרי,מאסטרפוד בעמ,,,"לק""ג",1,,true,1,65,65,true,1,
9505,true,דג לברק י נקי טרי,מאסטרפוד בעמ,,,"לק""ג",1,,true,1,74.90,74.90,false,1,
9509,true,פילה דניס טרי,דגת הארץ אגודה שיתופית חקלאית,,,"לק""ג",1,,true,1,119,119,false,1,
21959,true,משטח,קלית סיטבון א.ס בעמ,,,יח,1,,false,1,17.55,17.55,false,1,
40301,true,גבינה עין גדי,תנובה -חלב,,,יח,1,,false,1,18.90,18.90,false,1,
40318,true,ברי גבינה,תנובה -חלב,,,יח,1,,false,1,17.90,17.90,false,1,
40974,true,חלב טרי דל לקטוז תנובה,תנובה -חלב,,,יח,10,ל 100 גרם,false,1,6.80,0.68,false,1,
45917,true,פרומעז גליל 200,תנובה -חלב,,,יח,1,,false,1,24.90,24.90,false,1,
46020,true,גלבוע גבינה חצי קשה 22% שומן{פ},תנובה -חלב,,,ל 100 גרם,10,ל 100 גרם,true,1,42.58,4.26,false,1,
46501,true,טל העמק 1000 קג,תנובה -חלב,,,ל 100 גרם,10,ל 100 גרם,true,1,54.90,5.49,false,1,
46563,true,פרמזן קולאז/,תנובה -חלב,,,ל 100 גרם,10,ל 100 גרם,true,1,109,10.90,false,1,
46662,true,סקנדינבית,תנובה -חלב,,,ל 100 גרם,10,ל 100 גרם,true,1,71.30,7.13,false,1,
47485,true,בולגרית 24%,תנובה -חלב,,,"לק""ג",10,ל 100 גרם,true,1,55.90,5.59,false,1,
51352,true,חלב של פעם 1 ליטר,תנובה -חלב,,,יח,1,לליטר,false,1,7.50,7.50,false,1,
51376,true,יופלה דיאט אננס ספורטיבי 0%,תנובה -חלב,,,יח,1.50,"ל 100 מ""ל",false,1,4.90,3.27,false,1,
52311,true,עמק פרוס בקופסא 15% שומן,תנובה -חלב,,,יח,2,ל 100 גרם,false,1,15.90,7.95,false,1,
52946,true,מאגדת יופלה 8 גביעים מעודן ק,תנובה -חלב,,,יח,12,ל 100 גרם,false,1,20.90,1.74,false,1,
55329,true,משקה בוקר תות מלון,תנובה -חלב,,,יח,2.50,"ל 100 מ""ל",false,1,5.30,2.12,false,1,
55336,true,"יופלה משקה יוגורט בננה אפרסק250מ""ל תנובה",תנובה -חלב,,,יח,2.50,"ל 100 מ""ל",false,1,5.30,2.12,false,1,
55343,true,משקה בוקר טרופי,תנובה -חלב,,,יח,2.50,"ל 100 מ""ל",false,1,5.30,2.12,false,1,
55502,true,פיקדון פלסטיק או פחית,שונים,,,יח,1,,false,1,0.30,0.30,false,1,
56081,true,מארז פרילי טבע 6 יח`,תנובה -חלב,,,יח,11.04,ל 100 גרם,false,1,22,1.99,false,1,
56760,true,"עמק 28% 400 גר` בד""צ",תנובה -חלב,,,יח,4,ל 100 גרם,false,1,26.90,6.73,false,1,
56845,true,חלב %3קרטון 1.5 ליטר,תנובה -חלב,,,יח,1.50,לליטר,false,1,9.34,6.23,false,1,
56883,true,מארז יופלה 8 יח`בטעמים ק,תנובה -חלב,,,יח,8,למארז,false,1,28.30,3.54,false,1,
56890,true,מאגדת יופלה 8 דיאט,תנובה -חלב,,,יח,1.20,לליטר,false,1,23.90,19.92,false,1,
56906,true,מארז יופלה 8 יח`,תנובה -חלב,,,יח,8,למארז,false,1,16.90,2.11,false,1,
56951,true,"שמנת לבישול 15% באריזת 500 מ""ל",תנובה -חלב,,,יח,5,"ל 100 מ""ל",false,1,15.90,3.18,false,1,
57132,true,יוגורט תנובה 1.5%,תנובה -חלב,,,יח,2,"ל 100 מ""ל",false,1,3.20,1.60,false,1,
57149,true,יוגורט תנובה 3%,תנובה -חלב,,,יח,2,"ל 100 מ""ל",false,1,3.20,1.60,false,1,
57552,true,יופלה בטעם ע. גבינה,תנובה -חלב,,,יח,1.50,"ל 100 מ""ל",false,1,4.90,3.27,false,1,
58030,true,יופלה שטוזים משקה יוגורט,תנובה -חלב,,,יח,8,ל 100 גרם,false,1,19.90,2.49,false,1,
58047,true,"שמנת מתוקה 38% 500 מ""ל",תנובה -חלב,,,יח,0.50,ל 100 גרם,false,1,12.90,25.80,false,1,
58979,true,גיל טעם תות,תנובה -חלב,,,יח,1.25,"ל 100 מ""ל",false,1,1.40,1.12,false,1,
61214,true,פתיתים קוסקוס עם בצל,קבוצת אוסם סחר שותפות מוגבלת,,,יח,5,ל 100 גרם,false,1,7.90,1.58,true,1,
69715,true,חטיפי קרקר מלוח,קבוצת אוסם סחר שותפות מוגבלת,,,יח,3,ל 100 גרם,false,1,10.90,3.63,false,1,
72067,true,במבה במילוי קרם חלבה,קבוצת אוסם סחר שותפות מוגבלת,,,יח,0.60,ל 100 גרם,false,1,4.90,8.17,true,1,
74481,true,לחמית אגוזים,קבוצת אוסם סחר שותפות מוגבלת,,,יח,1.60,ל 100 גרם,false,1,9.90,6.19,true,1,
75693,true,עוגת שמרים בריוש שוקולד,קבוצת אוסם סחר שותפות מוגבלת,,,יח,3.60,ל 100 גרם,false,1,14.90,4.14,false,1,
77253,true,לחמית כפרית ק,קבוצת אוסם סחר שותפות מוגבלת,,,יח,1.90,ל 100 גרם,false,1,9.90,5.21,true,1,
78762,true,חטיפי פריכונים טעם דבש,קבוצת אוסם סחר שותפות מוגבלת,,,יח,0.80,ל 100 גרם,false,1,7.90,9.88,false,1,
99917,true,ידיעות + כל הנגב.,ידיעות אחרונות בעמ,,,יח,1,,false,1,20,20,true,1,
99921,true,עיתון לאישה.,ידיעות אחרונות בעמ,,,יח,1,,false,1,21.90,21.90,false,1,
100735,true,גבינת שמנת 5% טבעי משקל,בר בכפר בעמ,,,ל 100 גרם,10,ל 100 גרם,true,1,25.90,2.59,false,1,
103525,true,גזר גמדי - שמיטה,תנובה ענף ב.ע.ד,,,יח,7,ל 100 גרם,false,1,16.90,2.41,false,1,
111384,true,TELMA 12 X 550 ARMY,"יוניליוור ישראלשיווק בע""מ",,,יח,5.50,ל 100 גרם,false,6,7.90,1.44,false,1,
144160,true,"שמן זית מודגש 750 מ""ל עץ הזית*",סוגת תעשיות בעמ,,,יח,7.50,"ל 100 מ""ל",false,1,29.90,3.99,false,1,
155502,true,זיכוי פיקדון פלסטיק או פחית,שונים,,,יח,1,,false,1,0.30,0.30,false,1,
168173,true,TELMA CRUNCHIM BADATZ 6X375GR,"יוניליוור ישראלשיווק בע""מ",,,יח,3.75,ל 100 גרם,false,6,19.90,5.31,false,1,
188355,true,מג ניקול לבנה 1/6 (ג),קימברלי קלארק ישראל שיווק בעמ,,,יח,1,,false,1,12.90,12.90,false,1,
188386,true,מג ניקול לבנה 1/12,קימברלי קלארק ישראל שיווק בעמ,,,יח,12,"ל 100 מ""ל",false,1,21.90,1.83,false,1,
188553,true,מגני תחתון קוטקס סליק נורמל ק,קימברלי קלארק ישראל שיווק בעמ,,,יח,1,,false,1,18.90,18.90,false,1,
188591,true,מגני תחתון קוטקס סליק יאנג,קימברלי קלארק ישראל שיווק בעמ,,,יח,1,,false,1,18.90,18.90,false,1,
191652,true,קליניקס ניילון X3,קימברלי קלארק ישראל שיווק בעמ,,,יח,1,,false,1,13.90,13.90,false,1,
193014,true,מגן תחתון אינטרו ק,קימברלי קלארק ישראל שיווק בעמ,,,יח,1,,false,1,9.90,9.90,false,1,
193083,true,נובה לי 28 אריזת ג מבו,קימברלי קלארק ישראל שיווק בעמ,,,יח,1,,false,1,9.90,9.90,false,1,
193205,true,תחבושת לילי נטורל נייט ק,קימברלי קלארק ישראל שיווק בעמ,,,יח,1,,false,1,16.90,16.90,false,1,
193540,true,לילי אינטימייט לונג,קימברלי קלארק ישראל שיווק בעמ,,,יח,1,,false,1,16.90,16.90,false,1,
193649,true,תח לילי אינטימט,קימברלי קלארק ישראל שיווק בעמ,,,יח,1,,false,1,16.90,16.90,false,1,
193656,true,תח לילי איטימיי,קימברלי קלארק ישראל שיווק בעמ,,,יח,1,,false,1,16.90,16.90,false,1,
195537,true,מגבוני האגיס רבעיה,קימברלי קלארק ישראל שיווק בעמ,,,יח,1,,false,1,19.90,19.90,false,1,
196763,true,שקיות החזקה 40 יח`,קימברלי קלארק ישראל שיווק בעמ,,,יח,1,,false,1,24.90,24.90,false,1,
197326,true,זוג רדיד אלומניום ק,קימברלי קלארק ישראל שיווק בעמ,,,יח,1,,false,1,10.90,10.90,false,1,
197340,true,רדיד אלומניום זוג,קימברלי קלארק ישראל שיווק בעמ,,,יח,1,,false,1,19.90,19.90,false,1,
197654,true,שק אשפה ניקול אריזת ענק,קימברלי קלארק ישראל שיווק בעמ,,,יח,1,,false,1,24.90,24.90,false,1,
197753,true,ניילונית אנטיבקטריאלית,קימברלי קלארק ישראל שיווק בעמ,,,יח,1,,false,1,10.90,10.90,false,1,
199313,true,תחבושת קוטקס יאנג,קימברלי קלארק ישראל שיווק בעמ,,,יח,1,,false,1,17.90,17.90,false,1,
204086,true,סקוטש 2+1 רגיל,קימברלי קלארק ישראל שיווק בעמ,,,יח,1,,false,1,12.90,12.90,false,1,
205762,true,האגיס אקסטרא קר מידה 3,קימברלי קלארק ישראל שיווק בעמ,,,יח,1,,false,1,54.90,54.90,false,1,
205915,true,האגיס אקסטרא קר,קימברלי קלארק ישראל שיווק בעמ,,,יח,1,,false,1,54.90,54.90,false,1,
209913,true,עגב קוביות 240 גר,זנלכל בעמ,,,יח,2.40,ל 100 גרם,false,1,5.50,2.29,false,1,
209944,true,שקשוקה 240 גר,זנלכל בעמ,,,יח,2.40,ל 100 גרם,false,1,5.50,2.29,false,1,
209951,true,רוטב פיצה 240 גר,זנלכל בעמ,,,יח,2.40,ל 100 גרם,false,1,5.50,2.29,false,1,
220488,true,סטייק עין עטרה מיושן קפוא,נטו מלינדה סחר בעמ,,,"לק""ג",10,ל 100 גרם,true,1,64.90,6.49,false,1,
227880,true,גבינה מוצרלה,נטו מילנדה סחר בעמ*,,,"לק""ג",1,ל 100 גרם,true,1,34.90,34.90,false,1,
243566,true,"שמן קנולה בריאות 750 מ""ל",סוגת תעשיות בעמ,,,יח,7.50,"ל 100 מ""ל",false,1,11.80,1.57,true,1,
263359,true,האגיס חיתולי כותנה NB1,קימברלי קלארק ישראל שיווק בעמ,,,יח,1,,false,1,34.90,34.90,false,1,
264752,true,זוג רדיד אלומניום ק,קימברלי קלארק ישראל שיווק בעמ,,,יח,1,,false,1,10.90,10.90,false,1,
286228,true,סנו סושי שישיה. ק,החברה הדרומית לשיווק בעמ,,,יח,1,,false,1,10.90,10.90,false,1,
286761,true,פלסטיק נצמד צמד ק,החברה הדרומית לשיווק בעמ,,,יח,1,,false,1,10.90,10.90,false,1,
289472,true,שקיות סושי 76X90,החברה הדרומית לשיווק בעמ,,,יח,1,,false,1,18.90,18.90,false,1,
290290,true,נקניקיות מני מרגז גוליה,ג`וליה מעדני בשר בעמ,,,"לק""ג",10,ל 100 גרם,true,1,58.90,5.89,false,1,
295121,true,מטלית זיזג בשליש,החברה הדרומית לשיווק בעמ,,,יח,1,,false,1,9.90,9.90,false,1,
295404,true,שקיות אשפה 60 יח. סנו,החברה הדרומית לשיווק בעמ,,,יח,1,,false,1,19.90,19.90,false,1,
295503,true,שקיות אוכל נשלפות 300 ק,החברה הדרומית לשיווק בעמ,,,יח,1,,false,1,14.90,14.90,false,1,
295558,true,צמד רדיד אלומניו,החברה הדרומית לשיווק בעמ,,,יח,1,,false,1,10.90,10.90,false,1,
295565,true,צמד רדיד אלומניו,החברה הדרומית לשיווק בעמ,,,יח,1,,false,1,16.90,16.90,false,1,
295794,true,סנו ספוגית אל חל,החברה הדרומית לשיווק בעמ,,,יח,1,,false,1,10.90,10.90,false,1,
311753,true,עוגיות חיטה מלאה בטעם חלבה 250 גר`מן*,רוקחמן בעמ,,,יח,2.50,ל 100 גרם,false,1,6.90,2.76,false,1,
311845,true,granola chocolate cookies,רוקחמן בעמ,,,יח,3,ל 100 גרם,false,1,8.90,2.97,false,1,
311876,true,no sugar wafers,רוקחמן בעמ,,,יח,1.80,ל 100 גרם,false,1,6.90,3.83,false,1,
311883,true,granola chocolate cookies,רוקחמן בעמ,,,יח,3,ל 100 גרם,false,1,8.90,2.97,false,1,
318767,true,חזה בקר 3 אשפר,ישראל פלדמן ייצור ושיווק,,,"לק""ג",10,ל 100 גרם,true,1,32.90,3.29,false,1,
318781,true,בשר מס 4 חלק אשפר,ישראל פלדמן ייצור ושיווק,,,"לק""ג",10,ל 100 גרם,true,1,36.90,3.69,false,1,
318880,true,קשתית אסדו אשפר,ישראל פלדמן ייצור ושיווק,,,"לק""ג",10,ל 100 גרם,true,1,59.90,5.99,false,1,
345435,true,פילה מרלוזה ארגנטינאית דלידג,נטו מילנדה סחר בעמ*,,,"לק""ג",10,ל 100 גרם,true,1,32.90,3.29,false,1,
364261,true,סלסולי כתף בקר 120 גר`,תנובה ענף ב.ע.ד,,,יח,1.20,ל 100 גרם,false,1,13.90,11.58,false,1,
364292,true,סלסולי פסטרמה הודו 120 גר`על גחלים,תנובה ענף ב.ע.ד,,,יח,1.20,ל 100 גרם,false,1,13.90,11.58,false,1,
369341,true,לאבנה אבו גוש,גבינות עמיר ניצן בעמ,,,ל 100 גרם,10,ל 100 גרם,true,1,45,4.50,false,1,
379647,true,חלה אנג`ל מרובעת,שלמה א.אנג ל בעמ,,,יח,5,ל 100 גרם,false,1,6.70,1.34,false,1,
385738,true,מנצגו משולש א.ח נוכרי,מחלבות גד שיווק 1992 בעמ,,,ל 100 גרם,10,ל 100 גרם,true,1,146.20,14.62,false,1,
385745,true,פוקורינו משולש א.ח נוכרי,מחלבות גד שיווק 1992 בעמ,,,ל 100 גרם,10,ל 100 גרם,true,1,146.20,14.62,false,1,
395408,true,גבינת נועם 28%.,החברה המרכזית טלהפצת משקאות בע,,,ל 100 גרם,10,ל 100 גרם,true,1,44.79,4.48,false,1,
395422,true,גבינה חריץ 22%,החברה המרכזית טלהפצת משקאות בע,,,"לק""ג",10,ל 100 גרם,true,1,42.58,4.26,false,1,
416861,true,Spread cream 500 dairy premium-Hshachar,השחר העולה בעמ,,,יח,5,ל 100 גרם,false,1,21.90,4.38,false,1,
418131,true,טמפד סופר בודד,שקד תבל בעמ,,,יח,1,,false,1,5.90,5.90,false,1,
418155,true,טמפד סופר פלוס,שקד תבל בעמ,,,יח,1,,false,1,5.90,5.90,false,1,
419374,true,קפה לנדור מארז שלישה טחון טורקי,ש.שסטוביץ בעמ,,,יח,3,למארז,false,1,18.90,6.30,false,1,
430102,true,אייס קוביות קרח.,אייס קיובס בעמ,,,יח,1,יח,false,1,8.90,8.90,false,1,
446752,true,ממרח שומשום טעם חלבה 350ג B D,בטר אנד דיפרנט בעמ,,,יח,3.50,ל 100 גרם,false,1,13.50,3.86,false,1,
462141,true,הריסא זהבי 150,שטראוס גרופ בעמ (ח),,,יח,1,,false,1,8.90,8.90,false,1,
472542,true,"עמק חריץ (28% פ) בד""ץ",תנובה -חלב,,,"לק""ג",10,ל 100 גרם,true,1,44.79,4.48,false,1,
480332,true,גאודה בקר משולש גד מעדניה,מחלבות גד שיווק 1992 בעמ,,,ל 100 גרם,10,ל 100 גרם,true,1,110,11,false,1,
480349,true,גאודה עיזים משולש מעדניה,מחלבות גד שיווק 1992 בעמ,,,ל 100 גרם,10,ל 100 גרם,true,1,129.90,12.99,false,1,
481531,true,10 לחמניות אצבע חיטה מלא,דגנית עין בר תעשיות,,,יח,5,ל 100 גרם,false,1,12.90,2.58,false,1,
481883,true,10 לחמניות אצבע,דגנית עין בר תעשיות,,,יח,5,ל 100 גרם,false,1,12.90,2.58,false,1,
484716,true,"ארק עלית אלוף 700 מ""ל 50% יקב הגליל",יקב הגליל שיווק בעמ,,,יח,7,"ל 100 מ""ל",false,1,74.90,10.66,false,1,
509910,true,פיתה רגיל,גיא שיווק טוב,,,יח,1,,false,1,1.60,1.60,false,1,
509940,true,פרינה,שונים,,,יח,1,,false,1,7.90,7.90,false,1,
515106,true,"סולת ב""ש 1 ק""ג *",טחנות קמח שטיבל בש בעמ,,,יח,10,ל 100 גרם,false,1,5.50,0.55,true,1,
523804,true,"מלח ים עדין 1 ק""ג צנצנת סוגת*",סוגת תעשיות בעמ,,,יח,10,ל 100 גרם,false,1,7.90,0.79,false,1,
536743,true,קריספי סטיקס תירס זוגלובק 500 גרם,זוגלובק שיווק בעמ,,,יח,5,ל 100 גרם,false,1,19.90,3.98,true,1,
551746,true,צוואר בקר מס 10,נטו מלינדה סחר בעמ,,,"לק""ג",1,,true,1,34.90,34.90,false,1,
553504,true,סטייק עיין חלק קפוא.,נטו מילנדה סחר בעמ*,,,"לק""ג",10,ל 100 גרם,true,1,64.90,6.49,true,1,
554006,true,קאשקאבלו,מחלבות גד שיווק 1992 בעמ,,,יח,10,ל 100 גרם,true,1,118,11.80,false,1,
554532,true,צפתית עם מי מלח,מחלבות גד שיווק 1992 בעמ,,,יח,1,,false,1,13.90,13.90,false,1,
554754,true,מוצרלה כדורים מעדניה,מחלבות גד שיווק 1992 בעמ,,,ל 100 גרם,10,ל 100 גרם,true,1,87.14,8.71,false,1,
554815,true,מוצרלה גד נקניק טבעי א.ח נוכרי,מחלבות גד שיווק 1992 בעמ,,,ל 100 גרם,10,ל 100 גרם,true,1,77.90,7.79,false,1,
554891,true,בולגרית 5% ב.ד.צ,מחלבות גד שיווק 1992 בעמ,,,ל 100 גרם,10,ל 100 גרם,true,1,49.90,4.99,false,1,
555501,true,חיוב בקבוק בירה חוזר,טמפו משקאות בעמ,,,יח,1,,false,1,1.20,1.20,false,1,
555502,true,חיוב פיקדון פלסטיק או פחית,שונים,,,יח,1,,false,1,0.30,0.30,false,1,
555503,true,פיקדון שש בק ק,שונים,,,יח,1,,false,1,1.80,1.80,false,1,
555504,true,פיקדון רבעיה,שונים,,,יח,1,,false,1,1.20,1.20,false,1,
555514,true,פיקדון מיכל סודה 60 ליטר,שונים,,,יח,1,,false,1,55,55,false,1,
555519,true,חיוב פיקדון 12 יח`,טמפו משקאות בעמ,,,יח,1,,false,1,3.60,3.60,false,1,
555543,true,חיוב ארגז בירה חוזר,טמפו משקאות בעמ,,,יח,1,,false,1,23.40,23.40,false,1,
559907,true,פיצה משפחתית 100% גבינה 550 גרם מעדנות,תנובה ענף ב.ע.ד,,,ל 100 גרם,5,ל 100 גרם,false,1,24.90,4.98,false,1,
559914,true,פיצה משפחתית זיתים 550 גרם מעדנות,תנובה ענף ב.ע.ד,,,ל 100 גרם,5.50,ל 100 גרם,false,1,24.90,4.53,false,1,
574028,true,לחם שחור מועשר +750,דגנית עין בר תעשיות,,,יח,7.50,ל 100 גרם,false,1,7.90,1.05,false,1,
574035,true,אחיד פרוס עין בר 750,דגנית עין בר תעשיות,,,יח,7.50,ל 100 גרם,false,1,5.90,0.79,false,1,
574141,true,לחם חיטה מלאה 750 גר ק,דגנית עין בר תעשיות,,,יח,7.50,ל 100 גרם,false,1,13.90,1.85,false,1,
574172,true,"קל מחיטה מלאה דגנית,",דגנית עין בר תעשיות,,,יח,1,,false,1,14.90,14.90,false,1,
574257,true,לחם אחיד פרוס קל 750 גר,דגנית עין בר תעשיות,,,יח,7.50,ל 100 גרם,false,1,14.90,1.99,false,1,
574370,true,לחם שיפון 750 גר,דגנית עין בר תעשיות,,,יח,7.50,ל 100 גרם,false,1,14.90,1.99,false,1,
574455,true,לחם חיטה מלאה+כוסמין,דגנית עין בר תעשיות,,,יח,7.50,ל 100 גרם,false,1,14.90,1.99,false,1,
612605,true,סטייק עין אנטריקוט טרי עטרה,נטו מלינדה סחר בעמ,,,"לק""ג",1,,true,1,140,140,false,1,
631424,true,פרגיות עוף טרי,נטו מילנדה סחר בעמ*,,,"לק""ג",1,,true,1,69.90,69.90,true,1,
632209,true,חזה עוף עטרה,נטו מלינדה סחר בעמ,,,"לק""ג",10,ל 100 גרם,true,1,31.90,3.19,false,1,
632322,true,שניצל עוף חלק טרי מחפוד,נטו מלינדה סחר בעמ,,,"לק""ג",1,,true,1,44.90,44.90,true,1,
644783,true,מנות סלמון ממותג-תנובה,תנובה ענף ב.ע.ד,,,"לק""ג",10,ל 100 גרם,true,1,89.90,8.99,false,1,
659312,true,פילה סלומון תנובה,תנובה ענף ב.ע.ד,,,"לק""ג",10,ל 100 גרם,true,1,74.90,7.49,false,1,
666601,true,חיוב פיקדון פלסטיק 1.5,שונים,,,יח,1,,false,1,0.30,0.30,false,1,
666604,true,חיוב פיקדון פלסטיק 1.5 רבעיה,שונים,,,יח,1,,false,1,1.20,1.20,false,1,
666606,true,חיוב פיקדון פלסטיק 1.5 שישיה,שונים,,,יח,1,,false,1,1.80,1.80,false,1,
682532,true,אטריות סבתא דקיקות 400ג *,שיבולים בני דרום אגשח בעמ,,,יח,4,ל 100 גרם,false,1,4.90,1.23,false,1,
685242,true,במבה מתוקה על סרט,קבוצת אוסם סחר שותפות מוגבלת,,,יח,0.30,ל 100 גרם,false,1,2.70,9,false,1,
728364,true,טומהוק סטייק עגלה טרי מחפוד פרימי,בקר תנובה -שותפות מוגבלת,,,"לק""ג",1,,true,1,169,169,false,1,
728371,true,שורט ריבס עגלה טרי פרימיום,בקר תנובה -שותפות מוגבלת,,,"לק""ג",1,,true,1,64.90,64.90,false,1,
728449,true,פיקניה ב עגלה טרי מחפוד פרימיום,בקר תנובה -שותפות מוגבלת,,,"לק""ג",1,,true,1,165,165,false,1,
728562,true,אונטריב עגלה מחפוד טרי פרימיום,בקר תנובה -שותפות מוגבלת,,,"לק""ג",1,,true,1,78.90,78.90,false,1,
728685,true,אנטריקוט עגלה טרי מחפוד פרימיום,בקר תנובה -שותפות מוגבלת,,,"לק""ג",1,,true,1,210,210,false,1,
728722,true,סירולוין סינטה עגלה טרי מחפוד פרימיו,בקר תנובה -שותפות מוגבלת,,,"לק""ג",1,,true,1,165,165,false,1,
859048,true,שריר הזרוע מס`8 קפוא הרב בעדני,בלדי בעמ,,,"לק""ג",1,"לק""ג",true,1,43.90,43.90,false,1,
913551,true,פסטרמה כפרית 400,תנובה ענף ב.ע.ד,,,יח,1,,false,1,22.90,22.90,false,1,
1121054,true,צמד חמד יחיעם,מעדני יחיעם (1993) בעמ,,,יח,8.50,ל 100 גרם,false,1,24.90,2.93,false,1,
1121238,true,נקניק קורנדביף,מעדני יחיעם (1993) בעמ,,,יח,1.80,ל 100 גרם,false,1,26.90,14.94,false,1,
1121795,true,נקנקיות חריפות 400 גר,מעדני יחיעם (1993) בעמ,,,יח,4,ל 100 גרם,false,1,10.90,2.73,false,1,
1121849,true,פסטרמה הודו 100% חומרים טבעים,מעדני יחיעם (1993) בעמ,,,ל 100 גרם,1,,false,1,24.90,24.90,false,1,
1121931,true,קבנוס מקסיקני דק דק 125 גר`,מעדני יחיעם (1993) בעמ,,,יח,1.25,ל 100 גרם,false,1,14.90,11.92,true,1,
1133484,true,פילה סלומון בלדי,בלדי בעמ,,,"לק""ג",10,ל 100 גרם,true,1,79.90,7.99,false,1,
1209103,true,עוף טחון עטרה 500 גרם,נטו מלינדה סחר בעמ,,,יח,1,,false,1,11.90,11.90,false,1,
1209189,true,נקניקיות עוף חריפות עטרה 400 גרם,נטו מלינדה סחר בעמ,,,יח,5,ל 100 גרם,false,1,10.90,2.18,true,1,
1209356,true,כרעיים עוף טרי עטרה,נטו מלינדה סחר בעמ,,,"לק""ג",1,,true,1,32.90,32.90,true,1,
1209363,true,שניצל עוף טרי עטרה,נטו מלינדה סחר בעמ,,,"לק""ג",10,"לק""ג",true,1,38.90,3.89,false,1,
1209370,true,ירכיים עוף טרי עטרה,נטו מלינדה סחר בעמ,,,ל 100 גרם,1,,true,1,32.90,32.90,false,1,
1209387,true,שוקיים עוף טרי עטרה,נטו מלינדה סחר בעמ,,,ל 100 גרם,1,,true,1,34.90,34.90,false,1,
1209783,true,*סטייק מיושן עטרה/מחפוד,נטו מלינדה סחר בעמ,,,"לק""ג",1,,true,1,99,99,false,1,
1216057,true,"טחינה 1 ק""ג אל ארז*",סוגת תעשיות בעמ,,,יח,1,"לק""ג",false,1,28.90,28.90,false,1,
1216231,true,טחינה מלאה 500ג אל ארז*,סוגת תעשיות בעמ,,,יח,5,ל 100 גרם,false,1,16.90,3.38,false,1,
1314600,true,Poppy stuffing 400 grm - Maimon`s,א.ל ייצור ושיווק תבלינים בעמ,,,יח,4,ל 100 גרם,false,1,15.90,3.98,true,1,
1335086,true,רגל פרוס הקצבים,נתח אדום עוזי ביטון ובניו בעמ,,,"לק""ג",10,ל 100 גרם,true,1,34.90,3.49,false,1,
1335581,true,"שקדי עגל לבישולארוז בד""ץ",נתח אדום עוזי ביטון ובניו בעמ,,,"לק""ג",10,ל 100 גרם,true,1,94.90,9.49,false,1,
1461105,true,לחם מחמצת לבן ג`נרל,ג`נרל מילס ישראל בעמ,,,יח,1,,false,1,17.90,17.90,false,1,
1461112,true,לחם מחמצת דגנים,ג`נרל מילס ישראל בעמ,,,יח,8,ל 100 גרם,false,1,17.90,2.24,false,1,
1468463,true,ספוג לפנים,נאמן לאורך זמן בעמ,,,יח,1,,false,1,13.90,13.90,false,1,
1476208,true,גבינת ברי פקאן נחשון א.ח נוכרי,מחלבות גד שיווק 1992 בעמ,,,ל 100 גרם,10,ל 100 גרם,true,1,128,12.80,false,1,
1482049,true,הבולגריה בקוביות חתם סופר,ג.וילי פוד בעמ,,,ל 100 גרם,10,ל 100 גרם,true,1,74.90,7.49,false,1,
1552025,true,קוסקוס מוכן של אמא מטעמי פאר 800 גרם,מטעמי פאר,,,יח,8,ל 100 גרם,false,1,15.90,1.99,false,1,
1552049,true,קוסקוס מרוקאי סולטנה 800 גרם,מטעמי פאר,,,ל 100 גרם,8,ל 100 גרם,false,1,15.90,1.99,false,1,
1555501,true,בקבוק בירה ק(זיכוי),טמפו משקאות בעמ,,,יח,1,,false,1,1.20,1.20,false,1,
1555502,true,פלס או פחית ק(זיכוי ),שונים,,,יח,1,,false,1,0.30,0.30,false,1,
1594155,true,"קוקה קולה 500 ח""פ",החברה המרכזית להפצת משקאות בע,,,יח,5,"ל 100 מ""ל",false,1,7.90,1.52,false,1,
1594179,true,פאנטה אורנג חצי ליטר,החברה המרכזית להפצת משקאות בע,,,יח,5,"ל 100 מ""ל",false,1,7.90,1.52,false,1,
1594230,true,קינלי סודה קלאסי 250,החברה המרכזית להפצת משקאות בע,,,יח,2.50,"ל 100 מ""ל",false,1,3.60,1.32,true,1,
1594377,true,פריגת תפוזים 500,החברה המרכזית להפצת משקאות בע,,,יח,5,"ל 100 מ""ל",false,1,7.90,1.52,true,1,
1594384,true,פריגת אשכוליות 500,החברה המרכזית להפצת משקאות בע,,,יח,5,"ל 100 מ""ל",false,1,7.90,1.52,true,1,
1594858,true,טורבוג 6בק 330,החברה המרכזית להפצת משקאות בע,,,יח,15,"ל 100 מ""ל",false,1,34.90,2.21,true,1,
1594865,true,"קרלסברג שישייה 330 מ""ל",החברה המרכזית להפצת משקאות בע,,,יח,1.98,לליטר,false,1,34.90,16.72,true,1,
1619001,true,פפריקה מתוקה,נפטון מוצרי מזון 1990 בעמ,,,ל 100 גרם,10,ל 100 גרם,true,1,35,3.50,false,1,
1619018,true,פפריקה חריפה,נפטון מוצרי מזון 1990 בעמ,,,"לק""ג",10,ל 100 גרם,true,1,33,3.30,false,1,
1619025,true,פפריקה גרוסה,נפטון מוצרי מזון 1990 בעמ,,,"לק""ג",10,ל 100 גרם,true,1,35,3.50,false,1,
1619032,true,מקלות קינמון,נפטון מוצרי מזון 1990 בעמ,,,"לק""ג",10,ל 100 גרם,true,1,59,5.90,false,1,
1619049,true,חילבה גרוס,נפטון מוצרי מזון 1990 בעמ,,,"לק""ג",10,ל 100 גרם,true,1,25,2.50,false,1,
1619056,true,כמון טחון,נפטון מוצרי מזון 1990 בעמ,,,ל 100 גרם,10,ל 100 גרם,true,1,49,4.90,false,1,
1619070,true,כורכום טחון,נפטון מוצרי מזון 1990 בעמ,,,ל 100 גרם,10,ל 100 גרם,true,1,49,4.90,false,1,
1619094,true,אבקת שום,נפטון מוצרי מזון 1990 בעמ,,,"לק""ג",10,ל 100 גרם,true,1,69,6.90,false,1,
1619100,true,קימל טחון,נפטון מוצרי מזון 1990 בעמ,,,"לק""ג",10,ל 100 גרם,true,1,59,5.90,false,1,
1619117,true,טימין,נפטון מוצרי מזון 1990 בעמ,,,"לק""ג",10,ל 100 גרם,true,1,79,7.90,false,1,
1619148,true,פלפל אנגלי שלם,נפטון מוצרי מזון 1990 בעמ,,,"לק""ג",10,ל 100 גרם,true,1,69,6.90,false,1,
1619179,true,תבלין לעוף,נפטון מוצרי מזון 1990 בעמ,,,"לק""ג",10,ל 100 גרם,true,1,59,5.90,false,1,
1619186,true,תבלין/גריל לדגים,נפטון מוצרי מזון 1990 בעמ,,,"לק""ג",10,ל 100 גרם,true,1,59,5.90,false,1,
1619193,true,חוויג למרק/אפיה,נפטון מוצרי מזון 1990 בעמ,,,"לק""ג",10,ל 100 גרם,true,1,59,5.90,false,1,
1619209,true,קארי,נפטון מוצרי מזון 1990 בעמ,,,"לק""ג",10,ל 100 גרם,true,1,59,5.90,false,1,
1619216,true,זנגביל טחון/גרוס,נפטון מוצרי מזון 1990 בעמ,,,"לק""ג",10,ל 100 גרם,true,1,59,5.90,false,1,
1619247,true,שטה שלם,נפטון מוצרי מזון 1990 בעמ,,,"לק""ג",10,ל 100 גרם,true,1,45,4.50,false,1,
1619254,true,מלח לימון,נפטון מוצרי מזון 1990 בעמ,,,"לק""ג",10,ל 100 גרם,true,1,29,2.90,false,1,
1619261,true,פלפל לבן שלם/טחון,נפטון מוצרי מזון 1990 בעמ,,,"לק""ג",10,ל 100 גרם,true,1,119,11.90,false,1,
1619285,true,אגוז מוסקט טחון,נפטון מוצרי מזון 1990 בעמ,,,"לק""ג",10,ל 100 גרם,true,1,149,14.90,false,1,
1619292,true,מסלת בשר,נפטון מוצרי מזון 1990 בעמ,,,"לק""ג",10,ל 100 גרם,true,1,69,6.90,false,1,
1619308,true,פלפל שחור טחון,נפטון מוצרי מזון 1990 בעמ,,,"לק""ג",10,ל 100 גרם,true,1,69,6.90,false,1,
1619315,true,פלפל שחור גרוס,נפטון מוצרי מזון 1990 בעמ,,,"לק""ג",10,ל 100 גרם,true,1,69,6.90,false,1,
1619322,true,תבלין לקציצות,נפטון מוצרי מזון 1990 בעמ,,,"לק""ג",10,ל 100 גרם,true,1,69,6.90,false,1,
1619346,true,אורגנו,נפטון מוצרי מזון 1990 בעמ,,,"לק""ג",10,ל 100 גרם,true,1,59,5.90,false,1,
1619353,true,עלי דפנה,נפטון מוצרי מזון 1990 בעמ,,,"לק""ג",10,ל 100 גרם,true,1,69,6.90,false,1,
1619377,true,סודה לשתיה,נפטון מוצרי מזון 1990 בעמ,,,"לק""ג",10,ל 100 גרם,true,1,11.90,1.19,false,1,
1619391,true,הל טחון,נפטון מוצרי מזון 1990 בעמ,,,"לק""ג",10,ל 100 גרם,true,1,239,23.90,false,1,
1619414,true,בזיליקום,נפטון מוצרי מזון 1990 בעמ,,,"לק""ג",10,ל 100 גרם,true,1,69,6.90,false,1,
1619421,true,שום גבישי,נפטון מוצרי מזון 1990 בעמ,,,"לק""ג",10,ל 100 גרם,true,1,79,7.90,false,1,
1619452,true,בהרט,נפטון מוצרי מזון 1990 בעמ,,,"לק""ג",10,ל 100 גרם,true,1,69,6.90,false,1,
1619506,true,סומק,נפטון מוצרי מזון 1990 בעמ,,,"לק""ג",10,ל 100 גרם,true,1,59,5.90,false,1,
1619537,true,שומר בשבש טחון,נפטון מוצרי מזון 1990 בעמ,,,"לק""ג",10,ל 100 גרם,true,1,49,4.90,false,1,
1619551,true,שמיר,נפטון מוצרי מזון 1990 בעמ,,,"לק""ג",10,ל 100 גרם,true,1,89,8.90,false,1,
1619582,true,חרדל צהוב/שחור,נפטון מוצרי מזון 1990 בעמ,,,"לק""ג",10,ל 100 גרם,true,1,49,4.90,false,1,
1619599,true,תבלין על האש,נפטון מוצרי מזון 1990 בעמ,,,"לק""ג",10,ל 100 גרם,true,1,69,6.90,false,1,
1619605,true,תבלין לפיצה,נפטון מוצרי מזון 1990 בעמ,,,"לק""ג",10,ל 100 גרם,true,1,59,5.90,false,1,
1619667,true,זעתר ושומשום,נפטון מוצרי מזון 1990 בעמ,,,"לק""ג",10,ל 100 גרם,true,1,59,5.90,false,1,
1619681,true,תבלין לשוארמה,נפטון מוצרי מזון 1990 בעמ,,,"לק""ג",10,ל 100 גרם,true,1,69,6.90,false,1,
1619704,true,גרעיני פשתן,נפטון מוצרי מזון 1990 בעמ,,,"לק""ג",10,ל 100 גרם,true,1,17,1.70,false,1,
1619742,true,מרק עוף משקל,נפטון מוצרי מזון 1990 בעמ,,,"לק""ג",10,ל 100 גרם,true,1,17,1.70,false,1,
1619827,true,מקלות וניל,נפטון מוצרי מזון 1990 בעמ,,,יח,10,ל 100 גרם,false,1,12,1.20,false,1,
1619926,true,בונדוק מסוכר,קליית חממה א.י 2011 בעמ,,,"לק""ג",10,ל 100 גרם,true,1,119,11.90,false,1,
1620007,true,שקד טחון,שקרצי בעמ,,,"לק""ג",10,"ל 100 ס""מ",true,1,79,7.90,false,1,
1620021,true,קוסקוס בינוני,סיגמה גריינס אחזקות 2008 בעמ,,,"לק""ג",10,ל 100 גרם,true,1,11.90,1.19,false,1,
1620038,true,לימון פרסי כהה,נפטון מוצרי מזון 1990 בעמ,,,"לק""ג",10,ל 100 גרם,true,1,89,8.90,false,1,
1620052,true,"צימוק לבן ג`מבו תפז 13.6 ק""ג*",שושן (פירות)יבשים בעמ,,,"לק""ג",10,ל 100 גרם,true,1,39,3.90,false,1,
1620069,true,משמש תפז*,שושן (פירות)יבשים בעמ,,,"לק""ג",10,ל 100 גרם,true,1,49,4.90,false,1,
1620120,true,אגוזי מלך מקולף*,שושן (פירות)יבשים בעמ,,,ל 100 גרם,10,ל 100 גרם,true,1,55,5.50,false,1,
1620137,true,פקאן מקולף תפזורת*,שושן (פירות)יבשים בעמ,,,"לק""ג",10,ל 100 גרם,true,1,89,8.90,false,1,
1620144,true,שקד מקולף אמרקאי*,שושן (פירות)יבשים בעמ,,,"לק""ג",10,ל 100 גרם,true,1,79,7.90,false,1,
1620168,true,מיקס פירות אורגני,קליית חממה א.י 2011 בעמ,,,"לק""ג",10,ל 100 גרם,true,1,96,9.60,false,1,
1620199,true,בונדוק מקולף תפז*,"עדין בע""מ",,,"לק""ג",10,ל 100 גרם,true,1,85,8.50,false,1,
1620205,true,קשיו טבעי תפז*,יוסף לוי-עסקי מזון בעמ,,,"לק""ג",10,ל 100 גרם,true,1,75,7.50,false,1,
1620212,true,צנובר במשקל,"עדין בע""מ",,,"לק""ג",10,ל 100 גרם,true,1,189,18.90,false,1,
1620229,true,חמניות מקולף *,שקרצי בעמ,,,"לק""ג",10,ל 100 גרם,true,1,25,2.50,false,1,
1620236,true,פיסטוק מקולף תפז*,"עדין בע""מ",,,"לק""ג",10,ל 100 גרם,true,1,129,12.90,false,1,
1620243,true,שקד מולבן,"עדין בע""מ",,,"לק""ג",10,ל 100 גרם,true,1,79,7.90,false,1,
1620250,true,שומשום לבן ש.,סיגמה גריינס אחזקות 2008 בעמ,,,"לק""ג",10,ל 100 גרם,true,1,25,2.50,false,1,
1620298,true,גרעני אבטיח ש.,א.ג.מ סחר מזון בעמ,,,"לק""ג",10,ל 100 גרם,true,1,33,3.30,false,1,
1620311,true,שעועית ארגנטינאית,סיגמה גריינס אחזקות 2008 בעמ,,,"לק""ג",10,ל 100 גרם,true,1,17.90,1.79,false,1,
1620373,true,חומוס ספרדי ש.,סיגמה גריינס אחזקות 2008 בעמ,,,"לק""ג",10,ל 100 גרם,true,1,19.90,1.99,false,1,
1620380,true,חיטה,א.ג.מ סחר מזון בעמ,,,ל 100 גרם,10,ל 100 גרם,true,1,7,0.70,false,1,
1620397,true,פול יבש גדול ש.,סיגמה גריינס אחזקות 2008 בעמ,,,"לק""ג",10,ל 100 גרם,true,1,16.90,1.69,false,1,
1620458,true,תירס ש.,א.ג.מ סחר מזון בעמ,,,"לק""ג",10,ל 100 גרם,true,1,9,0.90,false,1,
1620465,true,תירס שבור ש.,א.ג.מ סחר מזון בעמ,,,"לק""ג",10,ל 100 גרם,true,1,8,0.80,false,1,
1620472,true,חמניה במלח קלוי,קליית חממה א.י 2011 בעמ,,,ל 100 גרם,10,ל 100 גרם,true,1,27,2.70,false,1,
1620489,true,תערובת לאורז מרקש.,נפטון מוצרי מזון 1990 בעמ,,,"לק""ג",10,ל 100 גרם,true,1,79,7.90,false,1,
1620502,true,גרעיני אבטיח קלוי,קליית חממה א.י 2011 בעמ,,,ל 100 גרם,10,ל 100 גרם,true,1,59,5.90,false,1,
1620519,true,גרעיני דלעת קלוי,קליית חממה א.י 2011 בעמ,,,"לק""ג",10,ל 100 גרם,true,1,49,4.90,false,1,
1620526,true,"קשיו ג`מבו (10 ק""ג)*",קליית חממה א.י 2011 בעמ,,,"לק""ג",10,ל 100 גרם,true,1,89,8.90,false,1,
1620533,true,שקד אמריקאי קלוי,קליית חממה א.י 2011 בעמ,,,"לק""ג",10,ל 100 גרם,true,1,89,8.90,false,1,
1620540,true,פיסטוק חלבי,קליית חממה א.י 2011 בעמ,,,"לק""ג",10,ל 100 גרם,true,1,89,8.90,false,1,
1620557,true,אגוז מלך טחון,שקרצי בעמ,,,"לק""ג",10,ל 100 גרם,true,1,59,5.90,false,1,
1620564,true,בוטנים ענק קלוי,קליית חממה א.י 2011 בעמ,,,"לק""ג",10,ל 100 גרם,true,1,39,3.90,false,1,
1620588,true,אלמנדוס,שקרצי בעמ,,,ל 100 גרם,10,ל 100 גרם,true,1,39,3.90,false,1,
1620595,true,פול ענק מטוגן,קליית חממה א.י 2011 בעמ,,,"לק""ג",10,ל 100 גרם,true,1,45,4.50,false,1,
1620618,true,רבונדוק קלוי,קליית חממה א.י 2011 בעמ,,,"לק""ג",10,ל 100 גרם,true,1,79,7.90,false,1,
1620649,true,פקאן מסוכר*,מדגן בעמ,,,"לק""ג",10,ל 100 גרם,true,1,90,9,false,1,
1620656,true,שקדים מסוכרים,קליית חממה א.י 2011 בעמ,,,"לק""ג",10,ל 100 גרם,true,1,99,9.90,false,1,
1620663,true,בוטנים מסוכרים,קליית חממה א.י 2011 בעמ,,,"לק""ג",10,ל 100 גרם,true,1,39,3.90,false,1,
1620670,true,קשיו מסוכר,קליית חממה א.י 2011 בעמ,,,"לק""ג",10,ל 100 גרם,true,1,109,10.90,false,1,
1620700,true,תבלין למעורב ירושלמי,נפטון מוצרי מזון 1990 בעמ,,,"לק""ג",10,ל 100 גרם,true,1,59,5.90,false,1,
1620717,true,תירס מטוגן.,סיגמה גריינס אחזקות 2008 בעמ,,,"לק""ג",10,ל 100 גרם,true,1,49,4.90,false,1,
1620724,true,בוטנים אמרקאי,שקרצי בעמ,,,"לק""ג",10,ל 100 גרם,true,1,30,3,false,1,
1620731,true,קבוקים,שקרצי בעמ,,,ל 100 גרם,10,ל 100 גרם,true,1,29.90,2.99,false,1,
1620748,true,מיקס תאילנדי,קליית חממה א.י 2011 בעמ,,,"לק""ג",10,ל 100 גרם,true,1,70,7,false,1,
1620779,true,שבבי בוטנים*,שקרצי בעמ,,,"לק""ג",10,ל 100 גרם,true,1,32,3.20,false,1,
1620793,true,פקאן בקליפה,קליית חממה א.י 2011 בעמ,,,"לק""ג",10,ל 100 גרם,true,1,89,8.90,false,1,
1620816,true,גרעיני דלעת מקולף*,"עדין בע""מ",,,"לק""ג",10,ל 100 גרם,true,1,50,5,false,1,
1620854,true,תערובת טוסקנה,נפטון מוצרי מזון 1990 בעמ,,,"לק""ג",10,ל 100 גרם,true,1,79,7.90,false,1,
1620861,true,רביולי קלוי,קליית חממה א.י 2011 בעמ,,,"לק""ג",10,ל 100 גרם,true,1,69,6.90,false,1,
1620878,true,אפונה קלויה,קליית חממה א.י 2011 בעמ,,,"לק""ג",10,ל 100 גרם,true,1,40,4,false,1,
1620915,true,סוכריות תפז ש,אליאס וקסמן בע,,,"לק""ג",10,ל 100 גרם,true,1,19.90,1.99,false,1,
1621189,true,תבלין לפרגיות,נפטון מוצרי מזון 1990 בעמ,,,"לק""ג",10,ל 100 גרם,true,1,59,5.90,false,1,
1621257,true,חטיפים מתוקים,טופ מתוק ו.ק בעמ,,,"לק""ג",10,ל 100 גרם,true,1,29,2.90,false,1,
1621288,true,שטה גרוס צ לי,נפטון מוצרי מזון 1990 בעמ,,,"לק""ג",10,ל 100 גרם,true,1,45,4.50,false,1,
1621301,true,כוסברה עלים,נפטון מוצרי מזון 1990 בעמ,,,"לק""ג",10,ל 100 גרם,true,1,99,9.90,false,1,
1621325,true,שומשום שחור.,א.ג.מ סחר מזון בעמ,,,"לק""ג",10,ל 100 גרם,true,1,49,4.90,false,1,
1621370,true,מנצ ס קלוי,קליית חממה א.י 2011 בעמ,,,"לק""ג",10,ל 100 גרם,true,1,59,5.90,false,1,
1621615,true,פקאן מקולף קלוי,קליית חממה א.י 2011 בעמ,,,"לק""ג",10,"לק""ג",true,1,109,10.90,false,1,
1621677,true,אגוז ברזיל תפזורת *,"עדין בע""מ",,,"לק""ג",10,ל 100 גרם,true,1,89,8.90,false,1,
1621707,true,חמוציות ללא סוכר*,"עדין בע""מ",,,"לק""ג",10,ל 100 גרם,true,1,59,5.90,false,1,
1621738,true,קראנץ,שקרצי בעמ,,,"לק""ג",10,ל 100 גרם,true,1,45,4.50,false,1,
1621745,true,מיסי קראנץ,קליית חממה א.י 2011 בעמ,,,"לק""ג",10,ל 100 גרם,true,1,69,6.90,false,1,
1621752,true,פילדלפיה גריל אמרקאי,נפטון מוצרי מזון 1990 בעמ,,,"לק""ג",10,ל 100 גרם,true,1,59,5.90,false,1,
1621783,true,פול שבור ש.,סיגמה גריינס אחזקות 2008 בעמ,,,"לק""ג",10,ל 100 גרם,true,1,8,0.80,false,1,
1621837,true,קצח,נפטון מוצרי מזון 1990 בעמ,,,"לק""ג",10,ל 100 גרם,true,1,59,5.90,false,1,
1621936,true,קורקנט בוטנים,שקרצי בעמ,,,"לק""ג",10,ל 100 גרם,true,1,39,3.90,false,1,
1622018,true,סוכריות גומי משקל,אליאס וקסמן בע,,,ל 100 גרם,10,ל 100 גרם,true,1,35.90,3.59,false,1,
1622025,true,סוכריות גומי משקל,אליאס וקסמן בע,,,"לק""ג",10,ל 100 גרם,true,1,36,3.60,false,1,
1622032,true,סוכריות גומי במשקל,טופ סוויט בעמ,,,"לק""ג",10,ל 100 גרם,true,1,36,3.60,false,1,
1622049,true,קורקנט לוז,שקרצי בעמ,,,"לק""ג",10,ל 100 גרם,true,1,69,6.90,false,1,
1622155,true,ריזוטו קלוי,קליית חממה א.י 2011 בעמ,,,"לק""ג",10,ל 100 גרם,true,1,69,6.90,false,1,
1622186,true,"שוקולדים מובחרים בד""ץ",ק.א שוקולד בעמ,,,"לק""ג",10,ל 100 גרם,true,1,69,6.90,false,1,
1622300,true,פלפל חריף אדום יבש,עמוס אזרד,,,"לק""ג",10,ל 100 גרם,true,1,36,3.60,false,1,
1622301,true,בוטנים טבעי,שונים,,,"לק""ג",10,ל 100 גרם,true,1,27,2.70,false,1,
1622302,true,קוסקוס עבה,סיגמה גריינס אחזקות 2008 בעמ,,,"לק""ג",1,,true,1,11.90,11.90,false,1,
1622308,true,בצל מטוגן,נפטון מוצרי מזון 1990 בעמ,,,"לק""ג",10,ל 100 גרם,true,1,79,7.90,false,1,
1622309,true,פקאן חלבה,קליית חממה א.י 2011 בעמ,,,"לק""ג",10,ל 100 גרם,true,1,90,9,false,1,
1622324,true,אגוז מוסקט שלם,נפטון מוצרי מזון 1990 בעמ,,,"לק""ג",10,ל 100 גרם,true,1,149,14.90,false,1,
1622325,true,ציפורן טחון,נפטון מוצרי מזון 1990 בעמ,,,"לק""ג",10,ל 100 גרם,true,1,139,13.90,false,1,
1622330,true,קינמון טחון,נפטון מוצרי מזון 1990 בעמ,,,ל 100 גרם,10,ל 100 גרם,true,1,59,5.90,false,1,
1622334,true,מונטריאול על האש,נפטון מוצרי מזון 1990 בעמ,,,ל 100 גרם,10,ל 100 גרם,true,1,69,6.90,false,1,
1622346,true,מלח ים אטלנטי,נפטון מוצרי מזון 1990 בעמ,,,"לק""ג",10,ל 100 גרם,true,1,59,5.90,false,1,
1622513,true,צילי מתוק,נפטון מוצרי מזון 1990 בעמ,,,"לק""ג",10,ל 100 גרם,true,1,49,4.90,false,1,
1622575,true,פפריקה מעושנת,נפטון מוצרי מזון 1990 בעמ,,,"לק""ג",10,ל 100 גרם,true,1,49,4.90,false,1,
1622605,true,זרעי צי`ה,א.ג.מ סחר מזון בעמ,,,"לק""ג",10,ל 100 גרם,true,1,39,3.90,false,1,
1622612,true,חוואג לקפה מימון,נפטון מוצרי מזון 1990 בעמ,,,"לק""ג",10,ל 100 גרם,true,1,69,6.90,false,1,
1622629,true,חמוציות תפז משקל*,שושן (פירות)יבשים בעמ,,,ל 100 גרם,10,ל 100 גרם,true,1,35,3.50,false,1,
1622742,true,תערובת ירוקה לסלט,נפטון מוצרי מזון 1990 בעמ,,,"לק""ג",10,ל 100 גרם,true,1,79,7.90,false,1,
1622759,true,מקדמיה תפז,קליית חממה א.י 2011 בעמ,,,"לק""ג",10,ל 100 גרם,true,1,169,16.90,false,1,
1622858,true,בונדוק בקליפה ש.,א.ג.מ סחר מזון בעמ,,,"לק""ג",10,ל 100 גרם,true,1,39.90,3.99,false,1,
1622865,true,תיבולים לשניצל,נפטון מוצרי מזון 1990 בעמ,,,"לק""ג",10,ל 100 גרם,true,1,19,1.90,false,1,
1622889,true,פלפל מתוק אדום יבש,עמוס אזרד,,,"לק""ג",10,ל 100 גרם,true,1,36,3.60,false,1,
1622926,true,פיסטוק חלבי תפז,חממה מאיר סחר {1996} בעמ,,,"לק""ג",10,ל 100 גרם,true,1,75,7.50,false,1,
1622940,true,שקד בקליפה תפזורת במשקל*,שושן (פירות)יבשים בעמ,,,ל 100 גרם,10,ל 100 גרם,true,1,49,4.90,false,1,
1622957,true,תמר דקל נור תפז*.,שושן (פירות)יבשים בעמ,,,"לק""ג",10,ל 100 גרם,true,1,23.90,2.39,false,1,
1622964,true,"תמרים מגהול 5 ק""ג",חממה מאיר סחר {1996} בעמ,,,יח,10,ל 100 גרם,false,1,150,15,false,1,
1622971,true,תמר מג`הול תפז*,שושן (פירות)יבשים בעמ,,,"לק""ג",10,ל 100 גרם,true,1,39.90,3.99,false,1,
1622995,true,שזיף תפז בלי חרצן*,שושן (פירות)יבשים בעמ,,,ל 100 גרם,10,ל 100 גרם,true,1,45,4.50,false,1,
1713907,true,אקונומיקה ג`ל BLANCO 4 ל` מוריץ*,קומפלקס בעמ,,,יח,1,,false,1,10.90,10.90,false,1,
1713921,true,אקונומיקה מבושמת 4 ליטר מוריץ*,קומפלקס בעמ,,,יח,40,"ל 100 מ""ל",false,1,8.90,0.22,false,1,
1723012,true,פדים להנקה 30 יח,אינטרסן )1996(בעמ,,,יח,1,,false,1,11.90,11.90,false,1,
1723357,true,מוצץ סיליקון אורט,אינטרסן )1996(בעמ,,,יח,1,,false,1,19.90,19.90,false,1,
1723364,true,מוצץ סיליקון אורט,אינטרסן )1996(בעמ,,,יח,1,,false,1,19.90,19.90,false,1,
1723494,true,פיטמה סיליקון רחבה זוג,אינטרסן )1996(בעמ,,,יח,1,,false,1,14.90,14.90,false,1,
1737477,true,.סטיק עין טרי ע.מ,עוף ירושלים שיווק בעמ,,,"לק""ג",10,ל 100 גרם,true,1,139,13.90,false,1,
1849101,true,"נקנקיות מרגז כבד בד""ץ",חוג הבשרים של קורקבדוס בעמ,,,"לק""ג",10,ל 100 גרם,true,1,68.90,6.89,false,1,
1849354,true,נקניקיות מרגז חריפות,חוג הבשרים של קורקבדוס בעמ,,,"לק""ג",0,"לק""ג",true,1,64.90,64.90,false,1,
1855119,true,שמן סויה 16 ליטר אופיר*,שלי בר שיווק והפצה 2020 בעמ,,,יח,16,לליטר,false,1,182.90,11.43,false,1,
1893012,true,דג סלמון נתחים ואקום מאסטר פוד,מאסטרפוד בעמ,,,"לק""ג",10,ל 100 גרם,true,1,79.90,7.99,false,1,
1917527,true,פדיות קוסמטיות,"דנשר (1963) בע,מ",,,יח,1,,false,1,18.90,18.90,false,1,
1973233,true,מגבוני קמיל בלו 120,"פישר תעשיות פרמצביטות בע""מ",,,יח,1,,false,1,10.90,10.90,false,1,
1985007,true,שלגון מצופה שוקו שוקו,"גלידת שטראוס בע""מ",,,יח,1,,false,1,5.30,5.30,true,1,
2002857,true,מגע משי נייר הדבש,"דנשר (1963) בע,מ",,,יח,1,,false,1,17.90,17.90,false,1,
2008156,true,עטרות לעוגה מס 5 הנמל*,הנמל אריזות ושווק בעמ,,,יח,1,,false,1,5.90,5.90,false,1,
2015154,true,Cucumbers in brine 7-9 a2 20%+,קבוצת יבנה מוצרי מזון,,,יח,5.60,ל 100 גרם,false,1,5.90,1.05,false,1,
2015321,true,green olives 15-17 a2,קבוצת יבנה מוצרי מזון,,,יח,5.60,ל 100 גרם,false,1,6.50,1.16,false,1,
2044628,true,שומן כבש עטרה,נטו מלינדה סחר בעמ,,,יח,2,ל 100 גרם,false,1,22.90,11.45,false,1,
2077725,true,סלמון נוררוגי מצונן 100 גר`,נטו מילנדה סחר בעמ*,,,יח,1,ל 100 גרם,false,1,19.90,19.90,false,1,
2105220,true,בשר מס`8 מחפוד קפוא,עוף ירושלים שיווק בעמ,,,"לק""ג",10,ל 100 גרם,true,1,59.90,5.99,false,1,
2105503,true,המבורגר מזרחי מחפוד 500 גרם,עוף ירושלים שיווק בעמ,,,יח,5,"ל 100 מ""ל",false,1,18.90,3.78,true,1,
2105510,true,קבב מזרחי 500 מחפוד,עוף ירושלים שיווק בעמ,,,יח,5,"ל 100 מ""ל",false,1,18.90,3.78,true,1,
2105558,true,טחון בקר 500 גר`,עוף ירושלים שיווק בעמ,,,יח,5,ל 100 גרם,false,1,18.90,3.78,true,1,
2105671,true,טחון עוף 500 גר`,עוף ירושלים שיווק בעמ,,,יח,5,ל 100 גרם,false,1,12.90,2.58,false,1,
2109372,true,בורקס פילו בולגרית 700 גרם שלושת האופ,נטו מילנדה סחר בעמ*,,,יח,7,ל 100 גרם,false,1,19.90,2.84,true,1,
2129486,true,פיצה איטלקית דקה שלושת האופים,נטו מילנדה סחר בעמ*,,,יח,3.40,ל 100 גרם,false,1,14.90,4.38,true,1,
2139225,true,סטיק סינטה עגל טרי חלק מחפוד,נטו מלינדה סחר בעמ,,,"לק""ג",1,,true,1,139,139,false,1,
2225386,true,גרון הודו ארוז קפוא מחפוד,עוף ירושלים שיווק בעמ,,,"לק""ג",10,ל 100 גרם,true,1,33.90,3.39,false,1,
2239185,true,800 Pea expired - Pry Galilee,ויטה-פרי גליל (החדשה) בעמ,,,יח,8,ל 100 גרם,false,1,9.90,1.24,false,1,
2239215,true,Peas and carrots 800 expired - Pry Galil,ויטה-פרי גליל (החדשה) בעמ,,,יח,5,ל 100 גרם,false,1,9.90,1.98,false,1,
2239277,true,C .gmdi 800 expired - Pry Galilee,ויטה-פרי גליל (החדשה) בעמ,,,יח,8,ל 100 גרם,false,1,8.90,1.11,false,1,
2239307,true,800 Yellow hours expired - Pry Galilee,ויטה-פרי גליל (החדשה) בעמ,,,יח,8,ל 100 גרם,false,1,9.90,1.24,false,1,
2239369,true,Complete 800 hours expired - Pry Galilee,ויטה-פרי גליל (החדשה) בעמ,,,יח,8,ל 100 גרם,false,1,9.90,1.24,false,1,
2239420,true,Corn 800 expired - Pry Galilee,ויטה-פרי גליל (החדשה) בעמ,,,יח,8,ל 100 גרם,false,1,9.90,1.24,false,1,
2253006,true,שום כתוש טרי*דורות,קבוצת אוסם סחר שותפות מוגבלת,,,יח,2,ל 100 גרם,false,1,15.90,7.95,false,1,
2253105,true,קוביות שום דורות,קבוצת אוסם סחר שותפות מוגבלת,,,יח,0.80,ל 100 גרם,false,1,12.90,16.13,false,1,
2255024,true,אגרול בדץ,חטיפי אלקיים בעמ,,,יח,8,ל 100 גרם,false,1,21.90,2.74,false,1,
2255031,true,סיגרים בשר חטיפון,חטיפי אלקיים בעמ,,,יח,8,ל 100 גרם,false,1,21.90,2.74,false,1,
2255048,true,קובה למרק אלקיים,חטיפי אלקיים בעמ,,,יח,8,ל 100 גרם,false,1,28.90,3.61,false,1,
2255055,true,פלאפל אלקיים,חטיפי אלקיים בעמ,,,יח,8,ל 100 גרם,false,1,12.90,1.61,false,1,
2255086,true,"קובה שפיץ בד""צ",חטיפי אלקיים בעמ,,,יח,1,"לק""ג",false,1,21.90,21.90,false,1,
2255130,true,"סיגר תפו""א 800",חטיפי אלקיים בעמ,,,יח,8,ל 100 גרם,false,1,18.90,2.36,false,1,
2255215,true,עלים לסיגרים 500,חטיפי אלקיים בעמ,,,יח,5,ל 100 גרם,false,1,10.90,2.18,false,1,
2255222,true,"פסטל תפו""א 800",חטיפי אלקיים בעמ,,,יח,8,ל 100 גרם,false,1,18.90,2.36,false,1,
2255475,true,"פסטל במילוי בשר בד""צ",חטיפי אלקיים בעמ,,,יח,8,ל 100 גרם,false,1,22.90,2.86,false,1,
2278528,true,כרית שבת כלין 2 יח*,פלסטו פוליש (ברקן)בעמ,,,יח,2,יח,false,1,7.90,3.95,true,1,
2285816,true,שניצל פרימיום טרי ארוז עטרה,נטו מלינדה סחר בעמ,,,"לק""ג",1,,true,1,44.90,44.90,false,1,
2316084,true,דינמו *4,אחים וייס י.ש.י.ייצור ושווק בע,,,יח,1,,false,1,12.90,12.90,false,1,
2316251,true,קריסטל *4ברך שקו,אחים וייס י.ש.י.ייצור ושווק בע,,,יח,1,,false,1,14.90,14.90,false,1,
2316916,true,קליפסו לונג ירכו,אחים וייס י.ש.י.ייצור ושווק בע,,,יח,1,,false,1,26.90,26.90,false,1,
2327028,true,ג חנון תמני 650 גרם שלושת האופים.,נטו מילנדה סחר בעמ*,,,יח,6.50,ל 100 גרם,false,1,18.90,2.91,true,1,
2327042,true,"בורקס תפו""א 800 גרם שלושת האופים",נטו מילנדה סחר בעמ*,,,יח,8,ל 100 גרם,false,1,17.90,2.24,true,1,
2327059,true,"בצק עלים מרודד 1 ק""ג שלושת האופים",נטו מילנדה סחר בעמ*,,,יח,10,"לק""ג",false,1,18.90,1.89,true,1,
2327066,true,קונכיות בצק שלושת האופים 625 גרם,נטו מילנדה סחר בעמ*,,,יח,5,ל 100 גרם,false,1,19.90,3.98,true,1,
2327073,true,בורקס גבינה שלושת האופים 800 גרם,נטו מילנדה סחר בעמ*,,,יח,8,ל 100 גרם,false,1,19.90,2.49,true,1,
2331360,true,נביעות 6טריק 500,החברה המרכזית להפצת משקאות בע,,,יח,30,"ל 100 מ""ל",false,1,13.90,0.40,true,1,
2336785,true,אוסבוקו עם עצם עגל טרי עטרה,נטו מלינדה סחר בעמ,,,"לק""ג",10,ל 100 גרם,true,1,69.90,6.99,false,1,
2336969,true,סינטה בקר צרכני עטרה,נטו מלינדה סחר בעמ,,,"לק""ג",10,ל 100 גרם,true,1,89.90,8.99,false,1,
2374268,true,שמן חמניות 1 ליטר מילומור*,סוגת תעשיות בעמ,,,יח,1,לליטר,false,1,11.90,11.90,false,1,
2374640,true,שמן קנולה פלוס אומגה 3 1ליטר*,סוגת תעשיות בעמ,,,יח,10,"ל 100 מ""ל",false,1,16.50,1.65,false,1,
2385127,true,לאבנה שמן זית א.ח נוכרי,מחלבות גד שיווק 1992 בעמ,,,ל 100 גרם,1.50,ל 100 גרם,true,1,41.90,27.93,false,1,
2385196,true,גבינת רקפור,מחלבות גד שיווק 1992 בעמ,,,ל 100 גרם,10,ל 100 גרם,true,1,127.90,12.79,false,1,
2385448,true,בולגרית מעודנת 5% מהדרין,מחלבות גד שיווק 1992 בעמ,,,"לק""ג",10,ל 100 גרם,true,1,54.90,5.49,false,1,
2385486,true,שמנת טבעית 30% מהדרין,מחלבות גד שיווק 1992 בעמ,,,ל 100 גרם,10,ל 100 גרם,true,1,43.90,4.39,false,1,
2385493,true,שמנת זיתים 30% מהדרין,מחלבות גד שיווק 1992 בעמ,,,"לק""ג",10,ל 100 גרם,true,1,43.90,4.39,false,1,
2385509,true,שמנת שום שמיר 30% מהדרין,מחלבות גד שיווק 1992 בעמ,,,"לק""ג",10,ל 100 גרם,true,1,43.90,4.39,false,1,
2402855,true,"נקנקיות קוקטיל ""עוף ירושלים"" 400 גרם",עוף ירושלים שיווק בעמ,,,יח,4,ל 100 גרם,false,1,11.90,2.98,true,1,
2409014,true,גחנון אפוי ציפור השרון 600 גרם,שיווק מזון רדמי אבישי,,,יח,6,ל 100 גרם,false,1,17.90,2.98,false,1,
2409038,true,בורקס גבינה ציפור השרון 800 גרם,שיווק מזון רדמי אבישי,,,יח,8,ל 100 גרם,false,1,18.50,2.31,false,1,
2409045,true,"בורקס תפו""א ציפור השרון 800 גרם",שיווק מזון רדמי אבישי,,,יח,8,ל 100 גרם,false,1,15.90,1.99,false,1,
2409076,true,גחנון בצק ציפור השרון 800 גרם,שיווק מזון רדמי אבישי,,,יח,8,ל 100 גרם,false,1,14.90,1.86,false,1,
2409106,true,בורקס פיצה ציפור השרון,שיווק מזון רדמי אבישי,,,יח,8,ל 100 גרם,false,1,21.90,2.74,false,1,
2409175,true,"בצק עלים צרפתי מרודד 1 ק""ג ציפור השרון",שיווק מזון רדמי אבישי,,,יח,1,"לק""ג",false,1,14.50,14.50,false,1,
2409274,true,מלווח ציפור השרו,שיווק מזון רדמי אבישי,,,יח,7.50,ל 100 גרם,false,1,14.90,1.99,false,1,
2409281,true,זיוה סבבה ציפור השרון 750 גרם,שיווק מזון רדמי אבישי,,,יח,7.50,ל 100 גרם,false,1,18.90,2.52,false,1,
2409304,true,נקניקיות בבצק,שיווק מזון רדמי אבישי,,,יח,6,ל 100 גרם,false,1,20.90,3.48,false,1,
2439240,true,פס גבינה אפויה,נטו מילנדה סחר בעמ*,,,יח,5.50,ל 100 גרם,false,1,34.90,6.35,false,1,
2487364,true,בורקס פילו גבינה+זיתים 500 גרם שלושת,נטו מילנדה סחר בעמ*,,,יח,5,ל 100 גרם,false,1,19.90,3.98,true,1,
2507604,true,פיצה השף מאיטליה השף שגב 320 גרם,נטו מילנדה סחר בעמ*,,,יח,3.20,ל 100 גרם,false,1,16.90,5.28,true,1,
2511229,true,גבינת בולגרית חלקה,מחלבת המושבה בעמ,,,ל 100 גרם,10,ל 100 גרם,true,1,44.90,4.49,true,1,
2511250,true,גבינת שמנת שום שמיר 30%,מחלבת המושבה בעמ,,,ל 100 גרם,10,ל 100 גרם,true,1,39.90,3.99,true,1,
2511496,true,גבינת בולגרית קוביות% /5,מחלבת המושבה בעמ,,,ל 100 גרם,10,ל 100 גרם,true,1,49.90,4.99,false,1,
2519584,true,פילה עגל טרי חלק מחפוד,עוף ירושלים שיווק בעמ,,,"לק""ג",10,ל 100 גרם,true,1,239,23.90,false,1,
2541943,true,3מעדן סויה שוקו* 4,שטראוס גרופ בעמ,,,יח,1.25,ל 100 גרם,false,1,14.90,11.92,false,1,
2567219,true,טחול ממולא חלק רבנות קורקבדוס,חוג הבשרים של קורקבדוס בעמ,,,"לק""ג",10,ל 100 גרם,true,1,89.90,8.99,false,1,
2567240,true,נתח קצבים,חוג הבשרים של קורקבדוס בעמ,,,"לק""ג",1,,true,1,109,109,false,1,
2567721,true,מוח מוכשר,חוג הבשרים של קורקבדוס בעמ,,,"לק""ג",10,יח,true,1,139,13.90,false,1,
2579533,true,.קיסמי אוזניים מעץ 80יח חביב*,חביב את פרנק בעמ (לוגיסטי ),,,יח,1,,false,1,1.50,1.50,false,1,
2579731,true,7day memorial candle,חביב את פרנק בעמ (לוגיסטי ),,,יח,1,יח,false,1,9.90,9.90,true,1,
2608509,true,לחם מחמצת זיתי קלמנטה,ג`נרל מילס ישראל בעמ,,,יח,8,יח,false,1,17.90,2.24,false,1,
2608516,true,לחם מחמצת מקמח מלא,ג`נרל מילס ישראל בעמ,,,יח,8,יח,false,1,17.90,2.24,false,1,
2657408,true,טונה פוסידון בשמן 960ג,נטו מילנדה סחר בעמ*,,,יח,9.60,ל 100 גרם,false,1,29.90,3.11,false,1,
2692768,true,תרסיס שמן קנולה מופחת קלוריות*,סוגת תעשיות בעמ,,,יח,2,ל 100 גרם,false,12,15.90,7.95,true,1,
2732693,true,טרופית בודד עם פקק,שונים,,,יח,1,,false,1,1.50,1.50,false,1,
2750338,true,לחם רוסטיק עגבניות מיובשות,ג`נרל מילס ישראל בעמ,,,יח,8,ל 100 גרם,false,1,17.90,2.24,false,1,
2757139,true,מלווח שלושת האופים 700 גרם,נטו מילנדה סחר בעמ*,,,יח,7,"ל 100 מ""ל",false,1,14.90,2.13,true,1,
2757511,true,ק. דג לבישול 750 ק דלידג,נטו מילנדה סחר בעמ*,,,ל 100 גרם,7.50,ל 100 גרם,false,1,30.90,4.12,false,1,
2757719,true,"בצק עלים 1 ק""ג הסידרה האדומה",נטו מילנדה סחר בעמ*,,,יח,10,ל 100 גרם,false,1,13.90,1.39,false,1,
2757726,true,בורקס גבינה קהילות 700 גר`,נטו מילנדה סחר בעמ*,,,יח,7,ל 100 גרם,false,1,15.90,2.27,false,1,
2757740,true,"בורקס תפו""א 700 ג`"" מהדרין קהילות""",נטו מילנדה סחר בעמ*,,,יח,10,ל 100 גרם,false,1,13.90,1.39,false,1,
2775768,true,עוגת טורט קצפת שוקולד ריצ`,נטו מילנדה סחר בעמ*,,,יח,10,ל 100 גרם,false,1,59.90,5.99,false,1,
2775775,true,עוגת טורט ריבת חלב עם קוקוס ריצ`,נטו מילנדה סחר בעמ*,,,יח,10,ל 100 גרם,false,1,59.90,5.99,false,1,
2775782,true,עוגת טורט מצופה שוקולד ריצ`,נטו מילנדה סחר בעמ*,,,יח,10,ל 100 גרם,false,1,59.90,5.99,false,1,
2775805,true,עוגת מוס גבינה פירורים ריצ,נטו מילנדה סחר בעמ*,,,יח,8.50,ל 100 גרם,false,1,59.90,7.05,false,1,
2775898,true,עוגת מוס בלגי ריצ,נטו מילנדה סחר בעמ*,,,יח,8.50,ל 100 גרם,false,1,59.90,7.05,false,1,
2787167,true,טונה וילגר בהירה במים,נטו מילנדה סחר בעמ*,,,יח,1.40,ל 100 גרם,false,1,5.90,4.21,false,1,
2787884,true,"מקלות בורקס פילו תפו""א",נטו מילנדה סחר בעמ*,,,יח,6.50,ל 100 גרם,false,1,19.90,3.06,true,1,
2814870,true,"מסיר שומנים לבנדר מתז 750 מ""ל מוריץ*",קומפלקס בעמ,,,יח,1,,false,1,12.90,12.90,false,1,
2827306,true,נקנקיות עוף עוף ירושלים 400 גרם,עוף ירושלים שיווק בעמ,,,יח,4,ל 100 גרם,false,1,11.90,2.98,true,1,
2827320,true,נקנקיות מרגז 400 מחפוד,עוף ירושלים שיווק בעמ,,,יח,4,ל 100 גרם,false,1,24.90,6.23,false,1,
2827337,true,"נקנקיות עוף פיקנטי ""עוף ירושלים"" 400 גרם",עוף ירושלים שיווק בעמ,,,יח,4,ל 100 גרם,false,1,11.90,2.98,true,1,
2830948,true,מון בלאן עיזים 120,נטו מילנדה סחר בעמ*,,,יח,1.20,ל 100 גרם,false,1,9.90,8.25,false,1,
2871361,true,בירה קרלסברג 500,החברה המרכזית להפצת משקאות בע,,,יח,5,"ל 100 מ""ל",false,1,7.30,1.22,false,1,
2922797,true,חזה הודו טרי עטרה,נטו מלינדה סחר בעמ,,,"לק""ג",10,ל 100 גרם,true,1,32.90,3.29,false,1,
2922865,true,קבב מזרחי טאק טורו{בית יוסף} 500 גרם,נטו מלינדה סחר בעמ,,,יח,5,ל 100 גרם,false,1,15.90,3.18,false,1,
2929512,true,כדורי פלאפל 500 גרם,נטו מילנדה סחר בעמ*,,,יח,6,ל 100 גרם,false,1,12.90,2.15,false,1,
2929536,true,קובה למרק 600 גר`,נטו מילנדה סחר בעמ*,,,יח,6,ל 100 גרם,false,1,12.90,2.15,false,1,
2929642,true,טונה ויליגר 4 יח`140ג,נטו מילנדה סחר בעמ*,,,יח,4,למארז,false,1,19.90,4.98,false,1,
2939108,true,חזה עוף טרי עטרה,נטו מלינדה סחר בעמ,,,"לק""ג",1,,true,1,32.90,32.90,true,1,
2939177,true,גרון הודו טרי עטרה.,נטו מלינדה סחר בעמ,,,ל 100 גרם,1,,true,1,33.90,33.90,false,1,
2939528,true,גידי בקר עטרה,נטו מלינדה סחר בעמ,,,"לק""ג",10,ל 100 גרם,true,1,69.90,6.99,false,1,
2939535,true,בשר ראש עטרה,נטו מלינדה סחר בעמ,,,"לק""ג",10,ל 100 גרם,true,1,74.90,7.49,false,1,
2971191,true,"קמח חיטה שפם 1ק""ג *",טחנות קמח שטיבל בש בעמ,,,יח,10,ל 100 גרם,false,1,3.90,0.39,true,1,
2973218,true,מסוג פטה 400 גר`,נטו מילנדה סחר בעמ*,,,יח,4,ל 100 גרם,false,1,18.90,4.73,false,1,
2973669,true,"קמח לחם ללא צורך בניפוי 1 ק""ג*",טחנות קמח שטיבל בש בעמ,,,יח,10,ל 100 גרם,false,1,7.50,0.75,false,1,
2973676,true,"קמח חלה ללא צורך בניפוי 1 ק""ג*",טחנות קמח שטיבל בש בעמ,,,יח,10,ל 100 גרם,false,1,7.50,0.75,false,1,
2974314,true,"קמח פיצה ללא צורך בניפוי 1 ק""ג*",טחנות קמח שטיבל בש בעמ,,,יח,10,"לק""ג",false,1,8.90,0.89,false,1,
3006021,true,סלט קוביות מעדן פטה,גבינות עמיר ניצן בעמ,,,ל 100 גרם,10,ל 100 גרם,true,1,70,7,false,1,
3029617,true,שמנת מנה אישית,שטראוס גרופ בעמ (ח),,,יח,1,ל 100 גרם,false,1,1.90,1.90,false,1,
3031702,true,"נקניק הודו 1 ק""ג הרב מחפו",תנובה ענף ב.ע.ד,,,יח,1,"לק""ג",false,1,25.90,25.90,false,1,
3031788,true,פסטרמה +סלמי 800,תנובה ענף ב.ע.ד,,,יח,8,יח,false,1,28.90,3.61,false,1,
3069590,true,דג סול דלידג,נטו מילנדה סחר בעמ*,,,יח,10,ל 100 גרם,false,1,34.90,3.49,false,1,
3069682,true,בצק פיאלס 500 גרם שלושת האופים,נטו מילנדה סחר בעמ*,,,יח,5,ל 100 גרם,false,1,18.90,3.78,true,1,
3069705,true,פיצה אישית גבינה דק בודד שלושת האופים,נטו מילנדה סחר בעמ*,,,יח,1,,false,1,2.80,2.80,true,1,
3072521,true,פסטרמה כתף בקר מעושנת,תנובה ענף ב.ע.ד,,,ל 100 גרם,3,ל 100 גרם,false,1,29.90,9.97,false,1,
3093472,true,"אבקת סוכר 1ק""ג ברמן*",בר מן תעשיות מזון בעמ,,,יח,1,"לק""ג",false,1,9.90,9.90,false,1,
3102280,true,צימרוני שסתום לתינוק,אינטרסן )1996(בעמ,,,יח,1,,false,1,3.50,3.50,false,1,
3102587,true,מברשת לבקבוק,אינטרסן )1996(בעמ,,,יח,1,,false,1,5.90,5.90,false,1,
3102693,true,פיטמות סילקון צל,אינטרסן )1996(בעמ,,,יח,1,,false,1,4.50,4.50,false,1,
3107353,true,משפר אפיה ביתי 30ג בדץ דגן*,טחנות קמח דגן {2006}בעמ,,,יח,0.30,ל 100 גרם,false,1,5.90,19.67,false,1,
3126033,true,גבינת שמנת 25% שום שמיר,החברה המרכזית טלהפצת משקאות בע,,,ל 100 גרם,1,,true,1,39.90,39.90,false,1,
3142422,true,גרעיני חמניה 180 גר` ללא מלח,ליימן שליסל בעמ,,,יח,1.80,ל 100 גרם,false,1,5.90,3.28,true,1,
3148202,true,גרנולה בתוספת תמרים ופירות יבשים,קליית חממה א.י 2011 בעמ,,,"לק""ג",10,ל 100 גרם,false,1,24,2.40,false,1,
3148301,true,גרנולה,קליית חממה א.י 2011 בעמ,,,"לק""ג",10,ל 100 גרם,false,1,24,2.40,false,1,
3189045,true,גבינה הולנדית א.ח נוכרי,גבינות הכפר בעמ,,,ל 100 גרם,10,ל 100 גרם,true,1,32.90,3.29,false,1,
3189274,true,גבינה מעושנת א.ח נוכרי,גבינות הכפר בעמ,,,ל 100 גרם,10,ל 100 גרם,true,1,32,3.20,false,1,
3268252,true,לחם חיטה מלא ללא גרעינים,דגנית עין בר תעשיות,,,יח,7.50,ל 100 גרם,false,1,13.90,1.85,false,1,
3268429,true,לחם קמח מלא פרוס,דגנית עין בר תעשיות,,,יח,5,ל 100 גרם,false,1,13.90,2.78,false,1,
3268740,true,לחם אחיד דגנית בר 750 שלם,דגנית עין בר תעשיות,,,יח,7.50,ל 100 גרם,false,1,3.90,0.52,false,1,
3414406,true,הרשי שביבי אפיה בוטנים,ליימן שליסל בעמ,,,יח,6.80,ל 100 גרם,false,1,13.90,2.04,false,1,
3457861,true,סולרו פירות טרו,"גלידת שטראוס בע""מ",,,יח,1,,false,1,8.90,8.90,true,1,
3514007,true,שקדי מרק מנה 400 גרם,ש.שסטוביץ בעמ,,,יח,4,ל 100 גרם,false,1,8.90,2.23,true,1,
4011284,true,"בסיס להכנת קצפת ריצ`212 מ""ל",נטו מילנדה סחר בעמ*,,,יח,2.12,יח,false,1,7.90,3.73,false,1,
4011338,true,"קצפת ריצ` 250 מ""ל",נטו מילנדה סחר בעמ*,,,יח,2.50,"ל 100 מ""ל",false,1,11.90,4.76,true,1,
4011345,true,קצפת ריצ`פרווה במיכל,נטו מילנדה סחר בעמ*,,,יח,2.50,ל 100 גרם,false,1,8.90,3.56,false,1,
4026776,true,לחם מחמצת אגוזים וצימוקים,ג`נרל מילס ישראל בעמ,,,ל 100 גרם,1,,false,1,17.90,17.90,false,1,
4030034,true,מיץ רימונים 1 ליטר,פריניב תנובה,,,יח,10,"ל 100 מ""ל",false,1,25.60,2.56,false,1,
4030216,true,מיץ חמוציות 1 ליטר,פריניב תנובה,,,יח,1,לליטר,false,1,12.60,12.60,true,1,
4030445,true,מיץ תפוזים 1 ליטר,פריניב תנובה,,,יח,1,לליטר,false,1,12.60,12.60,false,1,
4030544,true,מיץ לימונדה לואיזה ולימון זראס 1 ליטר,פריניב תנובה,,,יח,1,לליטר,false,1,12.60,12.60,false,1,
4030612,true,מיץ קיווי אגס 90% 1 ליטר,פריניב תנובה,,,יח,1,לליטר,false,1,16.90,16.90,true,1,
4063016,true,"מלח שולחן רגיל(כחול) 1 ק""ג*",סוגת תעשיות בעמ,,,יח,10,ל 100 גרם,false,1,1.70,0.17,false,1,
4068332,true,קממבר בקר משולש,מחלבות גד שיווק 1992 בעמ,,,ל 100 גרם,10,ל 100 גרם,true,1,125,12.50,false,1,
4068424,true,גלגל גאודה גד מעדניה,מחלבות גד שיווק 1992 בעמ,,,ל 100 גרם,10,ל 100 גרם,true,1,110,11,false,1,
4068585,true,גאודה עיזים משולשים,מחלבות גד שיווק 1992 בעמ,,,ל 100 גרם,10,"לק""ג",true,1,135,13.50,false,1,
4084295,true,"אורז פרסי חתולים 5ק""ג חממה",חממה מאיר סחר {1996} בעמ,,,יח,5,"לק""ג",false,1,36.90,7.38,false,1,
4129569,true,גבינת שמנת שום שמיר 30%,תנובה -חלב,,,ל 100 גרם,10,ל 100 גרם,true,1,44.90,4.49,false,1,
4129576,true,גבינת שמנת זיתים 30%,תנובה -חלב,,,ל 100 גרם,10,ל 100 גרם,true,1,44.90,4.49,false,1,
4129903,true,גבינת שמנת טבעית 30%,תנובה -חלב,,,ל 100 גרם,10,ל 100 גרם,true,1,44.90,4.49,false,1,
4135355,true,פיראוס בולגרית לייט 3% א.ח נוכרי,תנובה -חלב,,,ל 100 גרם,10,ל 100 גרם,true,1,39.90,3.99,false,1,
4136291,true,צפתית מעודנת 5%,תנובה -חלב,,,ל 100 גרם,10,ל 100 גרם,true,1,50,5,false,1,
4194178,true,עוף מס 1 מחפוד,עוף ירושלים שיווק בעמ,,,"לק""ג",1,,true,1,24.90,24.90,false,1,
4194208,true,כרעיים עוף ארוז מחפוד ק,עוף ירושלים שיווק בעמ,,,"לק""ג",10,ל 100 גרם,true,1,31.90,3.19,false,1,
4194239,true,חזה פטם מחפוד,עוף ירושלים שיווק בעמ,,,"לק""ג",10,ל 100 גרם,true,1,31.90,3.19,false,1,
4194253,true,כנפיים עוף ארוז מחפוד,עוף ירושלים שיווק בעמ,,,"לק""ג",10,ל 100 גרם,true,1,12.90,1.29,false,1,
4194260,true,שוקיים עוף ארוז מחפוד,עוף ירושלים שיווק בעמ,,,"לק""ג",10,ל 100 גרם,true,1,31.90,3.19,false,1,
4194314,true,לבבות עוף ארוז מחפוד,עוף ירושלים שיווק בעמ,,,"לק""ג",10,ל 100 גרם,true,1,34.90,3.49,false,1,
4194536,true,חזה עוף מחופד טרי ארוז,עוף ירושלים שיווק בעמ,,,"לק""ג",1,,true,1,32.90,32.90,true,1,
4194543,true,כרעיים עוף מחפוד טרי ארוז,עוף ירושלים שיווק בעמ,,,"לק""ג",10,ל 100 גרם,true,1,32.90,3.29,true,1,
4194550,true,כנפיים עוף מחפוד טרי ארוז,עוף ירושלים שיווק בעמ,,,"לק""ג",1,,true,1,16.90,16.90,true,1,
4194581,true,פרגיות עוף טרי ארוז מחפוד,עוף ירושלים שיווק בעמ,,,"לק""ג",1,,true,1,75,75,false,1,
4194598,true,כבד עוף טרי מחפוד ארוז,עוף ירושלים שיווק בעמ,,,"לק""ג",1,,true,1,32.90,32.90,false,1,
4194635,true,שניצל עוף טרי ארוז מחפוד,עוף ירושלים שיווק בעמ,,,"לק""ג",1,"לק""ג",true,1,39.90,39.90,false,1,
4199029,true,נשכן קור טוליפ דובי,אינטרסן )1996(בעמ,,,יח,1,,false,1,8.90,8.90,false,1,
4199272,true,בקבוק פיה רחבה,אינטרסן )1996(בעמ,,,יח,1,,false,1,12.90,12.90,false,1,
4199326,true,כוס אימון מהפכנית לתינוק,אינטרסן )1996(בעמ,,,יח,1,,false,1,12.90,12.90,false,1,
4225285,true,גבינה סגנון דנאבלו 100 גר,נטו מילנדה סחר בעמ*,,,יח,1,ל 100 גרם,false,1,11.90,11.90,true,1,
4263027,true,קבב מזרחי עטרה 500 גרם,נטו מלינדה סחר בעמ,,,יח,5,ל 100 גרם,false,1,18.90,3.78,false,1,
4263034,true,עטרה בורגר עטרה 500 גרם,נטו מלינדה סחר בעמ,,,יח,5,ל 100 גרם,false,1,18.90,3.78,false,1,
4263393,true,קישקע ירושלמי עטרה 500 גרם,נטו מלינדה סחר בעמ,,,יח,5,ל 100 גרם,false,1,16.90,3.38,false,1,
4263553,true,חזה מס 3 עטרה,נטו מלינדה סחר בעמ,,,"לק""ג",10,ל 100 גרם,true,1,39.90,3.99,true,1,
4263652,true,נקניקיות עוף עטרה 400 גרם,נטו מלינדה סחר בעמ,,,יח,4,ל 100 גרם,false,1,11.90,2.98,true,1,
4263676,true,טחון הודו בית יו,נטו מלינדה סחר בעמ,,,יח,5,ל 100 גרם,false,1,12.90,2.58,false,1,
4263782,true,עצמות מוח עטרה,נטו מלינדה סחר בעמ,,,"לק""ג",1,,true,1,32.90,32.90,false,1,
4263935,true,מס 7 עטרה,נטו מלינדה סחר בעמ,,,"לק""ג",10,ל 100 גרם,true,1,39.90,3.99,true,1,
4267209,true,עוגיות לקפה 200ג ברמן *,ברמן שוקולד ועוגיות בעמ,,,יח,2,ל 100 גרם,false,1,4.90,2.45,true,1,
4267216,true,עוגיות ריבה 200ג ברמן *,ברמן שוקולד ועוגיות בעמ,,,יח,2,ל 100 גרם,false,1,4.90,2.45,true,1,
4267650,true,עוגיות ריבה 600 ברמן *,ברמן שוקולד ועוגיות בעמ,,,יח,6,ל 100 גרם,false,1,11.90,1.98,false,1,
4645311,true,טונה כהה(וואקום) רוזנרס,ש.רוזנרס בעמ,,,"לק""ג",10,ל 100 גרם,true,1,51.90,5.19,false,1,
4645328,true,פילה סלמון רוזנרס,ש.רוזנרס בעמ,,,"לק""ג",10,ל 100 גרם,true,1,89.90,8.99,false,1,
4645748,true,פילה אמנון בלי עור קהילות,ש.רוזנרס בעמ,,,"לק""ג",10,ל 100 גרם,true,1,39.90,3.99,true,1,
4731083,true,כיף 1 ליטר ג`נסינג,החברה הדרומית לשיווק בעמ,,,יח,1,לליטר,false,1,11.90,11.90,false,1,
4861025,true,גבינת בולגרית 16%/5%,מחלבת המושבה בעמ,,,ל 100 גרם,10,ל 100 גרם,true,1,46.90,4.69,false,1,
4861278,true,גבינת שמנת בטעמים 30%,מחלבת המושבה בעמ,,,ל 100 גרם,10,ל 100 גרם,true,1,39.90,3.99,true,1,
4861315,true,לבנה טבעי /ש . זית וזעתר,מחלבת המושבה בעמ,,,ל 100 גרם,10,ל 100 גרם,true,1,44.90,4.49,false,1,
4861421,true,חלומי מהדרין,מחלבת המושבה בעמ,,,"לק""ג",10,ל 100 גרם,true,1,79.90,7.99,false,1,
4861445,true,לבנה כדורים בשמן זית,מחלבת המושבה בעמ,,,ל 100 גרם,10,ל 100 גרם,true,1,119,11.90,false,1,
4861520,true,גבינת שמנת %5טעמים,מחלבת המושבה בעמ,,,ל 100 גרם,10,ל 100 גרם,true,1,28.90,2.89,false,1,
4861629,true,מוצרלה ג וניור בייבי,מחלבת המושבה בעמ,,,ל 100 גרם,10,ל 100 גרם,true,1,79.90,7.99,false,1,
5017902,true,מרגז מרוקאי חריף נתח אדום,נתח אדום עוזי ביטון ובניו בעמ,,,יח,7,ל 100 גרם,false,1,29.90,4.27,false,1,
5017933,true,טחול ממולא בדץ נתח אדום,נתח אדום עוזי ביטון ובניו בעמ,,,"לק""ג",10,ל 100 גרם,true,1,64.90,6.49,false,1,
5017940,true,נקניקיות מרגז כבד נתח אדום,נתח אדום עוזי ביטון ובניו בעמ,,,יח,7,ל 100 גרם,false,1,29.90,4.27,false,1,
5017957,true,"קבב בקר ביתי בד""ץ",נתח אדום עוזי ביטון ובניו בעמ,,,יח,7,ל 100 גרם,false,1,29.90,4.27,false,1,
5017964,true,"קבב טלה ארוז בד""ץ",נתח אדום עוזי ביטון ובניו בעמ,,,יח,7,ל 100 גרם,false,1,29.90,4.27,false,1,
5017995,true,שיפודי פרגיות קפוא נתח אדום,נתח אדום עוזי ביטון ובניו בעמ,,,יח,6,ל 100 גרם,false,1,59.90,9.98,false,1,
5100037,true,קוראסון שוקולד גדול,ג`נרל מילס ישראל בעמ,,,יח,1,,false,1,3.90,3.90,false,1,
5100248,true,עוגת סבתא שוקולד,ג`נרל מילס ישראל בעמ,,,יח,1,,false,1,28.90,28.90,false,1,
5384899,true,גבינת פטה יווני,ג.וילי פוד בעמ,,,ל 100 גרם,10,ל 100 גרם,true,1,27,2.70,true,1,
5423567,true,סנו מטליות בגליל.,החברה הדרומית לשיווק בעמ,,,יח,1,,false,1,18.90,18.90,false,1,
5424847,true,סופט 150לבן,החברה הדרומית לשיווק בעמ,,,יח,1,,false,1,8.90,8.90,false,1,
5426193,true,סנו סושי ספוג הפלא,החברה הדרומית לשיווק בעמ,,,יח,1,,false,1,10.90,10.90,false,1,
5426230,true,מטלית הפלא לריצפה,החברה הדרומית לשיווק בעמ,,,יח,1,,false,1,11.90,11.90,false,1,
5430671,true,פוליויקס קרמיקה.,החברה הדרומית לשיווק בעמ,,,יח,20,"ל 100 מ""ל",false,1,19.90,1,false,1,
5431906,true,קדיף 82 גר`,תנובה -חלב,,,יח,0.82,ל 100 גרם,false,1,5.90,7.20,false,1,
5559709,true,בורקס פיצה 700 גרם מעדנות,תנובה ענף ב.ע.ד,,,יח,7,ל 100 גרם,false,1,25.90,3.70,false,1,
5559990,true,בצק פילאס תורכי מעדנות 600 גרם,תנובה ענף ב.ע.ד,,,ל 100 גרם,6,ל 100 גרם,false,1,20.90,3.48,false,1,
5610509,true,צנונית מובחרת (דוד משה ),"בכורי השדה צפון1994 ג.ד. בע""מ",,,יח,1,,false,1,4.90,4.90,false,1,
5617492,true,דלי פיה ידית פלסטיק 12 נופר*,נופר ששון ציון בעמ,,,יח,1,יח,false,1,10.90,10.90,false,1,
5854569,true,שלגון מצופה שוקו בננה,"גלידת שטראוס בע""מ",,,יח,0.60,ל 100 גרם,false,1,5.30,8.83,true,1,
5938627,true,ממרח עגבניות,נטו מילנדה סחר בעמ*,,,יח,2.20,ל 100 גרם,false,1,16.90,7.68,false,1,
5992247,true,חלומי גד,מחלבות גד שיווק 1992 בעמ,,,ל 100 גרם,10,ל 100 גרם,true,1,95,9.50,false,1,
5996238,true,פסטרמה בדבש דק דק 120 גר`,מעדני יחיעם (1993) בעמ,,,יח,1.40,ל 100 גרם,false,1,10.90,7.79,false,1,
6271174,true,גחנון בצק לאפייה 700 גרם מעדנות,תנובה ענף ב.ע.ד,,,יח,7,ל 100 גרם,false,1,18.20,2.60,false,1,
6271181,true,ג חנון אפוי 750 גרם מעדנות,תנובה ענף ב.ע.ד,,,ל 100 גרם,7.50,ל 100 גרם,false,1,21.90,2.92,false,1,
6271648,true,"מיני בורקס תפו""א מעדנות 800 גרם",תנובה ענף ב.ע.ד,,,יח,6.50,יח,false,1,22.90,3.52,false,1,
6271655,true,מיני בורקס גבינה מעדנות 800 גרם,תנובה ענף ב.ע.ד,,,יח,8,יח,false,1,22.90,2.86,false,1,
6272072,true,חטיפי פיצה 100% גבינה 650 גרם מעדנות,תנובה ענף ב.ע.ד,,,יח,6.50,יח,false,1,27.90,4.29,true,1,
6272430,true,בצק עלים חמאה 600 גר מעדנות,תנובה ענף ב.ע.ד,,,ל 100 גרם,6,ל 100 גרם,false,1,26.90,4.48,false,1,
6306302,true,רביולי גבינה ופרמזן,מחלבות גד שיווק 1992 בעמ,,,יח,4,"ל 100 מ""ל",false,1,22.90,5.73,true,1,
6306319,true,רביולי בטטה,מחלבות גד שיווק 1992 בעמ,,,יח,1,,false,1,22.90,22.90,true,1,
6448033,true,נפוליאון גבינת שמנת זיתים 25% 800 ג,תנובה -חלב,,,"לק""ג",8,ל 100 גרם,true,1,39.90,4.99,false,1,
6492432,true,מוצרלה בייבי מחלבות גד,מחלבות גד שיווק 1992 בעמ,,,יח,1,,false,1,13.90,13.90,false,1,
6492630,true,גליל גד עז 180 גר,מחלבות גד שיווק 1992 בעמ,,,יח,1,,false,1,22.90,22.90,false,1,
6511683,true,פולי סויה קפואים ווילי פוד 450 גרם,ג.וילי פוד בעמ,,,יח,4.54,ל 100 גרם,false,1,8.90,1.96,true,1,
6547620,true,פלסטר 50 יח חביב*,חביב את פרנק בעמ (לוגיסטי ),,,יח,1,יח,false,1,3.90,3.90,false,1,
6550972,true,"בשר בקר טחון עטרה 1 ק""ג",נטו מלינדה סחר בעמ,,,יח,1,ל 100 גרם,false,1,29.90,29.90,false,1,
6681065,true,טעמקור XL שוקו וניל,"גלידת שטראוס בע""מ",,,יח,1,,false,1,6.90,6.90,true,1,
6707116,true,שווארמה פטם ארוז עוף טוב,עוף טוב (שאן) בעמ,,,"לק""ג",10,ל 100 גרם,true,1,49.90,4.99,false,1,
6707543,true,פילה עוף טרי ארוז ע.ט,עוף טוב (שאן) בעמ,,,"לק""ג",1,,true,1,42.90,42.90,true,1,
6737915,true,דובשניות 300 גרם חפץ,לירון קרביץ יבוא שיווק וסחר,,,יח,3,ל 100 גרם,false,1,6.90,2.30,false,1,
6739407,true,שניצל תירס לייט גר`,זוגלובק שיווק בעמ,,,יח,7.50,ל 100 גרם,false,1,24.90,3.32,true,1,
6739445,true,שניצל תירס קלאסי 750 ק. זוגלובק,זוגלובק שיווק בעמ,,,יח,7.50,ל 100 גרם,false,1,23.90,3.19,true,1,
6739544,true,כתף בקר 300 גר` זוגלובק,זוגלובק שיווק בעמ,,,יח,0.30,ל 100 גרם,false,1,29.90,99.67,false,1,
6742278,true,פסטרממיה צלויה על לבנים 330 גר`זוגלוב,זוגלובק שיווק בעמ,,,יח,3.30,ל 100 גרם,false,1,25.90,7.85,true,1,
6742292,true,פסטרממיה בדבש 330 גר`זוגלובק,זוגלובק שיווק בעמ,,,יח,3.30,ל 100 גרם,false,1,25.90,7.85,true,1,
6775894,true,עוגת שיש ללא סוכר 400ג אחוה*,אחדות בעמ,,,יח,4,ל 100 גרם,false,1,10.90,2.73,false,1,
6775900,true,עוגיות מיני מרוקאיות 500ג אחוה*,אחדות בעמ,,,יח,5,ל 100 גרם,false,1,9.90,1.98,false,1,
6920980,true,מוצרלה בייבי,צי-תעשיות מזון יבנה בעמ,,,ל 100 גרם,1,,true,1,46.50,46.50,false,1,
6941466,true,"שמן קנולה 1 ליטר ""שווה"" *",ברוקלמן גרמניה,,,יח,1,לליטר,false,1,9.90,9.90,false,1,
8149235,true,פרגית עופיון,נטו מילנדה סחר בעמ*,,,"לק""ג",1,,true,1,54.90,54.90,false,1,
8154222,true,שניצלונים עוף טוב,קבוצת אוסם סחר שותפות מוגבלת,,,יח,7,ל 100 גרם,false,1,13.90,1.99,true,1,
8335560,true,סיגרים בשר,נטו מילנדה סחר בעמ*,,,יח,6,ל 100 גרם,false,1,12.90,2.15,false,1,
8335577,true,"9פסטל תפו,א",נטו מילנדה סחר בעמ*,,,יח,6,ל 100 גרם,false,1,12.90,2.15,false,1,
8335584,true,"סיגרים תפו,א",נטו מילנדה סחר בעמ*,,,יח,6,ל 100 גרם,false,1,12.90,2.15,false,1,
8343466,true,בצק פילו שלושת האופים 500 גרם,נטו מילנדה סחר בעמ*,,,יח,5,ל 100 גרם,false,1,18.90,3.78,true,1,
8343503,true,ג חנון אפוי 650 גרם שלושת האופים,נטו מילנדה סחר בעמ*,,,יח,6.50,ל 100 גרם,false,1,18.90,2.91,true,1,
8343510,true,מיני ג חנון אפוי שלושת האופים 650 גרם,נטו מילנדה סחר בעמ*,,,יח,6.50,ל 100 גרם,false,1,18.90,2.91,false,1,
8409100,true,אצבעות שניצל מאמא עוף 700 גרם,תנובה ענף ב.ע.ד,,,יח,7,ל 100 גרם,false,1,33.90,4.84,false,1,
8409124,true,שניצל ג ונגל מאמא עוף,תנובה ענף ב.ע.ד,,,יח,7,ל 100 גרם,false,1,29.90,4.27,false,1,
8409551,true,שניצל ע. ציפוי,תנובה ענף ב.ע.ד,,,יח,7,ל 100 גרם,false,1,34.90,4.99,false,1,
8409582,true,שניצל אמיתי ביתי,תנובה ענף ב.ע.ד,,,יח,7,ל 100 גרם,false,1,34.90,4.99,false,1,
8464406,true,מקס פחית 330 פפסי,טמפו משקאות בעמ,,,יח,3.30,"ל 100 מ""ל",false,1,3.50,0.97,true,1,
8464697,true,מכבי חזקה 7.9% שישיה,טמפו משקאות בעמ,,,יח,15,"ל 100 מ""ל",false,1,36.90,2.34,true,1,
8805049,true,רוזה סלקטד,אגודת הכורמים בעמ,,,יח,7.50,"ל 100 מ""ל",false,1,29.90,3.95,true,1,
8849838,true,טפנד זיתים,תנובה -חלב,,,יח,8,"ל 100 מ""ל",false,1,11.90,1.49,false,1,
8899512,true,בגט כפרי,ג`נרל מילס ישראל בעמ,,,,1,,false,1,5.50,5.50,false,1,
8921275,true,שיראז תישבי,יקב תשבי (יקבי הברון בעמ ),,,"ל 100 מ""ל",7.50,"ל 100 מ""ל",false,1,37.90,5.01,true,1,
8989091,true,פרכיות אורז 300ג 3יח BD *,בטר אנד דיפרנט בעמ,,,יח,3.10,ל 100 גרם,false,1,11.90,3.84,false,1,
8989848,true,חמאת בוטנים קרנצי 350ג BD*,בטר אנד דיפרנט בעמ,,,יח,3.50,ל 100 גרם,false,1,13.50,3.86,false,1,
10003686,true,Bay leaves 20 grm bag - Maimon Spices,א.ל ייצור ושיווק תבלינים בעמ,,,יח,2,ל 100 גרם,false,1,5.90,2.95,false,1,
10003693,true,Sweet paprika 80 grm bag - Maimon Spices,א.ל ייצור ושיווק תבלינים בעמ,,,יח,0.20,ל 100 גרם,false,1,5.90,29.50,false,1,
10003792,true,Lemon Salt 100 grm bag new - Maimon Spic,א.ל ייצור ושיווק תבלינים בעמ,,,יח,1,ל 100 גרם,false,1,5.90,5.90,false,1,
10003808,true,Hyssop and sesame 80 grm bag - Maimon Sp,א.ל ייצור ושיווק תבלינים בעמ,,,יח,8,ל 100 גרם,false,1,5.90,0.74,false,1,
10065059,true,מחית פירות מעורבים שלב 3,גורי מוצרי צריכה 1991 בעמ,,,יח,1.90,ל 100 גרם,false,1,6.60,3.47,true,1,
10066445,true,טונה בשמן צמחי 414ג פילטונה אדום*,תעשיות פיל טונה בעמ,,,יח,4.14,ל 100 גרם,false,1,11.90,2.87,false,1,
10066513,true,טונה בשמן 160ג 4יח פילטונה*,תעשיות פיל טונה בעמ,,,יח,4,למארז,false,1,21.90,5.48,false,1,
10066575,true,טונה במים 160ג 4יח פילטונה*,תעשיות פיל טונה בעמ,,,יח,4,למארז,false,1,21.90,5.48,false,1,
10066582,true,טונה בשמן קנולה 160ג 4יח פילטונה*,תעשיות פיל טונה בעמ,,,יח,4,למארז,false,1,21.90,5.48,false,1,
10066599,true,טונה בשמן זית 160ג 4יח פילטונה*,תעשיות פיל טונה בעמ,,,יח,4.52,ל 100 גרם,false,1,27.90,6.17,false,1,
10161669,true,דאו` אדם פרימייר,ש.שסטוביץ בעמ,,,יח,1,,false,1,15.90,15.90,false,1,
10328345,true,חלבה חטיף 50ג אחוה,אחדות בעמ,,,יח,0.50,ל 100 גרם,false,1,1.60,3.20,false,1,
10328727,true,ממרח טחינה עם שוקולד400ג אחוה *,אחדות בעמ,,,יח,4,"ל 100 מ""ל",false,1,9.90,2.48,false,1,
10328734,true,ממרח טחינה עם סילאן 400ג אחוה *,אחדות בעמ,,,יח,4,"ל 100 מ""ל",false,1,9.90,2.48,false,1,
10328765,true,חלבה חטיף 50ג שוקו וניל בקופסה אחוה,אחדות בעמ,,,יח,0.50,ל 100 גרם,false,1,1.60,3.20,false,1,
10328901,true,מאפין וניל 45ג אחוה*,אחדות בעמ,,,יח,0.45,ל 100 גרם,false,1,1.40,3.11,true,1,
10513727,true,פירורי לחם פנקו 200 גר`,מזרח ומערב יבוא ושיווק,,,יח,2,ל 100 גרם,false,1,7.90,3.95,false,1,
10558001,true,ממרח לימון 200ג עוזי*,עוזי טעמים של בית,,,יח,2,ל 100 גרם,false,1,10.90,5.45,false,1,
10558087,true,אריסה פיקנטי 200ג עוזי*,עוזי טעמים של בית,,,יח,2,ל 100 גרם,false,1,10.90,5.45,false,1,
10558889,true,שום כתוש 200ג עוזי*,עוזי טעמים של בית,,,יח,2,ל 100 גרם,false,1,10.90,5.45,false,1,
10558896,true,אריסה מתוקה 200ג עוזי*,עוזי טעמים של בית,,,יח,2,ל 100 גרם,false,1,10.90,5.45,false,1,
10558902,true,אריסה חריפה מאוד 200ג עוזי*,עוזי טעמים של בית,,,יח,2,ל 100 גרם,false,1,10.90,5.45,false,1,
10598130,true,דלי פיה 13 ליטר,מ. מיכאל הום דיזיין יבוא ושיוו,,,יח,1,,false,1,11.90,11.90,false,1,
10719044,true,שמן זית 5 ליטר פח אחיה*,ארץ זית שמן מובחר בעמ,,,יח,50,"ל 100 מ""ל",false,1,199,3.98,false,1,
10719051,true,"שמן זית 250 מ""ל אחיה*",ארץ זית שמן מובחר בעמ,,,יח,2.50,"ל 100 מ""ל",false,1,15.90,6.36,false,1,
10766949,true,ממרח תחתיות ארטישוק,תה ויסוצקי (ישראל)בעמ,,,יח,1.80,ל 100 גרם,false,1,12.90,7.17,false,1,
10777358,true,פיתה כוסמין מלא שובע,גיא שיווק טוב,,,יח,1,יח,false,1,15.90,15.90,false,1,
11132507,true,סאן בנדטו מוגז עדין,טמפו משקאות בעמ,,,יח,1,,false,1,2.90,2.90,false,1,
11133498,true,בירה שנדי תפוחים,טמפו משקאות בעמ,,,יח,3.30,"ל 100 מ""ל",false,1,6.90,2,false,1,
11154592,true,סילאן 360 גרם בקבוק לחיץ*,טעמי הגליל בעמ,,,יח,3.60,ל 100 גרם,false,1,8.90,2.47,false,1,
11174897,true,600 expired peas - Pry Galilee,ויטה-פרי גליל (החדשה) בעמ,,,יח,6,ל 100 גרם,false,1,11.90,1.98,false,1,
11223038,true,עלים לקרמשניט 300 גר`,"דנשר (1963) בע,מ",,,יח,3,ל 100 גרם,false,1,14.90,4.97,false,1,
11223045,true,בישקוטים 200 גר,"דנשר (1963) בע,מ",,,יח,2,ל 100 גרם,false,1,5.90,2.95,false,1,
11254773,true,שעועית ארגנטינאית 500 מיה,מיה תעשיות מזון מ.ת.מ בעמ,,,יח,5,ל 100 גרם,false,1,9.90,1.98,true,1,
11254780,true,"שעועית ארגנטינאית 1 ק""ג מיה",מיה תעשיות מזון מ.ת.מ בעמ,,,יח,10,ל 100 גרם,false,1,16.90,1.69,true,1,
11369460,true,מזלף לאמבטיה ע. הבית,עולם הבית,,,יח,1,,false,1,19.90,19.90,false,1,
11499624,true,גבינת שמנת 30% טבעי,מחלבות גד שיווק 1992 בעמ,,,יח,2,ל 100 גרם,false,1,12.90,6.45,false,1,
11499846,true,ריקוטה פרסקה,מחלבות גד שיווק 1992 בעמ,,,יח,2.50,ל 100 גרם,false,1,16.90,6.76,false,1,
11499853,true,גבינת שמנת 30% זיתים,מחלבות גד שיווק 1992 בעמ,,,יח,2,ל 100 גרם,false,1,12.90,6.45,false,1,
11514105,true,מסנן אמרקאי לכיור,עולם הבית,,,יח,1,,false,1,15,15,false,1,
11514280,true,מתקן לספוג וואקום ע. הבית,עולם הבית,,,יח,1,,false,1,6.90,6.90,false,1,
11514464,true,גומיות צבעוניות ע. הבית,עולם הבית,,,יח,1,,false,1,7.90,7.90,false,1,
11514761,true,סיכות ביטחון ע. הבית,עולם הבית,,,יח,1,,false,1,5.90,5.90,false,1,
11514877,true,סט לבד לכיסאות ע. הבית,עולם הבית,,,יח,1,,false,1,11.90,11.90,false,1,
11514990,true,מספריים ע. הבית,עולם הבית,,,יח,1,,false,1,11.90,11.90,false,1,
11618025,true,נגיסי אורז לתינוק,"דנשר (1963) בע,מ",,,יח,0.50,ל 100 גרם,false,1,11.90,23.80,false,1,
11695651,true,צנימים 300 גר`,נאמן לאורך זמן בעמ,,,יח,3,ל 100 גרם,false,1,12.90,4.30,false,1,
11695972,true,טוסטים טעימים,נאמן לאורך זמן בעמ,,,יח,1,ל 100 גרם,false,1,7.90,7.90,false,1,
11876388,true,קציצות עוף ובקר מאמא עוף 600 גרם,תנובה ענף ב.ע.ד,,,יח,6,ל 100 גרם,false,1,28.90,4.82,false,1,
12025839,true,מטבוחה 400 גר`,סלטי שמיר 2006 בעמ,,,יח,3,ל 100 גרם,false,1,10.90,3.63,true,1,
12116063,true,אל סבון פיות קמומיל,החברה הדרומית לשיווק בעמ,,,יח,7.50,"ל 100 מ""ל",false,1,10.90,1.45,false,1,
12116537,true,א. כביסה מקסימה 2.5 מאסק,החברה הדרומית לשיווק בעמ,,,יח,25,ל 100 גרם,false,1,24.90,1,false,1,
12117091,true,"מקסימה 6 ק""ג ג סנסטיב",החברה הדרומית לשיווק בעמ,,,יח,60,ל 100 גרם,false,1,45.90,0.77,false,1,
12117275,true,"סנוקליר מילוי 750 מ""ל",החברה הדרומית לשיווק בעמ,,,יח,7.50,"ל 100 מ""ל",false,1,5.90,0.79,false,1,
12117350,true,ריצפז פרש 2ליטר,החברה הדרומית לשיווק בעמ,,,יח,20,"ל 100 מ""ל",false,1,17.90,0.90,false,1,
12117534,true,מרכך מקסימה סופר מרוכז,החברה הדרומית לשיווק בעמ,,,יח,10,"ל 100 מ""ל",false,1,17.90,1.79,false,1,
12117541,true,מרכך מקסימה סופר מרוכז,החברה הדרומית לשיווק בעמ,,,יח,10,"ל 100 מ""ל",false,1,17.90,1.79,false,1,
12117732,true,מרכך כביסה סנו מקסימה,החברה הדרומית לשיווק בעמ,,,יח,40,"ל 100 מ""ל",false,1,21.90,0.55,false,1,
12117916,true,סנו אינסטלטור נוזלי 1 ליטר,החברה הדרומית לשיווק בעמ,,,יח,10,"ל 100 מ""ל",false,1,26.90,2.69,false,1,
12226120,true,קבנוס 135 גר`,זוגלובק שיווק בעמ,,,יח,1.35,ל 100 גרם,false,1,9.90,7.33,true,1,
12227172,true,מארז זוג כפרי דבש,זוגלובק שיווק בעמ,,,יח,8,ל 100 גרם,false,1,25.90,3.24,true,1,
12227592,true,צמד 700 גרם מחפוד זוגלובק,זוגלובק שיווק בעמ,,,יח,7,ל 100 גרם,false,1,26.90,3.84,true,1,
12227608,true,צמד 600 גרם-מחפוד זוגלובק,זוגלובק שיווק בעמ,,,יח,6,ל 100 גרם,false,1,26.90,4.48,true,1,
12227615,true,נקנקיות עוף 800 גר`-מחפוד-זוגלובק,זוגלובק שיווק בעמ,,,יח,8,ל 100 גרם,false,1,19.90,2.49,false,1,
12227738,true,סלמי תה מעושן- מחפוד,זוגלובק שיווק בעמ,,,יח,3.70,ל 100 גרם,false,1,20.90,5.65,false,1,
12313141,true,מלפון פרוסות במלח A2,קבוצת יבנה מוצרי מזון,,,יח,6,ל 100 גרם,false,1,6.50,1.08,false,1,
12313547,true,זיתים קלמנטה A2,קבוצת יבנה מוצרי מזון,,,יח,6,ל 100 גרם,false,1,10.90,1.82,false,1,
12404993,true,ספרינג נקטר דיאט חמוציות,יפאורה שותפות מוגבלת לשיווק,,,יח,12.50,"ל 100 מ""ל",false,1,11.90,0.93,false,1,
12454608,true,תן צ אפ טבעות 70 גר מיה,מיה תעשיות מזון מ.ת.מ בעמ,,,יח,1,,false,1,3.80,3.80,false,1,
12522581,true,שניצל תירס ללא גלוטן,קבוצת אוסם סחר שותפות מוגבלת,,,יח,6.64,ל 100 גרם,false,1,26.90,4.05,true,1,
12697081,true,סוכרזית מהטבע סטיוויה 100 שקיות,שטראוס גרופ בעמ,,,יח,1,ל 100 גרם,false,1,26.90,26.90,false,1,
12803055,true,מרמוליט סוכרלוז 100 יח`,"דנשר (1963) בע,מ",,,יח,1,ל 100 גרם,false,1,24.90,24.90,true,1,
12823602,true,נייר טואלט סןפט 32 לבן,החברה הדרומית לשיווק בעמ,,,יח,25.50,ל 100 גרם,false,1,34.90,1.37,false,1,
12823657,true,רסס וכבס מילוי,החברה הדרומית לשיווק בעמ,,,יח,7.50,"ל 100 מ""ל",false,1,9.90,1.32,false,1,
12823923,true,מרכך פרימיום מקסימה גולדן,החברה הדרומית לשיווק בעמ,,,יח,1,לליטר,false,1,17.90,17.90,false,1,
12823947,true,מרכך פרימיום מקסימה קריסטל,החברה הדרומית לשיווק בעמ,,,יח,7.50,לליטר,false,1,17.90,2.39,false,1,
12936890,true,Nigella 50 grm Court. Glass - Maimon Spi,א.ל ייצור ושיווק תבלינים בעמ,,,יח,0.50,ל 100 גרם,false,1,10.90,21.80,false,1,
12936937,true,Bharat 40 grm Court. Glass - Maimon Spic,א.ל ייצור ושיווק תבלינים בעמ,,,יח,0.60,ל 100 גרם,false,1,10.90,18.17,false,1,
12938580,true,סנסודין הלבנה עדינה,גורי ע.ע.ע בעמ,,,יח,0.75,ל 100 גרם,false,1,21.90,29.20,true,1,
12938597,true,סנסודיין הקלה מיידית,גורי ע.ע.ע בעמ,,,יח,1,,false,1,25.90,25.90,true,1,
12969614,true,ניילון נצמד 300/45 אופל*,אופל אריזות בעמ,,,יח,1,יח,false,1,33.90,33.90,false,1,
12996450,true,מרכך כביסה הפי סופר מרוכז,"יעקב יעקבי ובניו בע""מ",,,יח,10,"ל 100 ס""מ",false,1,12.90,1.29,false,1,
13027399,true,אנג`ל 100 קל,שלמה א.אנג ל בעמ,,,יח,1,,false,1,14.90,14.90,false,1,
13038432,true,אקווה נובה 2 ליטר יחידה,טמפו משקאות בעמ,,,יח,2,לליטר,false,1,3.20,1.45,false,1,
13083661,true,מטרנה אקסטרה קר שלב 1,קבוצת אוסם סחר שותפות מוגבלת,,,יח,7,"ל 100 מ""ל",false,1,55.90,7.99,false,1,
13083678,true,מטרנה אקסטרה קר שלב 2,קבוצת אוסם סחר שותפות מוגבלת,,,יח,7,"ל 100 מ""ל",false,1,55.90,7.99,false,1,
13083685,true,מטרנה אקסטרה קר שלב 3,קבוצת אוסם סחר שותפות מוגבלת,,,יח,7,"ל 100 מ""ל",false,1,55.90,7.99,false,1,
13117212,true,בורקס פילו במילוי גבינה מעדנות 600 גרם,תנובה ענף ב.ע.ד,,,ל 100 גרם,6,ל 100 גרם,false,1,19.90,3.32,false,1,
13117229,true,"בורקס פילו במילוי תפו""א מעדנות 600 גר",תנובה ענף ב.ע.ד,,,ל 100 גרם,6,ל 100 גרם,false,1,19.90,3.32,false,1,
13117236,true,בורקס פילו פיצה מעדנות 600 גרם,תנובה ענף ב.ע.ד,,,ל 100 גרם,6,ל 100 גרם,false,1,19.90,3.32,false,1,
13117243,true,בורקס פילו בולגרית מעדנות 600 גרם,תנובה ענף ב.ע.ד,,,ל 100 גרם,6,ל 100 גרם,false,1,19.90,3.32,false,1,
13117427,true,בצק פריך מלוח מעדנות,תנובה ענף ב.ע.ד,,,ל 100 גרם,9,ל 100 גרם,false,1,19.90,2.21,false,1,
13117526,true,בצק שמרים למאפה מתוקים מעדנות 600 גרם,תנובה ענף ב.ע.ד,,,יח,6,ל 100 גרם,false,1,19.90,3.32,false,1,
13144171,true,Fur chocolate cake mix 560 - Maimon`s,א.ל ייצור ושיווק תבלינים בעמ,,,יח,5.60,ל 100 גרם,false,1,16.90,3.02,true,1,
13144188,true,600 grm brownie mix - Maimon`s,א.ל ייצור ושיווק תבלינים בעמ,,,יח,6,ל 100 גרם,false,1,16.90,2.82,true,1,
13144218,true,Vanilla cake mix 560 grm - Maimon`s,א.ל ייצור ושיווק תבלינים בעמ,,,יח,5.60,ל 100 גרם,false,1,16.90,3.02,true,1,
13144317,true,Goni 18 units - Maimon`s,א.ל ייצור ושיווק תבלינים בעמ,,,יח,1.50,ל 100 גרם,false,1,20.90,13.93,false,1,
13144393,true,Vanilla extract 50 grm - Maimon`s,א.ל ייצור ושיווק תבלינים בעמ,,,יח,0.50,ל 100 גרם,false,1,4.40,8.80,false,1,
13144409,true,Rum extract 50 grm - Maimon`s,א.ל ייצור ושיווק תבלינים בעמ,,,יח,0.50,ל 100 גרם,false,1,4.40,8.80,false,1,
13144560,true,Blue food coloring 50 grm - Maimon`s,א.ל ייצור ושיווק תבלינים בעמ,,,יח,0.50,ל 100 גרם,false,1,3.90,7.80,false,1,
13145017,true,Walnut shell 100 grm - Maimon`s,א.ל ייצור ושיווק תבלינים בעמ,,,יח,1,ל 100 גרם,false,1,11.90,11.90,false,1,
13145031,true,To March candied hazelnuts 100g - Maimon,א.ל ייצור ושיווק תבלינים בעמ,,,יח,1,ל 100 גרם,false,1,11.90,11.90,false,1,
13145048,true,Pine nuts 100 grm - Maimon`s,א.ל ייצור ושיווק תבלינים בעמ,,,יח,1,ל 100 גרם,false,1,24.90,24.90,false,1,
13145055,true,100 grm whole poppy - Maimon`s,א.ל ייצור ושיווק תבלינים בעמ,,,יח,1,ל 100 גרם,false,1,6.90,6.90,false,1,
13145079,true,Gross natural almond 100 grm - Maimon`s,א.ל ייצור ושיווק תבלינים בעמ,,,יח,1,ל 100 גרם,false,1,12.90,12.90,true,1,
13145123,true,Bleached almond sliced ??100 grm - Maimo,א.ל ייצור ושיווק תבלינים בעמ,,,יח,1,ל 100 גרם,false,1,12.90,12.90,true,1,
13145130,true,Half bleached almond 100 grm - Maimon`s,א.ל ייצור ושיווק תבלינים בעמ,,,יח,1,ל 100 גרם,false,1,12.90,12.90,true,1,
13145161,true,Candied pecans 100 grm - Maimon`s,א.ל ייצור ושיווק תבלינים בעמ,,,יח,1,ל 100 גרם,false,1,15.90,15.90,false,1,
13145178,true,Shredded coconut White 100 grm - Maimon`,א.ל ייצור ושיווק תבלינים בעמ,,,יח,1,ל 100 גרם,false,1,4.50,4.50,false,1,
13145215,true,Sesame 400 grm - Maimon`s,א.ל ייצור ושיווק תבלינים בעמ,,,יח,4,ל 100 גרם,false,1,12.90,3.23,false,1,
13145406,true,Compound chocolate and white chocolate T,א.ל ייצור ושיווק תבלינים בעמ,,,יח,2.50,ל 100 גרם,false,1,9.90,3.96,false,1,
13145437,true,Real chocolate chips 45% - Maimon`s,א.ל ייצור ושיווק תבלינים בעמ,,,יח,2.50,ל 100 גרם,false,1,11.90,4.76,false,1,
13145444,true,Chocolate Tz`ifs 66% - Maimon`s,א.ל ייצור ושיווק תבלינים בעמ,,,יח,2.50,ל 100 גרם,false,1,14.90,5.96,false,1,
13145567,true,Mini Mini lentils 90 grm - Maimon`s,א.ל ייצור ושיווק תבלינים בעמ,,,יח,0.90,ל 100 גרם,false,1,10.90,12.11,false,1,
13145574,true,Cake Decorating Kit - Maimon`s,א.ל ייצור ושיווק תבלינים בעמ,,,יח,1,"ל 100 מ""ל",false,1,10.90,10.90,false,1,
13145840,true,Vanilla sugar 10 cards for cellophane -,א.ל ייצור ושיווק תבלינים בעמ,,,יח,20,יח,false,1,2.20,0.11,false,1,
13145857,true,Baking powder 10 cards for cellophane -,א.ל ייצור ושיווק תבלינים בעמ,,,יח,20,יח,false,1,2.20,0.11,false,1,
13145864,true,G`ltin pure powder 28 grm - Maimon`s,א.ל ייצור ושיווק תבלינים בעמ,,,יח,3,ל 100 גרם,false,1,11.90,3.97,false,1,
13145918,true,100 grm powdered sugar - Maimon`s,א.ל ייצור ושיווק תבלינים בעמ,,,יח,1,ל 100 גרם,false,1,1.90,1.90,false,1,
13145949,true,Powdered sugar patent - Maimon`s,א.ל ייצור ושיווק תבלינים בעמ,,,יח,2.50,ל 100 גרם,false,1,14.90,5.96,true,1,
13145970,true,Cornstarch 100 grm - Maimon`s,א.ל ייצור ושיווק תבלינים בעמ,,,יח,2,ל 100 גרם,false,1,3.90,1.95,false,1,
13146014,true,400 grm cranberry stuffing - Maimon`s,א.ל ייצור ושיווק תבלינים בעמ,,,יח,1,,false,1,15.90,15.90,true,1,
13146854,true,White coconut powder 400 grm bag - Maimo,א.ל ייצור ושיווק תבלינים בעמ,,,יח,4,ל 100 גרם,false,1,14.90,3.73,false,1,
13203212,true,תות שדה ארוז משק 77,"בכורי השדה צפון1994 ג.ד. בע""מ",,,יח,1,,false,1,34.90,34.90,false,1,
13268020,true,מרכך מקסימה א. פרש 1 ליטר,החברה הדרומית לשיווק בעמ,,,יח,10,"ל 100 מ""ל",false,1,17.90,1.79,false,1,
13268037,true,מרכך מקסימה פצ`ולי 1 ליטר,החברה הדרומית לשיווק בעמ,,,יח,10,"ל 100 מ""ל",false,1,17.90,1.79,false,1,
13268884,true,ריצפז פרש מאסק 2 ליטר,החברה הדרומית לשיווק בעמ,,,יח,20,"ל 100 מ""ל",false,1,17.90,0.90,false,1,
13268891,true,ג`ל אוקסיג`ן 3 ליטר,החברה הדרומית לשיווק בעמ,,,יח,3,לליטר,false,1,28.90,9.63,false,1,
13268990,true,מרכך מקסימה ביו מרוכז,החברה הדרומית לשיווק בעמ,,,יח,1,לליטר,false,1,17.90,17.90,false,1,
13269003,true,מרכך מקסימה מרוכז בייבי,החברה הדרומית לשיווק בעמ,,,יח,1,לליטר,false,1,17.90,17.90,false,1,
13269263,true,ג ל כביסה קריסטל 3 ליטר,החברה הדרומית לשיווק בעמ,,,יח,3,לליטר,false,1,28.90,9.63,false,1,
13269287,true,ג ל כביסה מאסק 3 ליטר,החברה הדרומית לשיווק בעמ,,,יח,30,"ל 100 מ""ל",false,1,28.90,0.96,false,1,
13269911,true,תרסיס 333 K,החברה הדרומית לשיווק בעמ,,,יח,7.50,"ל 100 מ""ל",false,1,29.90,3.99,false,1,
13358356,true,פירורי לחם מוזהבים 320 גר`.,ש.שסטוביץ בעמ,,,יח,3.20,ל 100 גרם,false,1,6.90,2.16,false,1,
13358363,true,פירורי לחם יפני פנקו מוזהב.,ש.שסטוביץ בעמ,,,יח,3,ל 100 גרם,false,1,8.90,2.97,false,1,
13361981,true,"ציפס קטרינג 2 ק""ג פרי גליל",ויטה-פרי גליל (החדשה) בעמ,,,יח,20,"לק""ג",false,1,19.90,1,false,1,
13361998,true,"ציפס סטק 2 ק""ג פרי גליל",ויטה-פרי גליל (החדשה) בעמ,,,יח,20,"לק""ג",false,1,19.90,1,false,1,
13381088,true,עמבה הודית נאמן,נאמן לאורך זמן בעמ,,,יח,5,ל 100 גרם,false,1,8.90,1.78,false,1,
13472892,true,בולגריה קוביות 200 גר`,ג.וילי פוד בעמ,,,יח,2,ל 100 גרם,false,1,10.90,5.45,true,1,
13525796,true,סחוג תימני 150 ג`,סלטי שמיר 2006 בעמ,,,יח,1.50,ל 100 גרם,false,1,9.90,6.60,false,1,
13525802,true,סחוג אדום150 ג`,סלטי שמיר 2006 בעמ,,,יח,1.50,ל 100 גרם,false,1,9.90,6.60,false,1,
13531117,true,רוטב פסטה לילדים,זנלכל בעמ,,,יח,2.60,ל 100 גרם,false,1,5.50,2.12,false,1,
13540874,true,טונה בשמן קנולה 414ג פילטונה ירוק*,תעשיות פיל טונה בעמ,,,יח,4.14,ל 100 גרם,false,1,11.90,2.87,false,1,
13625939,true,אטריות דקיקות 400ג טעמן*,טעמן שיווק מזון בעמ,,,יח,5,ל 100 גרם,false,1,4.90,0.98,true,1,
13652782,true,נטרל קר קרם לחות לשיער מתולתל,"פישר תעשיות פרמצביטות בע""מ",,,יח,4,"ל 100 מ""ל",false,1,23,5.75,false,1,
13677419,true,תן צ`אפ פאלפל 60 גר`,מיה תעשיות מזון מ.ת.מ בעמ,,,יח,0.50,ל 100 גרם,false,1,3.80,7.60,false,1,
13677426,true,תן צ`אפ קטשופ 60 גר`,מיה תעשיות מזון מ.ת.מ בעמ,,,יח,0.50,ל 100 גרם,false,1,3.80,7.60,false,1,
13677679,true,סודה לשתיה 80 גר`מיה,מיה תעשיות מזון מ.ת.מ בעמ,,,יח,0.80,ל 100 גרם,false,1,3.90,4.88,false,1,
13677822,true,"גרסיני פנינה 1 ק""ג מיה",מיה תעשיות מזון מ.ת.מ בעמ,,,יח,10,ל 100 גרם,false,1,8.90,0.89,false,1,
13677839,true,"בורגול 1 ק""ג מיה",מיה תעשיות מזון מ.ת.מ בעמ,,,יח,10,ל 100 גרם,false,1,7.90,0.79,true,1,
13677846,true,"כוסמת 1 ק""ג מיה",מיה תעשיות מזון מ.ת.מ בעמ,,,יח,10,ל 100 גרם,false,1,10.90,1.09,false,1,
13847379,true,"סטארקיסט בשמן 140ג שישיות בד""ץ*",דיפלומט מפיצים #,,,יח,1,,false,1,29.90,29.90,false,1,
13847867,true,סטארקיסט זוגות 140 ג`בשמן סויה,דיפלומט מפיצים {1968}בעמ,,,יח,1.60,ל 100 גרם,false,1,10.90,6.81,false,1,
13906212,true,"נקנקיות וינר 1 ק""ג",תנובה ענף ב.ע.ד,,,יח,1,"לק""ג",false,1,24.90,24.90,false,1,
13906984,true,סלמי תה מחפוד 300 גר`,תנובה ענף ב.ע.ד,,,יח,3,ל 100 גרם,false,1,24.90,8.30,false,1,
13927002,true,דקליות שוקו 400ג אחוה*,אחדות בעמ,,,יח,4,ל 100 גרם,false,1,9.90,2.48,false,1,
13927026,true,דקליות רגיל 400ג אחוה*,אחדות בעמ,,,יח,4,ל 100 גרם,false,1,9.90,2.48,false,1,
13927033,true,עוגיות מעמול 600ג אחוה*,אחדות בעמ,,,יח,6,ל 100 גרם,false,1,9.90,1.65,false,1,
13927057,true,עוגיות שוקוציפס 400ג אחוה*,אחדות בעמ,,,יח,4,ל 100 גרם,false,1,9.90,2.48,false,1,
13927064,true,עוגיות גרנולה פירות יער 400ג אחוה*,אחדות בעמ,,,יח,4,ל 100 גרם,false,1,9.90,2.48,false,1,
13927200,true,עוגת שוקוציפס עשירה 20% אחוה*,אחדות בעמ,,,יח,4.50,ל 100 גרם,false,1,10.90,2.42,false,1,
13927323,true,עוגת בראוניס 400ג אחוה *,אחדות בעמ,,,יח,4,ל 100 גרם,false,1,10.90,2.73,false,1,
13927613,true,רוגעלך שוקו וניל 400ג *,אחדות בעמ,,,יח,4,ל 100 גרם,false,1,9.90,2.48,false,1,
13927637,true,חלבה ללא תוספת סוכר 400 גרם*,אחדות בעמ,,,יח,1,,false,1,12.90,12.90,false,1,
13927644,true,עוגיות כתר תות 400ג אחוה*,אחדות בעמ,,,יח,4,ל 100 גרם,false,1,9.90,2.48,false,1,
13927804,true,"טחינה משומשום מלא 1 ק""ג אחוה*",אחדות בעמ,,,יח,10,ל 100 גרם,false,1,18.90,1.89,false,1,
14046474,true,"נקניק עוף יחיעם 1.5 ק""ג",מעדני יחיעם (1993) בעמ,,,יח,1.50,"לק""ג",false,1,29.90,19.93,true,1,
14205093,true,דבש 350ג שווה עדה חרדית*,דבש שלנו( )1987בעמ,,,יח,3.50,ל 100 גרם,false,1,13.90,3.97,false,1,
14205611,true,"פחם 5 ק""ג""שווה"" *",י.ד יבוא קל בעמ,,,יח,5,"לק""ג",false,1,37.90,7.58,false,1,
14205628,true,"מזלגות הגשה 3 יח ""שווה""*",ווינפאק סחר בעמ,,,יח,3,יח,false,50,2.90,0.97,false,1,
14205673,true,"שמן סויה 1 ליטר ""שווה""* (12 בקרטון)*",SOVENA PORTUGAL,,,יח,1,לליטר,false,1,9.90,9.90,false,1,
14205741,true,"מפת שולחן 25 מטר ניילון בגליל ""שווה""*",צח ליין בעמ,,,יח,25,למטר,false,1,19.80,0.79,true,1,
14205758,true,"מפות שולחן *6 עבה במיוחד ""3/1.35 שווה""",צח ליין בעמ,,,יח,25,למטר,false,1,11.90,0.48,false,1,
14205765,true,מפות שולחן עבה במיוחד* 8 2.4/1.35*,צח ליין בעמ,,,יח,25,למטר,false,1,11.90,0.48,false,1,
14205772,true,"מפות שולחן *8 עבה שקוף ""שווה""*",צח ליין בעמ,,,יח,25,למטר,false,1,8.50,0.34,true,1,
14205857,true,שקיות 75/90 גליל 20 יח` ממוחזר שווה*,Zmzm for plastic,,,למטר,25,יח,false,1,9.90,0.40,true,1,
14205864,true,"שקיות כתום 75/90 גליל 50 יח` ""שווה""*",צח ליין בעמ,,,יח,50,יח,false,1,8.90,0.18,true,1,
14206045,true,מאפינס נייר אלומיניום קטנים 12 יח (24,ווינפאק סחר בעמ,,,יח,1,למארז,false,24,5.90,5.90,false,1,
14206052,true,מאפינס נייר אלומיניום גדולים 12 יח (24,ווינפאק סחר בעמ,,,יח,1,למארז,false,24,6.90,6.90,false,1,
14206090,true,תבניות לב קטנות 3 יח`שווה*,ווינפאק סחר בעמ,,,יח,1,למארז,false,24,5.90,5.90,false,1,
14206175,true,מאפינס שרינק קטן 50 יח`שווה*,ווינפאק סחר בעמ,,,יח,1,למארז,false,24,6.90,6.90,false,1,
14206250,true,מפיות נייר 80יח שווה*,ווינפאק סחר בעמ,,,יח,80,יח,false,1,4.90,0.06,true,1,
14206427,true,מיכלי אחסון 0.5 ליטר 6 יח שווה( 32 ב,אשוש חצב בעמ,,,יח,6,יח,false,32,8.90,1.48,true,1,
14206434,true,מיכלי אחסון 1 ליטר 5 יח שווה( 24 בקר,אשוש חצב בעמ,,,יח,5,יח,false,1,8.90,1.78,true,1,
14206441,true,מיכלי אחסון 2 ליטר 4 יח שווה( 18 בקר,אשוש חצב בעמ,,,יח,4,יח,false,1,8.90,2.23,true,1,
14206458,true,מיכלי אחסון 2.5 ליטר 2 יח שווה( 20 ב,אשוש חצב בעמ,,,יח,2,יח,false,1,8.90,4.45,true,1,
14206465,true,מיכלי אחסון 3 ליטר 2 יח שווה( 18 בקר,אשוש חצב בעמ,,,יח,2,יח,false,1,8.90,4.45,true,1,
14206472,true,מיכלי אחסון 4.5 ליטר 2 יח שווה( 14 ב,אשוש חצב בעמ,,,יח,2,יח,false,1,8.90,4.45,true,1,
14206564,true,קינוחיות משושה ענק 12יח PVCשווה*,ווינפאק סחר בעמ,,,יח,12,יח,false,1,9.90,0.83,true,1,
14206724,true,מגש אובלי חושן 3 יח גדולים שווה ZZ,ווינפאק סחר בעמ,,,יח,3,למארז,false,12,8.90,2.97,false,1,
14206847,true,סרדינים שמן סויה 125ג שווה מרוקו*,רוברטו פוד בעמ,,,יח,1.25,ל 100 גרם,false,25,3.90,3.12,true,1,
14206861,true,סרדינים בשמן זית 125ג שווה - מרוקו*,רוברטו פוד בעמ,,,יח,1.25,ל 100 גרם,false,25,3.90,3.12,true,1,
14206878,true,סרדינים ברוטב עגבניות 125ג שווה- מרו,רוברטו פוד בעמ,,,יח,1.25,ל 100 גרם,false,25,3.90,3.12,true,1,
14206915,true,disposable plastic 17 cm soup plate 25,אריזות מדף פלזית אגשח בעמ,,,יח,20,יח,false,24,4.90,0.25,false,1,
14206922,true,disposable plastic 17 cm soup plate 25,אריזות מדף פלזית אגשח בעמ,,,יח,10,יח,false,20,5.90,0.59,false,1,
14206939,true,"מרקיה שקופה""שווה"" (24 בקרטון) *",אריזות מדף פלזית אגשח בעמ,,,יח,20,יח,false,1,9.90,0.50,false,1,
14206953,true,disposable plastic 17 cm soup plate 25,אריזות מדף פלזית אגשח בעמ,,,יח,20,יח,false,1,13.90,0.70,false,1,
14206960,true,disposable plastic 17 cm soup plate 25,אריזות מדף פלזית אגשח בעמ,,,יח,20,יח,false,1,21.90,1.10,false,1,
14230019,true,פרוטיב 2 ליטר פטל שילת *,שילת תרכיזי בית השיקמה בעמ,,,יח,20,"ל 100 מ""ל",false,1,38.90,1.95,false,1,
14230040,true,פרוטיב 2 ליטר משמש שילת,שילת תרכיזי בית השיקמה בעמ,,,יח,2,לליטר,false,1,38.90,19.45,false,1,
14230064,true,פרוטיב 2 ליטר תות בננה שילת*,שילת תרכיזי בית השיקמה בעמ,,,יח,20,"ל 100 מ""ל",false,1,38.90,1.95,false,1,
14230347,true,פרוטיב 4 ליטר לימון שילת*,שילת תרכיזי בית השיקמה בעמ,,,יח,40,"ל 100 מ""ל",false,1,69,1.73,false,1,
14230477,true,פרוטיב 4 ליטר פטל שילת*,שילת תרכיזי בית השיקמה בעמ,,,יח,40,"ל 100 מ""ל",false,1,69,1.73,false,1,
14230484,true,פרוטיב 4 ליטר ענבים שילת*,שילת תרכיזי בית השיקמה בעמ,,,יח,40,"ל 100 מ""ל",false,1,69,1.73,false,1,
14288072,true,"כריות יפניות רביעיה""שווה"" איכותיות*",פלסטו פוליש (ברקן)בעמ,,,יח,1,למארז,false,1,6.90,6.90,false,1,
14288089,true,"סרטי קירצוף זוגות ""שווה"" איכותי*",פלסטו פוליש (ברקן)בעמ,,,יח,1,למארז,false,1,6.90,6.90,false,1,
14288096,true,"מטליות מיקרופייבר *5 ניקוי כלל ""שווה""",HUBEI G YOUNG CO LTD,,,יח,1,למארז,false,1,8.90,8.90,true,1,
14288195,true,מפת שולחן אלבד חלק שווה*,ווינפאק סחר בעמ,,,יח,1,יח,false,25,4.90,4.90,false,1,
14288218,true,מפת שולחן אלבד עם ראנר שווה *,ווינפאק סחר בעמ,,,יח,1,יח,false,50,5.90,5.90,true,1,
14288232,true,טרופיל פקק 40 יח ברקוד בודד *14288256,קלית סיטבון בעמ,,,יח,1,יח,false,1,49.90,49.90,false,1,
14288287,true,גליל אלבד 20 מטר חלק שווה*,ווינפאק סחר בעמ,,,יח,20,למטר,false,5,31.90,1.60,false,1,
14288300,true,"טורטייה 8 יח 320 גרם""שווה"" *",רוברטו פוד בעמ,,,יח,8,יח,false,1,8.90,1.11,true,1,
14288317,true,"טורטייה 6 יח 420 גרם""שווה""*",רוברטו פוד בעמ,,,יח,1,,false,1,9.90,9.90,true,1,
14288324,true,"טורטייה מקמח מלא 8 יח 320 גרם""שווה""*",רוברטו פוד בעמ,,,יח,8,יח,false,1,9.90,1.24,true,1,
14288348,true,נודלס HOT CUP טעם ירקות 60ג שווה*,רוברטו פוד בעמ,,,יח,1,יח,false,1,3.90,3.90,true,1,
14288379,true,ערמונים 100 ג` שווה *,רוברטו פוד בעמ,,,יח,8,יח,false,1,5.90,0.74,true,1,
14288393,true,"רוטב סויה 500 מ""ל ""שווה"" *",רוברטו פוד בעמ,,,יח,5,"ל 100 מ""ל",false,1,9.90,1.98,true,1,
14288409,true,"רוטב טריאקי 300 מ""ל ""שווה"" *",רוברטו פוד בעמ,,,יח,3,"ל 100 מ""ל",false,1,8.90,2.97,true,1,
14288416,true,"רוטב צילי חריף 700 מ""ל ""שווה"" *",רוברטו פוד בעמ,,,יח,7,"ל 100 מ""ל",false,1,9.90,1.41,true,1,
14288607,true,זוג רדיד אלומיניום ארוך 7.5/4.5 שווה,אופל אריזות בעמ,,,יח,1,יח,false,1,9.90,9.90,false,1,
14288645,true,"מגבונים מגבופיל ""שווה"" 72 יח` * 5 *",טרופיקל-דגיל תעשיות בעמ,,,יח,5,למארז,false,1,13.90,2.78,true,1,
14288669,true,ניילון נצמד חיתוך קל 28.5/60 שווה*,אופל אריזות בעמ,,,יח,1,יח,false,12,9.90,9.90,true,1,
14288881,true,disposable plastic turquaz fork 70s,סאם פלסטיק,,,יח,1,למארז,false,1,11.90,11.90,false,1,
14397286,true,מרכך מקסימה מרוכז,החברה הדרומית לשיווק בעמ,,,יח,1,לליטר,false,1,17.90,17.90,false,1,
14397507,true,פרש הום מטהר אויר,החברה הדרומית לשיווק בעמ,,,יח,0.50,ל 100 גרם,false,1,10.90,21.80,false,1,
14455467,true,מעדן שיבולת שועל,מחלבות גד שיווק 1992 בעמ,,,יח,1.60,"ל 100 מ""ל",false,1,5.60,3.50,true,1,
14600317,true,גלילית כיבודים שוקולד 100ג הגביע*,הגביע מוצרי וופלים בעמ,,,יח,1,ל 100 גרם,false,1,3.30,3.30,true,1,
14673021,true,Whole black pepper 40 grm - Maimon Spice,א.ל ייצור ושיווק תבלינים בעמ,,,יח,1.20,ל 100 גרם,false,1,14.90,12.42,false,1,
14673366,true,Turmeric powder 250 grm - Maimon Spices,א.ל ייצור ושיווק תבלינים בעמ,,,יח,2.50,ל 100 גרם,false,1,20.90,8.36,false,1,
14673380,true,Ground cumin 250 grm - Maimon Spices,א.ל ייצור ושיווק תבלינים בעמ,,,יח,2.50,ל 100 גרם,false,1,19.90,7.96,false,1,
14673403,true,Ground black pepper 250 grm - Maimon Spi,א.ל ייצור ושיווק תבלינים בעמ,,,יח,2.50,ל 100 גרם,false,1,28.90,11.56,false,1,
14673410,true,Finely ground black pepper jar 250 grm -,א.ל ייצור ושיווק תבלינים בעמ,,,יח,2.50,ל 100 גרם,false,1,28.90,11.56,false,1,
14731165,true,מזלגות ח.פ *100 לבן (40 בקרטון)PERFE,ווינפאק סחר בעמ,,,יח,100,יח,false,1,8.90,0.09,true,1,
14731172,true,כפות ח.פ *100 לבן (40 בקרטון)PERFECT,ווינפאק סחר בעמ,,,יח,100,יח,false,1,8.90,0.09,true,1,
14758162,true,חלב עיזים מלא 3.6%,תנובה -חלב,,,יח,1,לליטר,false,1,15,15,false,1,
14759701,true,מארז יופלה 8 יח`בטעמים,תנובה -חלב,,,יח,12,ל 100 גרם,false,1,20.50,1.71,false,1,
14760141,true,משקה שקדים טרי תנובה,תנובה -חלב,,,יח,10,"ל 100 מ""ל",false,1,11.90,1.19,false,1,
14760912,true,גוש חלב 400 גר,תנובה -חלב,,,יח,4,ל 100 גרם,false,1,24.90,6.23,false,1,
14761612,true,מעדן YOLO עם שכבות,תנובה -חלב,,,יח,1.23,ל 100 גרם,false,1,4.20,3.41,false,1,
14905696,true,.הפי לכלים צהוב לימון,"יעקב יעקבי ובניו בע""מ",,,יח,7.50,"ל 100 מ""ל",false,1,9.90,1.32,true,1,
15014922,true,שרי צהוב,"בכורי השדה צפון1994 ג.ד. בע""מ",,,יח,1,,false,1,9.90,9.90,false,1,
15492003,true,ביצים 12 יח`L,מ.א.ן שיווק ביצים בעמ,,,יח,1,,false,1,12,12,false,1,
15801799,true,סחוג ירוק 200 גרם עוזי*,עוזי טעמים של בית,,,יח,2,ל 100 גרם,false,1,10.90,5.45,false,1,
15801805,true,עמבה 200 גרם עוזי *,עוזי טעמים של בית,,,יח,2,ל 100 גרם,false,1,10.90,5.45,false,1,
15872096,true,חומוס אסלי 700 גרם,סלטי שמיר 2006 בעמ,,,יח,7,ל 100 גרם,false,1,9.90,1.41,false,1,
15951616,true,גמלא סנג`ובזה עברית 17*,היכל היין שקד גולן בעמ,,,יח,7.50,"ל 100 מ""ל",false,1,66.60,8.84,true,1,
16076035,true,פרינה אמא שובע,גיא שיווק טוב,,,יח,1,יח,false,1,13.90,13.90,false,1,
16096811,true,ממרח טונה 160ג 4יח פילטונה*,תעשיות פיל טונה בעמ,,,יח,1,,false,1,19.90,19.90,false,1,
16400151,true,שקית שירות,שונים,,,יח,1,,false,1,0.10,0.10,false,1,
16400168,true,"שקיות צליה 10 יח ""שווה"" *",BURSA PAZARI טורקיה,,,יח,10,יח,false,1,3.90,0.39,true,1,
16400175,true,"שקיות צליה ענק 5 יח ""שווה"" *",BURSA PAZARI טורקיה,,,יח,5,יח,false,1,3.90,0.78,true,1,
16400328,true,קיסמי שיניים חבית 500יח שווה*,חביב את פרנק בעמ (לוגיסטי ),,,יח,1,למארז,false,1,3.90,3.90,false,1,
16400335,true,קיסמי שיניים עטוף אחד אחד 200יח שווה*,חביב את פרנק בעמ (לוגיסטי ),,,יח,1,למארז,false,1,3.90,3.90,false,1,
16400342,true,2day memorial candle,LITBRIGHT CANDLE CO LTD,,,יח,1,יח,false,1,8.90,8.90,false,1,
16400373,true,2day memorial candle,ווינפאק סחר בעמ,,,יח,1,יח,false,1,14.90,14.90,true,1,
16400380,true,גפרור ארוך שווה*,י.ד יבוא קל בעמ,,,יח,1,,false,1,5.90,5.90,false,1,
16400410,true,אשפתון גופיה 55/70 ירוק 40 יחידות שווה,צח ליין בעמ,,,יח,40,יח,false,1,12.90,0.32,true,1,
16400427,true,אשפתון גופיה 55/70 סגול 50 יחידות שווה,צח ליין בעמ,,,יח,50,יח,false,1,15.90,0.32,true,1,
16400434,true,אשפתון גופיה 75/90 אפור 25 יחידות שווה,Zmzm for plastic,,,יח,25,יח,false,1,12.90,0.52,true,1,
16400441,true,אשפתון גופיה 75/90 קרם 40 יחידות שווה*,מ.א.מ.ס סחר בעמ,,,יח,40,יח,false,1,15.90,0.40,true,1,
16400458,true,"מפת שולחן 45 מטר ניילון בגליל ""שווה""*",צח ליין בעמ,,,יח,25,למארז,false,1,19.80,0.79,true,1,
16400502,true,גפרורים *10 חדש שווה*,י.ד יבוא קל בעמ,,,יח,1,,false,1,4,4,false,1,
16400519,true,גליל עובי כפול 45 מ`קרסטלי שווה*,מ.א.מ.ס סחר בעמ,,,יח,45,למטר,false,1,29.90,0.66,false,1,
16400540,true,קינוחיות עגול קטן+מכסה 12 יח שווה*,ווינפאק סחר בעמ,,,יח,12,יח,false,24,8.90,0.74,true,1,
16400694,true,רשת צלייה לכבד משובצת שווה*,צג`י פרפקט שירותי יבוא בעמ,,,יח,1,יח,false,1,18.90,18.90,false,1,
16400793,true,מפיות נייר 100יח שווה*,ווינפאק סחר בעמ,,,יח,1,יח,false,1,5.90,5.90,true,1,
16400823,true,"דבש 1ק""ג שווה*",דבש שלנו( )1987בעמ,,,יח,10,"לק""ג",false,1,36.90,3.69,false,1,
16401257,true,"קרם קוקוס 400 מ""ל 21%-22% שווה*",רוברטו פוד בעמ,,,יח,3,"ל 100 מ""ל",false,1,6.90,2.30,true,1,
16401295,true,"פרימיום צ`ילי מתוק 25% 700 מ""ל ""שווה",רוברטו פוד בעמ,,,יח,7,"ל 100 מ""ל",false,1,9.90,1.41,true,1,
16401356,true,"אננס חתוך 227 ג ""שווה"" *",TAKERNG PINEAPPLE INDUSTRIAL,,,יח,2.27,ל 100 גרם,false,1,3.90,1.72,false,1,
16401394,true,"פטריות חתוך 400ג ""שווה""*",GREENYARD PREPARED BV,,,יח,4,ל 100 גרם,false,1,4.50,1.13,true,1,
16401400,true,"פטריות שלמות 400ג` ""שווה"" *",GREENYARD PREPARED BV,,,יח,4,ל 100 גרם,false,24,6.90,1.73,true,1,
16401424,true,"אפרסקים 820ג ""שווה"" *",KRONOS S.A שימורי אפרסקים,,,יח,8.20,ל 100 גרם,false,1,9.90,1.21,true,1,
16401493,true,"מיץ לימון משומר 1 ליטר בד""ץ שווה*",פרידמן תעשיות חומץ ומזון בעמ,,,יח,1,לליטר,false,1,5.90,5.90,true,1,
16401509,true,חומץ 1 ליטר 5% (מכהל טבעי) שווה*,פרידמן תעשיות חומץ ומזון בעמ,,,יח,1,לליטר,false,1,5.90,5.90,true,1,
16401578,true,זוג רדיד אלומיניום ארוך 7.5/4.5 שווה,אופל אריזות בעמ,,,יח,1,יח,false,1,13.90,13.90,false,1,
16401585,true,זוג רדיד אלומיניום קצר 7.5/30 שווה*,אופל אריזות בעמ,,,יח,2,יח,false,1,10.90,5.45,false,1,
16401592,true,ניילון נצמד 28.5/30 זוגות שווה*,BURSA PAZARI טורקיה,,,יח,1,,false,1,7.90,7.90,true,1,
16401707,true,2day memorial candle,חביב את פרנק בעמ (לוגיסטי ),,,יח,40,יח,false,24,9.90,0.25,true,1,
16401714,true,2day memorial candle,חביב את פרנק בעמ (לוגיסטי ),,,יח,125,יח,false,1,7.90,0.06,false,1,
16401721,true,2day memorial candle,חביב את פרנק בעמ (לוגיסטי ),,,יח,200,יח,false,1,8.90,0.04,false,1,
16401752,true,קיסמי שיניים עם מברשת דנטלי 200 יח (48,חביב את פרנק בעמ (לוגיסטי ),,,יח,1,יח,false,1,7.90,7.90,true,1,
16401783,true,שקיות לקוביות קרח 12 יח`שווה (20 בקרט,ווינפאק סחר בעמ,,,יח,12,יח,false,20,3.90,0.33,false,1,
16401882,true,מארז 3 מיקרופייבר לרצפה ב PVC שווה *,HUBEI G YOUNG CO LTD,,,יח,1,יח,false,1,16.90,16.90,true,1,
16401899,true,מארז 10 מיקרופייבר כללי ב PVC שווה *,HUBEI G YOUNG CO LTD,,,יח,10,למארז,false,1,15.90,1.59,true,1,
16401905,true,"שקיות לפח קטן 45/40 ""שווה"" (20 בקרטון",ווינפאק סחר בעמ,,,יח,100,יח,false,20,8.90,0.09,true,1,
16401912,true,"שקיות מזון בקופסה 300 יח XL ""שווה"" *",ווינפאק סחר בעמ,,,יח,1,יח,false,20,7.90,7.90,true,1,
16401929,true,"שקיות מזון עם ידית 200 יח ""שווה""*",ווינפאק סחר בעמ,,,יח,1,יח,false,20,5.90,5.90,true,1,
16693065,true,יין אמירים רוזה ארזה*,יקבי ארזה ת.ר.ז. בעמ,,,יח,7.50,"ל 100 מ""ל",false,1,18.20,2.39,false,1,
16851472,true,אבקת שוקו 500ג 20 בקרטון ברמן *,בר מן תעשיות מזון בעמ,,,יח,5,ל 100 גרם,false,1,6.90,1.38,true,1,
16866704,true,שמפו סטייל קרטין + ויטמין E,גורי ע.ע.ע בעמ,,,יח,4,"ל 100 מ""ל",false,1,22.90,5.73,false,1,
17275369,true,טחינה שומשום מלא 500 טורקיז אחווה*,אחדות בעמ,,,יח,1,,false,1,10.90,10.90,false,1,
17841250,true,"נוזל חלונות 1 ליטר ""שווה""*",ווינפאק סחר בעמ,,,יח,1,לליטר,false,15,4.90,4.90,true,1,
17841274,true,"חדש מרקיה 1 ק""ג (110 יח) שווה *",ווינפאק סחר בעמ,,,יח,110,יח,false,1,34.90,0.32,true,1,
17841700,true,"כפפות ניטריל שחור M ""שווה"" *",ווינפאק סחר בעמ,,,יח,100,יח,false,1,24.90,0.25,false,1,
17841762,true,"חומץ תפוחים 500 מ""ל 5% שווה*",פרידמן תעשיות חומץ ומזון בעמ,,,יח,0.50,לליטר,false,1,13.90,27.80,false,1,
17841830,true,קרטיב פיל 50 יח שווה ללא צבע מאכל *,קלית סיטבון בעמ,,,"ל 100 מ""ל",70,"ל 100 מ""ל",false,1,10.90,0.16,true,1,
17842004,true,תבניות ומכסים (R29)8B ו 10+10 שווה*,אופל אריזות בעמ,,,יח,1,יח,false,1,10.90,10.90,true,1,
17842028,true,תבניות ומכסים (R2)90 ו 5+5 שווה*,אופל אריזות בעמ,,,יח,1,יח,false,1,10.90,10.90,true,1,
17842035,true,תבניות ומכסים (R64)80A ו 5+5 שווה*,אופל אריזות בעמ,,,יח,1,יח,false,1,10.90,10.90,true,1,
17842202,true,נייר טישו כיס מארז 10יח` שווה*,חביב את פרנק בעמ (לוגיסטי ),,,יח,1,למארז,false,1,5.90,5.90,true,1,
17842233,true,מקרלים בשמן צמחי 125 גר` שווה*,רוברטו פוד בעמ,,,יח,1.25,ל 100 גרם,false,25,3.90,3.12,true,1,
17842554,true,"חמאת בוטנים בד""צ 510 קלאסית ""שווה""",NIZA S.A AGRENTINA,,,יח,5.10,ל 100 גרם,false,1,9.90,1.94,true,1,
17842820,true,צלחות קטנות מעלי דקל 10יח שווה*,ווינפאק סחר בעמ,,,יח,10,יח,false,1,9.90,0.99,true,1,
18294000,true,קינג דויד רוזה,אגודת הכורמים בעמ,,,יח,1,,false,1,19.90,19.90,false,1,
18471029,true,שישית סודה לימון שוופס 0.5,יפאורה שותפות מוגבלת לשיווק,,,יח,3,"ל 100 מ""ל",false,1,14.90,4.37,false,1,
18652039,true,לה קרמריה קרמל מלוח 1.4 ליטר,נגה גלידות שותפות מוגבלת,,,,1.40,ל 100 גרם,false,1,21.90,15.64,false,1,
32147230,true,לימון משומר 200,"דנשר (1963) בע,מ",,,יח,2,"ל 100 מ""ל",false,1,6.90,3.45,false,1,
40084107,true,קינדר ביצה בודד,פרימיום חברה לדברי מ.,,,יח,1,,false,1,5.90,5.90,false,1,
40084725,true,קינדר מילק סלייס עוגות ספוג,תנובה -חלב,,,יח,0.28,ל 100 גרם,false,1,3.50,12.50,false,1,
40111216,true,שוקולד באונטי 57ג *,ריגלי ישראל בעמ,,,יח,0.57,ל 100 גרם,false,1,3.90,6.84,false,1,
40144016,true,סוכריות ורטר,ליימן שליסל בעמ,,,יח,0.50,ל 100 גרם,false,1,2.90,5.80,false,1,
42051600,true,"שקית רב פעמית""היפר כהן""",שונים,,,יח,1,,false,1,1.90,1.90,false,1,
42051617,true,מארז חושן 25 צ.ענק+ 25 צ.בינוני שווה*,ווינפאק סחר בעמ,,,יח,1,למארז,false,6,59.90,59.90,true,1,
42051716,true,מפיות גדולות במיוחד 50 יח` שווה*,ווינפאק סחר בעמ,,,יח,50,יח,false,1,9.90,0.20,false,1,
42051938,true,"גביעי אחסון 7 יח 270 מ""ל שווה (40 בק`",אשוש חצב בעמ,,,יח,6,יח,false,1,8.90,1.48,true,1,
42051945,true,"גביעי אחסון 6יח 500 מ""ל שווה (40 בק`",אשוש חצב בעמ,,,יח,6,יח,false,1,8.90,1.48,true,1,
42101666,true,איירוייבז HP מנטה ואקליפטוס,ריגלי ישראל בעמ,,,יח,0.64,ל 100 גרם,false,1,5.90,9.22,false,1,
72940754,true,מילקי וניל,שטראוס גרופ בעמ (ח),,,יח,1.30,"ל 100 מ""ל",false,1,2.90,2.23,false,1,
72940761,true,מילקי,שטראוס גרופ בעמ (ח),,,יח,1.30,"ל 100 מ""ל",false,1,2.90,2.23,false,1,
72940952,true,מילקי פי 2 ק,שטראוס גרופ בעמ (ח),,,יח,1.70,"ל 100 מ""ל",false,1,3.60,2.12,false,1,
72940983,true,חומוס 250 אחלה,שטראוס גרופ בעמ (ח),,,יח,2.50,ל 100 גרם,false,1,6.90,2.76,false,1,
72941041,true,מלקי מיני,שטראוס גרופ בעמ (ח),,,יח,1.30,"ל 100 מ""ל",false,1,2.10,1.62,false,1,
72945308,true,קוביות שמרים,שטראוס גרופ בעמ (ח),,,יח,0.50,ל 100 גרם,false,1,3.50,7,false,1,
72961209,true,ש.שמנית,תנובה -חלב,,,יח,2,"ל 100 מ""ל",false,1,2.40,1.20,false,1,
72961223,true,גילה,תנובה -חלב,,,יח,2,"ל 100 מ""ל",false,1,1.50,0.75,false,1,
72961506,true,פרלי תות,תנובה -חלב,,,יח,1.25,"ל 100 מ""ל",false,1,3.40,2.72,false,1,
72961520,true,פרלי אננס ק,תנובה -חלב,,,יח,1.25,"ל 100 מ""ל",false,1,3.40,2.72,false,1,
72961544,true,באדי תות,תנובה -חלב,,,יח,1.25,"ל 100 מ""ל",false,1,2.80,2.24,false,1,
72964132,true,טבעגורט,תנובה -חלב,,,יח,2,"ל 100 מ""ל",false,1,4.90,2.45,false,1,
72986233,true,באדי מעדן וניל 125,תנובה -חלב,,,יח,1.25,"ל 100 מ""ל",false,1,2.80,2.24,false,1,
72986240,true,באדי תנובה מעדן,תנובה -חלב,,,יח,1.25,"ל 100 מ""ל",false,1,2.80,2.24,false,1,
72986370,true,גלידה פיינט וניל,מוצרי איכות אמרקאים בעמ,,,יח,7.50,ל 100 גרם,false,1,24.90,3.32,true,1,
72986424,true,"גלידה פיינט קרם עוגיות בד""ץ",מוצרי איכות אמרקאים בעמ,,,יח,7.50,ל 100 גרם,false,1,24.90,3.32,true,1,
72986448,true,גלידה פיינט טופי קרנץ,מוצרי איכות אמרקאים בעמ,,,יח,7.50,ל 100 גרם,false,1,24.90,3.32,true,1,
72986455,true,גלידה פיינט ניו יורק סופר,מוצרי איכות אמרקאים בעמ,,,יח,7.50,ל 100 גרם,false,1,24.90,3.32,true,1,
72989425,true,גלידה פיינט שוקולד בראוניס,מוצרי איכות אמרקאים בעמ,,,יח,7.50,ל 100 גרם,false,1,24.90,3.32,true,1,
72991886,true,גלידה פיינט דולצ`ה דה לצ`ה,מוצרי איכות אמרקאים בעמ,,,יח,7.50,ל 100 גרם,false,1,24.90,3.32,true,1,
72993637,true,דני שוקולד בודד,שטראוס גרופ בעמ (ח),,,יח,1.25,"ל 100 מ""ל",false,1,2.60,2.08,false,1,
72994061,true,פסק זמן גוד 2,שטראוס גרופ בעמ,,,יח,0,ל 100 גרם,false,1,4.50,4.50,false,1,
80001027,true,טורטינה,ליימן שליסל בעמ,,,יח,2,ל 100 גרם,false,1,3.50,1.75,false,1,
80001287,true,גרדנה 25 יח 38ג,ליימן שליסל בעמ,,,יח,1,,false,1,3.50,3.50,false,1,
80001461,true,גרדנה 25 יח שוקולד 38 גר,ליימן שליסל בעמ,,,יח,0.38,ל 100 גרם,false,1,3.50,9.21,false,1,
80001485,true,גרדנה חטיף קוקוס,ליימן שליסל בעמ,,,יח,0.38,ל 100 גרם,false,1,3.50,9.21,false,1,
80001799,true,טורטינה לבן 24 בודד,ליימן שליסל בעמ,,,יח,0.20,ל 100 גרם,false,1,3.50,17.50,false,1,
80001911,true,גרדנה לבנה יח 38ג,ליימן שליסל בעמ,,,יח,1,,false,1,3.50,3.50,false,1,
80050124,true,חטיף טיק טק,פרימיום חברה לדברי מ.,,,יח,0.16,ל 100 גרם,false,1,3.30,20.63,true,1,
80052760,true,קינדר בואנו,פרימיום חברה לדברי מ.,,,יח,1,,false,1,3.90,3.90,false,1,
80136194,true,וופל קרם הפי היפוי 5,פרימיום חברה לדברי מ.,,,יח,1.30,ל 100 גרם,false,1,12.90,9.92,false,1,
80176800,true,ממרח נוטלה 750 גרם,פרימיום חברה לדברי מ.,,,יח,7.50,ל 100 גרם,false,1,24.90,3.32,false,1,
80177173,true,ממרח נוטלה קטן 350 גרם,פרימיום חברה לדברי מ.,,,יח,3.50,ל 100 גרם,false,1,13.90,3.97,false,1,
80177609,true,קינדר 20*50 גר,פרימיום חברה לדברי מ.,,,יח,0.50,ל 100 גרם,false,1,3.80,7.60,false,1,
80177616,true,קינדר 100 גרם,פרימיום חברה לדברי מ.,,,יח,1,ל 100 גרם,false,1,6.90,6.90,false,1,
80761761,true,קינדר בואנו לבן,פרימיום חברה לדברי מ.,,,יח,1,,false,1,3.90,3.90,false,1,
80769545,true,מנטוס בקבוק מעוגל בינוני לימון,ליימן שליסל בעמ,,,יח,0.24,ל 100 גרם,false,1,9.90,41.25,true,1,
80773429,true,מנטוס בקבוק מעוגל טעם תות,ליימן שליסל בעמ,,,יח,0.24,ל 100 גרם,false,1,9.90,41.25,true,1,
80773443,true,מנטוס בקבוק מעוגל קטן ט. מנטה עדינה,ליימן שליסל בעמ,,,יח,0.24,ל 100 גרם,false,1,9.90,41.25,true,1,
80780595,true,מנטוס ביג בקבוק מעוגל מנטה עדינה,ליימן שליסל בעמ,,,יח,0.24,ל 100 גרם,false,1,16.90,70.42,false,1,
80790990,true,מנטוס בקבוק מעוגל קטן ט. מנטה עדינה,ליימן שליסל בעמ,,,יח,0.24,ל 100 גרם,false,1,9.90,41.25,true,1,
80794233,true,מנטוס ביג בקבוק מעוגל מנטה,ליימן שליסל בעמ,,,יח,0.24,ל 100 גרם,false,1,16.90,70.42,false,1,
80809265,true,טורטינה חמאת בוטנים 21 גרק,ליימן שליסל בעמ,,,יח,21,ל 100 גרם,false,1,3.50,0.17,false,1,
80820956,true,ג`רדנה פטיסרי ק. אגוזים,ליימן שליסל בעמ,,,יח,0.21,ל 100 גרם,false,1,3.50,16.67,false,1,
80831402,true,מנטוס מנטה עדינה ללא סוכר,ליימן שליסל בעמ,,,יח,1.28,ל 100 גרם,false,1,6.90,5.39,true,1,
80832560,true,מנטוס פ. יער ללא סוכר,ליימן שליסל בעמ,,,יח,1.28,ל 100 גרם,false,1,6.90,5.39,true,1,
80843184,true,מנטוס פיור בקבקוק ענבים,ליימן שליסל בעמ,,,יח,0.60,ל 100 גרם,false,1,9.90,16.50,true,1,
80854753,true,מנטוס מנטה ללא סוכר,ליימן שליסל בעמ,,,יח,1.28,ל 100 גרם,false,1,6.90,5.39,true,1,
80862130,true,מנטוס פיור פרש בטעם אבטיח,ליימן שליסל בעמ,,,יח,0,ל 100 גרם,false,1,3.50,3.50,true,1,
80864295,true,מנטוס מנטה עדינה,ליימן שליסל בעמ,,,יח,1,ל 100 גרם,false,1,9.90,9.90,true,1,
80896081,true,מנטוס בקבוק מעוגל טעם אבטיח,ליימן שליסל בעמ,,,יח,0.24,ל 100 גרם,false,1,9.90,41.25,true,1,
80913467,true,מנטוס בקבוק מעוגל קטן ט. מנטה,ליימן שליסל בעמ,,,יח,0.24,ל 100 גרם,false,1,9.90,41.25,true,1,
80926481,true,מנטוס ביג מיקס פירות.,ליימן שליסל בעמ,,,יח,6,יח,false,1,16.90,2.82,false,1,
80945468,true,מנטוס מנטה מתוקה,ליימן שליסל בעמ,,,יח,1,ל 100 גרם,false,1,9.90,9.90,true,1,
80954521,true,מנטוס פיור פרש בטעם תות,ליימן שליסל בעמ,,,יח,0,ל 100 גרם,false,1,3.50,3.50,true,1,
80979128,true,מנטוס פיור בקבקוק דובדבן,ליימן שליסל בעמ,,,יח,0.60,ל 100 גרם,false,1,9.90,16.50,true,1,
80982470,true,מנטוס בקבוק מעוגל קטן ט. מנטה,ליימן שליסל בעמ,,,יח,0.24,ל 100 גרם,false,1,9.90,41.25,true,1,
80986348,true,מנטוס מנטה,ליימן שליסל בעמ,,,יח,1,ל 100 גרם,false,1,9.90,9.90,true,1,
80995128,true,מנטוס בקבוק טעם הרדים,ליימן שליסל בעמ,,,יח,0.24,ל 100 גרם,false,1,9.90,41.25,true,1,
87108651,true,מנטוס מנטה 4 יח,ליימן שליסל בעמ,,,יח,1,,false,1,10.90,10.90,false,1,
87108712,true,מנטוס פירות 1/4,ליימן שליסל בעמ,,,יח,1.50,ל 100 גרם,false,1,10.90,7.27,false,1,
87311396,true,מנטוס מיקס,ליימן שליסל בעמ,,,יח,0.37,ל 100 גרם,false,1,2.90,7.84,false,1,
100245231,true,KNORR CAS PLUS CH. FLAVOR W.SOUP ALMONDS,"יוניליוור ישראלשיווק בע""מ",,,יח,0.50,ל 100 גרם,false,12,6.50,13,true,1,
100700006,true,Wheat 1kg - Sugat,סוגת תעשיות בעמ,,,יח,10,ל 100 גרם,false,1,8.90,0.89,true,1,
100700075,true,Golden breadcrumbs 200g - Sugat,סוגת תעשיות בעמ,,,יח,2,ל 100 גרם,false,1,4.10,2.05,true,1,
100700334,true,Red beans 1kg - Sugat,סוגת תעשיות בעמ,,,יח,10,ל 100 גרם,false,1,19.90,1.99,false,1,
100700419,true,Bulgur 1 kg - Sugat,סוגת תעשיות בעמ,,,יח,10,ל 100 גרם,false,1,7.90,0.79,true,1,
100700587,true,Bulgur 500g - Sugat,סוגת תעשיות בעמ,,,יח,5,ל 100 גרם,false,12,4.90,0.98,true,1,
100701126,true,Shaoiat GP 500 g - Sugat,סוגת תעשיות בעמ,,,יח,5,ל 100 גרם,false,1,10.90,2.18,true,1,
100701157,true,Making sushi rice - Sugat,סוגת תעשיות בעמ,,,יח,10,ל 100 גרם,false,1,11.90,1.19,false,1,
100701454,true,Grisha 500g - Sugat,סוגת תעשיות בעמ,,,יח,5,ל 100 גרם,false,1,4.90,0.98,true,1,
100702246,true,שמרים יבשים בואקום 500ג סוגת*,סוגת תעשיות בעמ,,,יח,5,ל 100 גרם,false,1,12.90,2.58,true,1,
100702277,true,Thick 350g couscous - Sugat,סוגת תעשיות בעמ,,,יח,3.50,ל 100 גרם,false,1,4.90,1.40,false,1,
100702673,true,פתיתים אפויים 3 צבעים 400 ג סוגת*,סוגת תעשיות בעמ,,,יח,5,ל 100 גרם,false,1,4.90,0.98,false,1,
100702987,true,Polenta 500g - Sugat,סוגת תעשיות בעמ,,,יח,5,ל 100 גרם,false,12,4.90,0.98,false,1,
100703007,true,עדשים שחורות בלוגה 500ג סוגת*,סוגת תעשיות בעמ,,,יח,5,ל 100 גרם,false,12,7.90,1.58,true,1,
100703489,true,פרורי לחם לבנים 500 ג`סוגת*,סוגת תעשיות בעמ,,,יח,5,ל 100 גרם,false,12,6.90,1.38,false,1,
100703496,true,פרורי לחם מוזהבים 500 ג`סוגת*,סוגת תעשיות בעמ,,,יח,5,ל 100 גרם,false,12,6.90,1.38,false,1,
100703908,true,Demerara brown sugar 1kg jar - Sugat,סוגת תעשיות בעמ,,,יח,5,ל 100 גרם,false,1,8.90,1.78,true,1,
100703953,true,Cornflour 500g - Sugat,סוגת תעשיות בעמ,,,יח,5,ל 100 גרם,false,1,11.90,2.38,false,1,
100703960,true,Cornflour 500g - Sugat,סוגת תעשיות בעמ,,,יח,5,ל 100 גרם,false,1,11.90,2.38,false,1,
101865216,true,"קולון 9ק""ג פרחים לבנים",רקיט בנקיסר (ניר איסט),,,יח,9,"לק""ג",false,1,49.80,5.53,true,1,
101866633,true,קליה ג`ל 3ליטר,רקיט בנקיסר (ניר איסט),,,יח,3,"ל 100 מ""ל",false,1,29.90,9.97,false,1,
101922711,true,צץ רץ טורנדו 4000יח סנו*,סנו פרופשיונל בעמ,,,יח,12,יח,false,1,49.90,4.16,false,1,
102060764,true,מרידול מברשת שיניים זוג,ש.שסטוביץ בעמ,,,יח,1,,false,1,34.90,34.90,true,1,
102062195,true,"אלמקס מ. שיניים ג`וניור 75 מ""ל",ש.שסטוביץ בעמ,,,יח,1,,false,1,16.90,16.90,true,1,
102393060,true,מולר מיקס יוגורט בתוספת גליליות קרם,החברה המרכזית טלהפצת משקאות בע,,,יח,1.50,"ל 100 מ""ל",false,1,5.90,3.93,false,1,
102393169,true,מולר סימפלי פרוייט תות שדה,החברה המרכזית טלהפצת משקאות בע,,,יח,1.50,ל 100 גרם,false,1,5.50,3.67,true,1,
102393176,true,מולר סימפלי פרוייט אפרסק,החברה המרכזית טלהפצת משקאות בע,,,יח,1.50,ל 100 גרם,false,1,5.50,3.67,true,1,
102393190,true,מולר סימפלי פרוייט פירות יער,החברה המרכזית טלהפצת משקאות בע,,,יח,1.50,ל 100 גרם,false,1,5.50,3.67,true,1,
102393268,true,גבינה לבנה 5%-750 גרם,החברה המרכזית טלהפצת משקאות בע,,,יח,7.50,ל 100 גרם,false,1,14.90,1.99,false,1,
102393299,true,"יוגורט עיזים 3% 500 מ""ל",החברה המרכזית טלהפצת משקאות בע,,,יח,5,ל 100 גרם,false,1,13.90,2.78,true,1,
102393947,true,מולר סימפלי פרויט,החברה המרכזית טלהפצת משקאות בע,,,יח,1.50,ל 100 גרם,false,1,5.50,3.67,true,1,
102394258,true,מה עז צוריאל 180 גר` 9%,החברה המרכזית טלהפצת משקאות בע,,,יח,1.80,ל 100 גרם,false,1,25.90,14.39,true,1,
102396443,true,מוו וניל,החברה המרכזית טלהפצת משקאות בע,,,יח,5,ל 100 גרם,false,1,2.90,0.58,true,1,
102397204,true,גבינה צהובה%22 200 גר`,החברה המרכזית טלהפצת משקאות בע,,,יח,2.20,ל 100 גרם,false,1,18.90,8.59,false,1,
103124588,true,פלמוליב סבון נוזלי סגול,ש.שסטוביץ בעמ,,,יח,7.50,"ל 100 מ""ל",false,1,19.90,2.65,true,1,
103401429,true,קפה פלטינום ברזילאי,שטראוס גרופ בעמ,,,יח,2,ל 100 גרם,false,1,24.90,12.45,true,1,
104061417,true,חומוס טחינה 400 גר`אחלה,שטראוס גרופ בעמ (ח),,,יח,1,,false,1,10.90,10.90,false,1,
104061424,true,חומוס זעתר 400 גר`אחלה,שטראוס גרופ בעמ (ח),,,יח,4,ל 100 גרם,false,1,10.90,2.73,false,1,
104061431,true,חומוס צנובר 400 גר`אחלה,שטראוס גרופ בעמ (ח),,,יח,4,ל 100 גרם,false,1,10.90,2.73,false,1,
104061448,true,חומוס חריף 400 גר`אחלה,שטראוס גרופ בעמ (ח),,,יח,4,ל 100 גרם,false,1,10.90,2.73,false,1,
104062599,true,גמדים מארז חיסכון,שטראוס גרופ בעמ (ח),,,יח,1,,false,1,17.90,17.90,false,1,
104065187,true,קפה נמס מוקה 200 גר עלית,שטראוס גרופ בעמ,,,יח,2,ל 100 גרם,false,1,26.90,13.45,false,1,
104066566,true,טחינה בשומשום מלא,שטראוס גרופ בעמ (ח),,,יח,5,ל 100 גרם,false,1,13.90,2.78,true,1,
104068539,true,מאסט אבטיח מלון פפר,שטראוס גרופ בעמ,,,יח,0.28,ל 100 גרם,false,1,4,14.29,false,1,
104501661,true,פודינג בטעם וניל צרפתי,קבוצת אוסם סחר שותפות מוגבלת,,,יח,0.80,ל 100 גרם,false,1,5.80,7.25,true,1,
104503184,true,עוגת שבת בראוניס ט. ריבת חלב,קבוצת אוסם סחר שותפות מוגבלת,,,יח,3.80,ל 100 גרם,false,1,14.90,3.92,false,1,
104504228,true,מארז דובונים,קבוצת אוסם סחר שותפות מוגבלת,,,יח,1,ל 100 גרם,false,1,12.90,12.90,true,1,
104508943,true,במבה 200 גר`,קבוצת אוסם סחר שותפות מוגבלת,,,יח,2,ל 100 גרם,false,1,8.90,4.45,true,1,
104721762,true,מארז טורקי שלישיות,שטראוס גרופ בעמ,,,יח,2.55,ל 100 גרם,false,1,19.90,7.80,false,1,
104722530,true,תפוצ`יפס בטעם שמנת בצל,שטראוס פריטו ליי בעמ,,,יח,2,ל 100 גרם,false,1,9.90,4.95,true,1,
104726712,true,מארז מילקי שמניה,שטראוס גרופ בעמ (ח),,,יח,8,למארז,false,1,19.90,2.49,false,1,
104728310,true,"שמנת מתוקה 38%-250 מ""ל{פ}",שטראוס גרופ בעמ (ח),,,יח,5,ל 100 גרם,false,1,6.47,1.29,true,1,
104960239,true,"סבון ארומה לבן 750 מ""ל",החברה הדרומית לשיווק בעמ,,,יח,7.50,לליטר,false,1,9.90,1.32,false,1,
104961205,true,תחליב רחצה מגע קטיפה מלפפון,החברה הדרומית לשיווק בעמ,,,יח,7.50,לליטר,false,1,9.90,1.32,false,1,
105364678,true,משקה אקטביה אפרסק,שטראוס גרופ בעמ (ח),,,יח,2.50,"ל 100 מ""ל",false,1,4.90,1.96,false,1,
105366023,true,חצילים בטעם כבד 400,שטראוס גרופ בעמ (ח),,,יח,4,ל 100 גרם,false,1,14.90,3.73,true,1,
105366047,true,טחינה לבנה 400 גר`אחלה,שטראוס גרופ בעמ (ח),,,יח,5,ל 100 גרם,false,1,15.90,3.18,true,1,
105691224,true,חטיפי טורטיות,קבוצת אוסם סחר שותפות מוגבלת,,,יח,0.60,ל 100 גרם,false,1,6.90,11.50,false,1,
105962331,true,סחוג אדום תימני,שטראוס גרופ בעמ (ח),,,יח,2.20,ל 100 גרם,false,1,11.90,5.41,false,1,
106575431,true,עוגת סופלה בטעם שוקו וניל,קבוצת אוסם סחר שותפות מוגבלת,,,יח,3.40,ל 100 גרם,false,1,11.90,3.50,false,1,
106577282,true,טחינה מרובע צבר 400 גרם,קבוצת אוסם סחר שותפות מוגבלת,,,יח,4,ל 100 גרם,false,1,11.90,2.98,true,1,
106577541,true,כרוב אדום מרובע צבר 400 גרם,קבוצת אוסם סחר שותפות מוגבלת,,,יח,4,ל 100 גרם,false,1,11.90,2.98,true,1,
107646895,true,KNORR CIS GARLIC&HERB BDZ 8X320G,"יוניליוור ישראלשיווק בע""מ",,,יח,4.15,ל 100 גרם,false,1,9.90,2.39,false,1,
107646925,true,TELMA BRANFLAKES NO SUGAR BADAZ 12X500G,"יוניליוור ישראלשיווק בע""מ",,,יח,4.10,ל 100 גרם,false,1,19.90,4.85,false,1,
107647823,true,TELMA GLUTEN FREE BRANFLAKES 8X375G,"יוניליוור ישראלשיווק בע""מ",,,יח,5,ל 100 גרם,false,1,19.90,3.98,false,1,
107647854,true,"שוגי 500 בד""צ *","יוניליוור ישראלשיווק בע""מ",,,יח,5,ל 100 גרם,false,1,19.90,3.98,true,1,
107648981,true,.רוטב לפסטה פומודורו 415גרם קנור*,"יוניליוור ישראלשיווק בע""מ",,,יח,1,יח,false,1,9.90,9.90,false,1,
107945165,true,קונפיטורה משמש,שטראוס גרופ בעמ,,,יח,3.40,ל 100 גרם,false,1,12.90,3.79,true,1,
107951111,true,וופל לימון 200,שטראוס גרופ בעמ,,,יח,2,ל 100 גרם,false,1,3.90,1.95,false,1,
108350531,true,ספארק כלים לימון 1 ליטר+ משאבה,החברה הדרומית לשיווק בעמ,,,יח,10,"ל 100 מ""ל",false,1,11.90,1.19,false,1,
108357196,true,סנו ג`ט פלוס לניקוי כללי+תמצית תה,החברה הדרומית לשיווק בעמ,,,יח,7.50,"ל 100 מ""ל",false,1,11.90,1.59,false,1,
108505603,true,שלישית נתחי טונה בהירה בשמן,ג.וילי פוד בעמ,,,ל 100 גרם,2.40,ל 100 גרם,false,1,10.90,4.54,false,1,
109920146,true,דורגול מסיר אבנית,"יעקב יעקבי ובניו בע""מ",,,יח,7.50,"ל 100 מ""ל",false,1,19.90,2.65,false,1,
112490896,true,רוטב צ`ילי חריף 370גרם קנור*,"יוניליוור ישראלשיווק בע""מ",,,יח,3.70,ל 100 גרם,false,1,9.90,2.68,false,1,
112492449,true,"פינוק שמפו לשיער רגיל 700 מ""ל*","יוניליוור ישראלשיווק בע""מ",,,יח,7,"ל 100 מ""ל",false,1,11.90,1.70,false,1,
112493064,true,רוטב שזיפים לעוף 320 ג`ADRE,"יוניליוור ישראלשיווק בע""מ",,,יח,3.20,ל 100 גרם,false,1,10.90,3.41,false,1,
112495433,true,TELMA DELIPECAN BADATZ 2011 12X400 GR,"יוניליוור ישראלשיווק בע""מ",,,יח,4,ל 100 גרם,false,1,19.90,4.98,false,1,
112870322,true,Green olives rings 15-17 a2,קבוצת יבנה מוצרי מזון,,,יח,5.60,ל 100 גרם,false,1,8.90,1.59,false,1,
113192348,true,זית ירוק 17-19 בית השיטה,קבוצת אוסם סחר שותפות מוגבלת,,,יח,3.40,ל 100 גרם,false,1,9.90,2.91,true,1,
117032084,true,כפות איכותיות 40יח צבעוני שווה*,ווינפאק סחר בעמ,,,יח,40,יח,false,1,5.90,0.15,false,1,
117032114,true,כפיות איכותי 40יח צבעוני שווה*,ווינפאק סחר בעמ,,,יח,40,יח,false,1,5.90,0.15,false,1,
118820000,true,שקדי עגל טרי 4 שיפודים,אחים דובקין בעמ,,,יח,2.40,ל 100 גרם,false,1,69,28.75,false,1,
201277033,true,תבנית מחולקת בלי מכסה R24 פאלאס,פאלאס תעשיות (פי.איי) בעמ,,,יח,1,,false,1,1.20,1.20,true,1,
1083518117,true,מרכך מקסימה סופר מרוכז,החברה הדרומית לשיווק בעמ,,,יח,10,"ל 100 מ""ל",false,1,17.90,1.79,false,1,
8112100298,true,שמן שומשום 185,מזרח ומערב יבוא ושיווק,,,יח,1.85,"ל 100 מ""ל",false,1,14.90,8.05,false,1,
9800800056,true,נטולה גו חדש,פרימיום חברה לדברי מ.,,,יח,0.52,יח,false,1,5.50,10.58,false,1,
16000281684,true,חטיף פקאן 1/5,ליימן שליסל בעמ,,,יח,2.10,ל 100 גרם,false,1,15.90,7.57,true,1,
16000423534,true,חטיף בריאות שיבולת שועל שוקולד מריר,ליימן שליסל בעמ,,,יח,2.10,ל 100 גרם,false,1,15.90,7.57,true,1,
16000548404,true,גרנולה חטיף טבעי קראנצ,ליימן שליסל בעמ,,,יח,2.10,ל 100 גרם,false,1,15.90,7.57,true,1,
16000548503,true,קרנצ יחטיפי גרנולה,ליימן שליסל בעמ,,,יח,2.10,ל 100 גרם,false,1,15.90,7.57,true,1,
16000548602,true,קרנצ י חטיפי גרנולה+,ליימן שליסל בעמ,,,יח,2.10,ל 100 גרם,false,1,15.90,7.57,true,1,
16000548909,true,חטיף בריאות מעורב,ליימן שליסל בעמ,,,יח,2.10,ל 100 גרם,false,1,15.90,7.57,true,1,
18000701223,true,תערובת עוגה בטעם שוקולד,ליימן שליסל בעמ,,,יח,5,ל 100 גרם,false,1,17.90,3.58,false,1,
18000703517,true,תערובת לעוגת שיש,ליימן שליסל בעמ,,,יח,5.50,ל 100 גרם,false,1,17.90,3.25,false,1,
19548003107,true,צימקאו בטעם שוקולד לבן 300,תה ויסוצקי (ישראל)בעמ,,,יח,3,ל 100 גרם,false,1,8.50,2.83,false,1,
22200956932,true,ס. סטיק ג ל כחול ק,ש.שסטוביץ בעמ,,,יח,1,ל 100 גרם,false,1,19.90,19.90,true,1,
25675120037,true,מקלות חמוצות 100,גורי ע.ע.ע בעמ,,,יח,1,ל 100 גרם,false,1,8.90,8.90,false,1,
25675120068,true,מקלות מסוכרים,גורי ע.ע.ע בעמ,,,יח,1,ל 100 גרם,false,1,8.90,8.90,false,1,
34000148301,true,הרשי נטיפי אפיה מריר,ליימן שליסל בעמ,,,יח,6.80,ל 100 גרם,false,1,18.90,2.78,false,1,
34000544431,true,ליקוריץ דובדבן 198 ג,ליימן שליסל בעמ,,,יח,1.72,ל 100 גרם,false,1,7.90,4.59,false,1,
37600207188,true,חמאת בוטנים קלאסית,דיפלומט מפיצים {1968}בעמ,,,יח,4.62,ל 100 גרם,false,1,19.90,4.31,false,1,
37600207256,true,חמאת בוטנים עם שברי בוטנים,דיפלומט מפיצים {1968}בעמ,,,יח,4.62,ל 100 גרם,false,1,19.90,4.31,false,1,
37600297967,true,סלסה מטבל עגבניות בחריפות מעודנת..,ליימן שליסל בעמ,,,יח,4.39,ל 100 גרם,false,1,18.90,4.31,true,1,
38000138638,true,פרינגלס פיצה 158 גר`,דיפלומט מפיצים {1968}בעמ,,,יח,1.58,ל 100 גרם,false,1,9.90,6.27,true,1,
38000138720,true,פרינגלס ראנץ 158 גר`,דיפלומט מפיצים {1968}בעמ,,,יח,1.58,ל 100 גרם,false,1,9.90,6.27,true,1,
38000183690,true,פרינגלס מידי ברבקיו 71 גר`,דיפלומט מפיצים {1968}בעמ,,,יח,0.67,ל 100 גרם,false,1,5,7.46,false,1,
38000197840,true,פרינגלס גלי בטעם חריף 130 גר`,דיפלומט מפיצים {1968}בעמ,,,יח,1.30,ל 100 גרם,false,1,9.90,7.62,true,1,
38000202278,true,פרינגלס גלי בטעם אורגינל 130 גר`,דיפלומט מפיצים {1968}בעמ,,,יח,1.30,ל 100 גרם,false,1,9.90,7.62,true,1,
38000232152,true,פרינגלס ברבקיו 158 גר`,דיפלומט מפיצים {1968}בעמ,,,יח,1.58,ל 100 גרם,false,1,9.90,6.27,true,1,
38000232169,true,פרינגלס מידי אורגינל67 גר`,דיפלומט מפיצים {1968}בעמ,,,יח,0.67,ל 100 גרם,false,1,5,7.46,false,1,
38000232176,true,54פרינגלס שמנת בצל 158 גר`,דיפלומט מפיצים {1968}בעמ,,,יח,1.58,ל 100 גרם,false,1,9.90,6.27,true,1,
38000232183,true,פרינגלס אורגינל 149 גר`,דיפלומט מפיצים {1968}בעמ,,,יח,1.58,ל 100 גרם,false,1,9.90,6.27,true,1,
38000845253,true,פרינגלס מידי שמנת בצל 67 גר`,דיפלומט מפיצים {1968}בעמ,,,יח,0.67,ל 100 גרם,false,1,5,7.46,false,1,
38527591053,true,דגנים מרובעים קינמון,שטראוס פריטו ליי בעמ,,,יח,4.12,ל 100 גרם,false,1,19.90,4.83,false,1,
44600300580,true,קלין אפ מרסס אקונומיקה 946,גורי מוצרי צריכה 1991 בעמ,,,יח,9.46,"ל 100 מ""ל",false,1,20.90,2.21,false,1,
46214731552,true,עוגיות שוקוצי פס מרווה,ש.שסטוביץ בעמ,,,יח,2.25,ל 100 גרם,false,1,8.90,3.96,false,1,
50000084500,true,פריסקיז מעדני השף,קבוצת אוסם סחר שותפות מוגבלת,,,יח,1.42,"לק""ג",false,1,35.90,25.28,false,1,
50000168583,true,פריסקיז אקסטרא קראנץ,קבוצת אוסם סחר שותפות מוגבלת,,,יח,1.42,"לק""ג",false,1,36.90,25.99,false,1,
51500017005,true,סמארקס חמאת בוטנים 100% ריכיבים,גורי מוצרי צריכה 1991 בעמ,,,יח,4.54,ל 100 גרם,false,1,17.90,3.94,false,1,
64144090013,true,שמן פאם טעם חמאה,ליימן שליסל בעמ,,,יח,1.48,"ל 100 מ""ל",false,1,17.90,12.09,false,1,
64144090020,true,שמן פאם שמן זית,ליימן שליסל בעמ,,,יח,1,,false,1,17.90,17.90,false,1,
64144090051,true,שמן פאם על בסיס קנולה,ליימן שליסל בעמ,,,יח,1.48,"ל 100 מ""ל",false,1,17.90,12.09,false,1,
71101665436,true,פאזל חנוכה הנרות הללו טוויז,טוייז מרקט בעמ,,,יח,1,,false,1,15,15,false,1,
71101665450,true,פאזל חנוכה על הניסים טוויז,טוייז מרקט בעמ,,,יח,1,,false,1,15,15,false,1,
71103975441,true,כרטסיות לימוד חנוכה טוויז,טוייז מרקט בעמ,,,יח,1,,false,1,20,20,false,1,
71106987687,true,טריוויה חנוכה טוויז גדול,טוייז מרקט בעמ,,,יח,1,,false,1,20,20,false,1,
73490130946,true,פתיבר קלאסי חמאה 500 גרם הדר*,אפיפית נצרת תעשיות בסקויט,,,יח,5,ל 100 גרם,false,1,5.90,1.18,false,1,
73490130953,true,פתיבר קלאסי שוקו 500 גרם הדר *,אפיפית נצרת תעשיות בסקויט,,,יח,5,ל 100 גרם,false,1,5.90,1.18,false,1,
76840100156,true,גלידה פיינט צ`רי רסיה,מוצרי איכות אמרקאים בעמ,,,יח,7.50,ל 100 גרם,false,1,24.90,3.32,true,1,
76840100583,true,גלידה פיינט בצק עוגיות,מוצרי איכות אמרקאים בעמ,,,יח,7.50,ל 100 גרם,false,1,24.90,3.32,true,1,
77245110610,true,סוכריות מאסט מנטה,שטראוס גרופ בעמ,,,יח,0.80,ל 100 גרם,false,1,7.70,9.63,true,1,
77975094631,true,סניידרס בייגלה במילוי בטעם צ`דר,ליימן שליסל בעמ,,,ל 100 גרם,1,,false,1,15.90,15.90,true,1,
77975094761,true,בייגלה סניידרס צ`דר,ליימן שליסל בעמ,,,יח,3.40,ל 100 גרם,false,1,15.90,4.68,true,1,
77975095263,true,בייגלה סניידרס צ`דר,ליימן שליסל בעמ,,,יח,3.19,ל 100 גרם,false,1,15.90,4.98,true,1,
79400461056,true,אקס שמפו לגבר 2ב -1 אפולו*,"יוניליוור ישראלשיווק בע""מ",,,יח,4.73,"ל 100 מ""ל",false,1,15.90,3.36,false,1,
79400461704,true,אקס שמפו לגבר 2ב -1 ניחוח מנטה,"יוניליוור ישראלשיווק בע""מ",,,יח,4.73,"ל 100 מ""ל",false,1,15.90,3.36,false,1,
80432402931,true,ויסקי שיבס ריגל..,טמפו משקאות בעמ,,,יח,0.75,לליטר,false,1,129.90,172.80,true,1,
85659100006,true,עוגיות עבדי מלח 400,תה ויסוצקי (ישראל)בעמ,,,יח,4,ל 100 גרם,false,1,17.90,4.48,false,1,
89041081056,true,"שמן צ`לי 185 מ""ל",מזרח ומערב יבוא ושיווק,,,יח,1.85,"ל 100 מ""ל",false,1,13.90,7.51,false,1,
117700003122,true,חנוכה חוברת פעילות צבעוני,טוייז מרקט בעמ,,,יח,1,,false,1,10,10,false,1,
117700003146,true,חנוכה לומדים ומדביקים,טוייז מרקט בעמ,,,יח,1,,false,1,10,10,false,1,
324787290102,true,המבורגר ביתי גוליה,ג`וליה מעדני בשר בעמ,,,"לק""ג",10,ל 100 גרם,true,1,58.90,5.89,false,1,
324787290104,true,נקניקיות מיני מרגז גוליה,ג`וליה מעדני בשר בעמ,,,"לק""ג",10,ל 100 גרם,true,1,58.90,5.89,false,1,
324787290106,true,שיפודי פרגית גוליה,ג`וליה מעדני בשר בעמ,,,"לק""ג",1,,true,1,74.90,74.90,false,1,
324787290109,true,מעורב ירושלמי גוליה,ג`וליה מעדני בשר בעמ,,,"לק""ג",1,,true,1,58.90,58.90,false,1,
324787290122,true,קבבוני טלה גוליה,ג`וליה מעדני בשר בעמ,,,"לק""ג",10,ל 100 גרם,true,1,58.90,5.89,false,1,
324787290133,true,נקניק כבש איטלקי גוליה,ג`וליה מעדני בשר בעמ,,,"לק""ג",10,ל 100 גרם,true,1,58.90,5.89,false,1,
324787290138,true,נקניק יות פרגית גוליה,ג`וליה מעדני בשר בעמ,,,"לק""ג",10,ל 100 גרם,true,1,58.90,5.89,false,1,
324787290144,true,בייבי בורגר גוליה,ג`וליה מעדני בשר בעמ,,,"לק""ג",10,ל 100 גרם,true,1,58.90,5.89,false,1,
324787290153,false,טבעות טחול עגל גוליה,ג`וליה מעדני בשר בעמ,,,"לק""ג",1,,true,1,79,79,false,1,
324787290189,true,המבורגר אנטריקוט גוליה,ג`וליה מעדני בשר בעמ,,,"לק""ג",10,ל 100 גרם,true,1,58.90,5.89,false,1,
324787290230,true,קבבוני אנגוס גוליה,ג`וליה מעדני בשר בעמ,,,"לק""ג",10,ל 100 גרם,true,1,58.90,5.89,false,1,
324787290241,true,קבב אש ג`וליה,ג`וליה מעדני בשר בעמ,,,"לק""ג",10,ל 100 גרם,true,1,58.90,5.89,false,1,
324787290246,true,קבב אביה גוליה,ג`וליה מעדני בשר בעמ,,,"לק""ג",10,ל 100 גרם,true,1,58.90,5.89,false,1,
324787290261,true,המבורגר אנגוס גוליה,ג`וליה מעדני בשר בעמ,,,"לק""ג",10,ל 100 גרם,true,1,58.90,5.89,false,1,
324787290318,true,נקניק כבד גוליה,ג`וליה מעדני בשר בעמ,,,"לק""ג",10,ל 100 גרם,true,1,58.90,5.89,false,1,
324787290500,true,קבבוני פרגית גוליה,ג`וליה מעדני בשר בעמ,,,"לק""ג",10,ל 100 גרם,true,1,58.90,5.89,false,1,
608011104238,true,לחמניות המבורגר,גיא שיווק טוב,,,יח,1,יח,false,1,12.90,12.90,false,1,
608614309085,true,אומגה פיוזן אדום יבש,אגודת הכורמים בעמ,,,יח,7.50,"ל 100 מ""ל",false,1,160,21.29,false,1,
633824102201,true,ואן גוך מלון,טמפו משקאות בעמ,,,"ל 100 מ""ל",7.50,"ל 100 מ""ל",false,1,139.90,18.61,true,1,
693493102575,true,שרי קלמר,"בכורי השדה צפון1994 ג.ד. בע""מ",,,יח,1,,false,1,12.90,12.90,false,1,
710069055452,true,עוגיות סנדויץ שוקו 150 ג`הדר*,אפיפית נצרת תעשיות בסקויט,,,יח,1.75,ל 100 גרם,false,1,3.50,2,true,1,
720011378028,true,חלבה ברקא,קבוצת אוסם סחר שותפות מוגבלת,,,יח,3.50,ל 100 גרם,false,1,14.90,4.26,false,1,
720108503043,true,מארז תפוחונים 3יח` +1,ג.וילי פוד בעמ,,,יח,0.35,ל 100 גרם,false,1,14.90,42.57,false,1,
729011055454,true,קפסולות אספרסו טעם קוקוס,שטראוס גרופ בעמ,,,ל 100 גרם,0.50,ל 100 גרם,false,1,15.90,31.80,true,1,
729019056621,true,ספרינג 1.5 פירות קיץ,יפאורה שותפות מוגבלת לשיווק,,,יח,15,"ל 100 מ""ל",false,1,8.90,0.57,true,1,
729107645591,true,KNORR ANI CHICKEN FLV BDZ SAVVY 6X400G,"יוניליוור ישראלשיווק בע""מ",,,יח,4,ל 100 גרם,false,1,14.90,3.73,false,1,
729111563492,true,מטבוחה חריפה מרובע צבר 400 גרם,קבוצת אוסם סחר שותפות מוגבלת,,,יח,4,ל 100 גרם,false,1,11.90,2.98,true,1,
768404001640,true,גלידה פיינט קפה,מוצרי איכות אמרקאים בעמ,,,יח,7.50,ל 100 גרם,false,1,24.90,3.32,true,1,
851621000050,true,"שישית בירה 1664 330 N,K",החברה המרכזית להפצת משקאות בע,,,יח,15,ל 100 גרם,false,1,52.90,3.41,true,1,
856591000055,true,עוגיות עבדי קריספי 400,תה ויסוצקי (ישראל)בעמ,,,יח,4,ל 100 גרם,false,1,17.90,4.48,false,1,
856591000109,true,עוגיות מזרחיות פריך מיוחד,תה ויסוצקי (ישראל)בעמ,,,יח,4,ל 100 גרם,false,1,17.90,4.48,false,1,
856591000512,true,עוגיות מזרחיות מקלות לניגוב,תה ויסוצקי (ישראל)בעמ,,,יח,4,ל 100 גרם,false,1,17.90,4.48,true,1,
856591000918,true,מארז חטיף טבעי 8*40 גר`,תה ויסוצקי (ישראל)בעמ,,,יח,3.20,ל 100 גרם,false,1,17.90,5.59,false,1,
856591000949,true,מאפה עבאדי חיטה מלוח 350 גר,תה ויסוצקי (ישראל)בעמ,,,יח,3.50,ל 100 גרם,false,1,17.90,5.11,true,1,
856591000956,true,מאפה חיטה קטנטנים ט. גריל 350 גר,תה ויסוצקי (ישראל)בעמ,,,יח,3.50,ל 100 גרם,false,1,16.90,4.83,true,1,
884912359162,true,דגני האני באנצס שקדים,ר.ב מוצרי דגנים בעמ,,,יח,3.40,יח,false,1,21.90,6.44,false,1,
2517765432109,false,חנוכה טוויז יוצרים פלסטלינה,טוייז מרקט בעמ,,,יח,1,,false,1,20,20,false,1,
2617290001990,false,Hummus 1 kg - Sugat,סוגת תעשיות בעמ,,,יח,10,ל 100 גרם,false,1,13.90,1.39,false,1,
3014260201753,false,ג ילט בלו 5,דיפלומט מפיצים {1968}בעמ,,,יח,1,,false,1,12.90,12.90,false,1,
3014260240226,false,קצף גילוח לעור רגיש,דיפלומט מפיצים {1968}בעמ,,,יח,2,"ל 100 מ""ל",false,1,14.90,7.45,false,1,
3014260287030,false,ג`ילט 2 חמשיה,דיפלומט מפיצים {1968}בעמ,,,יח,1,,false,1,7.90,7.90,true,1,
3059943015128,false,אירוויק נטול גז לבנדר ק,רקיט בנקיסר (ניר איסט),,,יח,3.45,ל 100 גרם,false,1,12.90,3.74,false,1,
3059943016569,false,אירוויק ספריי פריסיה ויסמין,רקיט בנקיסר (ניר איסט),,,יח,2.40,"ל 100 מ""ל",false,1,7.50,3.13,false,1,
3228022910023,false,חמאה צרפתית פרזידנט,נטו מילנדה סחר בעמ*,,,יח,2,ל 100 גרם,false,1,14.90,7.45,false,1,
3282554138911,false,כפיות לבן 100 יח PP ארקפלסט (40 בק`)*,ARCPLAST PLASTIK,,,יח,100,יח,false,1,8.90,0.09,true,1,
3282554174537,false,סכינים לבן 100 יח PP ארקפלסט (40 בק`),ARCPLAST PLASTIK,,,יח,100,יח,false,20,8.90,0.09,true,1,
3282554174957,false,כפות לבן 100 יח PP ארקפלסט (40 בק`)*,ARCPLAST PLASTIK,,,יח,100,יח,false,1,8.90,0.09,true,1,
3387390525960,false,קרנץ דגנים 500 גר נסטלה,קבוצת אוסם סחר שותפות מוגבלת,,,יח,5,ל 100 גרם,false,1,21.90,4.38,true,1,
3574660333466,false,אובה מיני 32,ש.שסטוביץ בעמ,,,יח,1,,false,1,24.90,24.90,false,1,
3574661114637,false,ליסטרין זארו מי פה,שקד תבל בעמ,,,יח,5,"ל 100 מ""ל",false,1,17.90,3.58,true,1,
3574661485201,false,אובה פרוקומפורט 32+2,ש.שסטוביץ בעמ,,,יח,1,,false,1,24.90,24.90,false,1,
3574661485218,false,אובה פרוקומפורט 32+2,ש.שסטוביץ בעמ,,,יח,1,,false,1,24.90,24.90,false,1,
3574661487335,false,קפרי מקסי לארג מבושם,ש.שסטוביץ בעמ,,,יח,1,,false,1,15.90,15.90,true,1,
3574661487618,false,קפרי מקסי לארג מבושם,ש.שסטוביץ בעמ,,,יח,1,,false,1,15.90,15.90,true,1,
3574661552804,false,קפרי מגן תחתון אלוורה 56,ש.שסטוביץ בעמ,,,יח,1,,false,1,15.90,15.90,true,1,
3574661554877,false,קפרי אוורירי מבושם 56 יח,ש.שסטוביץ בעמ,,,יח,1,,false,1,15.90,15.90,true,1,
3574669907972,false,ג`ונסוס שמפו טיפות של ברק,ש.שסטוביץ בעמ,,,יח,7.50,ל 100 גרם,false,1,21.90,2.92,true,1,
3574669908146,false,ג`ונסוס בייבי תחליב לפני השינה500 מ,ש.שסטוביץ בעמ,,,יח,5,ל 100 גרם,false,1,28.90,5.78,false,1,
3614221653715,false,אדידס קליימקול ג`ל רחצה,"דנשר (1963) בע,מ",,,יח,0.40,ל 100 גרם,false,1,12.90,32.25,true,1,
3800020403631,false,קיט קט צ`אנקי חמאת בוטנים 40 גר`,קבוצת אוסם סחר שותפות מוגבלת,,,יח,40,ל 100 גרם,false,1,3.60,0.09,false,1,
3800020472576,false,קיט קט צ`אנקילוטוס 42 גר`,קבוצת אוסם סחר שותפות מוגבלת,,,יח,40,ל 100 גרם,false,1,3.60,0.09,false,1,
3800020491393,false,קיט קט אצבעות 45 גר`,קבוצת אוסם סחר שותפות מוגבלת,,,יח,0.45,ל 100 גרם,false,1,3.90,8.67,false,1,
3838824127149,false,פאלטה סמי קיט 1-1 שחור כחול,"הנקל סוד בע""מ",,,יח,1,,false,1,21.90,21.90,true,1,
3838824127262,false,|פאלטה סמי קיט בלונד כהה 0-6,"הנקל סוד בע""מ",,,יח,1,,false,1,21.90,21.90,true,1,
3838824127361,false,פאלטה סמי קיט ערמוני בינוני,"הנקל סוד בע""מ",,,יח,1,,false,1,21.90,21.90,true,1,
3838824127507,false,פאלטה סמי קיט חום קטיפתי,"הנקל סוד בע""מ",,,יח,1,,false,1,21.90,21.90,true,1,
4000417019004,false,שוקולד חלב אגוז,ליימן שליסל בעמ,,,יח,1,ל 100 גרם,false,1,9.90,9.90,false,1,
4000417023001,false,שוקולד ריטר חלב שקד,ליימן שליסל בעמ,,,יח,1,ל 100 גרם,false,1,9.90,9.90,false,1,
4000417026002,false,שוקולד חלב ממולא,ליימן שליסל בעמ,,,יח,1,ל 100 גרם,false,1,7.90,7.90,false,1,
4000417101211,false,אמיצ`ילי גלילי וופל בציפוי שוקולד,ליימן שליסל בעמ,,,יח,1.50,ל 100 גרם,false,1,17.90,11.93,false,1,
4000417101273,false,אמיצ`ילי חנוכה 300 גר`,ליימן שליסל בעמ,,,יח,3,ל 100 גרם,false,1,34.90,11.63,false,1,
4000417101310,false,אמיצ`ילי גלילי וופל בציפוי שוקולד,ליימן שליסל בעמ,,,יח,1.50,ל 100 גרם,false,1,17.90,11.93,false,1,
4000417298003,false,שוק ריטר קוקוס,ליימן שליסל בעמ,,,יח,1,ל 100 גרם,false,1,7.90,7.90,false,1,
4000417328205,false,פאוצ`י מיני ריטר מיקס הסדרה הצבעונית,ליימן שליסל בעמ,,,יח,1.50,ל 100 גרם,false,1,17.90,11.93,false,1,
4000417629616,false,ריטר שוקולד שקדים מקורמלים,ליימן שליסל בעמ,,,יח,1,ל 100 גרם,false,1,7.90,7.90,false,1,
4000417692313,false,ריטר שוקולד קינמון קריספי לבן,ליימן שליסל בעמ,,,יח,1,ל 100 גרם,false,1,7.90,7.90,false,1,
4000417694119,false,ריטר שוקולד קפה קריסםי,ליימן שליסל בעמ,,,יח,1,ל 100 גרם,false,1,7.90,7.90,false,1,
4002590000039,false,סוכריות קלפני הדרים 150 גר,ליימן שליסל בעמ,,,יח,1.50,ל 100 גרם,false,1,9.60,6.40,false,1,
4004666042004,false,מלרוד+מרסס נגד עובש,"יעקב יעקבי ובניו בע""מ",,,יח,5,"ל 100 מ""ל",false,1,30.90,6.18,false,1,
4004715020014,false,קישוטי שוקולד 150,ליימן שליסל בעמ,,,יח,1.50,ל 100 גרם,false,1,15.90,10.60,false,1,
4008287051032,false,"קרומבאכר פילאס בודד 500 מ""ל",אגודת הכורמים בעמ,,,"ל 100 מ""ל",5,ל 100 גרם,false,1,9.60,1.92,true,1,
4008287058161,false,"בירה קרומבאכר שישיה 330 מ""ל",אגודת הכורמים בעמ,,,ל 100 גרם,13,"ל 100 מ""ל",false,1,36.90,2.70,true,1,
4008287762020,false,"קרומבאכר וואיזון 500 מ""ל",אגודת הכורמים בעמ,,,"ל 100 מ""ל",5,ל 100 גרם,false,1,9.90,1.92,true,1,
4008287905786,false,"קרומבאכר חיטה בודד 500 מ""ל",אגודת הכורמים בעמ,,,"ל 100 מ""ל",5,ל 100 גרם,false,1,9.90,1.92,true,1,
4008400290423,false,קינדר פינגוי עוגת ספוג במילוי ש. מריר,תנובה -חלב,,,יח,1.20,ל 100 גרם,false,1,12.90,10.75,false,1,
4009300522935,false,פומפדור תה ירוק לואיזה,ש.שסטוביץ בעמ,,,יח,0.30,ל 100 גרם,false,1,19.90,66.33,true,1,
4009300522966,false,פומפדור תה ירוק נענע,ש.שסטוביץ בעמ,,,יח,0.36,ל 100 גרם,false,1,19.90,55.28,true,1,
4009300524625,false,פומפדור צ`אי מסאלה,ש.שסטוביץ בעמ,,,יח,1,,false,1,15.90,15.90,true,1,
4009900402965,false,אורביט בקבוקון ט. פירות,ריגלי ישראל בעמ,,,יח,0.64,ל 100 גרם,false,1,9.90,15.47,true,1,
4009900403023,false,אורביט בקבוקון ט. מנטה,ריגלי ישראל בעמ,,,יח,0.64,ל 100 גרם,false,1,9.90,15.47,true,1,
4009900420129,false,אורביט פרופשיונל,ריגלי ישראל בעמ,,,יח,0.64,ל 100 גרם,false,1,9.90,15.47,true,1,
4009900479998,false,אורביט בקבוקון ט. אוכמניות,ריגלי ישראל בעמ,,,יח,0.64,ל 100 גרם,false,1,9.90,15.47,true,1,
4009900531122,false,אורביט פרופשיונל ספירמינט,ריגלי ישראל בעמ,,,יח,0.64,ל 100 גרם,false,1,9.90,15.47,true,1,
4009900535519,false,מסטיק אורביט רפרשס פפרמינט ללא סוכר,ריגלי ישראל בעמ,,,יח,15.60,ל 100 גרם,false,1,3.90,0.25,true,1,
4009900535540,false,מסטיק אורביט רפרשס פפרמינט ללא סוכר,ריגלי ישראל בעמ,,,יח,15.60,ל 100 גרם,false,1,3.90,0.25,true,1,
4009900536288,false,מסטיק אורביט רפרשרס ללא סוכר,ריגלי ישראל בעמ,,,יח,0.67,ל 100 גרם,false,1,11.90,17.76,true,1,
4009900539401,false,מסטייק אורבייט פייב באונוס מנטה HP,ריגלי ישראל בעמ,,,יח,15.60,ל 100 גרם,false,1,3.90,0.25,true,1,
4009900540551,false,מסטיק אורביט רפרשרס טרופיקל,ריגלי ישראל בעמ,,,יח,0.67,ל 100 גרם,false,1,11.90,17.76,true,1,
4011100002227,false,בונ`מיני 403 גר`,ריגלי ישראל בעמ,,,יח,4.03,ל 100 גרם,false,1,20.90,5.19,false,1,
4014400144078,false,וופל קנופרס שלשה,ליימן שליסל בעמ,,,יח,0.75,ל 100 גרם,false,1,7.90,10.53,false,1,
4014400904376,false,שוקולדן 325,ליימן שליסל בעמ,,,יח,3.25,ל 100 גרם,false,1,14.90,4.58,false,1,
4014400904390,false,סוכריות טעם חלב ממולאות,ליימן שליסל בעמ,,,יח,3.25,ל 100 גרם,false,1,14.90,4.58,false,1,
4014400907902,false,ווטר ללא סוכר,ליימן שליסל בעמ,,,לליטר,1,,false,1,6.50,6.50,false,1,
4014400910063,false,וורטר טופי 135 גר,ליימן שליסל בעמ,,,יח,1.35,ל 100 גרם,false,1,7.90,5.85,true,1,
4014400923711,false,טופיפי 125 גר`,ליימן שליסל בעמ,,,יח,1.25,ל 100 גרם,false,1,11.90,9.52,false,1,
4015000519915,false,דאו ספריי פה 200 לאשה,"הנקל סוד בע""מ",,,יח,2,"ל 100 מ""ל",false,1,12.90,6.45,true,1,
4015000615921,false,דאו פה חדש,"הנקל סוד בע""מ",,,יח,2,"ל 100 מ""ל",false,1,12.90,6.45,true,1,
4015000997430,false,דאו ספריי פה 200 ספורט,"הנקל סוד בע""מ",,,יח,2,"ל 100 מ""ל",false,1,12.90,6.45,true,1,
4015400564034,false,אולדייז מגן תחתון מגה פק,דיפלומט מפיצים {1968}בעמ,,,יח,1,,false,1,19.90,19.90,true,1,
4015400564454,false,מגן תחתון אולדייז מגה לארג`68 יח`,דיפלומט מפיצים {1968}בעמ,,,יח,1,,false,1,19.90,19.90,true,1,
4015400681670,false,אולוויז לילה בטוח 8 יח`,דיפלומט מפיצים {1968}בעמ,,,יח,1,,false,1,19.90,19.90,true,1,
4015400731719,false,תחבושות אולייוז וליו פק לילה,דיפלומט מפיצים {1968}בעמ,,,יח,1,,false,1,19.90,19.90,true,1,
4015400746812,false,מגן תחתון אולדייז נורמל 80 יח,דיפלומט מפיצים {1968}בעמ,,,יח,1,,false,1,19.90,19.90,true,1,
4015400755241,false,תחבושות אולייוז וליו פק נורל,דיפלומט מפיצים {1968}בעמ,,,יח,1,,false,1,19.90,19.90,true,1,
4015400755487,false,תחבושות אולייוז לונג פלוס,דיפלומט מפיצים {1968}בעמ,,,יח,1,,false,1,19.90,19.90,true,1,
4015400990543,false,"אריאל קולור 8 ק""ג",דיפלומט מפיצים {1968}בעמ,,,יח,8,"לק""ג",false,1,59.90,7.49,false,1,
4015600762742,false,"הד שולדרס קלאסי 500 מ""ל",דיפלומט מפיצים {1968}בעמ,,,יח,5,"ל 100 מ""ל",false,1,17.90,3.58,false,1,
4015600762780,false,"הד שולדרס 2 באחדקלאסי 500 מ""ל",דיפלומט מפיצים {1968}בעמ,,,יח,5,"ל 100 מ""ל",false,1,17.90,3.58,false,1,
4015600762902,false,"הד שולדרס שמפו מנטול 500 מ""ל ק",דיפלומט מפיצים {1968}בעמ,,,יח,5,"ל 100 מ""ל",false,1,17.90,3.58,false,1,
4015600762940,false,"הד שולדרס תפוח 500 מ""ל",דיפלומט מפיצים {1968}בעמ,,,יח,5,"ל 100 מ""ל",false,1,17.90,3.58,false,1,
4015600763022,false,"הד שולדרס שמפו מגע משי 500 מ""ל",דיפלומט מפיצים {1968}בעמ,,,יח,5,"ל 100 מ""ל",false,1,17.90,3.58,false,1,
4017100290503,false,בסקויט ליבינץ,ליימן שליסל בעמ,,,יח,1.25,ל 100 גרם,false,1,11.90,9.52,false,1,
4017100364112,false,בסקויט ממולא קרם וניל היט 220 גר`,ליימן שליסל בעמ,,,יח,2.20,ל 100 גרם,false,1,7.90,3.59,true,1,
4022025001752,false,בלו נאן מבעבע חצי יבש כשר *,היכל היין שקד גולן בעמ,,,יח,7.50,"ל 100 מ""ל",false,1,49.90,6.61,false,1,
4022025002087,false,בלו נאן מבעבע רוזה 24 קראט*,היכל היין שקד גולן בעמ,,,יח,7.50,"ל 100 מ""ל",false,1,49.90,6.61,false,1,
4022025262009,false,יין בלו נאן גוורצטרמינר *,היכל היין שקד גולן בעמ,,,יח,7.50,"ל 100 מ""ל",false,1,49.90,6.61,false,1,
4066600601920,false,"פלאונר פחית 500 מ""ל",טמפו משקאות בעמ,,,יח,0.50,ל 100 גרם,false,1,10.90,21.20,true,1,
4066600999614,false,"פלאונר בק 500 מ""ל",טמפו משקאות בעמ,,,יח,0.50,ל 100 גרם,false,1,10.90,21.20,true,1,
4084500088917,false,"פיירי לימון 650מ""ל",דיפלומט מפיצים {1968}בעמ,,,יח,6.50,"ל 100 מ""ל",false,1,10.90,1.68,false,1,
4084500371422,false,"אבקת כביסה אריאל לבן 8 ק""ג",דיפלומט מפיצים {1968}בעמ,,,יח,80,ל 100 גרם,false,1,59.90,0.75,false,1,
4084500371453,false,"טייד אלפיין 8 ק""ג",דיפלומט מפיצים {1968}בעמ,,,יח,5,"לק""ג",false,1,41.90,8.38,false,1,
4084500853553,false,"פיירי אורגינל 650מ""ל",דיפלומט מפיצים {1968}בעמ,,,יח,6.50,"ל 100 מ""ל",false,1,10.90,1.68,false,1,
4084500853836,false,פיירי נ.כלים ורדים סאטן,דיפלומט מפיצים {1968}בעמ,,,יח,5.15,"ל 100 מ""ל",false,1,10.90,2.12,false,1,
4084500853898,false,"פיירי מנקה ומטפח אלוורה ""515ל",דיפלומט מפיצים {1968}בעמ,,,יח,5.15,"ל 100 מ""ל",false,1,10.90,2.12,false,1,
4084500854048,false,פיירי לימון 1.24 ליטר ק,דיפלומט מפיצים {1968}בעמ,,,יח,1.24,"ל 100 מ""ל",false,1,14.80,11.94,false,1,
4105120623941,false,"ויינשטפן בק`ח""פ 500 מ""ל",החברה המרכזית להפצת משקאות בע,,,ל 100 גרם,5,יח,false,1,11.90,2.32,false,1,
4603400000043,false,"רוסקי סטנדרט 700 מ""ל",יורוסטנדרט בעמ,,,יח,7,יח,false,1,59.90,8.51,false,1,
4603928000976,false,"וודקה בלוגה נובל 700 מ""ל",טמפו משקאות בעמ,,,יח,7,"ל 100 מ""ל",false,1,129.90,18.51,true,1,
4640018993398,false,פיניש קאונטום 60 קפ ` שקית,רקיט בנקיסר (ניר איסט),,,יח,1,,false,1,59.90,59.90,true,1,
4710068001715,false,מאסטר קפה טרמיסימו,טמפו משקאות בעמ,,,יח,1,יח,false,1,6.90,6.90,true,1,
4710068002798,false,מאסטר קפה וונילה,טמפו משקאות בעמ,,,יח,4,יח,false,1,5.90,1.40,false,1,
4800888219510,false,DOVE STICK CUCUMBERS 2012 12X50GR,"יוניליוור ישראלשיווק בע""מ",,,יח,0.50,ל 100 גרם,false,12,14.90,29.80,false,1,
4891228430047,false,.אקסטרא 2 רגיש במיוחד 10,ש.שסטוביץ בעמ,,,יח,1,,false,1,24.90,24.90,true,1,
4891228430085,false,ס.גילוח שיק אקסטרים 4,ש.שסטוביץ בעמ,,,יח,1,,false,1,19.90,19.90,true,1,
4891228430092,false,אקסטרא 3 אשה רבעיה,ש.שסטוביץ בעמ,,,יח,1,,false,1,19.90,19.90,true,1,
4891228460242,false,ס. גילוח שיק קוואטרו נשים,ש.שסטוביץ בעמ,,,יח,1,,false,1,29.90,29.90,true,1,
5000157143365,false,"מתבל בטעם מיונז וקטשופ 425 מ""ל",דיפלומט מפיצים {1968}בעמ,,,יח,4.25,ל 100 גרם,false,1,14.90,3.51,false,1,
5000159407236,false,שוקולד מארס 51ג *,ריגלי ישראל בעמ,,,יח,0.51,ל 100 גרם,false,1,3.90,7.65,false,1,
5000159459228,false,שוקולד טוויקס 50ג *,ריגלי ישראל בעמ,,,יח,0.50,ל 100 גרם,false,1,3.90,7.80,false,1,
5000159461122,false,שוקולד סניקרס 50ג *,ריגלי ישראל בעמ,,,יח,0.50,ל 100 גרם,false,1,3.90,7.80,false,1,
5000204151022,false,פלדג לניקוי רהטים לבנדר 5ב-1,"דנשר (1963) בע,מ",,,יח,2.50,"ל 100 מ""ל",false,1,16.90,6.76,false,1,
5000204153729,false,גלייד מילוי לבנדר וניל אוטומטי,"דנשר (1963) בע,מ",,,יח,2.69,"ל 100 מ""ל",false,1,13.90,5.17,false,1,
5000204153903,false,גלייד מילוי מרכך כביסה אוטומטי,"דנשר (1963) בע,מ",,,יח,2.69,"ל 100 מ""ל",false,1,13.90,5.17,false,1,
5000204155723,false,גלייד ספריי אוטומטי מארז ניחוח מרכך,"דנשר (1963) בע,מ",,,יח,2.69,"ל 100 מ""ל",false,1,44.90,16.69,true,1,
5000204243000,false,דאק נוזל אפרסק על חלל,"דנשר (1963) בע,מ",,,יח,7.50,"ל 100 מ""ל",false,1,10.90,1.45,true,1,
5000204657883,false,קיוי חום קופסא לארג,"דנשר (1963) בע,מ",,,יח,0.44,"ל 100 מ""ל",false,1,5.90,13.41,false,1,
5000204657913,false,"קיוי קופסא שחור 50 מ""ל","דנשר (1963) בע,מ",,,יח,0.50,ל 100 גרם,false,1,5.90,11.80,false,1,
5000204658187,false,קיוי קופ גדולה ג.,"דנשר (1963) בע,מ",,,יח,0.88,"ל 100 מ""ל",false,1,14.90,16.93,false,1,
5000204659054,false,"קיוי קופסא שקוף 50 מ""ל","דנשר (1963) בע,מ",,,יח,0.50,ל 100 גרם,false,1,6.50,13,false,1,
5000204661392,false,קיוי קופ גדולה.,"דנשר (1963) בע,מ",,,יח,0.88,"ל 100 מ""ל",false,1,11.50,13.07,false,1,
5000299629253,false,מארז בלנטיינס פיינסט 700+2 כוס,טמפו משקאות בעמ,,,יח,7,"ל 100 מ""ל",false,1,92.20,13.13,false,1,
5010182997253,false,אורסול מקס ריד,"דנשר (1963) בע,מ",,,יח,3,"ל 100 מ""ל",false,1,13.90,4.63,false,1,
5010182998861,false,טואלט דאק נוזל ירוק בודד,"דנשר (1963) בע,מ",,,יח,7.50,"ל 100 מ""ל",false,1,10.90,1.45,true,1,
5010677551281,false,בקרדי בריזר לימון,טמפו משקאות בעמ,,,יח,2.75,"ל 100 מ""ל",false,1,13.40,4.76,true,1,
5029053510811,false,קוטקס נורמל 28 תחסבושות,קימברלי קלארק ישראל שיווק בעמ,,,יח,1,,false,1,17.90,17.90,false,1,
5029053510828,false,קוטקס סופר 24 יח ק,קימברלי קלארק ישראל שיווק בעמ,,,יח,1,,false,1,17.90,17.90,false,1,
5029053523446,false,קוטקס לילה 20 יח,קימברלי קלארק ישראל שיווק בעמ,,,יח,1,,false,1,17.90,17.90,false,1,
5029053534589,false,טמפוני קוטקס מיני שילקה,קימברלי קלארק ישראל שיווק בעמ,,,יח,1,,false,1,29.90,29.90,false,1,
5029054220085,false,מגבוני האגיס רך נולד,קימברלי קלארק ישראל שיווק בעמ,,,יח,1,,false,1,24.90,24.90,false,1,
5060517886486,false,מונסטר אנרגי 500,החברה המרכזית להפצת משקאות בע,,,יח,5,"ל 100 מ""ל",false,1,6.90,1.32,true,1,
5060517886516,false,מונסטר אנרגי זירו 500,החברה המרכזית להפצת משקאות בע,,,יח,5,"ל 100 מ""ל",false,1,6.90,1.32,true,1,
5060639128051,false,מונסטר אולטרה 500,החברה המרכזית להפצת משקאות בע,,,יח,5,"ל 100 מ""ל",false,1,6.90,1.32,true,1,
5060639129102,false,מונסטר אנרגי 500,החברה המרכזית להפצת משקאות בע,,,יח,5,"ל 100 מ""ל",false,1,6.90,1.32,true,1,
5060751218173,false,מונסטר אנרגי אפרסק 500,החברה המרכזית להפצת משקאות בע,,,יח,5,"ל 100 מ""ל",false,1,6.90,1.32,true,1,
5060751219033,false,מונסטר אנרגי פירות 500,החברה המרכזית להפצת משקאות בע,,,יח,5,"ל 100 מ""ל",false,1,6.90,1.32,true,1,
5099864006377,false,סימילאק מהדרין 900 שלב 1 ק,שקד תבל בעמ**,,,יח,9,ל 100 גרם,false,1,74.90,8.32,false,1,
5099864006384,false,סימילאק מהדרין 900 שלב 2,שקד תבל בעמ**,,,יח,9,ל 100 גרם,false,1,74.90,8.32,false,1,
5099864006391,false,סימילאק מהדרין 900 שלב 3,שקד תבל בעמ**,,,יח,9,ל 100 גרם,false,1,74.90,8.32,false,1,
5200133120506,false,גלילות וופלים קרם אגוזים,דיפלומט מפיצים {1968}בעמ,,,יח,1.50,ל 100 גרם,false,1,8.50,5.67,false,1,
5201347400545,false,ויט רצועות שעווה יבש,רקיט בנקיסר (ניר איסט),,,יח,1,,false,1,24.90,24.90,true,1,
5202390014239,false,ויולייף צהובה טבעונית פרוסה 200 ג,דיפלומט מפיצים {1968}בעמ,,,יח,2,"ל 100 מ""ל",false,1,16.90,8.45,false,1,
5202390015618,false,ויולייף צהובה טבעונית פרוסה 200 גר`,דיפלומט מפיצים {1968}בעמ,,,יח,2,"ל 100 מ""ל",false,1,19.90,9.95,false,1,
5202390016325,false,ויולייף צהובה טבעונית ט. מעושן,דיפלומט מפיצים {1968}בעמ,,,יח,2,"ל 100 מ""ל",false,1,16.90,8.45,false,1,
5202390019319,false,ויולייף מוצרלה טבעונית מגוררת,דיפלומט מפיצים {1968}בעמ,,,יח,2,"ל 100 מ""ל",false,1,19.90,9.95,false,1,
5391523057929,false,סימילאק גולד שלב 1 700 גר`,שקד תבל בעמ**,,,יח,7,ל 100 גרם,false,1,69.90,9.99,false,1,
5391523057943,false,סימילאק גולד שלב 3,שקד תבל בעמ**,,,יח,7,ל 100 גרם,false,1,69.90,9.99,false,1,
5391523058063,false,סימילאק אדוונס שלב 1,שקד תבל בעמ**,,,יח,7,ל 100 גרם,false,1,64.90,9.27,false,1,
5391523058070,false,סימילאק אדוונס שלב 3,שקד תבל בעמ**,,,יח,7,ל 100 גרם,false,1,64.90,9.27,false,1,
5391523058087,false,סימילאק אדוונס שלב 2,שקד תבל בעמ**,,,יח,7,ל 100 גרם,false,1,64.90,9.27,false,1,
5410126006360,false,עוגיות לוטוס סנדוויץ במילוי קרם וניל15,דיפלומט מפיצים {1968}בעמ,,,יח,1.50,ל 100 גרם,false,1,8.90,5.93,false,1,
5410126106022,false,מארז עוג`לוטוס 2*250,דיפלומט מפיצים {1968}בעמ,,,יח,5,ל 100 גרם,false,1,16.90,3.38,false,1,
5410126116953,false,ממרח עוגיות לוטוס קרמל,דיפלומט מפיצים {1968}בעמ,,,יח,4,ל 100 גרם,false,1,21.90,5.48,true,1,
5410126126020,false,מארז לוטוס לשבועות 2*250 גר`,דיפלומט מפיצים {1968}בעמ,,,יח,5,ל 100 גרם,false,1,14.90,2.98,false,1,
5410126666038,false,עוגיות לוטוס 279 גר`,דיפלומט מפיצים {1968}בעמ,,,יח,0.2790,ל 100 גרם,false,1,12.90,46.24,true,1,
5410126716016,false,בסקויט בטעם קרמל,דיפלומט מפיצים {1968}בעמ,,,יח,2.50,ל 100 גרם,false,1,11.20,4.48,false,1,
5410126726947,false,ממרח עוגיות לוטוס קרנץ,דיפלומט מפיצים {1968}בעמ,,,יח,3.80,ל 100 גרם,false,1,21.90,5.76,true,1,
5410291021991,false,צ`וקטה ממרח אגוזי לוז 700 גר`,ש.שסטוביץ בעמ,,,יח,7,ל 100 גרם,false,1,19.90,2.84,false,1,
5410291022011,false,צ`וקטה ממרח אגוזי לוז 350 גר`,ש.שסטוביץ בעמ,,,יח,3.50,ל 100 גרם,false,1,11.90,3.40,false,1,
5410291022738,false,צ`וקטה ממרח חום לבן,ש.שסטוביץ בעמ,,,יח,3.50,ל 100 גרם,false,1,11.90,3.40,false,1,
5410291022752,false,צ`וקטה ממרח אגוזי לוז פרווה,ש.שסטוביץ בעמ,,,יח,3.50,ל 100 גרם,false,1,11.90,3.40,false,1,
5410291022776,false,צ`וקטה ממרח אגוזי לוז 700 גר`פרווה,ש.שסטוביץ בעמ,,,יח,7,ל 100 גרם,false,1,19.90,2.84,false,1,
5410316983693,false,סמירנוף אייס,החברה המרכזית להפצת משקאות בע,,,יח,2.75,"ל 100 מ""ל",false,1,12.20,4.33,true,1,
5411188110835,false,אלפרו חלב שקדים 1 ליטר,שטראוס גרופ בעמ,,,יח,10,"ל 100 מ""ל",false,1,12.90,1.29,false,1,
5411188112709,false,אלפרו משקה שקדים ללא סוכר 1 ליטר,שטראוס גרופ בעמ,,,יח,1,לליטר,false,1,12.90,12.90,false,1,
5411188115366,false,אלפרו משקה שיבולת שועל 1 ליטר,שטראוס גרופ בעמ,,,יח,10,"ל 100 מ""ל",false,1,12.90,1.29,false,1,
5411188121923,false,אלפרו סויה סידן שלשות חדש,שטראוס גרופ בעמ,,,יח,10,"ל 100 מ""ל",false,1,13.90,1.39,false,1,
5411188121978,false,אלפרו סויה סידן שלשות חדש,שטראוס גרופ בעמ,,,יח,10,"ל 100 מ""ל",false,1,13.90,1.39,false,1,
5411188122661,false,אלפרו משקה שקדים 1 ליטר,שטראוס גרופ בעמ,,,יח,10,"ל 100 מ""ל",false,1,12.90,1.29,false,1,
5411188124726,false,אלפרו משקה שיבולת שועל 1 ליטר,שטראוס גרופ בעמ,,,יח,10,"ל 100 מ""ל",false,1,12.90,1.29,false,1,
5411188134985,false,אלפרו 3.5% שומן ש. שועל,שטראוס גרופ בעמ (ח),,,יח,10,"ל 100 מ""ל",false,1,13.90,1.39,false,1,
5411188300328,false,חלב סויה שוקו,שטראוס גרופ בעמ,,,יח,10,"ל 100 מ""ל",false,1,12.90,1.29,false,1,
5411188543398,false,אלפרו חלב סויה ללא סוכר 1 ליטר,שטראוס גרופ בעמ,,,יח,10,ל 100 גרם,false,1,12.90,1.29,false,1,
5413548280189,false,שוקו בון 125,פרימיום חברה לדברי מ.,,,יח,1.25,ל 100 גרם,false,1,11.90,9.52,false,1,
5601008200444,false,גודיס עוגיות טבעת מצופה,ש.שסטוביץ בעמ,,,יח,1.50,ל 100 גרם,false,1,4.90,3.27,false,1,
5601008200468,false,גודיס עוגיות טבעת מצופה לבן,ש.שסטוביץ בעמ,,,יח,1.50,ל 100 גרם,false,1,4.90,3.27,false,1,
5601010111240,false,סרדין ברוטב עגבניות 110ג ויליפוד,ג.וילי פוד בעמ,,,יח,1.10,ל 100 גרם,false,1,5,4.55,true,1,
5601217129420,false,וולייט דפים 20 יח`,רקיט בנקיסר (ניר איסט),,,יח,20,לליטר,false,1,19.90,1,false,1,
5701932026964,false,הוטפופ מתוק מלוח,ליימן שליסל בעמ,,,יח,6,ל 100 גרם,false,1,14.90,2.48,true,1,
5701932026971,false,הוטפופ חמאה 600,ליימן שליסל בעמ,,,יח,6,ל 100 גרם,false,1,14.90,2.48,true,1,
5701932026995,false,הוטפופ לייט טבעי 510,ליימן שליסל בעמ,,,יח,5.10,ל 100 גרם,false,1,14.90,2.92,true,1,
5705550303360,false,ביצי דגים סטאר פוד*,כ. נועם סוכניותלשיווק בעמ,,,יח,2,ל 100 גרם,false,1,11.20,5.60,false,1,
5711953106583,false,ארלה גבינה שמנת טבעי,שטראוס גרופ בעמ (ח),,,יח,2,ל 100 גרם,false,1,13.90,6.95,true,1,
5711953106606,false,ארלה גבינה שמנת עשבי תיבול,שטראוס גרופ בעמ (ח),,,יח,2,ל 100 גרם,false,1,13.90,6.95,true,1,
5711953148347,false,ארלה גבינה שמנת טבעי 300 גר`,שטראוס גרופ בעמ (ח),,,יח,3,ל 100 גרם,false,1,26.90,8.97,true,1,
5740900403215,false,ממרח לורפק עם מלח 250 גר`,שטראוס גרופ בעמ (ח),,,יח,0.25,ל 100 גרם,false,1,16.90,67.60,false,1,
5740900403239,false,ממרח לורפק ללא מלח 250 ג,שטראוס גרופ בעמ (ח),,,יח,0.25,ל 100 גרם,false,1,16.90,67.60,false,1,
5765220190416,false,נרות מספרים מקושט,לירון קרביץ יבוא שיווק וסחר,,,יח,1,,false,1,6.90,6.90,false,1,
5765220190430,false,מארז נרות 12 מהודר נקודות ספירלה,לירון קרביץ יבוא שיווק וסחר,,,יח,1,,false,1,8.90,8.90,false,1,
5900020020710,false,מארז קראנץ בר שוקו נסטלה,קבוצת אוסם סחר שותפות מוגבלת,,,יח,1.50,ל 100 גרם,false,1,14.90,9.93,true,1,
5900020024770,false,פיטנס בר דליס שוקולד אגוז,קבוצת אוסם סחר שותפות מוגבלת,,,יח,1.35,ל 100 גרם,false,1,14.90,11.04,true,1,
5900020024817,false,פיטנס בר דליס שוקולד לבן,קבוצת אוסם סחר שותפות מוגבלת,,,יח,1.35,ל 100 גרם,false,1,14.90,11.04,true,1,
5900020025647,false,פיטנס בר דליס שוקולד חלב,קבוצת אוסם סחר שותפות מוגבלת,,,יח,1.35,ל 100 גרם,false,1,14.90,11.04,true,1,
5900020026552,false,האני צריוס 625 גר`,קבוצת אוסם סחר שותפות מוגבלת,,,יח,6.25,ל 100 גרם,false,1,23.90,3.82,true,1,
5900020029669,false,פיטנס חטיף דגנים פירות יער,קבוצת אוסם סחר שותפות מוגבלת,,,יח,1.35,ל 100 גרם,false,1,14.90,11.04,true,1,
5900020032454,false,פיטנס חטיף עוגיות שולחן חג,קבוצת אוסם סחר שותפות מוגבלת,,,יח,1.35,ל 100 גרם,false,1,14.90,11.04,true,1,
5900020032539,false,פיטנס חטיף שוקולד שולחן חג,קבוצת אוסם סחר שותפות מוגבלת,,,יח,1.35,ל 100 גרם,false,1,14.90,11.04,true,1,
5900020033314,false,ליון חטיף דגנים,קבוצת אוסם סחר שותפות מוגבלת,,,יח,0.50,ל 100 גרם,false,1,14.90,29.80,true,1,
5900020034021,false,פיטנס חטיפי דגנים בננה,קבוצת אוסם סחר שותפות מוגבלת,,,יח,1.41,ל 100 גרם,false,1,14.90,10.57,true,1,
5900020034991,false,קרנץ צדפים טעם שוקולד 450 גר,קבוצת אוסם סחר שותפות מוגבלת,,,יח,4.50,ל 100 גרם,false,1,17.90,3.98,true,1,
5900020036407,false,ליון דגני בוקר שוקולד וקרמל,קבוצת אוסם סחר שותפות מוגבלת,,,יח,1.35,ל 100 גרם,false,1,23.90,17.70,true,1,
5900020039620,false,פיטנס חטיף דגנים שקדים ודבש,קבוצת אוסם סחר שותפות מוגבלת,,,יח,1.40,ל 100 גרם,false,1,14.90,10.64,false,1,
5900627063233,false,פיניש 50 טבליות ALO,רקיט בנקיסר (ניר איסט),,,יח,1,,false,1,39.90,39.90,true,1,
5901414200411,false,בסקויט מיני ממולא שוקולד היט,ליימן שליסל בעמ,,,יח,1.30,ל 100 גרם,false,1,6.90,5.31,true,1,
5902198160403,false,משקה אנרגיה XL בודד,טמפו משקאות בעמ,,,יח,2.50,"ל 100 מ""ל",false,1,4.50,1.68,true,1,
5904941750312,false,משקה אנרגיה BLU ט. ע,בני פוזי שמשום בעמ,,,יח,2.50,"ל 100 מ""ל",false,1,4.60,1.72,true,1,
5904941751302,false,משקה אנרגיה BLU,בני פוזי שמשום בעמ,,,יח,2.50,"ל 100 מ""ל",false,1,4.50,1.68,true,1,
5904941751524,false,"משקה אנרגיה 250מ""ל",בני פוזי שמשום בעמ,,,יח,2.50,"ל 100 מ""ל",false,1,4.60,1.72,true,1,
5904941751715,false,משקה אנרגיה BLU דובדבן,בני פוזי שמשום בעמ,,,יח,2.50,"ל 100 מ""ל",false,1,4.50,1.68,true,1,
5904941751920,false,משקה אנרגיה BLU DEY,בני פוזי שמשום בעמ,,,יח,2.50,"ל 100 מ""ל",false,1,4.60,1.72,true,1,
5904941752262,false,בלו לימון BLU די סיקס לל א סוכר,בני פוזי שמשום בעמ,,,יח,2.50,"ל 100 מ""ל",false,1,4.50,1.68,true,1,
5906485301012,false,משקה אנרגיה XL בודד,טמפו משקאות בעמ,,,יח,2.50,"ל 100 מ""ל",false,1,4.50,1.68,true,1,
5997321701806,false,"קלגון 1 ק""ג",רקיט בנקיסר (ניר איסט),,,יח,10,"ל 100 מ""ל",false,1,29.90,2.99,false,1,
6001067017530,false,מברשת שיניים קולגיט ספיידרמן,ש.שסטוביץ בעמ,,,יח,1,,false,1,9.90,9.90,false,1,
6112012100358,false,סט קולבים איכותי 6 יחידות ע. הבית,עולם הבית,,,יח,1,,false,1,10.90,10.90,false,1,
6112012100600,false,שלישיית קולבי קטיפה ע. הבית,עולם הבית,,,יח,1,,false,1,14.90,14.90,false,1,
6112012100655,false,מגב לשיש ע. הבית,עולם הבית,,,יח,1,,false,1,7.90,7.90,false,1,
6112012100662,false,כותש שום ע. הבית,עולם הבית,,,יח,1,,false,1,14.90,14.90,false,1,
6112012100808,false,פינג`ן גדול ע. הבית,עולם הבית,,,יח,1,,false,1,23.90,23.90,false,1,
6112012100983,false,מזלגות גדולות ע. הבית,עולם הבית,,,יח,1,,false,1,9.90,9.90,false,1,
6112012100990,false,כפיות קטנות ע. הבית,עולם הבית,,,יח,1,,false,1,8.90,8.90,false,1,
6112013100104,false,מותחן לסדין ע. הבית,עולם הבית,,,יח,1,,false,1,16.90,16.90,false,1,
6112013100128,false,קולפן נירוסטה פשוט ע. הבית,עולם הבית,,,יח,1,,false,1,7.90,7.90,false,1,
6112013100388,false,פותחן ליין ע. הבית,עולם הבית,,,יח,1,,false,1,9.90,9.90,false,1,
6112015100294,false,מגב מתכת ע. הבית,עולם הבית,,,יח,1,,false,1,16.90,16.90,false,1,
6112015100508,false,מברשת אסלה,עולם הבית,,,יח,1,,false,1,5.90,5.90,false,1,
6112015100928,false,מטאטא/מגב סילקון,עולם הבית,,,יח,1,,false,1,21.90,21.90,false,1,
6112015100959,false,מגב מתכת,עולם הבית,,,יח,1,,false,1,17.90,17.90,false,1,
6112016100088,false,מטאטא דגם 6,עולם הבית,,,יח,1,,false,1,16.90,16.90,false,1,
6112016100712,false,סוגרים לשקיות 12 יח` ע. הבית,עולם הבית,,,יח,1,,false,1,12.90,12.90,false,1,
6112016100750,false,מספריים איכותיות ע. הבית,עולם הבית,,,יח,1,,false,1,11.90,11.90,false,1,
6112017101350,false,מצע לירקות ע. הבית,עולם הבית,,,יח,1,,false,1,11.90,11.90,false,1,
6112017102784,false,מברשת ניקוי ע. הבית,עולם הבית,,,יח,1,,false,1,6.90,6.90,false,1,
6112017102791,false,מברשת ג`מבו לניקוי+ ידית ע. הבית,עולם הבית,,,יח,1,,false,1,9.90,9.90,false,1,
6112017102814,false,מברשת איכותית לניקוי כלים ע. הבית,עולם הבית,,,יח,1,,false,1,6.90,6.90,false,1,
6112017103354,false,אטבי כביסה ע. הבית,עולם הבית,,,יח,1,,false,1,9.90,9.90,false,1,
6112017104153,false,ספוג מסאז` לאמבטיה,עולם הבית,,,יח,1,,false,1,8.90,8.90,false,1,
6112017104573,false,מטאטא לבן שחור ע. הבית,עולם הבית,,,יח,1,,false,1,19.90,19.90,false,1,
6112017105778,false,"מגב לריצפה 40 ס""מ ע. הבית",עולם הבית,,,יח,1,,false,1,16.90,16.90,false,1,
6112017105853,false,"מגב ריצפה 60 ס""מ ע. הבית",עולם הבית,,,יח,1,,false,1,21.90,21.90,false,1,
6112017106676,false,מברשת איכותית לניקוי ע. הבית,עולם הבית,,,יח,1,,false,1,13.90,13.90,false,1,
6224000485764,false,שיני שום קפואות,נטו מילנדה סחר בעמ*,,,יח,6,ל 100 גרם,false,1,22.90,3.82,false,1,
6902019042061,false,מארז בלונים 50 יח`,לירון קרביץ יבוא שיווק וסחר,,,יח,1,,false,1,10,10,false,1,
6902176502507,false,סלק אדום 500 גר`,"בכורי השדה צפון1994 ג.ד. בע""מ",,,יח,1,,false,1,5.90,5.90,false,1,
6910191800287,false,1אצות נורי סין 10 דפים,מזרח ומערב יבוא ושיווק,,,יח,1,ל 100 גרם,false,1,11.90,11.90,true,1,
6920354824395,false,קולגיט נטורל משחת שיניים תמציות פחם,ש.שסטוביץ בעמ,,,יח,0.68,"ל 100 מ""ל",false,1,29.90,43.97,false,1,
6921850620368,false,לד אור יום אריזה 3 יח` 27E,עולם הבית,,,יח,1,,false,1,26.90,26.90,false,1,
6921850620504,false,נורת לד לבן אור יום 3 יח` ע. הבית,עולם הבית,,,יח,1,,false,1,36.90,36.90,false,1,
6923450656310,false,"תותח קונפטי 40 ס""מ שקית",לירון קרביץ יבוא שיווק וסחר,,,יח,1,,false,1,9.90,9.90,false,1,
6925456552511,false,כתר זר פרחים,לירון קרביץ יבוא שיווק וסחר,,,יח,1,,false,1,14.90,14.90,false,1,
6931191500649,false,רבעית סופר גלו ע. הבית,עולם הבית,,,יח,1,,false,1,9.90,9.90,false,1,
6934931272196,false,מטאטא מליזה גב עץ ע. הבית,עולם הבית,,,יח,1,,false,1,19.90,19.90,false,1,
6936745600783,false,"חומץ אורז 500 מ""ל",מזרח ומערב יבוא ושיווק,,,יח,5,ל 100 גרם,false,1,15.90,3.18,false,1,
6945305614047,false,רבעית מתלה מתכת ע. הבית,עולם הבית,,,יח,1,,false,1,9.90,9.90,false,1,
6951097101030,false,"מאג זכוכית עדן 400 מ""ל",סקטור אפיקים בעמ,,,יח,1,,false,1,4.90,4.90,false,1,
6952415521486,false,מאריך 3 מטר ע. הבית,עולם הבית,,,יח,1,,false,1,34.90,34.90,false,1,
6952415521578,false,רב שקע 4 שקעים,עולם הבית,,,יח,1,,false,1,29.90,29.90,false,1,
6955107669206,false,דבק סופר גלו ע. הבית,עולם הבית,,,יח,1,,false,1,9.90,9.90,false,1,
6985425120011,false,מסנן כיור פרפר ע . הבית,עולם הבית,,,יח,1,,false,1,7.90,7.90,false,1,
6985425120028,false,ספוג לאמבטיה ע. הבית,עולם הבית,,,יח,1,,false,1,9.90,9.90,false,1,
6985425120110,false,דבק נייר ע. הבית,עולם הבית,,,יח,1,,false,1,14.90,14.90,false,1,
6985425120134,false,מזלף לאמבטיה ע. הבית,עולם הבית,,,יח,1,,false,1,29.90,29.90,false,1,
6985425120301,false,אטבי כביסה ע. הבית,עולם הבית,,,יח,1,,false,1,9.90,9.90,false,1,
6985425120462,false,מנעול לאופניים גדול ע. הבית,עולם הבית,,,יח,1,,false,1,19.90,19.90,false,1,
6991207765172,false,רופא מזוודה אדום/ כחול,א.פרץ צעצועים בעמ,,,יח,1,,false,1,28.90,28.90,false,1,
7038516140357,false,מברשת שיניים ג`ורדן רבעיה,"דנשר (1963) בע,מ",,,יח,1,,false,1,14.90,14.90,true,1,
7046110064016,false,מברשת שיניים לילדים,"דנשר (1963) בע,מ",,,יח,1,,false,1,15.90,15.90,true,1,
7046110064535,false,מברשת שיניים לילדים,"דנשר (1963) בע,מ",,,יח,1,,false,1,15.90,15.90,true,1,
7112031311932,false,מטען לרכב 2 יציאות,סוויטשי ישראל בעמ,,,יח,1,,false,1,29.90,29.90,false,1,
7290000000978,false,חסה גוש קטיף ירק הארץ היתר מכירה,"בכורי השדה צפון1994 ג.ד. בע""מ",,,יח,1,,false,1,6.90,6.90,false,1,
7290000001043,false,כרוב לבן ברכת קטיף,"בכורי השדה צפון1994 ג.ד. בע""מ",,,"לק""ג",1,,true,1,12.90,12.90,false,1,
7290000001074,false,כרוב אדום ברכת קטיף,"בכורי השדה צפון1994 ג.ד. בע""מ",,,"לק""ג",1,,true,1,13.90,13.90,false,1,
7290000001104,false,פטריות פורטבלה,"בכורי השדה צפון1994 ג.ד. בע""מ",,,יח,1,,false,1,11.90,11.90,false,1,
7290000001593,false,נענע ברכת קטיף,"בכורי השדה צפון1994 ג.ד. בע""מ",,,יח,1,,false,1,5.90,5.90,false,1,
7290000001609,false,עלי סלק ברכת קטיף,"בכורי השדה צפון1994 ג.ד. בע""מ",,,יח,1,,false,1,7.90,7.90,false,1,
7290000001616,false,כוסברה ירק הארץ גוש היתר מכירה,"בכורי השדה צפון1994 ג.ד. בע""מ",,,יח,1,,false,1,5.90,5.90,false,1,
7290000023007,false,סטוק 84 ק.,טמפו משקאות בעמ,,,יח,7.50,"ל 100 מ""ל",false,1,69.90,9.28,false,1,
7290000023083,false,"ערק אשקלון 700 מ""ל",טמפו משקאות בעמ,,,יח,7,"ל 100 מ""ל",false,1,54.90,7.80,true,1,
7290000023809,false,קברנה סובניון קלאסיק,טמפו משקאות בעמ,,,יח,7.50,"ל 100 מ""ל",false,1,32.90,4.35,true,1,
7290000023977,false,יין מרלו קלאסיק,טמפו משקאות בעמ,,,יח,7.50,"ל 100 מ""ל",false,1,32.90,4.35,true,1,
7290000040042,false,EMMI עם תות שדה,תנובה -חלב,,,יח,1.50,"ל 100 מ""ל",false,1,4.90,3.27,false,1,
7290000040066,false,יופלה דובדבן,תנובה -חלב,,,יח,1.50,"ל 100 מ""ל",false,1,4.90,3.27,false,1,
7290000040462,false,טוסטי אדם,תנובה -חלב,,,יח,2,ל 100 גרם,false,1,17.90,8.95,false,1,
7290000041407,false,שלי גילה קטן,תנובה -חלב,,,יח,1.25,"ל 100 מ""ל",false,1,0.90,0.72,false,1,
7290000041445,false,קוט ג 5% 250 גרם תנובה,תנובה -חלב,,,יח,2.50,ל 100 גרם,false,1,5.50,2.20,false,1,
7290000041452,false,קוט ג 9% מהדרין 250 גרם תנובה,תנובה -חלב,,,יח,2.50,ל 100 גרם,false,1,5.50,2.20,false,1,
7290000041858,false,שמנת חמוצה 15%,שטראוס גרופ בעמ (ח),,,יח,2,"ל 100 מ""ל",false,1,2.40,1.20,false,1,
7290000041865,false,אשל 4.5% גביע,שטראוס גרופ בעמ (ח),,,יח,2,"ל 100 מ""ל",false,1,2,1,false,1,
7290000041872,false,לבן 3% ק,שטראוס גרופ בעמ (ח),,,יח,2,"ל 100 מ""ל",false,1,2,1,false,1,
7290000042015,false,חלב שקית 1 ליטר 3% שומן-תנובה {פ},תנובה -חלב,,,יח,10,לליטר,false,1,5.43,0.54,false,1,
7290000042435,false,חלב קרטון 1%-1 ליטר תנובה{פ},תנובה -חלב,,,יח,10,לליטר,false,1,5.86,0.59,false,1,
7290000042640,false,חלב עמיד תנובה 250 מל` 3%,תנובה -חלב,,,יח,2.50,"ל 100 מ""ל",false,1,2.60,1.04,false,1,
7290000042855,false,"שוקו בשקית יטבתה 225 מ""ל",שטראוס גרופ בעמ (ח),,,יח,2.25,"ל 100 מ""ל",false,1,2.50,1.11,false,1,
7290000043012,false,שוקו עמיד תנובה 250 מיל`3%,תנובה -חלב,,,יח,2.50,"ל 100 מ""ל",false,1,4.70,1.88,false,1,
7290000043814,false,"שמנת מתוקה 38%-250 מ""ל{פ}",תנובה -חלב,,,יח,2.50,"ל 100 מ""ל",false,1,6.47,2.59,false,1,
7290000043890,false,ריויון1 ליטר ק,תנובה -חלב,,,יח,1,לליטר,false,1,10.90,10.90,false,1,
7290000043944,false,יוגורט 1.5,תנובה -חלב,,,יח,1.50,לליטר,false,1,16.90,11.27,false,1,
7290000044231,false,דנובה,תנובה -חלב,,,יח,5,"ל 100 מ""ל",false,1,8.10,1.62,false,1,
7290000044712,false,"פרילי 500 מ""ל",תנובה -חלב,,,יח,5,"ל 100 מ""ל",false,1,10.50,2.10,false,1,
7290000044880,false,"באדי יוגורט תות 500 מ""ל",תנובה -חלב,,,יח,5,"ל 100 מ""ל",false,1,8.90,1.78,false,1,
7290000045580,false,חורש גבינה,תנובה -חלב,,,יח,2.40,ל 100 גרם,false,1,16.90,7.04,false,1,
7290000045771,false,יוגורט כד 3 ליטר,תנובה -חלב,,,יח,3,לליטר,false,1,28.90,9.63,false,1,
7290000046327,false,גלבוע פרוס ק,תנובה -חלב,,,יח,2,ל 100 גרם,false,1,12.90,6.45,false,1,
7290000047546,false,כנען 500 ג,תנובה -חלב,,,יח,5,ל 100 גרם,false,1,23.90,4.78,false,1,
7290000047621,false,"גבינה לבנה 5%-250 גרם בד""ץ{פ}",תנובה -חלב,,,יח,2.50,ל 100 גרם,false,1,4.98,1.99,false,1,
7290000047942,false,"גבינה לבנה 9% בד""ץ",תנובה -חלב,,,יח,2.50,ל 100 גרם,false,1,4.75,1.90,false,1,
7290000048185,false,גבינה 5%. 250 גרם,תנובה -חלב,,,יח,2.50,ל 100 גרם,false,1,4.98,1.99,false,1,
7290000048192,false,גבינה 9%,תנובה -חלב,,,יח,2.50,ל 100 גרם,false,1,4.75,1.90,false,1,
7290000048413,false,חמד ק,תנובה -חלב,,,יח,2.50,ל 100 גרם,false,1,17.90,7.16,false,1,
7290000048437,false,צפתית 5%,תנובה -חלב,,,יח,2,ל 100 גרם,false,1,14.30,7.15,false,1,
7290000051307,false,הפסקת אוכל עוגי תנובה,תנובה -חלב,,,יח,1.50,ל 100 גרם,false,1,8.90,5.93,false,1,
7290000053981,false,מאגדת 8 גביעי תות אפרסק,תנובה -חלב,,,יח,8,למארז,false,1,26.50,3.31,false,1,
7290000055015,false,פטה כבשים פיראוס,תנובה -חלב,,,יח,2.50,ל 100 גרם,false,1,24.90,9.96,false,1,
7290000057088,false,עמק דק דק ק,תנובה -חלב,,,יח,2,ל 100 גרם,false,1,15.90,7.95,false,1,
7290000057118,false,סמי מעדנייה עמק 400 גר`,תנובה -חלב,,,יח,4,ל 100 גרם,false,1,21,5.25,false,1,
7290000060071,false,חטיפי פריכונים מלוח עדין,קבוצת אוסם סחר שותפות מוגבלת,,,יח,0.80,ל 100 גרם,false,1,7.90,9.88,false,1,
7290000060088,false,בייגלה מלוחים*,קבוצת אוסם סחר שותפות מוגבלת,,,יח,4,ל 100 גרם,false,1,9.90,2.48,false,1,
7290000060163,false,אטריות מובחר 400 גרם אסם,קבוצת אוסם סחר שותפות מוגבלת,,,יח,4,ל 100 גרם,false,1,6.90,1.73,false,1,
7290000060200,false,פתיתים אפויים קוסקוס אסם 500 גרם,קבוצת אוסם סחר שותפות מוגבלת,,,יח,5,ל 100 גרם,false,1,6.90,1.38,true,1,
7290000060330,false,פסטה פרפקטו,קבוצת אוסם סחר שותפות מוגבלת,,,יח,5,ל 100 גרם,false,1,6.90,1.38,false,1,
7290000060385,false,פודינג וניל אוסם 320 גר,קבוצת אוסם סחר שותפות מוגבלת,,,יח,3.20,ל 100 גרם,false,1,17.30,5.41,false,1,
7290000060408,false,טבעות פתיתים 500,קבוצת אוסם סחר שותפות מוגבלת,,,יח,5,ל 100 גרם,false,1,6.90,1.38,true,1,
7290000060415,false,לה פסטה לזניה 00,קבוצת אוסם סחר שותפות מוגבלת,,,יח,5,ל 100 גרם,false,1,14.90,2.98,false,1,
7290000060576,false,פתיתים אפויים כו,קבוצת אוסם סחר שותפות מוגבלת,,,יח,5,ל 100 גרם,false,1,6.90,1.38,true,1,
7290000060781,false,פסטה מסולסל 500 גרם אסם,קבוצת אוסם סחר שותפות מוגבלת,,,יח,5,ל 100 גרם,false,1,5.80,1.16,true,1,
7290000060828,false,פרומנטי קרניים,קבוצת אוסם סחר שותפות מוגבלת,,,יח,5,ל 100 גרם,false,1,5.80,1.16,true,1,
7290000060842,false,פרומנטי צדפים,קבוצת אוסם סחר שותפות מוגבלת,,,יח,5,ל 100 גרם,false,1,5.80,1.16,true,1,
7290000060880,false,פרומנטי ספגטי 00,קבוצת אוסם סחר שותפות מוגבלת,,,יח,5,ל 100 גרם,false,1,5.80,1.16,true,1,
7290000060903,false,פתיתים אפויים אורז אסם 500 גרם,קבוצת אוסם סחר שותפות מוגבלת,,,יח,5,ל 100 גרם,false,1,6.90,1.38,true,1,
7290000060958,false,אטריות מובחר אוסם,קבוצת אוסם סחר שותפות מוגבלת,,,יח,4,ל 100 גרם,false,1,6.90,1.73,false,1,
7290000060965,false,איטריות מובחר רח,קבוצת אוסם סחר שותפות מוגבלת,,,יח,4,ל 100 גרם,false,1,6.90,1.73,false,1,
7290000061061,false,קרקר בצל,קבוצת אוסם סחר שותפות מוגבלת,,,יח,2.50,ל 100 גרם,false,1,9.90,3.96,true,1,
7290000061085,false,רוטב צ לי מתוק,קבוצת אוסם סחר שותפות מוגבלת,,,יח,2.90,"ל 100 מ""ל",false,1,9.90,3.41,true,1,
7290000061108,false,רוטב טריאקי 290,קבוצת אוסם סחר שותפות מוגבלת,,,יח,2.90,"ל 100 מ""ל",false,1,9.90,3.41,true,1,
7290000061764,false,נס קפה רד מאג 200 ג`*,קבוצת אוסם סחר שותפות מוגבלת,,,יח,2,ל 100 גרם,false,1,21.90,10.95,true,1,
7290000062129,false,"מוסדי פודינג 1 ק""ג וניל אוסם",קבוצת אוסם סחר שותפות מוגבלת,,,יח,1,"לק""ג",false,1,24.90,24.90,false,1,
7290000062952,false,מיני קורטונים למרק אסם,קבוצת אוסם סחר שותפות מוגבלת,,,יח,2.50,ל 100 גרם,false,1,14.90,5.96,false,1,
7290000063133,false,שקדי מרק מובחר 0,קבוצת אוסם סחר שותפות מוגבלת,,,יח,1,ל 100 גרם,false,1,5.50,5.50,false,1,
7290000063140,false,שקד מרק 400 גר ק,קבוצת אוסם סחר שותפות מוגבלת,,,יח,4,ל 100 גרם,false,1,10.90,2.73,true,1,
7290000063157,false,תופח 1קג קמח ק,קבוצת אוסם סחר שותפות מוגבלת,,,יח,10,ל 100 גרם,false,1,9.90,0.99,false,1,
7290000064758,false,קוסקוס 350 גרם ב,קבוצת אוסם סחר שותפות מוגבלת,,,יח,3.50,ל 100 גרם,false,1,7.90,2.26,false,1,
7290000064871,false,מנה חמה פירה+בצל,קבוצת אוסם סחר שותפות מוגבלת,,,יח,0.56,ל 100 גרם,false,1,5.90,10.54,false,1,
7290000065090,false,מיני קורטונים למרק וסלט,קבוצת אוסם סחר שותפות מוגבלת,,,יח,4,ל 100 גרם,false,1,21.90,5.48,false,1,
7290000065540,false,מנה חמה איטריות,קבוצת אוסם סחר שותפות מוגבלת,,,יח,0.55,ל 100 גרם,false,1,5.90,10.73,false,1,
7290000065557,false,מנה חמה-קוסקוס,קבוצת אוסם סחר שותפות מוגבלת,,,יח,0.84,ל 100 גרם,false,1,5.90,7.02,false,1,
7290000066134,false,ביסלי פלאפל,קבוצת אוסם סחר שותפות מוגבלת,,,יח,0.70,ל 100 גרם,false,1,3.90,5.57,true,1,
7290000066141,false,בסלי גריל,קבוצת אוסם סחר שותפות מוגבלת,,,יח,0.70,ל 100 גרם,false,1,3.90,5.57,true,1,
7290000066189,false,בסלי פלאפל גדול,קבוצת אוסם סחר שותפות מוגבלת,,,יח,2,ל 100 גרם,false,1,6.90,3.45,true,1,
7290000066196,false,בסלי גריל גדול,קבוצת אוסם סחר שותפות מוגבלת,,,יח,2,ל 100 גרם,false,1,6.90,3.45,true,1,
7290000066295,false,במבה תות 25 גר,קבוצת אוסם סחר שותפות מוגבלת,,,יח,0.30,ל 100 גרם,false,1,2.70,9,false,1,
7290000066318,false,במבה 80 גר,קבוצת אוסם סחר שותפות מוגבלת,,,יח,0.80,ל 100 גרם,false,1,4.20,5.25,true,1,
7290000066332,false,אפרופו 50 גר,קבוצת אוסם סחר שותפות מוגבלת,,,יח,0.50,ל 100 גרם,false,1,3.90,7.80,true,1,
7290000066431,false,פופקו חמאה ודבש,קבוצת אוסם סחר שותפות מוגבלת,,,יח,0.80,ל 100 גרם,false,1,4.90,6.13,true,1,
7290000067407,false,פירורית מתובלת,קבוצת אוסם סחר שותפות מוגבלת,,,יח,2,ל 100 גרם,false,1,6.30,3.15,false,1,
7290000067544,false,פירורית זהב 200ג,קבוצת אוסם סחר שותפות מוגבלת,,,יח,2,ל 100 גרם,false,1,6.30,3.15,false,1,
7290000067735,false,"ניוקי-פסטה מתפו""",קבוצת אוסם סחר שותפות מוגבלת,,,יח,5,ל 100 גרם,false,1,12.90,2.58,false,1,
7290000068138,false,פודינג וניל ק,קבוצת אוסם סחר שותפות מוגבלת,,,יח,0.80,ל 100 גרם,false,1,5.10,6.38,true,1,
7290000068190,false,ג`לי בזק תות 90 גר`,קבוצת אוסם סחר שותפות מוגבלת,,,יח,0.90,ל 100 גרם,false,1,6.90,7.67,false,1,
7290000068206,false,ג`לי משמש ק,קבוצת אוסם סחר שותפות מוגבלת,,,יח,0.85,ל 100 גרם,false,1,6.90,8.12,false,1,
7290000068237,false,ג`לי בזק טעם פטל,קבוצת אוסם סחר שותפות מוגבלת,,,יח,0.85,ל 100 גרם,false,1,6.90,8.12,false,1,
7290000068251,false,ג`לי אינסטנט אוסם,קבוצת אוסם סחר שותפות מוגבלת,,,יח,0.85,ל 100 גרם,false,1,6.90,8.12,false,1,
7290000068343,false,פריכונים מאורז מלא ק,קבוצת אוסם סחר שותפות מוגבלת,,,יח,1.40,ל 100 גרם,false,1,7.90,5.64,false,1,
7290000068701,false,שקדי מרק במיכל,קבוצת אוסם סחר שותפות מוגבלת,,,יח,4,ל 100 גרם,false,1,16.90,4.23,false,1,
7290000068770,false,במבה יום הולדת,קבוצת אוסם סחר שותפות מוגבלת,,,יח,0.80,ל 100 גרם,false,1,4.20,5.25,true,1,
7290000069364,false,פריכונים מאורז מלא,קבוצת אוסם סחר שותפות מוגבלת,,,יח,1.40,ל 100 גרם,false,1,7.90,5.64,false,1,
7290000070308,false,.מרק עוף 400 ג ק,קבוצת אוסם סחר שותפות מוגבלת,,,יח,4,ל 100 גרם,false,1,16.90,4.23,true,1,
7290000070322,false,אוסם מרק פטריות 400ג ק,קבוצת אוסם סחר שותפות מוגבלת,,,יח,4,ל 100 גרם,false,1,23.90,5.98,true,1,
7290000070353,false,אוסם מרק בצל 400ג,קבוצת אוסם סחר שותפות מוגבלת,,,יח,4,ל 100 גרם,false,1,23.90,5.98,true,1,
7290000070919,false,בייגלה רשתות מלח,קבוצת אוסם סחר שותפות מוגבלת,,,יח,4,ל 100 גרם,false,1,9.90,2.48,false,1,
7290000072241,false,רוטב פיצה בקבוק ק,קבוצת אוסם סחר שותפות מוגבלת,,,יח,2.90,"ל 100 מ""ל",false,1,9.90,3.41,true,1,
7290000072623,false,"קטשופ פוף אוסם כשל""פ*",קבוצת אוסם סחר שותפות מוגבלת,,,יח,7.50,ל 100 גרם,false,1,9.90,1.32,false,1,
7290000072630,false,קטשופ חריף ק,קבוצת אוסם סחר שותפות מוגבלת,,,יח,7.50,ל 100 גרם,false,1,11.90,1.59,false,1,
7290000072753,false,טסטר ס צויס-נמסמ 200 גר`*,קבוצת אוסם סחר שותפות מוגבלת,,,יח,2,ל 100 גרם,false,1,33.90,16.95,false,1,
7290000072777,false,טסטר ס צויס-נטול ק,קבוצת אוסם סחר שותפות מוגבלת,,,יח,2,ל 100 גרם,false,1,35.90,17.95,false,1,
7290000073040,false,"שלגון פרילי פסיפלורה ,",נגה גלידות שותפות מוגבלת,,,יח,1.75,ל 100 גרם,false,1,4.90,2.80,false,1,
7290000073125,false,מנה חמה איטריות,קבוצת אוסם סחר שותפות מוגבלת,,,יח,0.62,ל 100 גרם,false,1,5.90,9.52,false,1,
7290000073415,false,מנה חמה ברוטב פי*,קבוצת אוסם סחר שותפות מוגבלת,,,יח,0.61,ל 100 גרם,false,1,5.90,9.67,false,1,
7290000073699,false,חומוס 150 גרם צבר,קבוצת אוסם סחר שותפות מוגבלת,,,יח,1,ל 100 גרם,false,1,5.90,5.90,false,1,
7290000073750,false,מנה חמה נודלס,קבוצת אוסם סחר שותפות מוגבלת,,,יח,0.70,ל 100 גרם,false,1,5.90,8.43,false,1,
7290000073767,false,מנה חמה נודלס+ירקות,קבוצת אוסם סחר שותפות מוגבלת,,,יח,0.70,ל 100 גרם,false,1,5.90,8.43,false,1,
7290000073774,false,מנה חמה נודלס צ לי,קבוצת אוסם סחר שותפות מוגבלת,,,יח,0.70,ל 100 גרם,false,1,5.90,8.43,false,1,
7290000074153,false,פתיבר שוקו 500 ג,קבוצת אוסם סחר שותפות מוגבלת,,,יח,5,ל 100 גרם,false,1,13.10,2.62,true,1,
7290000074184,false,פתי בר בינוני 500 גרם ק,קבוצת אוסם סחר שותפות מוגבלת,,,יח,5,ל 100 גרם,false,1,10.90,2.18,true,1,
7290000074245,false,קרקר 250 גר ק,קבוצת אוסם סחר שותפות מוגבלת,,,יח,2.50,ל 100 גרם,false,1,9.90,3.96,true,1,
7290000074252,false,קרקר שומשום 250 XX,קבוצת אוסם סחר שותפות מוגבלת,,,יח,2.50,ל 100 גרם,false,1,8.90,3.56,true,1,
7290000074276,false,טבעון250 גר פיקנ,קבוצת אוסם סחר שותפות מוגבלת,,,יח,2.50,ל 100 גרם,false,1,9.90,3.96,true,1,
7290000074375,false,קרקר זהב 150 גר,קבוצת אוסם סחר שותפות מוגבלת,,,יח,1.50,ל 100 גרם,false,1,7.20,4.80,true,1,
7290000074696,false,קרם קרקר 1 ק ג. ק,קבוצת אוסם סחר שותפות מוגבלת,,,יח,10,ל 100 גרם,false,1,26.80,2.68,true,1,
7290000074764,false,קרקר זהב 1 ק ג,קבוצת אוסם סחר שותפות מוגבלת,,,יח,9,ל 100 גרם,false,1,26.90,2.99,true,1,
7290000075204,false,לחמית חיטה מלאה ק,קבוצת אוסם סחר שותפות מוגבלת,,,יח,2.50,ל 100 גרם,false,1,7.90,3.16,true,1,
7290000076126,false,כעכים מלוח פאוור,קבוצת אוסם סחר שותפות מוגבלת,,,יח,0.80,ל 100 גרם,false,1,3.30,4.13,false,1,
7290000076133,false,בייגלה שמיניה קט,קבוצת אוסם סחר שותפות מוגבלת,,,יח,4,ל 100 גרם,false,1,9.90,2.48,false,1,
7290000079233,false,קרם קרקר דל נתרן,קבוצת אוסם סחר שותפות מוגבלת,,,יח,2.50,ל 100 גרם,false,1,9.90,3.96,true,1,
7290000080765,false,טוסטעים פת שומשו,קבוצת אוסם סחר שותפות מוגבלת,,,יח,1,ל 100 גרם,false,1,9.90,9.90,false,1,
7290000081663,false,טבעות שומשום ק,קבוצת אוסם סחר שותפות מוגבלת,,,יח,3,ל 100 גרם,false,1,9.90,3.30,false,1,
7290000100135,false,דובדבן קפוא סנפרוסט 300 גרם,תנובה ענף ב.ע.ד,,,יח,3,ל 100 גרם,false,1,14.90,4.97,false,1,
7290000101927,false,אוכמניות כחולות מוקפאות,תנובה ענף ב.ע.ד,,,יח,3,ל 100 גרם,false,1,14.90,4.97,false,1,
7290000101941,false,|אננס מוקפא סנפורסט 300 גרם,תנובה ענף ב.ע.ד,,,יח,3,ל 100 גרם,false,1,14.90,4.97,false,1,
7290000101958,false,מנגו מוקפא,תנובה ענף ב.ע.ד,,,יח,3,ל 100 גרם,false,1,14.90,4.97,false,1,
7290000104201,false,אפונה עדינה 600 גרם-סנפורסט,תנובה ענף ב.ע.ד,,,יח,6,ל 100 גרם,false,1,17.90,2.98,true,1,
7290000104676,false,אפונת גינה סנפרוסט 800 גרם,תנובה ענף ב.ע.ד,,,יח,8,ל 100 גרם,false,1,14.90,1.86,true,1,
7290000104683,false,שעועית ירוקה שלמה סנפורסט 800 גרם,תנובה ענף ב.ע.ד,,,יח,8,ל 100 גרם,false,1,19.90,2.49,true,1,
7290000104690,false,גרעיני תירס סנפורסט 800 גרם,תנובה ענף ב.ע.ד,,,יח,8,ל 100 גרם,false,1,17.90,2.24,true,1,
7290000104713,false,פול ירוק קפוא סנפורסט 800 גרם,תנובה ענף ב.ע.ד,,,יח,8,ל 100 גרם,false,1,22.90,2.86,true,1,
7290000104720,false,שעועית ירוקה חתוכה סנפורסט 800 גרם,תנובה ענף ב.ע.ד,,,יח,8,ל 100 גרם,false,1,18.90,2.36,true,1,
7290000104744,false,כרובית סנפורסט 800 גרם,תנובה ענף ב.ע.ד,,,יח,8,ל 100 גרם,false,1,23.40,2.93,true,1,
7290000104799,false,שעועית לבנה מבושלת סנפורסט 800 גרם,תנובה ענף ב.ע.ד,,,יח,8,ל 100 גרם,false,1,18.90,2.36,true,1,
7290000104805,false,גרגרי חומוס מבושל סנפורסט 800 גרם,תנובה ענף ב.ע.ד,,,יח,8,ל 100 גרם,false,1,18.90,2.36,true,1,
7290000104829,false,"קלחי תירס חתוכים סנפורסט 1 ק""ג",תנובה ענף ב.ע.ד,,,יח,1,"לק""ג",false,1,19.90,19.90,true,1,
7290000104836,false,שעועית עדינה שלמה סנפורסט 600 גרם,תנובה ענף ב.ע.ד,,,יח,6,ל 100 גרם,false,1,21.90,3.65,true,1,
7290000104874,false,לקט לקוסקוס 800 גרם-סנפורסט,תנובה ענף ב.ע.ד,,,יח,8,ל 100 גרם,false,1,17.90,2.24,false,1,
7290000106526,false,חגיגה ירוקה להקפצה 800 ג-סנפורס,תנובה ענף ב.ע.ד,,,יח,8,ל 100 גרם,false,1,22.90,2.86,false,1,
7290000107189,false,תחתיות ארטישוק סנפורסט 400 גרם,תנובה ענף ב.ע.ד,,,יח,4,ל 100 גרם,false,1,20.90,5.23,true,1,
7290000107295,false,ברוקולי מוקפא 800 גרם-סנפורסט,תנובה ענף ב.ע.ד,,,יח,8,ל 100 גרם,false,1,24.90,3.11,true,1,
7290000110844,false,TELMA GRILL BP 28X70GR BDZ,"יוניליוור ישראלשיווק בע""מ",,,יח,0.70,ל 100 גרם,false,30,4.90,7,false,1,
7290000110851,false,TELMA ONION BP 28X70GR BDZ,"יוניליוור ישראלשיווק בע""מ",,,יח,0.70,ל 100 גרם,false,30,4.90,7,false,1,
7290000111117,false,BADIN WHITE 4L 2003 LAUNCH,"יוניליוור ישראלשיווק בע""מ",,,יח,40,"ל 100 מ""ל",false,1,19.80,0.50,false,1,
7290000111186,false,TELMA MAYONNAISE 12 X 500,"יוניליוור ישראלשיווק בע""מ",,,יח,5,ל 100 גרם,false,12,8.90,1.78,false,1,
7290000111353,false,"TELMA MAYONNAISE,","יוניליוור ישראלשיווק בע""מ",,,יח,10,ל 100 גרם,false,6,15.90,1.59,false,1,
7290000111360,false,TELMA 12 X 250,"יוניליוור ישראלשיווק בע""מ",,,יח,2.50,יח,false,6,5.90,2.36,false,1,
7290000112220,false,טחינה גלמית 500 גרם בארכה,קבוצת אוסם סחר שותפות מוגבלת,,,יח,5,ל 100 גרם,false,1,13.90,2.78,false,1,
7290000112497,false,KNORR A LA CARTE CHICKEN NOD SOUP 68GX48,"יוניליוור ישראלשיווק בע""מ",,,יח,0.68,ל 100 גרם,false,10,11.90,17.50,false,1,
7290000114187,false,CIF GPC 4L- PINE 2011 6X4KG,"יוניליוור ישראלשיווק בע""מ",,,יח,4,לליטר,false,1,19.90,4.98,false,1,
7290000116204,false,KNORR DAGESH SOUP 1 KG BADAZ,"יוניליוור ישראלשיווק בע""מ",,,יח,10,ל 100 גרם,false,10,14.90,1.49,false,1,
7290000116884,false,KNORR BARBECUE SAUCE 340G,"יוניליוור ישראלשיווק בע""מ",,,יח,3,"ל 100 מ""ל",false,12,9.90,3.30,false,1,
7290000116921,false,KNORR SWEET CHILI SAUCE 340G,"יוניליוור ישראלשיווק בע""מ",,,יח,3,"ל 100 מ""ל",false,12,9.90,3.30,false,1,
7290000116945,false,KNORR SOY SAUCE 2012 12X350G,"יוניליוור ישראלשיווק בע""מ",,,יח,3,"ל 100 מ""ל",false,12,10.90,3.63,false,1,
7290000117720,false,KNORR INSTANT SOUP MUSHROOM 72X43G,"יוניליוור ישראלשיווק בע""מ",,,יח,0.43,ל 100 גרם,false,12,6.50,15.12,true,1,
7290000120836,false,HELLMANNS REAL MAYO 12X394G,"יוניליוור ישראלשיווק בע""מ",,,יח,3.94,ל 100 גרם,false,1,11.90,3.02,false,1,
7290000120874,false,HELLMANNS LIGHT MAYONNAISE 424 GR,"יוניליוור ישראלשיווק בע""מ",,,יח,4.24,ל 100 גרם,false,1,11.90,2.81,false,1,
7290000121031,false,גבינה החתול המחייך,נטו מילנדה סחר בעמ*,,,יח,1.20,ל 100 גרם,false,1,9.90,8.25,false,1,
7290000121079,false,גבינה מון בלאן ש,נטו מילנדה סחר בעמ*,,,יח,1.20,ל 100 גרם,false,1,9.90,8.25,false,1,
7290000121093,false,גב לייט שויצרית,נטו מילנדה סחר בעמ*,,,יח,1.20,ל 100 גרם,false,1,9.90,8.25,false,1,
7290000121109,false,גב לייט זיתים מ,נטו מילנדה סחר בעמ*,,,יח,1.20,ל 100 גרם,false,1,9.90,8.25,false,1,
7290000121239,false,TELMA MAYOKAL 5%FAT WITHOUT COLESTEROL,"יוניליוור ישראלשיווק בע""מ",,,יח,5,ל 100 גרם,false,12,11.90,2.38,false,1,
7290000124841,false,ROSE OF GALILEE 3 PACK DAIRY,"יוניליוור ישראלשיווק בע""מ",,,יח,3,ל 100 גרם,false,1,13.90,4.63,false,1,
7290000129457,false,KNORR MUSH SAUCE POWDER BDZ 28G,"יוניליוור ישראלשיווק בע""מ",,,יח,0.28,ל 100 גרם,false,12,3.90,13.93,false,1,
7290000129785,false,BADIN GREEN 2010 6X4L,"יוניליוור ישראלשיווק בע""מ",,,יח,4,לליטר,false,1,19.80,4.95,false,1,
7290000133645,false,אורביטול שלישיה סודה,החברה הדרומית לשיווק בעמ,,,יח,4.35,ל 100 גרם,false,1,16.90,3.89,false,1,
7290000135045,false,משקה אנרגיה XL בודד תפוח,טמפו משקאות בעמ,,,יח,2.50,"ל 100 מ""ל",false,1,4.50,1.68,true,1,
7290000135052,false,משקה אנרגיה XL בודד מנגו,טמפו משקאות בעמ,,,יח,2.50,"ל 100 מ""ל",false,1,4.50,1.68,true,1,
7290000135113,false,משקה אנרגיה XL בודד נענע ליים,טמפו משקאות בעמ,,,יח,2.50,"ל 100 מ""ל",false,1,4.50,1.68,true,1,
7290000135342,false,"סודה טמפו 500 מ""ל בודד",טמפו משקאות בעמ,,,יח,5,"ל 100 מ""ל",false,1,3.90,0.72,false,1,
7290000135465,false,"סודה 12 יח` 500 מ""ל",טמפו משקאות בעמ,,,יח,6,לליטר,false,1,27.80,4.03,true,1,
7290000135595,false,פפסי מקס ט. דובדבן 1.5,טמפו משקאות בעמ,,,יח,1.50,לליטר,false,1,7.50,4.80,true,1,
7290000136141,false,פפסי 1.5 ליטר טמפו,טמפו משקאות בעמ,,,יח,15,"ל 100 מ""ל",false,1,7.50,0.48,true,1,
7290000136158,false,פפסי מקס 1.5 ליטר טמפו,טמפו משקאות בעמ,,,יח,15,"ל 100 מ""ל",false,1,7.50,0.48,true,1,
7290000136165,false,מירנדה 1.5 ליטר ק טמפו,טמפו משקאות בעמ,,,יח,15,"ל 100 מ""ל",false,1,7.50,0.48,true,1,
7290000136172,false,סבן אפ 1.5 ליטר בודד טמפו,טמפו משקאות בעמ,,,יח,1.50,לליטר,false,1,7.50,4.80,true,1,
7290000136240,false,סודה 1.5 ליטר בודד טמפו,טמפו משקאות בעמ,,,יח,15,"ל 100 מ""ל",false,1,3.20,0.19,false,1,
7290000136455,false,ג אמפ אשכוליות 1.5 ליטר טמפו,טמפו משקאות בעמ,,,יח,15,"ל 100 מ""ל",false,1,6.90,0.44,true,1,
7290000136516,false,ג אמפ -מנגו,טמפו משקאות בעמ,,,יח,15,"ל 100 מ""ל",false,1,6.90,0.44,true,1,
7290000136523,false,ג אמפ ענבים 1.5 ליטר טמפו,טמפו משקאות בעמ,,,יח,15,"ל 100 מ""ל",false,1,6.90,0.44,true,1,
7290000136561,false,ג אמפ תות בננה 1.5 ליטר טמפו,טמפו משקאות בעמ,,,יח,15,"ל 100 מ""ל",false,1,6.90,0.44,true,1,
7290000136585,false,ג אמפ תפוזים 1.5 ליטר טמפו,טמפו משקאות בעמ,,,יח,15,ל 100 גרם,false,1,6.90,0.44,true,1,
7290000136646,false,נשר מאלט 1.5,טמפו משקאות בעמ,,,יח,15,"ל 100 מ""ל",false,1,8.90,0.57,true,1,
7290000136653,false,דיאט נשר מאלט 1.5 ליטר,טמפו משקאות בעמ,,,יח,1.50,"ל 100 מ""ל",false,1,8.90,5.73,true,1,
7290000136790,false,סודה שישיה 1.5 ליטר טמפו,טמפו משקאות בעמ,,,יח,90,"ל 100 מ""ל",false,1,16.70,0.17,false,1,
7290000136813,false,רבעית סודה אננס,טמפו משקאות בעמ,,,יח,1.50,לליטר,false,1,11.90,7.13,false,1,
7290000136820,false,רבעיית סודה פירות יער,טמפו משקאות בעמ,,,יח,1.50,לליטר,false,1,11.90,7.13,false,1,
7290000136837,false,רבעיית סודה נגיעות אפרסק,טמפו משקאות בעמ,,,יח,1.50,לליטר,false,1,11,7.13,false,1,
7290000136844,false,אקווה נובה 2 ליטר שישיה טמפו,טמפו משקאות בעמ,,,יח,120,"ל 100 מ""ל",false,1,11.70,0.08,false,1,
7290000136868,false,שישית מים סאן בנדטו,טמפו משקאות בעמ,,,יח,9,לליטר,false,1,15.90,1.77,false,1,
7290000136875,false,מים מינרלים מוגז שישיה,טמפו משקאות בעמ,,,יח,9,לליטר,false,1,17.70,1.77,false,1,
7290000139104,false,שלווה מתוקה 230ג אשבול,אשבול בעמ,,,יח,2.50,ל 100 גרם,false,1,8.90,3.56,false,1,
7290000146645,false,ס. הוואי רבעיה שחור,"הנקל סוד בע""מ",,,יח,4,ל 100 גרם,false,1,12.90,3.23,true,1,
7290000146669,false,ס. הוואי רבעיה כחול,"הנקל סוד בע""מ",,,יח,4,ל 100 גרם,false,1,12.90,3.23,true,1,
7290000146683,false,ס. הוואי רבעיה קרם,"הנקל סוד בע""מ",,,יח,4,ל 100 גרם,false,1,12.90,3.23,true,1,
7290000148380,false,פיסטוק 200 קלוי,ליימן שליסל בעמ,,,יח,2,ל 100 גרם,false,1,18.90,9.45,true,1,
7290000148748,false,גרעיני חמניה 200,ליימן שליסל בעמ,,,יח,2,ל 100 גרם,false,1,5.90,2.95,true,1,
7290000148939,false,שקד קלוי 200,ליימן שליסל בעמ,,,יח,2,ל 100 גרם,false,1,15.90,7.95,false,1,
7290000159010,false,שניצל דובונים עוף טוב,קבוצת אוסם סחר שותפות מוגבלת,,,יח,7,ל 100 גרם,false,1,34.90,4.99,true,1,
7290000159096,false,ע. טוב חזה עוף צלוי ברבקיו,קבוצת אוסם סחר שותפות מוגבלת,,,יח,5,ל 100 גרם,false,1,39.90,7.98,false,1,
7290000161358,false,TELMA CANOLA OIL REAL MAYONNAISE,"יוניליוור ישראלשיווק בע""מ",,,יח,5,ל 100 גרם,false,12,13,2.60,false,1,
7290000161648,false,KLIK IN OUT BAR FILLED WITH MILK CREAM,"יוניליוור ישראלשיווק בע""מ",,,יח,0.38,ל 100 גרם,false,1,3.90,10.26,false,1,
7290000166605,false,CIF GPC JASMINE 6X4KG,"יוניליוור ישראלשיווק בע""מ",,,יח,4,לליטר,false,1,19.90,4.98,false,1,
7290000169798,false,TELMA UGI 20 LS BDZ 12X500G,"יוניליוור ישראלשיווק בע""מ",,,יח,375,ל 100 גרם,false,6,19.90,0.05,true,1,
7290000174723,false,שוקולית 500 גרם ק,שטראוס גרופ בעמ,,,יח,5,ל 100 גרם,false,1,12.90,2.58,false,1,
7290000176079,false,קפה טורקי 100 הל,שטראוס גרופ בעמ,,,יח,1,ל 100 גרם,false,1,8.90,8.90,false,1,
7290000176413,false,קפה נמס 50,שטראוס גרופ בעמ,,,יח,0.50,ל 100 גרם,false,1,8.90,17.80,false,1,
7290000176420,false,קפה נמס 200ג עלית *,פיקסל אם.גי.אם בעמ,,,יח,2,ל 100 גרם,false,1,19.90,9.95,false,1,
7290000176468,false,האג נטול 50,שטראוס גרופ בעמ,,,יח,0.50,ל 100 גרם,false,1,10.80,21.60,false,1,
7290000176475,false,קפה נמס האג,שטראוס גרופ בעמ,,,יח,2,ל 100 גרם,false,1,34.90,17.45,false,1,
7290000178707,false,תפוציפס טבעי 50 גר,שטראוס פריטו ליי בעמ,,,יח,2,ל 100 גרם,false,1,3.80,1.90,false,1,
7290000178721,false,תפוצי פס 200 ג,שטראוס פריטו ליי בעמ,,,יח,2,ל 100 גרם,false,1,9.90,4.95,true,1,
7290000186030,false,מגבונים רביעיה עם תחליב,קימברלי קלארק ישראל שיווק בעמ,,,יח,1,,false,1,24.90,24.90,false,1,
7290000187853,false,נייר טואלט לילי 40 לבן,קימברלי קלארק ישראל שיווק בעמ,,,יח,1,,false,1,47.90,47.90,false,1,
7290000187952,false,לילי טריו פרימיום 30,קימברלי קלארק ישראל שיווק בעמ,,,יח,17.88,ל 100 גרם,false,1,44.90,2.51,false,1,
7290000189550,false,שקיות אשפה זוגות,קימברלי קלארק ישראל שיווק בעמ,,,יח,1,,false,1,24.90,24.90,false,1,
7290000191171,false,קליניקס קולקשן זוג נילון,קימברלי קלארק ישראל שיווק בעמ,,,יח,5.93,ל 100 גרם,false,1,9.90,1.67,false,1,
7290000191225,false,טיטולים אגיס מידה 2,קימברלי קלארק ישראל שיווק בעמ,,,יח,1,,false,1,33.90,33.90,false,1,
7290000193472,false,פדיות לילי,קימברלי קלארק ישראל שיווק בעמ,,,יח,1,,false,1,16.90,16.90,false,1,
7290000194837,false,ניקול שקיות מזון עם קשירה,קימברלי קלארק ישראל שיווק בעמ,,,יח,1,,false,1,11.90,11.90,false,1,
7290000195773,false,[מגבוני אגיס רבעיה רגיש,קימברלי קלארק ישראל שיווק בעמ,,,יח,1,,false,1,19.90,19.90,false,1,
7290000197425,false,האגיס פרידום שלב 3 54 יחק,קימברלי קלארק ישראל שיווק בעמ,,,יח,1,,false,1,41.90,41.90,true,1,
7290000197432,false,שקיות סנדוויצ ון זוגות ק,קימברלי קלארק ישראל שיווק בעמ,,,יח,1,,false,1,12.90,12.90,false,1,
7290000197456,false,האגיס פרידום שלב 4 44 יח`,קימברלי קלארק ישראל שיווק בעמ,,,יח,1,,false,1,41.90,41.90,true,1,
7290000197463,false,האגיס פרידום שלב +4 42 יח`,קימברלי קלארק ישראל שיווק בעמ,,,יח,1,,false,1,41.90,41.90,true,1,
7290000197470,false,שקיות הקפאה מקפיאון,קימברלי קלארק ישראל שיווק בעמ,,,יח,1,,false,1,17.90,17.90,false,1,
7290000197548,false,האגיס פרידום שלב 5 38 יח`,קימברלי קלארק ישראל שיווק בעמ,,,יח,1,,false,1,41.90,41.90,true,1,
7290000197678,false,האגיס פרידום שלב 6 34יח`,קימברלי קלארק ישראל שיווק בעמ,,,יח,1,,false,1,41.90,41.90,true,1,
7290000197982,false,זוג רדיד אלומיניום עבה,קימברלי קלארק ישראל שיווק בעמ,,,יח,1,,false,1,24.90,24.90,false,1,
7290000201818,false,טיטולים פרימיום שלב 2,קימברלי קלארק ישראל שיווק בעמ,,,יח,1,,false,1,32.90,32.90,true,1,
7290000201832,false,טיטולים פרימיום שלב 3,קימברלי קלארק ישראל שיווק בעמ,,,יח,1,,false,1,32.90,32.90,true,1,
7290000201849,false,טיטולים פרימיום שלב 4,קימברלי קלארק ישראל שיווק בעמ,,,יח,1,,false,1,32.90,32.90,true,1,
7290000201856,false,טיטולים פרימיום שלב +4,קימברלי קלארק ישראל שיווק בעמ,,,יח,1,,false,1,32.90,32.90,true,1,
7290000201870,false,טיטולים פרימיום שלב 6,קימברלי קלארק ישראל שיווק בעמ,,,יח,1,,false,1,32.90,32.90,true,1,
7290000207438,false,עגבניות קוביות זנלכל,זנלכל בעמ,,,יח,8,ל 100 גרם,false,1,9.90,1.24,false,1,
7290000208008,false,חריסה זנלכל,זנלכל בעמ,,,יח,5.50,ל 100 גרם,false,1,9.50,1.73,true,1,
7290000208022,false,עגבניות מרוסקות זנלכל,זנלכל בעמ,,,יח,8,ל 100 גרם,false,1,9.90,1.24,false,1,
7290000208145,false,תירס קל A2,זנלכל בעמ,,,יח,5.50,ל 100 גרם,false,1,9.90,1.80,false,1,
7290000208213,false,שעועית אפויה A2 יכין,זנלכל בעמ,,,יח,6,ל 100 גרם,false,1,7.90,1.32,true,1,
7290000208244,false,בסיס לשקשוקה זנלכל,זנלכל בעמ,,,יח,5.70,ל 100 גרם,false,1,9.50,1.67,true,1,
7290000208312,false,תירס ואקום יכין,זנלכל בעמ,,,יח,3.25,ל 100 גרם,false,1,6.90,2.12,true,1,
7290000208329,false,תירס A2 יכין,זנלכל בעמ,,,יח,5.60,ל 100 גרם,false,1,7.90,1.41,true,1,
7290000208343,false,עגבניות מרוסקות 2.5נלכל,זנלכל בעמ,,,יח,9,ל 100 גרם,false,1,9.90,1.10,false,1,
7290000208350,false,עגבניות מרוסקות בצל זנלכל,זנלכל בעמ,,,יח,9,ל 100 גרם,false,1,9.90,1.10,false,1,
7290000208428,false,חומוס גרעיים A2 יכין ק,זנלכל בעמ,,,יח,6,ל 100 גרם,false,1,7.90,1.32,true,1,
7290000208800,false,תירס ואקום קיד,זנלכל בעמ,,,יח,5.50,ל 100 גרם,false,1,6.50,1.18,false,1,
7290000208893,false,תירס לייט ואקום,זנלכל בעמ,,,יח,3.40,ל 100 גרם,false,1,6.50,1.91,false,1,
7290000208947,false,עגב מרוסקות 240גר,זנלכל בעמ,,,יח,2.40,יח,false,1,5.50,2.29,false,1,
7290000208978,false,פריכוז 100 גר,זנלכל בעמ,,,יח,1,ל 100 גרם,false,1,2.90,2.90,false,1,
7290000209371,false,תירס ואקום A2,זנלכל בעמ,,,יח,2.60,ל 100 גרם,false,1,14.90,5.73,false,1,
7290000209388,false,תירס ואקום לייט,זנלכל בעמ,,,יח,1,,false,1,14.90,14.90,false,1,
7290000209722,false,רסק פריכוז יכין 28,זנלכל בעמ,,,יח,5.80,ל 100 גרם,false,1,9.90,1.71,false,1,
7290000210469,false,עגבניות שלמות 2.5 A2,זנלכל בעמ,,,יח,6,ל 100 גרם,false,1,9.90,1.65,false,1,
7290000211169,false,Thai rice 1 kg - Sugat,סוגת תעשיות בעמ,,,יח,10,ל 100 גרם,false,1,6.90,0.69,false,1,
7290000211312,false,1 kg rice - Sugat,סוגת תעשיות בעמ,,,יח,10,ל 100 גרם,false,1,8.90,0.89,false,1,
7290000211442,false,Persian Rice 1kg - Sugat,סוגת תעשיות בעמ,,,יח,10,ל 100 גרם,false,1,10.90,1.09,false,1,
7290000211503,false,Sugar 1 kg - Sugat,סוגת תעשיות בעמ,,,יח,10,ל 100 גרם,false,10,3.90,0.39,false,1,
7290000211985,false,Round grain rice 1 kg - Sugat,סוגת תעשיות בעמ,,,יח,10,ל 100 גרם,false,1,9.90,0.99,false,1,
7290000212579,false,וופל שוקו סטינג מצופה מנעמי 20 ג `*40י,מנעמים תעשיות מזון בעמ**,,,יח,8,ל 100 גרם,false,1,16.90,2.11,false,1,
7290000212975,false,"וופל מנעמים 1 ק""ג",מנעמים תעשיות מזון בעמ**,,,יח,1,"לק""ג",false,1,15.90,15.90,false,1,
7290000226514,false,By .dovos condensed milk - Kapulski,קפולסקי אדל בעמ,,,יח,4.50,ל 100 גרם,false,1,39.90,8.87,false,1,
7290000226569,false,Chocolate with whipped cream .tort - Kap,קפולסקי אדל בעמ,,,יח,1,"לק""ג",false,1,64.90,64.90,false,1,
7290000226613,false,Chocolate covered by .dovos - Kapulski,קפולסקי אדל בעמ,,,יח,1,"לק""ג",false,1,39.90,39.90,false,1,
7290000238029,false,"בצק עלים מרודד מעדנות 1 ק""ג",תנובה ענף ב.ע.ד,,,ל 100 גרם,1,"לק""ג",false,1,17.90,17.90,false,1,
7290000238036,false,מלווח 700 גרם מעדנות,תנובה ענף ב.ע.ד,,,יח,7,יח,false,1,13.90,1.99,false,1,
7290000238173,false,.בורקס במילוי גבינה 800 גרם מעדנות,תנובה ענף ב.ע.ד,,,ל 100 גרם,8,ל 100 גרם,false,1,19.90,2.49,false,1,
7290000238180,false,בורקס במילוי תפוא 800 גרם מעדנות,תנובה ענף ב.ע.ד,,,ל 100 גרם,8,ל 100 גרם,false,1,16.90,2.11,false,1,
7290000244761,false,קרם ולוטה גדול,"הנקל סוד בע""מ",,,יח,1,"ל 100 מ""ל",false,1,11.90,11.90,true,1,
7290000245089,false,סוד סופט לבן 4 ל,גורי שיווק בעמ,,,יח,4,לליטר,false,1,16.90,4.23,false,1,
7290000245782,false,מ.כביסה ורוד 4לי,גורי שיווק בעמ,,,יח,40,"ל 100 ס""מ",false,1,16.90,0.42,false,1,
7290000245799,false,מ. כביסה כחול 4ל ק,גורי שיווק בעמ,,,יח,40,"ל 100 מ""ל",false,1,16.90,0.42,false,1,
7290000253220,false,שוקולד ציפס 260 ג,תה ויסוצקי (ישראל)בעמ,,,יח,2.60,ל 100 גרם,false,1,10.90,4.19,false,1,
7290000253251,false,שוקוצ יפס לבן לעוגה,תה ויסוצקי (ישראל)בעמ,,,יח,2.50,ל 100 גרם,false,1,10.90,4.36,false,1,
7290000262239,false,נ.ט מולט 48 לבבות ק,קימברלי קלארק ישראל שיווק בעמ,,,יח,27.70,ל 100 גרם,false,1,41.90,1.51,false,1,
7290000272443,false,סירופ תפוז 1 ליט,קבוצת אוסם סחר שותפות מוגבלת,,,יח,10,"ל 100 מ""ל",false,1,19.90,1.99,false,1,
7290000272467,false,סירופ פטל 1 ליט,קבוצת אוסם סחר שותפות מוגבלת,,,יח,10,"ל 100 מ""ל",false,1,19.90,1.99,false,1,
7290000272696,false,לימוןטבעי 1 ליטר ק,קבוצת אוסם סחר שותפות מוגבלת,,,יח,10,"ל 100 מ""ל",false,1,10.90,1.09,false,1,
7290000272726,false,חומץ טבעי 1 ליטר אוסם,קבוצת אוסם סחר שותפות מוגבלת,,,יח,10,"ל 100 מ""ל",false,1,7.90,0.79,false,1,
7290000286921,false,סנוקל רסס כבס,החברה הדרומית לשיווק בעמ,,,יח,7.50,"ל 100 מ""ל",false,1,11.90,1.59,false,1,
7290000287102,false,שמפושטיחים סנו,החברה הדרומית לשיווק בעמ,,,יח,6,"ל 100 מ""ל",false,1,19.90,3.32,false,1,
7290000287195,false,סנורהיט אירוסול ק,החברה הדרומית לשיווק בעמ,,,יח,3.05,"ל 100 מ""ל",false,1,14.90,4.89,false,1,
7290000287409,false,סנובון*שלישיה תות`/ לימון,החברה הדרומית לשיווק בעמ,,,יח,1,,false,1,10.90,10.90,false,1,
7290000287430,false,שלישית סבון אסלות,החברה הדרומית לשיווק בעמ,,,יח,1.65,ל 100 גרם,false,1,10.90,6.61,false,1,
7290000287485,false,סנובון שלישיה לובר,החברה הדרומית לשיווק בעמ,,,יח,1.65,ל 100 גרם,false,1,10.90,6.61,false,1,
7290000287492,false,סנובון נוזלי,החברה הדרומית לשיווק בעמ,,,יח,7.50,"ל 100 מ""ל",false,1,9.90,1.32,false,1,
7290000288017,false,סנו JAVELבלאן 1,החברה הדרומית לשיווק בעמ,,,יח,10,"ל 100 מ""ל",false,1,8.90,0.89,false,1,
7290000288024,false,אקונמיקה 4 ליטר. ק,החברה הדרומית לשיווק בעמ,,,יח,40,"ל 100 מ""ל",false,1,16.90,0.42,false,1,
7290000288031,false,טכנו אקונומיקה .4,החברה הדרומית לשיווק בעמ,,,יח,4,לליטר,false,1,10.90,2.73,false,1,
7290000288048,false,סנו ז אוול מרסס. ק,החברה הדרומית לשיווק בעמ,,,יח,10,"ל 100 מ""ל",false,1,17.90,1.79,false,1,
7290000288086,false,אבקת ניקוי .JAVEL,החברה הדרומית לשיווק בעמ,,,יח,6,ל 100 גרם,false,1,10.90,1.82,false,1,
7290000288352,false,K-300 סנו.,החברה הדרומית לשיווק בעמ,,,יח,6.30,"ל 100 מ""ל",false,1,20.90,3.32,false,1,
7290000288420,false,סנו די תרסיס,החברה הדרומית לשיווק בעמ,,,יח,1.25,"ל 100 מ""ל",false,1,19.90,15.92,false,1,
7290000288642,false,מרכך 4 ליטר מקסי.,החברה הדרומית לשיווק בעמ,,,יח,40,"ל 100 מ""ל",false,1,21.90,0.55,false,1,
7290000289069,false,סנו ג באל מרסס ל. ק,החברה הדרומית לשיווק בעמ,,,יח,10,"ל 100 מ""ל",false,1,17.90,1.79,false,1,
7290000289380,false,סנו ג באל ג`ל אסלות,החברה הדרומית לשיווק בעמ,,,יח,7.50,"ל 100 מ""ל",false,1,10.90,1.45,false,1,
7290000289496,false,סופר קרם לימון,החברה הדרומית לשיווק בעמ,,,יח,7.50,"ל 100 מ""ל",false,1,10.90,1.45,false,1,
7290000289748,false,סנו פורטה פלוס. ק,החברה הדרומית לשיווק בעמ,,,יח,7.50,"ל 100 מ""ל",false,1,13.90,1.85,false,1,
7290000291963,false,סנו ג אבל 1 ליטר,החברה הדרומית לשיווק בעמ,,,יח,10,"ל 100 מ""ל",false,1,8.90,0.89,false,1,
7290000292311,false,פוליויקס 2 ליטר ק,החברה הדרומית לשיווק בעמ,,,יח,20,"ל 100 מ""ל",false,1,20.90,1.05,false,1,
7290000292564,false,K-2000 ק,החברה הדרומית לשיווק בעמ,,,יח,7.50,"ל 100 מ""ל",false,1,29.90,3.99,false,1,
7290000292687,false,שלשיה סנובון כחו,החברה הדרומית לשיווק בעמ,,,יח,1.65,ל 100 גרם,false,1,14.90,9.03,false,1,
7290000293073,false,מרכך 4 ליטר ביו,החברה הדרומית לשיווק בעמ,,,יח,40,"ל 100 מ""ל",false,1,21.90,0.55,false,1,
7290000293943,false,אנטי קלאק מסיר א ק,החברה הדרומית לשיווק בעמ,,,יח,10,"ל 100 מ""ל",false,1,17.90,1.79,false,1,
7290000294780,false,סנו ג אבל סמיכה,החברה הדרומית לשיווק בעמ,,,יח,40,"ל 100 מ""ל",false,1,16.90,0.42,false,1,
7290000295367,false,"אפקט ג באל 2.5 ק""ג",החברה הדרומית לשיווק בעמ,,,יח,25,ל 100 גרם,false,1,24.90,1,false,1,
7290000295589,false,טלק בייבי כיף,החברה הדרומית לשיווק בעמ,,,יח,2,ל 100 גרם,false,1,14.90,7.45,false,1,
7290000300900,false,טבעול שניצל תירס 750 גרם,קבוצת אוסם סחר שותפות מוגבלת,,,ל 100 גרם,7.50,ל 100 גרם,false,1,27.90,3.72,true,1,
7290000303581,false,Fava A-2 expired - Pry Galilee,ויטה-פרי גליל (החדשה) בעמ,,,יח,5.60,ל 100 גרם,false,1,6.90,1.23,false,1,
7290000303598,false,Goa .brotb A-2 Guild - Pry Galilee,ויטה-פרי גליל (החדשה) בעמ,,,יח,5.80,ל 100 גרם,false,1,6.90,1.19,true,1,
7290000303604,false,Hummus A-2 Rabbinate expired - Pry Galil,ויטה-פרי גליל (החדשה) בעמ,,,יח,5.50,ל 100 גרם,false,1,6.90,1.25,true,1,
7290000307015,false,A-2 peas expired - Pry Galilee,ויטה-פרי גליל (החדשה) בעמ,,,יח,5.50,ל 100 גרם,false,1,6.90,1.25,true,1,
7290000307046,false,Peas and carrots A-2 expired - Pry Galil,ויטה-פרי גליל (החדשה) בעמ,,,יח,5.50,ל 100 גרם,false,1,6.90,1.25,true,1,
7290000307220,false,Corn 12 Unk expired - Pry Galilee,ויטה-פרי גליל (החדשה) בעמ,,,יח,4.50,ל 100 גרם,false,1,4.90,1.09,false,1,
7290000307237,false,A-2 corn expired - Pry Galilee,ויטה-פרי גליל (החדשה) בעמ,,,יח,5.50,ל 100 גרם,false,24,6.90,1.25,true,1,
7290000307800,false,Paul 800 expired - Pry Galilee,ויטה-פרי גליל (החדשה) בעמ,,,יח,8,ל 100 גרם,false,1,11.90,1.49,false,1,
7290000311128,false,butter cookies,רוקחמן בעמ,,,יח,3,ל 100 גרם,false,1,6.90,2.30,false,1,
7290000311135,false,chocosticks cookies,רוקחמן בעמ,,,יח,3,ל 100 גרם,false,1,6.90,2.30,false,1,
7290000311203,false,chocolate wafers 200,רוקחמן בעמ,,,יח,2,ל 100 גרם,false,1,4.30,2.15,false,1,
7290000311210,false,lemon wafers 200,רוקחמן בעמ,,,יח,2,ל 100 גרם,false,1,4.30,2.15,false,1,
7290000311227,false,coffee wafers,רוקחמן בעמ,,,יח,2,ל 100 גרם,false,1,4.30,2.15,false,1,
7290000311234,false,vanilla wafers,רוקחמן בעמ,,,יח,2,ל 100 גרם,false,1,4.30,2.15,false,1,
7290000311258,false,coated wafers,רוקחמן בעמ,,,יח,2.50,ל 100 גרם,false,1,5.90,2.36,false,1,
7290000311319,false,coated wafers,רוקחמן בעמ,,,יח,10,ל 100 גרם,false,1,22.90,2.29,false,1,
7290000311357,false,egozit,רוקחמן בעמ,,,יח,2.80,ל 100 גרם,false,1,10.90,3.89,false,1,
7290000311425,false,coated wafers,רוקחמן בעמ,,,יח,2.20,ל 100 גרם,false,1,7.50,3.41,false,1,
7290000311708,false,whole wheat cookies,רוקחמן בעמ,,,יח,3,ל 100 גרם,false,1,6.90,2.30,false,1,
7290000311715,false,chocolate cookies,רוקחמן בעמ,,,יח,3,ל 100 גרם,false,1,6.90,2.30,false,1,
7290000311722,false,stars cookies,רוקחמן בעמ,,,יח,3,ל 100 גרם,false,1,6.90,2.30,false,1,
7290000313160,false,חברים זהבה ו 3 דובים,קבוצת אוסם סחר שותפות מוגבלת,,,יח,2.50,ל 100 גרם,false,1,7.90,3.16,false,1,
7290000313184,false,חברים בסקויט גן חיות,קבוצת אוסם סחר שותפות מוגבלת,,,יח,2.50,ל 100 גרם,false,1,7.90,3.16,false,1,
7290000313290,false,נודלס איטריות מסולסלות,קבוצת אוסם סחר שותפות מוגבלת,,,יח,2,ל 100 גרם,false,1,8.90,4.45,false,1,
7290000318189,false,פסטרמה ברבקיו על האש,מעדני יחיעם (1993) בעמ,,,יח,3,ל 100 גרם,false,1,28.90,9.63,false,1,
7290000318677,false,פסטרמה סרוולט 150 גר,מעדני יחיעם (1993) בעמ,,,יח,1.50,ל 100 גרם,false,1,26.90,17.93,false,1,
7290000318707,false,סלמי מעושן יחיעם,מעדני יחיעם (1993) בעמ,,,יח,5,ל 100 גרם,false,1,34.90,6.98,true,1,
7290000318738,false,נקניק עוף 450,מעדני יחיעם (1993) בעמ,,,יח,4.50,ל 100 גרם,false,1,11.90,2.64,false,1,
7290000319124,false,סלמי סרוולט 250 יחיעם,מעדני יחיעם (1993) בעמ,,,יח,2.50,ל 100 גרם,false,1,35.90,14.36,false,1,
7290000319131,false,נקנקיות עוף יחיעם 400,מעדני יחיעם (1993) בעמ,,,יח,4,ל 100 גרם,false,1,10.90,2.73,false,1,
7290000319247,false,נקניק פריזר אקסטרא 500,מעדני יחיעם (1993) בעמ,,,יח,5,ל 100 גרם,false,1,10.90,2.18,false,1,
7290000319391,false,"נקנקיות צ`ופר 1 ק""ג",מעדני יחיעם (1993) בעמ,,,יח,0,ל 100 גרם,false,1,18.90,18.90,false,1,
7290000319520,false,צרפתי גורמה 100 יחיעם,מעדני יחיעם (1993) בעמ,,,יח,1,ל 100 גרם,false,1,19.90,19.90,false,1,
7290000319803,false,קבנוס קלאסי 125 גר יחיעם,מעדני יחיעם (1993) בעמ,,,יח,1.25,ל 100 גרם,false,1,13.90,11.12,true,1,
7290000319834,false,קבנוס פפרוני 125 גר יחיעם,מעדני יחיעם (1993) בעמ,,,יח,1.25,ל 100 גרם,false,1,13.90,11.12,true,1,
7290000327044,false,שישית סבן אפ פחית צרה 330,טמפו משקאות בעמ,,,יח,6,למארז,false,1,17.90,2.68,false,1,
7290000334684,false,טבעות בצל תפוגן 700 גרם,קבוצת אוסם סחר שותפות מוגבלת,,,יח,0.70,"לק""ג",false,1,17.90,25.57,false,1,
7290000334745,false,"ציפס אמריקאי דקדק תפוגן 1.5 ק""ג",קבוצת אוסם סחר שותפות מוגבלת,,,יח,1.50,"לק""ג",false,1,23.90,15.93,false,1,
7290000339566,false,BADIN PINK 6X4L,"יוניליוור ישראלשיווק בע""מ",,,יח,40,"ל 100 מ""ל",false,1,19.80,0.50,false,1,
7290000339849,false,CIF PASTE SMADAR ZOHAR 1X3.5KG,"יוניליוור ישראלשיווק בע""מ",,,יח,3.50,"לק""ג",false,1,26.90,7.69,false,1,
7290000339887,false,CIF PASTE LEMON ZOHAR 1X3.5KG,"יוניליוור ישראלשיווק בע""מ",,,יח,3.50,"לק""ג",false,1,26.90,7.69,false,1,
7290000341071,false,BADIN BABY 2010 6X2L,"יוניליוור ישראלשיווק בע""מ",,,יח,2,לליטר,false,1,14.90,7.45,false,1,
7290000342856,false,BADIN BLUE 4L 2003 RELAUNCH,"יוניליוור ישראלשיווק בע""מ",,,יח,40,"ל 100 מ""ל",false,1,19.80,0.50,false,1,
7290000345055,false,100 ארל גריי,תה ויסוצקי (ישראל)בעמ,,,יח,1,ל 100 גרם,false,1,13.90,13.90,false,1,
7290000345147,false,תה אל גריי 200 פח,תה ויסוצקי (ישראל)בעמ,,,יח,2,ל 100 גרם,false,1,31.90,15.95,false,1,
7290000345208,false,תה בריבוע 25/1,תה ויסוצקי (ישראל)בעמ,,,יח,0.25,ל 100 גרם,false,1,6.90,27.60,false,1,
7290000345215,false,תה 100\1 כחול ק,תה ויסוצקי (ישראל)בעמ,,,יח,1,ל 100 גרם,false,1,16.90,16.90,false,1,
7290000345260,false,25/1.5 תה בריבוע,תה ויסוצקי (ישראל)בעמ,,,יח,0.3750,ל 100 גרם,false,1,6.90,18.40,false,1,
7290000345277,false,תה 50 שקיות,תה ויסוצקי (ישראל)בעמ,,,יח,0.75,ל 100 גרם,false,1,12.90,17.20,false,1,
7290000345291,false,תה ארל גריי 25,תה ויסוצקי (ישראל)בעמ,,,יח,0.3750,ל 100 גרם,false,1,15.90,42.40,true,1,
7290000345307,false,תה ארל גרי,תה ויסוצקי (ישראל)בעמ,,,יח,0.75,ל 100 גרם,false,1,27.90,37.20,false,1,
7290000345536,false,תה נענע,תה ויסוצקי (ישראל)בעמ,,,יח,0.3750,ל 100 גרם,false,1,16.90,45.07,false,1,
7290000346120,false,.תה קינמון,תה ויסוצקי (ישראל)בעמ,,,יח,0.6250,ל 100 גרם,false,1,17.90,28.64,false,1,
7290000346205,false,תה קמומיל ויסוצקי,תה ויסוצקי (ישראל)בעמ,,,יח,0.3750,ל 100 גרם,false,1,17.90,47.73,false,1,
7290000346212,false,.תה מנטה,תה ויסוצקי (ישראל)בעמ,,,יח,0.50,ל 100 גרם,false,1,17.90,35.80,false,1,
7290000346960,false,תה נענע 1.5,תה ויסוצקי (ישראל)בעמ,,,יח,15,ל 100 גרם,false,1,29,1.93,false,1,
7290000347738,false,תה ירוק עם נענע,תה ויסוצקי (ישראל)בעמ,,,יח,0.3750,ל 100 גרם,false,1,22.90,61.07,true,1,
7290000347752,false,תה ירוק לימונית,תה ויסוצקי (ישראל)בעמ,,,יח,0.3750,ל 100 גרם,false,1,22.90,61.07,true,1,
7290000355498,false,Flirted sauce. A-BX28 2 uto - Uto,ויטה-פרי גליל (החדשה) בעמ,,,יח,5.80,ל 100 גרם,false,12,6.50,1.12,false,1,
7290000363899,false,נקנקיות פיקנטיות,תנובה ענף ב.ע.ד,,,יח,4,ל 100 גרם,false,1,15.90,3.98,false,1,
7290000364131,false,פריזר כפרי 400 ג,תנובה ענף ב.ע.ד,,,יח,4,ל 100 גרם,false,1,17.90,4.48,false,1,
7290000364858,false,נק עוף 1 ק ג,תנובה ענף ב.ע.ד,,,יח,1,"לק""ג",false,1,24.90,24.90,false,1,
7290000364872,false,נק עוף 400 גרם,תנובה ענף ב.ע.ד,,,יח,4,ל 100 גרם,false,1,12.90,3.23,false,1,
7290000367590,false,צמד כפרי 800,תנובה ענף ב.ע.ד,,,יח,8,ל 100 גרם,false,1,28.90,3.61,false,1,
7290000377209,false,בוטן מטוגן שקית 200,ליימן שליסל בעמ,,,יח,2,ל 100 גרם,false,1,6.90,3.45,false,1,
7290000377445,false,נש צ אנס 200 שקית,ליימן שליסל בעמ,,,יח,2,ל 100 גרם,false,1,7.90,3.95,false,1,
7290000377452,false,גרעיני אבטיח 200,ליימן שליסל בעמ,,,יח,2,ל 100 גרם,false,1,11.90,5.95,false,1,
7290000379654,false,חלה אנג`ל קלועה,שלמה א.אנג ל בעמ,,,יח,5,ל 100 גרם,false,1,6.70,1.34,false,1,
7290000408316,false,דנונה כפיר,שטראוס גרופ בעמ (ח),,,יח,2,"ל 100 מ""ל",false,1,3.50,1.75,false,1,
7290000408354,false,בר דנונה פיצפוצים,שטראוס גרופ בעמ (ח),,,יח,1.75,"ל 100 מ""ל",false,1,4.50,2.57,false,1,
7290000412481,false,מנקה אסלות 1 ליט. ק,החברה הדרומית לשיווק בעמ,,,יח,10,"ל 100 מ""ל",false,1,7.90,0.79,false,1,
7290000416021,false,Spread cream 500 dairy premium-Hshachar,השחר העולה בעמ,,,יח,5,ל 100 גרם,false,1,12.90,2.58,false,1,
7290000416045,false,Spread premium cream 1 kg 15 pcs-Hshacha,השחר העולה בעמ,,,יח,1,"לק""ג",false,1,24.90,24.90,false,1,
7290000416076,false,Compound chocolate 400g fur-Hshachar,השחר העולה בעמ,,,יח,4,ל 100 גרם,false,1,12.70,3.18,false,1,
7290000416175,false,ממרח שחר 250 גר*,השחר העולה בעמ,,,יח,2,ל 100 גרם,false,1,7.90,3.95,false,1,
7290000416618,false,Fur paste 400g-Hshachar,השחר העולה בעמ,,,יח,4,ל 100 גרם,false,1,11.90,2.98,false,1,
7290000416632,false,Fur paste 1kg-Hshachar,השחר העולה בעמ,,,יח,1,"לק""ג",false,1,23.90,23.90,false,1,
7290000416854,false,קקאו השחר העולה 150ג,השחר העולה בעמ,,,יח,1.50,ל 100 גרם,false,1,9.90,6.60,false,1,
7290000419220,false,מארז קפה לנדוור שלישיה,ש.שסטוביץ בעמ,,,יח,3,ל 100 גרם,false,1,18.90,6.30,false,1,
7290000420325,false,פופקורן פופ סטאר חמישייה,"דנשר (1963) בע,מ",,,יח,5,ל 100 גרם,false,1,13.90,2.78,true,1,
7290000420332,false,פופקורן חמאה למי,"דנשר (1963) בע,מ",,,יח,5,ל 100 גרם,false,1,13.90,2.78,true,1,
7290000436616,false,דובשניות 180ג ברמן*,ברמן שוקולד ועוגיות בעמ,,,יח,4,ל 100 גרם,false,1,4.90,1.23,true,1,
7290000446523,false,חמאת בוטנים מתוקה 350ג BD,בטר אנד דיפרנט בעמ,,,יח,3.50,ל 100 גרם,false,1,13.90,3.97,false,1,
7290000446530,false,"חמאת בוטנים מתוקה 1 ק""ג BD",בטר אנד דיפרנט בעמ,,,יח,10,"לק""ג",false,1,28.90,2.89,false,1,
7290000446547,false,חמאת בוטנים טבעית 350ג BD*,בטר אנד דיפרנט בעמ,,,יח,3.50,ל 100 גרם,false,1,13.50,3.86,false,1,
7290000446554,false,"חמאת בוטנים טבעי1 ק""ג BD",בטר אנד דיפרנט בעמ,,,יח,10,ל 100 גרם,false,1,28.90,2.89,false,1,
7290000446776,false,אורז קל שקית 450ג BD*,בטר אנד דיפרנט בעמ,,,יח,4.50,ל 100 גרם,false,1,18.90,4.20,false,1,
7290000446806,false,דייסת דגנים 200ג BD *,בטר אנד דיפרנט בעמ,,,יח,2,ל 100 גרם,false,1,11.90,5.95,false,1,
7290000449128,false,CIF GPC 4L 2011 6X4KG,"יוניליוור ישראלשיווק בע""מ",,,יח,40,"ל 100 מ""ל",false,1,19.90,0.50,false,1,
7290000450209,false,טונה פוסידון בשמן 110ג נטו*,נטו מילנדה סחר בעמ*,,,יח,1.80,ל 100 גרם,false,1,5.70,3.17,false,1,
7290000453019,false,שמרית פ ק,שטראוס גרופ בעמ (ח),,,יח,0.50,ל 100 גרם,false,1,4.90,9.80,false,1,
7290000453408,false,בצק פיצה דק שמרית,שטראוס גרופ בעמ (ח),,,יח,3,ל 100 גרם,false,1,17.50,5.83,false,1,
7290000453415,false,בצק עלים מצונן שמרית,שטראוס גרופ בעמ (ח),,,יח,3,ל 100 גרם,false,1,16.50,5.50,true,1,
7290000453422,false,בצק פילו מוכן לאפיה שמרית,שטראוס גרופ בעמ (ח),,,יח,3,ל 100 גרם,false,1,16.50,5.50,true,1,
7290000453781,false,שמרים יבשים 125 גר`,שטראוס גרופ בעמ,,,יח,0.1250,ל 100 גרם,false,1,5.90,47.20,false,1,
7290000453798,false,שמרים יבשים 500 ג אקטיבים,שטראוס גרופ בעמ,,,יח,5,ל 100 גרם,false,1,13.90,2.78,false,1,
7290000453866,false,נטוריה קוקוס שמרית,שטראוס גרופ בעמ (ח),,,יח,2,ל 100 גרם,false,1,7.90,3.95,false,1,
7290000453880,false,מרגרינה ללא מלח לאפיה שמרית,שטראוס גרופ בעמ (ח),,,יח,2,ל 100 גרם,false,1,5.50,2.75,false,1,
7290000453897,false,מרגרינה טעם חמאה שמרית,שטראוס גרופ בעמ (ח),,,יח,2,ל 100 גרם,false,1,6.50,3.25,false,1,
7290000461625,false,B&B EIGHT EIGHT 400 GR,"יוניליוור ישראלשיווק בע""מ",,,יח,4,ל 100 גרם,false,1,9.90,2.48,true,1,
7290000461656,false,B&B ONE ONE 400 GR,"יוניליוור ישראלשיווק בע""מ",,,יח,4,ל 100 גרם,false,1,9.90,2.48,true,1,
7290000461793,false,B&B LONG STIKS 16X150G,"יוניליוור ישראלשיווק בע""מ",,,יח,1.50,ל 100 גרם,false,1,5.90,3.93,false,1,
7290000462103,false,סחוג חריף ירוק,שטראוס גרופ בעמ (ח),,,יח,1.50,ל 100 גרם,false,1,7.90,5.27,false,1,
7290000462981,false,זחוק חריף אש 150 גר`,שטראוס גרופ בעמ (ח),,,יח,1.50,ל 100 גרם,false,1,9.90,6.60,false,1,
7290000467153,false,חומוס סמיר הגדול,קבוצת אוסם סחר שותפות מוגבלת,,,יח,4,ל 100 גרם,false,1,12.90,3.23,true,1,
7290000467320,false,חומוס אבו מרוואן,קבוצת אוסם סחר שותפות מוגבלת,,,יח,4,ל 100 גרם,false,1,12.90,3.23,true,1,
7290000474076,false,חלב קרטון 3%-1 ליטר טרה,החברה המרכזית טלהפצת משקאות בע,,,יח,10,לליטר,false,1,6.23,0.62,false,1,
7290000474090,false,חלב קרטון 1%-1 ליטר טרה{פ},החברה המרכזית טלהפצת משקאות בע,,,יח,10,לליטר,false,1,5.86,0.59,false,1,
7290000474373,false,שמנת חמוצה 200 מ,החברה המרכזית טלהפצת משקאות בע,,,יח,2,"ל 100 מ""ל",false,1,2.40,1.20,false,1,
7290000474540,false,גבינת 5% טוב טעם,החברה המרכזית טלהפצת משקאות בע,,,יח,2.50,ל 100 גרם,false,1,12.50,5,true,1,
7290000480107,false,קואקר פחית 500 ג,שטראוס פריטו ליי בעמ,,,יח,5,ל 100 גרם,false,1,14.90,2.98,false,1,
7290000480442,false,קווקר שבולת שועל,שטראוס פריטו ליי בעמ,,,יח,5,ל 100 גרם,false,1,11.90,2.38,false,1,
7290000481074,false,לחם טריו דגנית,דגנית עין בר תעשיות,,,יח,5,ל 100 גרם,false,1,15.90,3.18,false,1,
7290000484747,false,"ארק עלית 700 מ""ל 40% יקב הגליל*",יקב הגליל שיווק בעמ,,,יח,7,"ל 100 מ""ל",false,1,57.90,8.23,false,1,
7290000493176,false,אבקת רוטב צלי בשר,קבוצת אוסם סחר שותפות מוגבלת,,,יח,0.22,ל 100 גרם,false,1,4.20,19.09,false,1,
7290000493183,false,רוטב פטריות,קבוצת אוסם סחר שותפות מוגבלת,,,יח,0.30,ל 100 גרם,false,1,4.40,14.67,false,1,
7290000498393,false,חלה רגילה/עגולה/מרובעת,"י.את א.ברמן בע""מ",,,יח,5,ל 100 גרם,false,1,4.50,0.90,false,1,
7290000504025,false,פטריה סוכרזית,שטראוס גרופ בעמ,,,יח,2.46,ל 100 גרם,false,1,7.90,3.21,false,1,
7290000504049,false,סוכרזית קנקן 200,שטראוס גרופ בעמ,,,יח,9.84,ל 100 גרם,false,1,19.90,2.02,false,1,
7290000515014,false,"קמח לבן בהיר ב""ש 1 ק""ג*",טחנות קמח שטיבל בש בעמ,,,יח,10,ל 100 גרם,false,1,5.10,0.51,false,1,
7290000518169,false,1000 טבליות,מתוק וקל בעמ,,,יח,10,ל 100 גרם,false,1,7.90,0.79,false,1,
7290000518176,false,מתוק וקל 250,מתוק וקל בעמ,,,יח,2.50,ל 100 גרם,false,1,17.90,7.16,false,1,
7290000518879,false,סוכרה דיאט 250 שקיות,מתוק וקל בעמ,,,יח,1,ל 100 גרם,false,1,65.90,65.90,false,1,
7290000521008,false,ייןסגל אדום יבש,טמפו משקאות בעמ,,,יח,7.50,"ל 100 מ""ל",false,1,21.90,2.88,true,1,
7290000521022,false,יין לבן סגל רגיל,טמפו משקאות בעמ,,,יח,1,,false,1,21.90,21.90,true,1,
7290000523125,false,מלח ים יבש 250ג מלחיה סוגת*,סוגת תעשיות בעמ,,,יח,2.50,ל 100 גרם,false,1,5.90,2.36,false,1,
7290000523224,false,מלח ים יבש 500ג מלחיה סוגת *,סוגת תעשיות בעמ,,,יח,5,ל 100 גרם,false,1,7.90,1.58,false,1,
7290000525969,false,פרימור סחוט 1 לי,שטראוס גרופ בעמ (ח),,,יח,1,לליטר,false,1,15.90,15.90,false,1,
7290000530413,false,המבורגר זהב זוגלובק,זוגלובק שיווק בעמ,,,יח,4,ל 100 גרם,false,1,21.90,5.48,true,1,
7290000530468,false,נקניקיות וינר זוגלובק,זוגלובק שיווק בעמ,,,יח,1,"לק""ג",false,1,25.90,25.90,false,1,
7290000530598,false,נקניקיות וינר,זוגלובק שיווק בעמ,,,יח,5,ל 100 גרם,false,1,12.90,2.58,false,1,
7290000530703,false,חרמון+400 תה מעושן,זוגלובק שיווק בעמ,,,יח,8,ל 100 גרם,false,1,25.90,3.24,true,1,
7290000531601,false,סטייק בורגר זהב זוגלובק 400 גרם,זוגלובק שיווק בעמ,,,יח,4,ל 100 גרם,false,1,21.90,5.48,true,1,
7290000531977,false,בורקס במילוי גבינה זוגלובק 800 גרם,זוגלובק שיווק בעמ,,,יח,8,ל 100 גרם,false,1,13.90,1.74,true,1,
7290000533353,false,"בצק עלים מרודד זוגלובק 1 ק""ג",זוגלובק שיווק בעמ,,,יח,10,ל 100 גרם,false,1,13.90,1.39,true,1,
7290000536316,false,שניצל מן הצומח ק זוגלובק 1ק`,זוגלובק שיווק בעמ,,,יח,10,ל 100 גרם,false,1,29.90,2.99,true,1,
7290000536774,false,נקניקיה מן הצומח זוגלובק 1ק`,זוגלובק שיווק בעמ,,,יח,10,ל 100 גרם,false,1,29.90,2.99,true,1,
7290000537566,false,נקניקיות עוף טרי,זוגלובק שיווק בעמ,,,יח,4,ל 100 גרם,false,1,10.90,2.73,true,1,
7290000538709,false,תה מעושן 200,זוגלובק שיווק בעמ,,,יח,2,ל 100 גרם,false,1,14.90,7.45,false,1,
7290000554402,false,מלבי,מחלבות גד שיווק 1992 בעמ,,,יח,1.60,"ל 100 מ""ל",false,1,5.60,3.50,true,1,
7290000554457,false,צפתית גד,מחלבות גד שיווק 1992 בעמ,,,יח,3.50,ל 100 גרם,false,1,19.90,5.69,false,1,
7290000554600,false,מוצרלה מגורדת יח,מחלבות גד שיווק 1992 בעמ,,,יח,1,,false,1,24.90,24.90,false,1,
7290000554624,false,מעדן ירח מתוק,מחלבות גד שיווק 1992 בעמ,,,יח,1.50,"ל 100 מ""ל",false,1,5.40,3.60,true,1,
7290000554686,false,לבנה בשמן זית וז,מחלבות גד שיווק 1992 בעמ,,,יח,2.50,ל 100 גרם,false,1,14.10,5.64,false,1,
7290000554822,false,ריקוטה,מחלבות גד שיווק 1992 בעמ,,,יח,2.50,ל 100 גרם,false,1,13.90,5.56,true,1,
7290000554839,false,גבינת מסקרפוניה,מחלבות גד שיווק 1992 בעמ,,,יח,2.50,ל 100 גרם,false,1,19.90,7.96,false,1,
7290000560533,false,אדג ג ל רגיל200 ק,"דנשר (1963) בע,מ",,,יח,2,ל 100 גרם,false,1,15.90,7.95,true,1,
7290000560540,false,אדג ג ל רגיש 200 ק,"דנשר (1963) בע,מ",,,יח,2,ל 100 גרם,false,1,15.90,7.95,true,1,
7290000572086,false,טחינה אורגנית 500ג אחוה*,אחדות בעמ,,,יח,5,ל 100 גרם,false,1,11.90,2.38,false,1,
7290000572208,false,חלבה 100ג אחוה*,אחדות בעמ,,,יח,1,ל 100 גרם,false,1,2.90,2.90,false,1,
7290000572222,false,חלבה בלוק 500ג אחוה*,אחדות בעמ,,,יח,5,ל 100 גרם,false,1,10.90,2.18,false,1,
7290000572543,false,חלבה שוקו וניל 400ג אחוה*,אחדות בעמ,,,יח,4,ל 100 גרם,false,1,10.90,2.73,false,1,
7290000572628,false,חלבה חטיף לייט 25 ג* 11יח קופ`שי אחוה,אחדות בעמ,,,יח,2.75,ל 100 גרם,false,1,12.90,4.69,false,1,
7290000572673,false,חלבה חטיף 25 ג* 12יח קופ`שי אחוה*,אחדות בעמ,,,יח,3,ל 100 גרם,false,12,12.90,4.30,false,1,
7290000572819,false,"טחינה 1 ק""ג פלסטיק אחוה*",אחדות בעמ,,,יח,10,ל 100 גרם,false,1,18.90,1.89,false,1,
7290000599953,false,מגב 60 K,מ.א ייצור ויבו*מטליות בעמ,,,יח,1,,false,1,13.90,13.90,false,1,
7290000688084,false,מים מינרלים מי עדן,יפאורה שותפות מוגבלת לשיווק,,,יח,5,"ל 100 מ""ל",false,1,2.80,0.50,false,1,
7290000688114,false,מי עדן 1.5 ליטר *,יפאורה שותפות מוגבלת לשיווק,,,יח,1.50,לליטר,false,1,2.50,1.67,false,1,
7290000688176,false,בקבוק מי עדן 250,יפאורה שותפות מוגבלת לשיווק,,,יח,2.50,"ל 100 מ""ל",false,1,2.60,0.92,false,1,
7290000688381,false,מי עדן שישיה ספורט,יפאורה שותפות מוגבלת לשיווק,,,יח,30,"ל 100 מ""ל",false,1,13.90,0.40,false,1,
7290000688503,false,שישיית מי-עדן GYM 750 ג.,יפאורה שותפות מוגבלת לשיווק,,,יח,45,"ל 100 מ""ל",false,1,16.90,0.34,false,1,
7290000692210,false,אג קס לניקוי כלל,ש.שסטוביץ בעמ,,,יח,20,"ל 100 מ""ל",false,1,22.90,1.15,true,1,
7290000692456,false,אג קס חלונות+רפי,ש.שסטוביץ בעמ,,,יח,15,"ל 100 מ""ל",false,1,24.90,1.66,false,1,
7290000803067,false,מ.ש.אלמקס לילדים,ש.שסטוביץ בעמ,,,יח,0.75,ל 100 גרם,false,1,16.90,22.53,true,1,
7290000961804,false,דלעת,"בכורי השדה צפון1994 ג.ד. בע""מ",,,"לק""ג",10,ל 100 גרם,true,1,12.90,1.29,false,1,
7290000995410,false,נבטים סינים,"בכורי השדה צפון1994 ג.ד. בע""מ",,,יח,1,,false,1,5.90,5.90,false,1,
7290001041147,false,"חומוס גדול 1 ק""ג מיה ק",מיה תעשיות מזון מ.ת.מ בעמ,,,יח,10,ל 100 גרם,false,1,10.90,1.09,false,1,
7290001041161,false,"שעועית לבנה 1 ק""ג מיה ק",מיה תעשיות מזון מ.ת.מ בעמ,,,יח,10,ל 100 גרם,false,1,9.90,0.99,false,1,
7290001041185,false,"פופקורן 1 ק""ג מיה",מיה תעשיות מזון מ.ת.מ בעמ,,,יח,10,ל 100 גרם,false,1,8.90,0.89,false,1,
7290001041192,false,"עדשים אדום 1ק""ג מיה",מיה תעשיות מזון מ.ת.מ בעמ,,,יח,10,ל 100 גרם,false,1,9.90,0.99,false,1,
7290001041208,false,"עדשים ירוק 1ק""ג מיה",מיה תעשיות מזון מ.ת.מ בעמ,,,יח,10,ל 100 גרם,false,1,9.90,0.99,false,1,
7290001041215,false,"חיטה 1ק""ג מיה",מיה תעשיות מזון מ.ת.מ בעמ,,,יח,10,ל 100 גרם,false,1,5.90,0.59,false,1,
7290001041260,false,שומשום 400 גר מיה ג.,מיה תעשיות מזון מ.ת.מ בעמ,,,יח,4,ל 100 גרם,false,1,9.90,2.48,true,1,
7290001041291,false,לקקן 70 יח` מיה ק.,מיה תעשיות מזון מ.ת.מ בעמ,,,יח,7.70,ל 100 גרם,false,1,19.90,2.58,true,1,
7290001121672,false,פסטרמה מעודנת בפפריקה,מעדני יחיעם (1993) בעמ,,,יח,0.30,ל 100 גרם,false,1,19.90,66.33,false,1,
7290001136287,false,שמפו נקה 750 רגיל,החברה הדרומית לשיווק בעמ,,,יח,7.50,"ל 100 מ""ל",false,1,10.90,1.45,false,1,
7290001136294,false,שמפו נקה 750 צבוע/יבש,החברה הדרומית לשיווק בעמ,,,יח,7.50,"ל 100 מ""ל",false,1,10.90,1.45,false,1,
7290001136300,false,שמפו נקה 750 לסירוק קל,החברה הדרומית לשיווק בעמ,,,יח,7.50,"ל 100 מ""ל",false,1,10.90,1.45,false,1,
7290001201510,false,ביצים 30 M בינוני,מ.לסר חברה לשיווק ביצים,,,יח,30,יח,false,1,27.80,0.93,false,1,
7290001201589,false,ביצים 12 L גדול,מ.לסר חברה לשיווק ביצים,,,יח,12,יח,false,1,12,1,false,1,
7290001201596,false,ביצים 12 M בינוני,מ.לסר חברה לשיווק ביצים,,,יח,12,יח,false,1,11.15,0.93,false,1,
7290001216040,false,טחינה 500ג אל ארז*,סוגת תעשיות בעמ,,,יח,5,ל 100 גרם,false,1,16.90,3.38,false,1,
7290001247068,false,נקטר ספרינג תות,יפאורה שותפות מוגבלת לשיווק,,,יח,10,"ל 100 מ""ל",false,1,7,0.70,true,1,
7290001247082,false,נקטר עגבניות 1ליטר,יפאורה שותפות מוגבלת לשיווק,,,יח,10,"ל 100 מ""ל",false,1,7,0.70,true,1,
7290001247099,false,נקטר ספרינג מנגו,יפאורה שותפות מוגבלת לשיווק,,,יח,10,ל 100 גרם,false,1,7,0.70,true,1,
7290001247105,false,נקטר ספרינג אפרסק,יפאורה שותפות מוגבלת לשיווק,,,יח,10,"ל 100 מ""ל",false,1,7,0.70,true,1,
7290001247112,false,נקטר ספרינג לימון,יפאורה שותפות מוגבלת לשיווק,,,יח,10,"ל 100 מ""ל",false,1,7,0.70,true,1,
7290001247129,false,נקטר ספרינג תפוז,יפאורה שותפות מוגבלת לשיווק,,,יח,10,"ל 100 מ""ל",false,1,7,0.70,true,1,
7290001247143,false,נקטר ספרינג תפוחים,יפאורה שותפות מוגבלת לשיווק,,,יח,10,"ל 100 מ""ל",false,1,7,0.70,true,1,
7290001247754,false,R.C פחית,יפאורה שותפות מוגבלת לשיווק,,,יח,3.30,"ל 100 מ""ל",false,1,3.90,1.09,true,1,
7290001265642,false,מולטיפק לה קט 3יח,דיפלומט מפיצים {1968}בעמ,,,יח,10,ל 100 גרם,false,1,19.90,1.99,false,1,
7290001305058,false,פלמוליב ס. נוזלי חלב ודבש,ש.שסטוביץ בעמ,,,יח,5,"ל 100 מ""ל",false,1,16.90,3.38,false,1,
7290001305188,false,פלמוליב ספרינג סנסיישן,ש.שסטוביץ בעמ,,,יח,7.50,"ל 100 מ""ל",false,1,11.90,1.59,true,1,
7290001327180,false,קרמיסימו וניל צ יפ,"גלידת שטראוס בע""מ",,,יח,1.33,לליטר,false,1,18.90,14.21,false,1,
7290001335574,false,בשר ראש חלק,נתח אדום עוזי ביטון ובניו בעמ,,,"לק""ג",10,ל 100 גרם,true,1,74.90,7.49,false,1,
7290001335680,false,"שומן כבש 200 גר`בד,ץ",נתח אדום עוזי ביטון ובניו בעמ,,,יח,2,ל 100 גרם,false,1,22.90,11.45,false,1,
7290001407127,false,פרוסות חלבה קלאסית וניל,קבוצת אוסם סחר שותפות מוגבלת,,,יח,4,ל 100 גרם,false,1,14.90,3.73,false,1,
7290001407936,false,טחינה בארכה מעודנת,קבוצת אוסם סחר שותפות מוגבלת,,,יח,3.10,"ל 100 ס""מ",false,1,11.90,3.84,false,1,
7290001415214,false,עוגת סבתא שוקולד,ג`נרל מילס ישראל בעמ,,,יח,1,,false,1,26.90,26.90,false,1,
7290001468272,false,פלסטר צבעוני,נאמן לאורך זמן בעמ,,,יח,1,,false,1,6.90,6.90,false,1,
7290001468890,false,?אלכוהול 70%,נאמן לאורך זמן בעמ,,,יח,10,ל 100 גרם,false,1,3.90,0.39,false,1,
7290001482094,false,פרמז`נו 200 גר`,ג.וילי פוד בעמ,,,יח,2,ל 100 גרם,false,1,23.90,11.95,false,1,
7290001482384,false,אננס חתוך 227ג ויליפוד,ג.וילי פוד בעמ,,,יח,2.27,ל 100 גרם,false,1,3.90,1.72,false,1,
7290001491096,false,תה ירוק לימונות 50 שקיקים,תה ויסוצקי (ישראל)בעמ,,,יח,0.75,יח,false,1,39.90,53.20,false,1,
7290001567555,false,פסטרמה מעודנת על גחלים יחיעם,מעדני יחיעם (1993) בעמ,,,יח,3,ל 100 גרם,false,1,19.90,6.63,true,1,
7290001567708,false,"נקנקיות וינר 400 גר`ללא ח""מ",מעדני יחיעם (1993) בעמ,,,יח,4,ל 100 גרם,false,1,11.90,2.98,false,1,
7290001567760,false,פסטרמה של פעם 300 גר`,מעדני יחיעם (1993) בעמ,,,יח,3,ל 100 גרם,false,1,24.90,8.30,false,1,
7290001567807,false,כתף בקר מעושן 250 גר`,מעדני יחיעם (1993) בעמ,,,יח,2.50,ל 100 גרם,false,1,26.90,10.76,true,1,
7290001567814,false,סלמי מעושן בסגנון איטלקי 300 גר`,מעדני יחיעם (1993) בעמ,,,יח,3,ל 100 גרם,false,1,20.90,6.97,false,1,
7290001567937,false,איטלקי מפולפל יחיעם 200 גר`,מעדני יחיעם (1993) בעמ,,,יח,2,ל 100 גרם,false,1,12.90,6.45,false,1,
7290001594025,false,קוקה קולה קלאסי 330,החברה המרכזית להפצת משקאות בע,,,יח,3.50,"ל 100 מ""ל",false,1,6.90,1.89,false,1,
7290001594520,false,טורבוג בק 330,החברה המרכזית להפצת משקאות בע,,,יח,3.30,"ל 100 מ""ל",false,1,7,2.03,false,1,
7290001594568,false,"קלסברג פחית 500 מ""ל",החברה המרכזית להפצת משקאות בע,,,יח,5,"ל 100 מ""ל",false,1,8.90,1.72,false,1,
7290001594575,false,טורבוג פח 500 ק,החברה המרכזית להפצת משקאות בע,,,יח,5,"ל 100 מ""ל",false,1,8.90,1.72,true,1,
7290001817728,false,צ יטוס כאפה 55 גר,שטראוס פריטו ליי בעמ,,,יח,0.55,ל 100 גרם,false,1,3.50,6.36,false,1,
7290001865439,false,אל סבון +1 משאבה,"דנשר (1963) בע,מ",,,יח,10,לליטר,false,1,10.90,1.09,true,1,
7290001865453,false,אל סבון 1 ג נטל,"דנשר (1963) בע,מ",,,יח,1,לליטר,false,1,10.90,10.90,true,1,
7290001990094,false,Classic brown sugar jar - Sugat,סוגת תעשיות בעמ,,,יח,10,ל 100 גרם,false,1,14.50,1.45,false,1,
7290001990117,false,Sesame 100g lying - Sugat,סוגת תעשיות בעמ,,,יח,1,ל 100 גרם,false,1,3.50,3.50,true,1,
7290001990278,false,1kg white beans - Sugat,סוגת תעשיות בעמ,,,יח,10,ל 100 גרם,false,1,18.90,1.89,true,1,
7290001990377,false,Shaoiat Bobes 500 g - Sugat,סוגת תעשיות בעמ,,,יח,5,ל 100 גרם,false,1,11.90,2.38,true,1,
7290001990391,false,Peas 1 kg - Sugat,סוגת תעשיות בעמ,,,יח,10,ל 100 גרם,false,1,11.90,1.19,true,1,
7290001990407,false,Green lentils 1 kg - Sugat,סוגת תעשיות בעמ,,,יח,10,ל 100 גרם,false,1,13.90,1.39,true,1,
7290001990421,false,Pop Corn 1kg - Sugat,סוגת תעשיות בעמ,,,יח,10,ל 100 גרם,false,1,11.90,1.19,true,1,
7290002000136,false,מגע משי הדבש למיקרו,"דנשר (1963) בע,מ",,,יח,5,ל 100 גרם,false,1,17.90,3.58,false,1,
7290002003168,false,שלישית פנג ל קלאסיק,"דנשר (1963) בע,מ",,,יח,3,"ל 100 מ""ל",false,1,14.90,4.97,true,1,
7290002015093,false,Cucumbers in vinegar 13-17 a2,קבוצת יבנה מוצרי מזון,,,יח,5.60,ל 100 גרם,false,1,7.90,1.41,false,1,
7290002015116,false,Cucumbers in vinegar 7-9 a2,קבוצת יבנה מוצרי מזון,,,יח,5.60,ל 100 גרם,false,1,5.90,1.05,false,1,
7290002015123,false,Cucumbers in vinegar 10-12 a2,קבוצת יבנה מוצרי מזון,,,יח,5.60,ל 100 גרם,false,1,7.50,1.34,false,1,
7290002015147,false,Cucumbers in vinegar 18-25 a2,קבוצת יבנה מוצרי מזון,,,יח,5.60,ל 100 גרם,false,1,8.90,1.59,false,1,
7290002015161,false,Cucumbers in brine 10-12 a2,קבוצת יבנה מוצרי מזון,,,יח,5.60,ל 100 גרם,false,1,7.50,1.34,false,1,
7290002015192,false,Cucumbers in brine 18-25 a2,קבוצת יבנה מוצרי מזון,,,יח,5.60,ל 100 גרם,false,1,8.90,1.59,false,1,
7290002015208,false,Cucumbers in brine 13-17 a2,קבוצת יבנה מוצרי מזון,,,יח,5.60,ל 100 גרם,false,1,7.90,1.41,false,1,
7290002015376,false,Natural black olives 15-17 a2,קבוצת יבנה מוצרי מזון,,,יח,5.60,ל 100 גרם,false,1,7.40,1.32,false,1,
7290002015420,false,Green pitted olives 15-17 a2,קבוצת יבנה מוצרי מזון,,,יח,5.60,ל 100 גרם,false,1,6.90,1.23,false,1,
7290002015437,false,Green olives novo a2,קבוצת יבנה מוצרי מזון,,,יח,5.60,ל 100 גרם,false,1,6.90,1.23,false,1,
7290002015444,false,Green pitted olives 15-17 a5,קבוצת יבנה מוצרי מזון,,,יח,1.25,"לק""ג",false,1,15.90,12.72,false,1,
7290002015666,false,Hot peppers a2,קבוצת יבנה מוצרי מזון,,,יח,5.40,ל 100 גרם,false,1,5.90,1.09,false,1,
7290002019114,false,רסק עגבניות A2 28% פריניר ה. מכירה*,פריניר (הדס )1987בעמ,,,יח,5.80,ל 100 גרם,false,1,6.90,1.19,false,1,
7290002019183,false,"עגבניות מקולפות 800ג בד""ץ פריניר*",פריניר (הדס )1987בעמ,,,יח,8,ל 100 גרם,false,1,6.90,0.86,false,1,
7290002019763,false,עגבניות מרוסקות 800ג פריניר ה.מכירה *,פריניר (הדס )1987בעמ,,,יח,8,ל 100 גרם,false,1,6.90,0.86,true,1,
7290002019787,false,"רסק עגבניות 260ג בד""ץ פריניר*",פריניר (הדס )1987בעמ,,,יח,2.60,ל 100 גרם,false,1,3.50,1.35,false,1,
7290002019794,false,רסק עגבניות פלסטיק 100ג פריניר*,פריניר (הדס )1987בעמ,,,יח,1,ל 100 גרם,false,1,1.90,1.90,true,1,
7290002022152,false,מושי מרשמלו 100ג,כרמית תעשיות ממתקים בעמ,,,יח,1,ל 100 גרם,false,1,3.60,3.60,true,1,
7290002043218,false,צ`יפס אורז חום מלא מלח,א.ל ייצור ושיווק תבלינים בעמ,,,יח,6,ל 100 גרם,false,1,5.90,0.98,true,1,
7290002043782,false,צ`יפס אורז חום מלא טקסס ברבקיו,א.ל ייצור ושיווק תבלינים בעמ,,,יח,6,ל 100 גרם,false,1,5.90,0.98,true,1,
7290002057017,false,נובו ענק A-2 יבנה,קבוצת יבנה מוצרי מזון,,,יח,5.40,ל 100 גרם,false,1,8.90,1.65,false,1,
7290002057048,false,סורי מבוקע A-2 יבנה,קבוצת יבנה מוצרי מזון,,,יח,5.60,ל 100 גרם,false,1,10.90,1.95,false,1,
7290002057161,false,מרינד שחור יין גדול A2 יבנה,קבוצת יבנה מוצרי מזון,,,יח,5.40,ל 100 גרם,false,1,9.90,1.83,false,1,
7290002057185,false,טבעות זיתים A-2,קבוצת יבנה מוצרי מזון,,,יח,5.60,ל 100 גרם,false,1,8.90,1.59,false,1,
7290002057352,false,מלפ מלח 7/9,קבוצת יבנה מוצרי מזון,,,יח,6,ל 100 גרם,false,1,6.50,1.08,false,1,
7290002057369,false,מלפ מלח 10/12 יבנה,קבוצת יבנה מוצרי מזון,,,יח,6,ל 100 גרם,false,1,7.90,1.32,false,1,
7290002057376,false,מלפפון מלח 13/17 יבנה 540 גרם,קבוצת יבנה מוצרי מזון,,,יח,5.40,ל 100 גרם,false,1,9.90,1.83,true,1,
7290002057383,false,מלפ מלח 18/25 יבנה 540 גרם,קבוצת יבנה מוצרי מזון,,,יח,5.40,ל 100 גרם,false,1,12.90,2.39,true,1,
7290002057451,false,מלפ חומץ -27/9-,קבוצת יבנה מוצרי מזון,,,יח,6,ל 100 גרם,false,1,6.50,1.08,false,1,
7290002057475,false,מלפפון חומץ 13/17 יבנה 540 גרם,קבוצת יבנה מוצרי מזון,,,יח,5.40,ל 100 גרם,false,1,9.90,1.83,true,1,
7290002057482,false,מלפ חומץ 18/25 יבנה 540 גרם,קבוצת יבנה מוצרי מזון,,,יח,5.40,ל 100 גרם,false,1,12.90,2.39,true,1,
7290002057604,false,שיפקה A-2 יבנה,קבוצת יבנה מוצרי מזון,,,יח,5.40,ל 100 גרם,false,1,5.90,1.09,false,1,
7290002057628,false,טבעות זיתים שחור,קבוצת יבנה מוצרי מזון,,,יח,5.40,ל 100 גרם,false,1,9.90,1.83,false,1,
7290002057871,false,חרוזית צנצנת,קבוצת יבנה מוצרי מזון,,,יח,5.60,ל 100 גרם,false,1,8.90,1.59,false,1,
7290002107071,false,בולגרית עיזים מעודנת 200,החברה המרכזית טלהפצת משקאות בע,,,יח,2,ל 100 גרם,false,1,25.90,12.95,false,1,
7290002107385,false,מאגדת גליל גבינת עז,החברה המרכזית טלהפצת משקאות בע,,,יח,1.80,ל 100 גרם,false,1,25.90,14.39,true,1,
7290002111085,false,"רסק עגב 100 ג בד""צ",זנלכל בעמ,,,יח,4,ל 100 גרם,false,1,2.50,0.63,true,1,
7290002111337,false,"רסק עגבניות פל""260ג בדץ",זנלכל בעמ,,,יח,2.60,ל 100 גרם,false,1,3.90,1.50,true,1,
7290002128779,false,נייר טישו חמישייה מנורה*,מנורה אור חדש בעמ,,,יח,5,יח,false,1,8.90,1.78,false,1,
7290002128946,false,7day memorial candle,מנורה אור חדש בעמ,,,יח,1,יח,false,1,4.50,4.50,false,1,
7290002130567,false,דבש טהור יד מרדכי 350ג עלית ק,שטראוס גרופ בעמ,,,יח,3.50,ל 100 גרם,false,1,16.90,4.83,false,1,
7290002130581,false,"דבש טבעי יד מרדכי 1 ק""ג עלית",שטראוס גרופ בעמ,,,יח,10,ל 100 גרם,false,1,42.90,4.29,true,1,
7290002132011,false,עוגיות מזרחיות עבאדי,תה ויסוצקי (ישראל)בעמ,,,יח,4,ל 100 גרם,false,1,17.90,4.48,false,1,
7290002153061,false,קמח מצה חמץ הלפרין 500 ג*,אם החיטה בעמ,,,יח,5,ל 100 גרם,false,1,6.50,1.30,false,1,
7290002153801,false,אובלטים שומשום 300 ג *,אם החיטה בעמ,,,יח,3,ל 100 גרם,false,1,7.90,2.63,false,1,
7290002157953,false,טונה קנולה מארז 4 יח`,נטו מילנדה סחר בעמ*,,,יח,5.60,ל 100 גרם,false,1,19.90,3.55,false,1,
7290002157960,false,טונה במים מארז 4 יח`,נטו מילנדה סחר בעמ*,,,יח,5.60,ל 100 גרם,false,1,19.90,3.55,false,1,
7290002239338,false,800 Green hours expired - Pry Galilee,ויטה-פרי גליל (החדשה) בעמ,,,יח,8,ל 100 גרם,false,1,9.90,1.24,false,1,
7290002253150,false,בזיליקום טרי קצוץ דורות,קבוצת אוסם סחר שותפות מוגבלת,,,יח,0.70,ל 100 גרם,false,1,10.90,15.57,false,1,
7290002253235,false,דורות רוטב פסטו דורות,קבוצת אוסם סחר שותפות מוגבלת,,,יח,1.60,ל 100 גרם,false,1,13.90,8.69,false,1,
7290002278429,false,צמר פלדה 100ג *,פלסטו פוליש (ברקן)בעמ,,,יח,1,ל 100 גרם,false,1,2.90,2.90,false,1,
7290002281429,false,סטייק טונה אדומה דלידג,נטו מילנדה סחר בעמ*,,,"לק""ג",10,ל 100 גרם,true,1,64.90,6.49,false,1,
7290002281474,false,מארז 5 פיצות לנדא,נטו מילנדה סחר בעמ*,,,יח,20,ל 100 גרם,false,1,52.90,2.65,false,1,
7290002281498,false,צהובה מגורדת ריץ 500 גר`,נטו מילנדה סחר בעמ*,,,יח,5,ל 100 גרם,false,1,24.90,4.98,false,1,
7290002319016,false,"אבקת אפיה 10* בד""צ מיה",מיה תעשיות מזון מ.ת.מ בעמ,,,ל 100 גרם,10,ל 100 גרם,false,1,1.90,0.19,false,1,
7290002319023,false,"סוכר וניל*10 בד""צ מיה",מיה תעשיות מזון מ.ת.מ בעמ,,,יח,1,ל 100 גרם,false,1,1.90,1.90,false,1,
7290002319061,false,קוקוס 100 ג מיה,מיה תעשיות מזון מ.ת.מ בעמ,,,יח,1,ל 100 גרם,false,1,3.90,3.90,true,1,
7290002319078,false,שומשום 100 ג מיה,מיה תעשיות מזון מ.ת.מ בעמ,,,יח,1,ל 100 גרם,false,1,2.90,2.90,false,1,
7290002319092,false,"קמח תפוח אדמה 500ג בד""ץ מיה*",מיה תעשיות מזון מ.ת.מ בעמ,,,יח,5,ל 100 גרם,false,1,4.90,0.98,false,1,
7290002319115,false,חומוס 500 ג גדול מיה ק,מיה תעשיות מזון מ.ת.מ בעמ,,,יח,5,ל 100 גרם,false,1,6.60,1.32,false,1,
7290002319139,false,שעועית לבנה 500 ג מיה ק,מיה תעשיות מזון מ.ת.מ בעמ,,,יח,5,ל 100 גרם,false,1,8.90,1.78,true,1,
7290002319160,false,אפונה 500 ג מיה,מיה תעשיות מזון מ.ת.מ בעמ,,,יח,5,ל 100 גרם,false,1,6.50,1.30,true,1,
7290002319177,false,פופקורן 500 ג מיה ק.,מיה תעשיות מזון מ.ת.מ בעמ,,,יח,5,ל 100 גרם,false,1,4.90,0.98,false,1,
7290002319184,false,עדשים אדום 500ג מיה,מיה תעשיות מזון מ.ת.מ בעמ,,,יח,5,ל 100 גרם,false,1,7.90,1.58,true,1,
7290002319191,false,עדשים ירוקים 500 מיה,מיה תעשיות מזון מ.ת.מ בעמ,,,יח,5,ל 100 גרם,false,1,7,1.40,true,1,
7290002319221,false,חיטה 500 ג מיה,מיה תעשיות מזון מ.ת.מ בעמ,,,יח,5,ל 100 גרם,false,1,4.90,0.98,true,1,
7290002319375,false,"קורנפלור 250 בד""צ מיה",מיה תעשיות מזון מ.ת.מ בעמ,,,יח,2,ל 100 גרם,false,1,4,2,false,1,
7290002319771,false,תמצית אפיה וניל מיה,מיה תעשיות מזון מ.ת.מ בעמ,,,יח,0.50,"ל 100 מ""ל",false,1,3,6,false,1,
7290002319788,false,תמצית רום מיה,מיה תעשיות מזון מ.ת.מ בעמ,,,יח,0.60,"ל 100 מ""ל",false,1,3,5,false,1,
7290002319825,false,"אבקת סוכר 100 ג`בד""ץ מיה",מיה תעשיות מזון מ.ת.מ בעמ,,,יח,1,ל 100 גרם,false,1,1.90,1.90,false,1,
7290002321613,false,דג פילה בס\KCRE,מאסטרפוד בעמ,,,"לק""ג",1,,true,1,44.90,44.90,false,1,
7290002331421,false,שישית נביעות 755,החברה המרכזית להפצת משקאות בע,,,יח,4.53,לליטר,false,1,16.90,3.33,false,1,
7290002331476,false,"נביעות בייבי 320 מ""ל",החברה המרכזית להפצת משקאות בע,,,יח,3.20,"ל 100 מ""ל",false,1,3.50,1,false,1,
7290002331483,false,"נביעות בייבי 320 מ""ל",החברה המרכזית להפצת משקאות בע,,,יח,32,"ל 100 מ""ל",false,1,14.90,0.41,false,1,
7290002331490,false,נביעות 1 ליטר,החברה המרכזית להפצת משקאות בע,,,יח,10,"ל 100 מ""ל",false,1,3.30,0.30,true,1,
7290002345015,false,סינטה דקדק אל גאוצ`ו 250 דגרם,נטו מילנדה סחר בעמ*,,,יח,2.50,ל 100 גרם,false,1,17.90,7.16,true,1,
7290002345022,false,אנטריקוט דקדק אל גאצו 250 גר`,נטו מילנדה סחר בעמ*,,,יח,2.50,ל 100 גרם,false,1,15.90,6.36,true,1,
7290002348160,false,תירס גמדי 400ג נטו,נטו מילנדה סחר בעמ*,,,יח,4,ל 100 גרם,false,1,7.90,1.98,false,1,
7290002360155,false,תה חליטת פרחי שומר,ש.שסטוביץ בעמ,,,יח,0.40,ל 100 גרם,false,1,15.90,39.75,true,1,
7290002371533,false,סלסולי פסטרמה דבש,תנובה ענף ב.ע.ד,,,יח,1.20,ל 100 גרם,false,1,13.90,11.58,false,1,
7290002404811,false,"תירוש ענבים 750 מ""ל כשרות משולבת ארזה*",יקבי ארזה ת.ר.ז. בעמ,,,יח,7.50,"ל 100 מ""ל",false,1,11.90,1.55,false,1,
7290002404828,false,תירוש ענבים 1 ליטר כשרות משולבת ארזה*,יקבי ארזה ת.ר.ז. בעמ,,,יח,10,"ל 100 מ""ל",false,1,13.90,1.36,true,1,
7290002515364,false,קמיל בלו משבה דר,"פישר תעשיות פרמצביטות בע""מ",,,יח,5,"ל 100 מ""ל",false,1,16.90,3.38,false,1,
7290002538158,false,גלידה חמה 15 יח`,"גלידות קולורדו בע""מ",,,יח,15,יח,false,1,19.90,1.33,false,1,
7290002538875,false,קרמבו 20 יח`וניל ארטיק,"גלידות קולורדו בע""מ",,,יח,20,יח,false,1,19.90,1,false,1,
7290002542506,false,"בירה קרונה 355 מ""ל בודד",תימקו בירה בעמ,,,יח,3.55,לליטר,false,1,7.20,1.94,false,1,
7290002542780,false,שישית סטלה ארטואה 330,תימקו בירה בעמ,,,יח,1.98,"ל 100 מ""ל",false,1,36.90,17.73,false,1,
7290002542797,false,"לף בלונד בק`330 מ""ל",תימקו בירה בעמ,,,יח,3.30,"ל 100 מ""ל",false,1,9.90,2.91,false,1,
7290002542841,false,לף בלונד שישיה 330,תימקו בירה בעמ,,,יח,1.98,"ל 100 מ""ל",false,1,54.90,26.82,false,1,
7290002543237,false,קורנפלקס 750 גר קלוגס,דיפלומט מפיצים {1968}בעמ,,,יח,7.50,ל 100 גרם,false,1,14.90,1.99,false,1,
7290002581079,false,תן צ`אפ 60 גר מיה,מיה תעשיות מזון מ.ת.מ בעמ,,,יח,0.60,ל 100 גרם,false,1,3.80,6.33,false,1,
7290002603634,false,פיצה משולש גבינה,נטו מילנדה סחר בעמ*,,,יח,0.80,ל 100 גרם,false,1,2.80,3.50,true,1,
7290002628170,false,בשר מס 5,בלדי בעמ,,,"לק""ג",1,,true,1,64.90,64.90,false,1,
7290002692393,false,שמן קנולה בתוספת ויטמין E 1 ליטר*,סוגת תעשיות בעמ,,,יח,1,לליטר,false,1,14.90,14.90,false,1,
7290002730262,false,פלמוליב נוזל כלים,ש.שסטוביץ בעמ,,,יח,7.50,"ל 100 מ""ל",false,1,11.90,1.59,true,1,
7290002730811,false,קולגיט ג ל משפחת,ש.שסטוביץ בעמ,,,יח,1,ל 100 גרם,false,1,11.90,11.90,false,1,
7290002730958,false,סבון פלמוליב מוצק רבעייה,ש.שסטוביץ בעמ,,,יח,4,ל 100 גרם,false,1,16.90,4.23,true,1,
7290002752332,false,מנטוס גלילים,ליימן שליסל בעמ,,,יח,0.3750,ל 100 גרם,false,1,2.90,7.73,false,1,
7290002752349,false,מנטה מנטוס,ליימן שליסל בעמ,,,יח,0.3750,ל 100 גרם,false,1,2.90,7.73,false,1,
7290002752493,false,טיק טק 1/4 מנטה,פרימיום חברה לדברי מ.,,,יח,2.50,ל 100 גרם,false,1,9.90,3.96,true,1,
7290002753223,false,טיק טק תפוז 4,פרימיום חברה לדברי מ.,,,יח,2.50,ל 100 גרם,false,1,9.90,3.96,true,1,
7290002757535,false,בורקס אצבעות גבינה פילו 700 גרם שלושת,נטו מילנדה סחר בעמ*,,,יח,7,ל 100 גרם,false,1,19.90,2.84,true,1,
7290002768043,false,תיאדנט ענק ירוק אגיס,החברה הדרומית לשיווק בעמ,,,יח,1.50,"ל 100 מ""ל",false,1,14.90,9.93,false,1,
7290002780571,false,Cucumbers in brine 15-20 a5,קבוצת יבנה מוצרי מזון,,,יח,1.25,"לק""ג",false,1,11.90,9.52,false,1,
7290002780601,false,Cucumbers in vinegar 15-20 a5,קבוצת יבנה מוצרי מזון,,,יח,1.25,"לק""ג",false,1,11.90,9.52,false,1,
7290002780649,false,Green olives rings 15-17 a2,קבוצת יבנה מוצרי מזון,,,יח,5.60,ל 100 גרם,false,1,7.40,1.32,false,1,
7290002780656,false,black olive rings 15-17 a2,קבוצת יבנה מוצרי מזון,,,יח,5.60,ל 100 גרם,false,1,7.40,1.32,false,1,
7290002781691,false,ממרח שוקולד 400ג מיטב *,מיטב (ג.ש) תעשיות מזון שותפות,,,יח,4,ל 100 גרם,false,1,5.50,1.38,false,1,
7290002781905,false,ריבה מעורבת 800ג מיטב*,מיטב (ג.ש) תעשיות מזון שותפות,,,יח,8.80,ל 100 גרם,false,1,8.90,1.01,false,1,
7290002782742,false,דאו פנינה חדש 2,פנינה רוזנבלום בעמ,,,יח,1.50,"ל 100 מ""ל",false,1,18.90,12.60,true,1,
7290002782759,false,קרם גוף פנינה,פנינה רוזנבלום בעמ,,,יח,3.40,"ל 100 מ""ל",false,1,24.90,7.32,true,1,
7290002793311,false,בלון גז גדול 60,א.א צ יקו שיווק והפצה,,,יח,1,,false,1,95,95,false,1,
7290002805151,false,CIF FLOOR 4L- ORCHID 2010 6X4KG,"יוניליוור ישראלשיווק בע""מ",,,יח,4,לליטר,false,1,18.50,4.63,false,1,
7290002814016,false,מסיר שומנים מתז מוריץ*ק,קומפלקס בעמ,,,יח,7.50,"ל 100 מ""ל",false,1,12.90,1.72,false,1,
7290002814290,false,קצף מרוכז blanco לימון 1 ליטר מוריץ*,קומפלקס בעמ,,,יח,6,"לק""ג",false,1,7.90,1.32,false,1,
7290002814603,false,מסיר שומנים מבושם לימון מתז מוריץ*,קומפלקס בעמ,,,יח,1.50,לליטר,false,1,12.90,8.60,false,1,
7290002814931,false,שמפו רצפות פרחים 4 ליטר מוריץ*,קומפלקס בעמ,,,יח,40,"ל 100 מ""ל",false,5,12.90,0.32,false,1,
7290002824183,false,גבינה לבנה 5%-500 גרם,שטראוס גרופ בעמ (ח),,,יח,5,ל 100 גרם,false,1,9.90,1.98,false,1,
7290002824466,false,יוגורט לבן 0%,שטראוס גרופ בעמ (ח),,,יח,2,"ל 100 מ""ל",false,1,3.50,1.75,false,1,
7290002824640,false,גבינה סקי 250 גרם%{-5 פ},שטראוס גרופ בעמ (ח),,,יח,2.50,ל 100 גרם,false,1,4.98,1.99,false,1,
7290002825722,false,כרוב אדום575 גר`,שטראוס גרופ בעמ (ח),,,יח,6.25,ל 100 גרם,false,1,13.90,2.22,true,1,
7290002868996,false,קוטג ביו 5% 250 גרם טרה,החברה המרכזית טלהפצת משקאות בע,,,יח,2.50,ל 100 גרם,false,1,6.60,2.64,true,1,
7290002871248,false,טובורג 500 חוזר,החברה המרכזית להפצת משקאות בע,,,יח,5,"ל 100 מ""ל",false,1,7.80,1.32,false,1,
7290002900566,false,פסט ברבקיו דלת שומן 360,תנובה ענף ב.ע.ד,,,יח,3.60,ל 100 גרם,false,1,26.90,7.47,false,1,
7290002909248,false,שריר הזרוע מס`8,בלדי בעמ,,,"לק""ג",10,"לק""ג",true,1,39.90,3.99,false,1,
7290002929635,false,טונה ולגיר140ג בשמן,נטו מילנדה סחר בעמ*,,,יח,1.40,ל 100 גרם,false,1,4.90,3.50,false,1,
7290002939078,false,נגיסי עוף עטרה,נטו מלינדה סחר בעמ,,,יח,6,ל 100 גרם,false,1,16.90,2.82,false,1,
7290002971955,false,"קמח 650 כחול ללא צורך בניפוי 1 ק""ג*",טחנות קמח שטיבל בש בעמ,,,יח,10,ל 100 גרם,false,1,7.90,0.79,false,1,
7290002971962,false,"קמח 100% מלא ללא צורך בניפוי 1 ק""ג*",טחנות קמח שטיבל בש בעמ,,,יח,1,"לק""ג",false,1,6.90,6.90,false,1,
7290002971993,false,"קמח כוסמין מלא ללא צורך בניפוי 1 ק""ג*",טחנות קמח שטיבל בש בעמ,,,יח,10,ל 100 גרם,false,1,13.90,1.39,false,1,
7290002972006,false,"קמח 405 תכלת ללא צורך בניפוי 1 ק""ג*",טחנות קמח שטיבל בש בעמ,,,יח,0,יח,false,1,7.90,7.90,false,1,
7290002972365,false,"קמח תופח ללא צורך בניפוי 1 ק""ג*",טחנות קמח שטיבל בש בעמ,,,יח,0,יח,false,1,7.90,7.90,false,1,
7290002972426,false,"קמח 80% מלא ללא צורך בניפוי 1 ק""ג*",טחנות קמח שטיבל בש בעמ,,,יח,10,ל 100 גרם,false,1,7.90,0.79,false,1,
7290002973812,false,"קמח כוסמין 80% ללא צורך בניפוי 1 ק""ג*",טחנות קמח שטיבל בש בעמ,,,יח,1,,false,1,14.90,14.90,false,1,
7290002973829,false,"קמח כוסמין לבן ללא צורך בניפוי 1 ק""ג*",טחנות קמח שטיבל בש בעמ,,,יח,10,ל 100 גרם,false,1,13.90,1.39,false,1,
7290002974239,false,"קמח עוגות ללא צ.בניפוי שטיבל 1 ק""ג*",טחנות קמח שטיבל בש בעמ,,,יח,1,,false,1,6.90,6.90,false,1,
7290002987963,false,"חומוס אחלה 1 ק""ג ק.",שטראוס גרופ בעמ (ח),,,יח,1,"לק""ג",false,1,13.90,13.90,false,1,
7290003009312,false,בוטן קלוי 200,ליימן שליסל בעמ,,,יח,2,ל 100 גרם,false,1,6.90,3.45,false,1,
7290003009329,false,בוטן אמרקאי 200,ליימן שליסל בעמ,,,יח,2,ל 100 גרם,false,1,5.90,2.95,true,1,
7290003009336,false,קבוקים 200,ליימן שליסל בעמ,,,יח,2,ל 100 גרם,false,1,5.90,2.95,true,1,
7290003009640,false,סחוט תפוזים 1,החברה המרכזית טלהפצת משקאות בע,,,יח,1,לליטר,false,1,17.90,17.90,true,1,
7290003015634,false,ריצפז פרש פסיפלורה,החברה הדרומית לשיווק בעמ,,,יח,20,"ל 100 מ""ל",false,1,17.90,0.90,false,1,
7290003023196,false,"מוקה יטבתה בשקית 225 מ""ל",שטראוס גרופ בעמ (ח),,,יח,2.25,"ל 100 מ""ל",false,1,2.90,1.29,false,1,
7290003026029,false,קמיל פלוס ש.א.דמ,"פישר תעשיות פרמצביטות בע""מ",,,יח,5,"ל 100 מ""ל",false,1,17.90,3.58,false,1,
7290003026036,false,אל סבון קמיל,"פישר תעשיות פרמצביטות בע""מ",,,יח,10,"ל 100 מ""ל",false,1,29.90,2.99,true,1,
7290003026227,false,קמיל פלוס 1 ליטר,"פישר תעשיות פרמצביטות בע""מ",,,יח,10,"ל 100 מ""ל",false,1,29.90,2.99,true,1,
7290003026234,false,תחליב גוף קמיל פ,"פישר תעשיות פרמצביטות בע""מ",,,יח,5,"ל 100 מ""ל",false,1,29.90,5.98,true,1,
7290003026319,false,קמיל פלוס משחה ל,"פישר תעשיות פרמצביטות בע""מ",,,יח,1,ל 100 גרם,false,1,18.90,18.90,true,1,
7290003029181,false,שוקו יטבתה בקבוק 1 ליטר,שטראוס גרופ בעמ (ח),,,יח,1,לליטר,false,1,11.90,11.90,false,1,
7290003029372,false,משקה חלב בננה יטבתה בבקבוק 1 ליטר,שטראוס גרופ בעמ (ח),,,יח,1,לליטר,false,1,11.90,11.90,false,1,
7290003029389,false,"משקה חלב בננה יטבתה 250 מ""ל",שטראוס גרופ בעמ (ח),,,יח,2.50,"ל 100 מ""ל",false,1,5.40,2.16,false,1,
7290003029433,false,"שוקו יטבתה פקק 250 מ""ל",שטראוס גרופ בעמ (ח),,,יח,2.50,"ל 100 מ""ל",false,1,5.40,2.16,false,1,
7290003029532,false,חלב בטעם קפה 2% יטבתה,שטראוס גרופ בעמ (ח),,,יח,1,לליטר,false,1,11.90,11.90,false,1,
7290003029792,false,"שוקו יטבתה שקיות שמיניה 225 מ""ל",שטראוס גרופ בעמ (ח),,,יח,1.80,לליטר,false,1,18.90,10.50,false,1,
7290003029815,false,חלב יטבתה 2 ליטר.,שטראוס גרופ בעמ (ח),,,יח,2,לליטר,false,1,14.90,7.45,false,1,
7290003029884,false,מארז מוקה 6 יח,שטראוס גרופ בעמ (ח),,,יח,1.35,לליטר,false,1,15.60,11.56,false,1,
7290003029907,false,קפה יטבתה 1 ליטר,שטראוס גרופ בעמ (ח),,,יח,1,לליטר,false,1,11.90,11.90,false,1,
7290003031733,false,פסטרמה על גחלים 400 ה. מח,תנובה ענף ב.ע.ד,,,יח,4,ל 100 גרם,false,1,28.90,7.23,false,1,
7290003031740,false,פסטרמה בדבש 400 ה. מחפוד,תנובה ענף ב.ע.ד,,,יח,4,ל 100 גרם,false,1,28.90,7.23,false,1,
7290003031757,false,פסטרמה בפפריקה 400 מחפוד,תנובה ענף ב.ע.ד,,,יח,4,ל 100 גרם,false,1,28.90,7.23,false,1,
7290003047642,false,LIPTON TEA YL 1.5GX100X12,"יוניליוור ישראלשיווק בע""מ",,,יח,1.50,יח,false,1,11.90,7.93,false,1,
7290003054657,false,חרדל צרפתי 370,דיפלומט מפיצים {1968}בעמ,,,יח,3.70,ל 100 גרם,false,1,11.90,3.22,false,1,
7290003093335,false,"אבקת שוקו שקית 1ק""ג ברמן *",בר מן תעשיות מזון בעמ,,,יח,10,"לק""ג",false,1,9.90,0.99,false,1,
7290003126958,false,טופו טבעי ואקום 300 גר,החברה המרכזית טלהפצת משקאות בע,,,יח,3,ל 100 גרם,false,1,12.90,4.30,false,1,
7290003141159,false,יוגטה מרשמלו ג.,ליימן שליסל בעמ,,,יח,1.80,ל 100 גרם,false,1,6.90,3.83,false,1,
7290003143139,false,סילאן קליית גת ק.,ליימן שליסל בעמ,,,יח,9,ל 100 גרם,false,1,12.90,1.43,false,1,
7290003143146,false,ממרח תמרים קלית גת,ליימן שליסל בעמ,,,יח,4.50,ל 100 גרם,false,1,5,1.11,false,1,
7290003143276,false,יוגטה מרשמלו מגלולגל,ליימן שליסל בעמ,,,יח,1.80,ל 100 גרם,false,1,6.90,3.83,false,1,
7290003144419,false,סילאן טבעי 710 גר`,ליימן שליסל בעמ,,,יח,7.10,ל 100 גרם,false,1,19.90,2.80,false,1,
7290003145751,false,קשיו קלוי 200 גר,ליימן שליסל בעמ,,,יח,2,ל 100 גרם,false,1,14.90,7.45,false,1,
7290003145959,false,פאקן טבעי 150 גר,ליימן שליסל בעמ,,,יח,1.50,ל 100 גרם,false,1,19.90,13.27,false,1,
7290003318131,false,ופל אגוז מנעמים 200 גרם*,מנעמים תעשיות מזון בעמ**,,,יח,2.50,ל 100 גרם,false,1,2.90,1.16,false,1,
7290003318599,false,ופל וניל מנעמים 200 גרם*,מנעמים תעשיות מזון בעמ**,,,יח,2,ל 100 גרם,false,1,2.90,1.45,false,1,
7290003321155,false,דנונה בר שטראוס פאקאן,שטראוס גרופ בעמ (ח),,,יח,1.83,"ל 100 מ""ל",false,1,4.50,2.46,false,1,
7290003387205,false,ספיד סטיק ירוק בסיסי,ש.שסטוביץ בעמ,,,יח,0.6370,ל 100 גרם,false,1,19.90,31.24,true,1,
7290003401369,false,קרם לחות נטורל יבש סגול,החברה הדרומית לשיווק בעמ,,,יח,4,"ל 100 מ""ל",false,1,19.90,4.98,false,1,
7290003401420,false,קרם לחות לשיער לכול כתום,החברה הדרומית לשיווק בעמ,,,יח,4,"ל 100 מ""ל",false,1,19.90,4.98,false,1,
7290003427154,false,שמן זית זיתא ק,תה ויסוצקי (ישראל)בעמ,,,יח,7.50,"ל 100 מ""ל",false,1,34.90,4.65,true,1,
7290003438006,false,ממרח פסטו צנובר אוליביה,תה ויסוצקי (ישראל)בעמ,,,יח,1.80,ל 100 גרם,false,1,12.90,7.17,false,1,
7290003438013,false,ממרח זיתים אוליביה,תה ויסוצקי (ישראל)בעמ,,,יח,1.90,ל 100 גרם,false,1,12.90,6.79,false,1,
7290003438020,false,ממרח עגבניות מיובשות אוליביה,תה ויסוצקי (ישראל)בעמ,,,יח,1.90,ל 100 גרם,false,1,12.90,6.79,false,1,
7290003438853,false,אוליביה אריסה חריפה,תה ויסוצקי (ישראל)בעמ,,,יח,1.80,ל 100 גרם,false,1,12.90,7.17,false,1,
7290003438990,false,עיטורי עגבניות מיובשות אוליביה,תה ויסוצקי (ישראל)בעמ,,,יח,2.80,ל 100 גרם,false,1,16.90,6.04,true,1,
7290003461677,false,"חומוס אסלי 1 ק""ג",סלטי שמיר 2006 בעמ,,,יח,10,ל 100 גרם,false,1,11.90,1.19,false,1,
7290003521081,false,סרקל שמפו 1ליטר,"פישר תעשיות פרמצביטות בע""מ",,,יח,10,"ל 100 מ""ל",false,1,28.90,2.89,false,1,
7290003521197,false,סרקל מתיר קשרים,"פישר תעשיות פרמצביטות בע""מ",,,יח,3.40,"ל 100 מ""ל",false,1,24.90,7.32,false,1,
7290003521210,false,מרכך סרקל 2 ליטר,"פישר תעשיות פרמצביטות בע""מ",,,יח,20,"ל 100 מ""ל",false,1,38.90,1.95,false,1,
7290003521395,false,קמיל פלוס אל סבו,"פישר תעשיות פרמצביטות בע""מ",,,יח,2,לליטר,false,1,38.90,19.45,false,1,
7290003521463,false,קמיל אל 2 ליטר,"פישר תעשיות פרמצביטות בע""מ",,,יח,20,"ל 100 מ""ל",false,1,38.90,1.95,false,1,
7290003525904,false,שלישית סלט טונה,נטו מילנדה סחר בעמ*,,,יח,4.80,ל 100 גרם,false,1,14.90,3.10,false,1,
7290003550753,false,טונה פוסידון בשמן 4יח נטו *,נטו מילנדה סחר בעמ*,,,יח,4,למארז,false,1,19.80,4.95,false,1,
7290003571550,false,סטייק טונה אלבקור בוואקום,בלדי בעמ,,,"לק""ג",10,ל 100 גרם,true,1,44.90,4.49,false,1,
7290003578177,false,תירס גמדי 410ג ויליפוד *,ג.וילי פוד בעמ,,,יח,4.10,ל 100 גרם,false,1,7.90,1.93,false,1,
7290003598472,false,"סלמון נורבגי מנות בלדי בד""צ",בלדי בעמ,,,"לק""ג",10,ל 100 גרם,true,1,89.90,8.99,false,1,
7290003643004,false,Basmati rice 1 kg - Sugat,סוגת תעשיות בעמ,,,יח,10,ל 100 גרם,false,1,13.90,1.39,false,1,
7290003643127,false,Baking powder 100g genre - Sugat,סוגת תעשיות בעמ,,,יח,1,ל 100 גרם,false,1,1.90,1.90,false,1,
7290003643134,false,Vanilla sugar 100g genre - Sugat,סוגת תעשיות בעמ,,,יח,1,ל 100 גרם,false,1,1.90,1.90,false,1,
7290003643158,false,Cornflour 200g - Sugat,סוגת תעשיות בעמ,,,יח,2,ל 100 גרם,false,1,3.90,1.95,false,1,
7290003643165,false,Cornflour 500g - Sugat,סוגת תעשיות בעמ,,,יח,5,ל 100 גרם,false,1,7.90,1.58,false,1,
7290003643172,false,Caster sugar 100g genre - Sugat,סוגת תעשיות בעמ,,,יח,1,ל 100 גרם,false,1,1.90,1.90,false,1,
7290003643325,false,Medium 350g couscous - Sugat,סוגת תעשיות בעמ,,,יח,3.50,ל 100 גרם,false,1,4.90,1.40,false,1,
7290003643370,false,"סוכר בד""צ 1ק""ג פסח סוגת*",סוגת תעשיות בעמ,,,יח,1,"לק""ג",false,1,3.90,3.90,false,1,
7290003643387,false,Sugar 1kg jar - Sugat,סוגת תעשיות בעמ,,,יח,10,ל 100 גרם,false,8,7.90,0.79,false,1,
7290003643646,false,Demerara brown sugar 1kg jar - Sugat,סוגת תעשיות בעמ,,,יח,10,ל 100 גרם,false,1,12.90,1.29,false,1,
7290003643684,false,Peas 500g - Sugat,סוגת תעשיות בעמ,,,יח,5,ל 100 גרם,false,1,6.50,1.30,true,1,
7290003643707,false,Grits 500 g - Sugat,סוגת תעשיות בעמ,,,יח,5,ל 100 גרם,false,1,4.90,0.98,true,1,
7290003643714,false,Hummus 500 g - Sugat,סוגת תעשיות בעמ,,,יח,5,ל 100 גרם,false,1,7.90,1.58,true,1,
7290003643738,false,Wheat 500 g - Sugat,סוגת תעשיות בעמ,,,יח,5,ל 100 גרם,false,1,4.90,0.98,true,1,
7290003643745,false,Buckwheat 500 g - Sugat,סוגת תעשיות בעמ,,,יח,5,ל 100 גרם,false,1,7.90,1.58,true,1,
7290003643752,false,Green lentils 500g - Sugat,סוגת תעשיות בעמ,,,יח,5,ל 100 גרם,false,1,7.90,1.58,true,1,
7290003643769,false,Red lentils 500g - Sugat,סוגת תעשיות בעמ,,,יח,5,ל 100 גרם,false,1,7.90,1.58,true,1,
7290003643776,false,Popcorn 500 g - Sugat,סוגת תעשיות בעמ,,,יח,5,ל 100 גרם,false,12,5.90,1.18,true,1,
7290003643783,false,Coconut 100g lying - Sugat,סוגת תעשיות בעמ,,,יח,1,ל 100 גרם,false,1,3.60,3.60,true,1,
7290003643806,false,White beans 500g - Sugat,סוגת תעשיות בעמ,,,יח,5,ל 100 גרם,false,1,10.90,2.18,true,1,
7290003643813,false,Red beans 500g - Sugat,סוגת תעשיות בעמ,,,יח,5,ל 100 גרם,false,1,10.90,2.18,true,1,
7290003643820,false,Huge chick 500 g - Sugat,סוגת תעשיות בעמ,,,יח,5,ל 100 גרם,false,1,9.90,1.98,true,1,
7290003681303,false,שעועית מעורבת 500 ג מיהק.,מיה תעשיות מזון מ.ת.מ בעמ,,,יח,5,ל 100 גרם,false,1,9.90,1.98,true,1,
7290003681365,false,קישוט לעוגה צבעוני 70ג מיה,מיה תעשיות מזון מ.ת.מ בעמ,,,יח,2,ל 100 גרם,false,1,4.90,2.45,true,1,
7290003681532,false,"דובדבנים מסוכרים חת""ס מיה",מיה תעשיות מזון מ.ת.מ בעמ,,,יח,1,ל 100 גרם,false,1,6.90,6.90,false,1,
7290003681693,false,חומוס לבן ענק 500ג מיה,מיה תעשיות מזון מ.ת.מ בעמ,,,יח,5,ל 100 גרם,false,1,10.50,2.10,true,1,
7290003681716,false,גריסי פנינה 500 מיה,מיה תעשיות מזון מ.ת.מ בעמ,,,יח,5,ל 100 גרם,false,1,5.90,1.18,true,1,
7290003726592,false,טופו ויילר 300 גר`טעם פסטו,שטראוס גרופ בעמ (ח),,,יח,3,"ל 100 מ""ל",false,1,10.90,3.63,false,1,
7290003726615,false,טופו ויילר 300 גר`,שטראוס גרופ בעמ (ח),,,יח,3,"ל 100 מ""ל",false,1,10.90,3.63,false,1,
7290003804382,false,KNORR MUSHROOMS CUBE BDZ 12X12X72GR,"יוניליוור ישראלשיווק בע""מ",,,יח,0.72,ל 100 גרם,false,12,7.90,10.97,false,1,
7290003805501,false,PATIT SWEDISH BDZ NEW 24X300GR,"יוניליוור ישראלשיווק בע""מ",,,יח,3,ל 100 גרם,false,6,14.90,4.97,false,1,
7290003805587,false,PATIT WHOLE WHEAT BDZ NEW 24X250GR,"יוניליוור ישראלשיווק בע""מ",,,יח,2.50,ל 100 גרם,false,6,14.90,5.96,false,1,
7290003807178,false,KNORR CHINESE STYLE SOY SAUCE 300ML,"יוניליוור ישראלשיווק בע""מ",,,יח,3,"ל 100 מ""ל",false,12,9.90,3.30,false,1,
7290003807482,false,KNORR TERRYAKI SAUCE 300ML,"יוניליוור ישראלשיווק בע""מ",,,יח,3,"ל 100 מ""ל",false,12,9.90,3.30,false,1,
7290003882922,false,עלי גפן ממולא 400ג ויליפוד*,ג.וילי פוד בעמ,,,יח,4,ל 100 גרם,false,1,9.90,2.48,false,1,
7290003896141,false,אלמנדוס 200 גר,ליימן שליסל בעמ,,,יח,2,ל 100 גרם,false,1,8.90,4.45,true,1,
7290003903771,false,קפוצ ינו פחית 00,שטראוס גרופ בעמ,,,יח,2,ל 100 גרם,false,1,23.90,11.95,false,1,
7290003989096,false,חציל מזרחי אחלה,שטראוס גרופ בעמ (ח),,,יח,5.75,ל 100 גרם,false,1,15.90,2.77,true,1,
7290003989539,false,רביולי גבינה,שטראוס גרופ בעמ (ח),,,יח,4,ל 100 גרם,false,1,19.90,4.98,true,1,
7290003989553,false,טורטלוני פטריות,שטראוס גרופ בעמ (ח),,,יח,4,ל 100 גרם,false,1,19.90,4.98,true,1,
7290004011291,false,"בסיס להכנת קצפת ריצ` 425 מ""ל",נטו מילנדה סחר בעמ*,,,יח,4.25,"ל 100 מ""ל",false,1,13.90,3.27,false,1,
7290004063115,false,"מלח מטבח גס(ירוק) 1 ק""ג*",סוגת תעשיות בעמ,,,יח,10,ל 100 גרם,false,1,1.70,0.17,false,1,
7290004064181,false,"מלח הימלאיה גס 1 ק""ג צנצנת סוגת*",סוגת תעשיות בעמ,,,יח,10,ל 100 גרם,false,1,17.90,1.79,false,1,
7290004064389,false,מלח הימלאיה דק 250ג מלחיה סוגת*,סוגת תעשיות בעמ,,,יח,2.50,ל 100 גרם,false,1,9.90,3.96,false,1,
7290004078942,false,ליידי ספיד סטייק,ש.שסטוביץ בעמ,,,יח,0.63,ל 100 גרם,false,1,19.90,31.59,true,1,
7290004091255,false,VASELINE VSLN PETROLEUM JELLY 12X212 GR,"יוניליוור ישראלשיווק בע""מ",,,יח,2.12,"ל 100 מ""ל",false,1,19.90,9.39,false,1,
7290004119133,false,יוגורט 7% כד,תנובה -חלב,,,יח,1.50,לליטר,false,1,16.80,11.20,false,1,
7290004119225,false,יופלה אננס,תנובה -חלב,,,יח,1.50,"ל 100 מ""ל",false,1,4.90,3.27,false,1,
7290004119928,false,מעדן קרלו וניל,תנובה -חלב,,,יח,1.25,"ל 100 מ""ל",false,1,2.80,2.24,false,1,
7290004119973,false,מעדן קרלו,תנובה -חלב,,,יח,1.25,"ל 100 מ""ל",false,1,2.80,2.24,false,1,
7290004120061,false,קרלו שוניל,תנובה -חלב,,,יח,1.25,"ל 100 מ""ל",false,1,2.80,2.24,false,1,
7290004120108,false,דיאט יופלה דובדבן,תנובה -חלב,,,יח,1.50,"ל 100 מ""ל",false,1,4.90,3.27,false,1,
7290004120283,false,"שוק שוקו שקית בד""צ",תנובה -חלב,,,יח,2.25,"ל 100 מ""ל",false,1,2.80,1.24,false,1,
7290004120566,false,פיראוס בולגרית %,תנובה -חלב,,,ל 100 גרם,2.50,ל 100 גרם,false,1,22.90,9.16,false,1,
7290004120573,false,פיראוס בולגרית,תנובה -חלב,,,יח,2.50,ל 100 גרם,false,1,22.90,9.16,false,1,
7290004120634,false,פיראוס בולגרית % ק,תנובה -חלב,,,יח,2.50,ל 100 גרם,false,1,20.90,8.36,false,1,
7290004121488,false,יופלה דייט אפרסק,תנובה -חלב,,,יח,1.50,"ל 100 מ""ל",false,1,4.90,3.27,false,1,
7290004121754,false,יופלה עוגת קרם גבינה,תנובה -חלב,,,יח,1.50,"ל 100 מ""ל",false,1,4.90,3.27,false,1,
7290004121839,false,פטה פיראוס מהדרין,תנובה -חלב,,,יח,2.50,ל 100 גרם,false,1,26.90,10.76,false,1,
7290004121853,false,פיראוס קוביות בולגרית 5%,תנובה -חלב,,,יח,2,ל 100 גרם,false,1,19.90,9.95,false,1,
7290004122119,false,פתתי פרמזן לפסטה,תנובה -חלב,,,יח,2,ל 100 גרם,false,1,10.90,5.45,false,1,
7290004122195,false,גוש חלב 200 גר ק,תנובה -חלב,,,יח,2,ל 100 גרם,false,1,13.90,6.95,false,1,
7290004122270,false,עמק בקופסא,תנובה -חלב,,,יח,2,ל 100 גרם,false,1,15.90,7.95,false,1,
7290004122348,false,עמק לייט 9%,תנובה -חלב,,,יח,2,ל 100 גרם,false,1,16.90,8.45,false,1,
7290004122676,false,חמד לייט 5% 250,תנובה -חלב,,,יח,2.50,ל 100 גרם,false,1,17.90,7.16,false,1,
7290004122683,false,אצבעות עמק,תנובה -חלב,,,יח,1.72,ל 100 גרם,false,1,15.60,9.07,false,1,
7290004124205,false,יופלה דיאט תות 0% שומן,תנובה -חלב,,,יח,1.50,"ל 100 מ""ל",false,1,4.90,3.27,false,1,
7290004125370,false,שמנת %9תנובה,תנובה -חלב,,,יח,2,"ל 100 מ""ל",false,1,3.50,1.75,false,1,
7290004125400,false,"אשל 4.5% שומן. 200 מ""ל{פ}",תנובה -חלב,,,יח,2,"ל 100 מ""ל",false,1,1.69,0.85,false,1,
7290004125417,false,"גיל 3% שומן. 200 מ""ל{פ}",תנובה -חלב,,,יח,2,"ל 100 מ""ל",false,1,1.51,0.76,false,1,
7290004125455,false,"שמנת חמוצה 15%-200 מ""ל{פ}",תנובה -חלב,,,יח,2,"ל 100 מ""ל",false,1,2.40,1.20,false,1,
7290004125462,false,"שמנת חמוצה 15%-500 מ""ל",תנובה -חלב,,,יח,5,"ל 100 מ""ל",false,1,6,1.20,false,1,
7290004125509,false,שמנת תנובה אורגינל,תנובה -חלב,,,יח,1,"ל 100 מ""ל",false,1,1.70,1.70,false,1,
7290004125578,false,משקה סויה מועשר סידן1,תנובה -חלב,,,יח,10,"ל 100 מ""ל",false,1,9.90,0.99,false,1,
7290004125585,false,משקה סויה על הבוקר 1,תנובה -חלב,,,יח,10,"ל 100 מ""ל",false,1,9.90,0.99,false,1,
7290004125721,false,שמנת לבישול,תנובה -חלב,,,יח,2.50,"ל 100 מ""ל",false,1,8.10,3.24,false,1,
7290004125738,false,שמנת להקצפה 32% ק,תנובה -חלב,,,יח,2.50,"ל 100 מ""ל",false,1,6.20,2.48,false,1,
7290004125776,false,עמק פרוס 400,תנובה -חלב,,,יח,4,ל 100 גרם,false,1,28.90,7.23,false,1,
7290004126759,false,יופלה פירות יער,תנובה -חלב,,,יח,1.50,"ל 100 מ""ל",false,1,4.90,3.27,false,1,
7290004126872,false,"שוקו בבקבוק 250 מ""ל תנובה",תנובה -חלב,,,יח,2.50,"ל 100 מ""ל",false,1,5.50,2.20,false,1,
7290004127077,false,קוטג 3%. 250 גרם תנובה,תנובה -חלב,,,יח,2.50,ל 100 גרם,false,1,5.50,2.20,false,1,
7290004127329,false,קוטג %5,תנובה -חלב,,,יח,2.50,ל 100 גרם,false,1,5.50,2.20,false,1,
7290004127800,false,גבינה לבנה 5%-500 גרם,תנובה -חלב,,,יח,5,ל 100 גרם,false,1,9.90,1.98,false,1,
7290004127817,false,גבינה 9% 1/2,תנובה -חלב,,,יח,5,ל 100 גרם,false,1,9.50,1.90,false,1,
7290004127862,false,גבינה לבנה 5%-750 גרם,תנובה -חלב,,,יח,7.50,ל 100 גרם,false,1,14.90,1.99,false,1,
7290004127916,false,גבינה 1/2 500 גר,תנובה -חלב,,,יח,5,ל 100 גרם,false,1,9.50,1.90,false,1,
7290004128333,false,"לבנה 500 תנובה,",תנובה -חלב,,,יח,5,ל 100 גרם,false,1,18.90,3.78,false,1,
7290004128340,false,גבינה קרם 5% טבעי,תנובה -חלב,,,יח,2,ל 100 גרם,false,1,10.90,5.45,false,1,
7290004128432,false,פתיתים מיוחדים לפיצה,תנובה -חלב,,,יח,5,ל 100 גרם,false,1,21.70,4.34,false,1,
7290004129101,false,נפוליאון טבעי ק,תנובה -חלב,,,יח,2.25,ל 100 גרם,false,1,12.90,5.73,false,1,
7290004129156,false,גבינת נפוליון,תנובה -חלב,,,יח,2.25,ל 100 גרם,false,1,12.90,5.73,false,1,
7290004130794,false,משקה סויה מועשר מתיקות מופחתת,תנובה -חלב,,,יח,1,לליטר,false,1,9.90,9.90,false,1,
7290004130916,false,יופלה יער בשמנת,תנובה -חלב,,,יח,1.50,"ל 100 מ""ל",false,1,4.90,3.27,false,1,
7290004131074,false,חלב קרטון 3%-1 ליטר תנובה{פ},תנובה -חלב,,,יח,10,לליטר,false,1,6.23,0.62,false,1,
7290004131432,false,יוגורט ביו קרם עדכני,תנובה -חלב,,,יח,2,"ל 100 מ""ל",false,1,3.80,1.90,false,1,
7290004131456,false,קרם יוגורט ביו משוחרר,תנובה -חלב,,,יח,2,"ל 100 מ""ל",false,1,3.80,1.90,false,1,
7290004131814,false,פיראוס צפתית מעודנת %5ק,תנובה -חלב,,,יח,2,ל 100 גרם,false,1,14.50,7.25,false,1,
7290004131999,false,"יופלה ביו 1.5 בד""צ",תנובה -חלב,,,יח,1.50,"ל 100 מ""ל",false,1,3.10,2.07,false,1,
7290004132552,false,סויה משקה דיאט טבעי,תנובה -חלב,,,יח,1,לליטר,false,1,9.90,9.90,false,1,
7290004132712,false,אצבעות עמק תנובה,תנובה -חלב,,,יח,1.74,ל 100 גרם,false,1,15.90,9.14,false,1,
7290004132903,false,"גבינה לבנה 3% בד""צ",תנובה -חלב,,,יח,2.50,ל 100 גרם,false,1,4.75,1.90,false,1,
7290004133511,false,שמניית יופלה לבן,תנובה -חלב,,,יח,1.20,לליטר,false,1,19.90,16.58,false,1,
7290004134945,false,יופלה מוקה 3%,תנובה -חלב,,,יח,1.50,"ל 100 מ""ל",false,1,4.90,3.27,false,1,
7290004135072,false,קרלו מיני 8 יח,תנובה -חלב,,,יח,8,"ל 100 מ""ל",false,1,13.90,1.74,false,1,
7290004135119,false,מאגדת קרלו מיני וניל,תנובה -חלב,,,יח,8,"ל 100 מ""ל",false,1,13.90,1.74,false,1,
7290004135225,false,מעדן תנובה דיאט שוקולד,תנובה -חלב,,,יח,1.50,"ל 100 מ""ל",false,1,3.90,2.60,false,1,
7290004135614,false,בולגרית מעודנת 5%,תנובה -חלב,,,יח,2.50,ל 100 גרם,false,1,19.90,7.96,false,1,
7290004136598,false,מארז הפסקת אוכל תנובה,תנובה -חלב,,,יח,1.50,"ל 100 מ""ל",false,1,8.90,5.93,false,1,
7290004136857,false,ג לי תנובה פטל,תנובה -חלב,,,יח,1.25,"ל 100 מ""ל",false,1,2.20,1.76,false,1,
7290004136864,false,ג לי תנובה אננס עם חתיכות,תנובה -חלב,,,יח,1.25,"ל 100 מ""ל",false,1,2.70,2.16,false,1,
7290004136871,false,ג לי תנובה אפרסק עם,תנובה -חלב,,,יח,1.25,"ל 100 מ""ל",false,1,2.70,2.16,false,1,
7290004137021,false,שמנת לבישול מופחת 10% ק,תנובה -חלב,,,יח,2.50,"ל 100 מ""ל",false,1,8.10,3.24,false,1,
7290004137311,false,עמק לייט 9% משפחתית,תנובה -חלב,,,יח,4,ל 100 גרם,false,1,29.90,7.48,false,1,
7290004137809,false,לבנה 5% 250 גר,תנובה -חלב,,,יח,2.50,ל 100 גרם,false,1,12.10,4.84,false,1,
7290004146986,false,שמפו נקה צבוע כתום 750,החברה הדרומית לשיווק בעמ,,,יח,7.50,"ל 100 מ""ל",false,1,10.90,1.45,false,1,
7290004150143,false,חציל במיונז 300 גר פיקנטי פרימיום,סלטי שמיר 2006 בעמ,,,יח,3,ל 100 גרם,false,1,14.90,4.97,true,1,
7290004150228,false,כרוב אדום 300 גר פיקנטי פרימיום,סלטי שמיר 2006 בעמ,,,יח,3,ל 100 גרם,false,1,14.90,4.97,true,1,
7290004150235,false,חומוס עם חריף 300 גר פיקנטי פרימיום,סלטי שמיר 2006 בעמ,,,יח,3,ל 100 גרם,false,1,14.90,4.97,true,1,
7290004165017,false,"רסק תפו""ע דייאט",זנלכל בעמ,,,יח,5.60,ל 100 גרם,false,1,8.90,1.59,false,1,
7290004228804,false,עלי בצק למילוי סיגרים,נטו מילנדה סחר בעמ*,,,יח,4.50,ל 100 גרם,false,1,12.90,2.87,false,1,
7290004229931,false,"אורז בסמטי 1 ק""ג",נטו מילנדה סחר בעמ*,,,יח,10,ל 100 גרם,false,1,10.90,1.09,false,1,
7290004256371,false,גבינה צהובה ריץ 400 גר`,נטו מילנדה סחר בעמ*,,,יח,4,ל 100 גרם,false,1,17.90,4.48,false,1,
7290004256753,false,עלים לסיגר,חטיפי אלקיים בעמ,,,יח,1,,false,1,14.90,14.90,false,1,
7290004267087,false,עוגיות כרמל מצופות 200ג ברמן*,ברמן שוקולד ועוגיות בעמ,,,יח,2.50,ל 100 גרם,false,1,4.90,1.96,true,1,
7290004492762,false,B&B NISH NASH COREN 325G X12,"יוניליוור ישראלשיווק בע""מ",,,יח,3.25,ל 100 גרם,false,12,11.90,3.66,false,1,
7290004554798,false,גלידה מטרה,"גלידת שטראוס בע""מ",,,יח,1,,false,1,5,5,true,1,
7290004554903,false,פנטזיה שוקו וניל פרווה,"גלידת שטראוס בע""מ",,,יח,9,"ל 100 מ""ל",false,1,19.90,2.21,false,1,
7290004575540,false,שלגון בטעמים,ריאו נתניה ביחר לגלידה וממתקי,,,יח,1,,false,1,1.10,1.10,true,1,
7290004584351,false,סמפוניה חמישית,שטראוס גרופ בעמ (ח),,,יח,2,ל 100 גרם,false,1,11.20,5.60,true,1,
7290004584528,false,דנונה ביו 1.7,שטראוס גרופ בעמ (ח),,,יח,2,"ל 100 מ""ל",false,1,3.50,1.75,false,1,
7290004585907,false,דני וניל,שטראוס גרופ בעמ (ח),,,יח,1.30,"ל 100 מ""ל",false,1,2.60,2,false,1,
7290004603175,false,מלח ים גס 500ג מלחיה סוגת*,סוגת תעשיות בעמ,,,יח,5,ל 100 גרם,false,1,7.90,1.58,false,1,
7290004645106,false,פילה סלמון פרוס ש.רוזנרס,ש.רוזנרס בעמ,,,"לק""ג",10,ל 100 גרם,true,1,89.90,8.99,false,1,
7290004645267,false,נסיכת נילוס פרוס ש.רוזונרס,ש.רוזנרס בעמ,,,"לק""ג",10,ל 100 גרם,true,1,59.90,5.99,false,1,
7290004645434,false,מנות פילה סלמון בלי עור,ש.רוזנרס בעמ,,,"לק""ג",10,ל 100 גרם,true,1,99,9.90,false,1,
7290004731472,false,כיף שלישיה צבעוני,החברה הדרומית לשיווק בעמ,,,יח,1.50,לליטר,false,1,18.90,12.60,false,1,
7290004731519,false,מרכך סנו מקסימה למייבש,החברה הדרומית לשיווק בעמ,,,יח,7.50,"ל 100 מ""ל",false,1,17.90,2.39,false,1,
7290004731557,false,מקסימה למייבש,החברה הדרומית לשיווק בעמ,,,יח,7.50,"ל 100 מ""ל",false,1,17.90,2.39,false,1,
7290004731564,false,מקסימה למייבש מר,החברה הדרומית לשיווק בעמ,,,יח,7.50,"ל 100 מ""ל",false,1,17.90,2.39,false,1,
7290004737719,false,אספרגוס שלם צנצנת ויליפוד 330 גרם,ג.וילי פוד בעמ,,,יח,3.30,ל 100 גרם,false,1,9.20,2.79,false,1,
7290004737900,false,חלב מרוכז ממותק 397ג וילפוד*,ג.וילי פוד בעמ,,,יח,3.97,ל 100 גרם,false,1,9.90,2.49,false,1,
7290004861285,false,גבינת טורבוג,מחלבת המושבה בעמ,,,ל 100 גרם,10,ל 100 גרם,true,1,31,3.10,false,1,
7290004944049,false,טחינה אסלי 400,סלטי שמיר 2006 בעמ,,,יח,4,ל 100 גרם,false,1,10.90,2.73,true,1,
7290004944056,false,חציל במיונז אסלי,סלטי שמיר 2006 בעמ,,,יח,4,ל 100 גרם,false,1,10.90,2.73,true,1,
7290005008481,false,ספיד סטיק ג ל בסיסי,ש.שסטוביץ בעמ,,,יח,0.85,ל 100 גרם,false,1,19.90,23.41,true,1,
7290005017926,false,המבורגר טלה נתח אדום,נתח אדום עוזי ביטון ובניו בעמ,,,יח,1,,false,1,29.90,29.90,false,1,
7290005017971,false,קבב עיראקי נתח אדום,נתח אדום עוזי ביטון ובניו בעמ,,,יח,7,ל 100 גרם,false,1,29.90,4.27,false,1,
7290005017988,false,נקניקיות צ`וריסוס נתח אדום,נתח אדום עוזי ביטון ובניו בעמ,,,יח,7,ל 100 גרם,false,1,29.90,4.27,false,1,
7290005068058,false,A-2 light corn expired - Pry Galilee,ויטה-פרי גליל (החדשה) בעמ,,,יח,5.50,ל 100 גרם,false,1,6.90,1.25,true,1,
7290005079221,false,בולגרית מעודנת 5%,החברה המרכזית טלהפצת משקאות בע,,,ל 100 גרם,10,ל 100 גרם,true,1,45,4.50,false,1,
7290005079320,false,בולגרית 24%,החברה המרכזית טלהפצת משקאות בע,,,"לק""ג",10,ל 100 גרם,true,1,49,4.90,false,1,
7290005111761,false,"בונזו בשר 3ק""ג*",דיפלומט מפיצים {1968}בעמ,,,יח,30,ל 100 גרם,false,1,49.90,1.66,false,1,
7290005174513,false,חציל קלוי במיונז 625 גר`,שטראוס גרופ בעמ (ח),,,יח,5,ל 100 גרם,false,1,14.90,2.98,true,1,
7290005174551,false,חומוס רבעיות אחל,שטראוס גרופ בעמ (ח),,,יח,1.25,ל 100 גרם,false,1,4.90,3.92,false,1,
7290005174568,false,חצילים אחלה 125,שטראוס גרופ בעמ (ח),,,יח,1.25,ל 100 גרם,false,1,4.90,3.92,false,1,
7290005174575,false,טחינה יום יום,שטראוס גרופ בעמ (ח),,,יח,1.25,ל 100 גרם,false,1,4.90,3.92,false,1,
7290005197758,false,חגיגה חיוכים שוקו,שטראוס גרופ בעמ,,,יח,1.50,ל 100 גרם,false,1,4.90,3.27,false,1,
7290005199738,false,מאסט צ יקלטס,שטראוס גרופ בעמ,,,יח,0.28,ל 100 גרם,false,1,4,14.29,false,1,
7290005200786,false,תפוצ יפס שמנת בצ,שטראוס פריטו ליי בעמ,,,יח,0.50,ל 100 גרם,false,1,3.80,7.60,false,1,
7290005201455,false,קפה ארומה מגורען 200ג עלית*,שטראוס גרופ בעמ,,,יח,2,ל 100 גרם,false,1,21.90,10.95,true,1,
7290005287510,false,סטארקיסט עם פלפל חריף 160ג,דיפלומט מפיצים #,,,יח,1.60,ל 100 גרם,false,1,7.70,4.81,false,1,
7290005287527,false,סטארקיסט עם לימון 160ג,דיפלומט מפיצים #,,,יח,1.60,ל 100 גרם,false,1,7.70,4.81,false,1,
7290005287534,false,סטארקיסט עישון טבעי 160ג,דיפלומט מפיצים #,,,יח,1.60,ל 100 גרם,false,1,7.70,4.81,false,1,
7290005317125,false,בסקוויט חצי מצופה 175 גר` הדר*,אפיפית נצרת תעשיות בסקויט,,,יח,1.75,ל 100 גרם,false,1,4.90,2.80,true,1,
7290005317200,false,קרקר טופז מלח 110 גרם הדר*,אפיפית נצרת תעשיות בסקויט,,,יח,1,ל 100 גרם,false,1,2.80,2.80,false,1,
7290005326523,false,אוליביה פסטו פטרוזיליה ונענע,תה ויסוצקי (ישראל)בעמ,,,יח,1.80,ל 100 גרם,false,1,12.90,7.17,false,1,
7290005423253,false,מקסימה למייבש מר,החברה הדרומית לשיווק בעמ,,,יח,7.50,"ל 100 מ""ל",false,1,17.90,2.39,false,1,
7290005423635,false,ריצפז דוחה חרקים . ק,החברה הדרומית לשיווק בעמ,,,יח,20,"ל 100 מ""ל",false,1,20.90,1.05,false,1,
7290005423734,false,מרכך מקסימה אולט 4 ליטר,החברה הדרומית לשיווק בעמ,,,יח,40,"ל 100 מ""ל",false,1,21.90,0.55,false,1,
7290005423871,false,אורביטול שלישיה . ק,החברה הדרומית לשיווק בעמ,,,יח,4.35,ל 100 גרם,false,1,16.90,3.89,false,1,
7290005423918,false,מרכך אלוורה 4ליטר,החברה הדרומית לשיווק בעמ,,,יח,40,"ל 100 ס""מ",false,1,21.90,0.55,false,1,
7290005424403,false,אל סבון כיף ירוק 1,החברה הדרומית לשיווק בעמ,,,יח,1,לליטר,false,1,11.90,11.90,false,1,
7290005424700,false,מסיר שומנים קר,החברה הדרומית לשיווק בעמ,,,יח,10,ל 100 גרם,false,1,17.90,1.79,false,1,
7290005424762,false,ריצפז דוחה+ווקס,החברה הדרומית לשיווק בעמ,,,יח,20,"ל 100 מ""ל",false,1,26.50,1.33,false,1,
7290005425110,false,"3מתז לחיטוי 750 מ""ל 99.9%",החברה הדרומית לשיווק בעמ,,,יח,10,ל 100 גרם,false,1,11.90,1.19,false,1,
7290005425127,false,"מתז לניקוי 750 מ""ל 99.9%",החברה הדרומית לשיווק בעמ,,,יח,10,ל 100 גרם,false,1,11.90,1.19,false,1,
7290005425196,false,מקסימה סנסיטיב 2.5,החברה הדרומית לשיווק בעמ,,,יח,2.50,"לק""ג",false,1,24.90,9.96,false,1,
7290005425202,false,"מקסימה ביו 2.5 ק""ג",החברה הדרומית לשיווק בעמ,,,יח,25,ל 100 גרם,false,1,24.90,1,false,1,
7290005425646,false,סנו קליר אקדח 1 ק,החברה הדרומית לשיווק בעמ,,,יח,10,"ל 100 מ""ל",false,1,10.90,1.09,false,1,
7290005426568,false,לחות לשיער קרמה רגיל.,החברה הדרומית לשיווק בעמ,,,יח,4,"ל 100 מ""ל",false,1,17.90,4.48,false,1,
7290005427107,false,מגבות מטבח נייר שישיה סנו,החברה הדרומית לשיווק בעמ,,,יח,5.70,ל 100 גרם,false,1,12.90,2.26,false,1,
7290005427633,false,גל כיף חזק,החברה הדרומית לשיווק בעמ,,,יח,1,"לק""ג",false,1,19.90,19.90,false,1,
7290005429279,false,"מקסימה 6 ק""ג ג אבל",החברה הדרומית לשיווק בעמ,,,יח,6,"לק""ג",false,1,45.90,7.65,false,1,
7290005429286,false,אבקת כביסה מרקסימה 6 ק,החברה הדרומית לשיווק בעמ,,,יח,60,ל 100 גרם,false,1,45.90,0.77,false,1,
7290005430602,false,מרסס מסיר כתמים אוקסיג`ין,החברה הדרומית לשיווק בעמ,,,יח,7.50,"ל 100 מ""ל",false,1,17.90,2.39,false,1,
7290005431159,false,קדאיף קינוחים,תנובה -חלב,,,יח,0.80,ל 100 גרם,false,1,5.90,7.38,false,1,
7290005431883,false,מלבי חלבי 165 גר`,תנובה -חלב,,,יח,0.82,ל 100 גרם,false,1,5.90,7.20,false,1,
7290005431913,false,עוגת פירורים,תנובה -חלב,,,יח,0.92,ל 100 גרם,false,1,5.90,6.41,false,1,
7290005431937,false,טרמיסימו 82 גר`,תנובה -חלב,,,יח,0.82,ל 100 גרם,false,1,5.90,7.20,false,1,
7290005431968,false,מלבי שמנת,תנובה -חלב,,,יח,1.50,ל 100 גרם,false,1,6.90,4.60,false,1,
7290005437069,false,שמן זית למאור 1ל טעמן,טעמן שיווק מזון בעמ,,,יח,10,"ל 100 מ""ל",false,1,18.90,1.89,false,1,
7290005509445,false,מיני קוקיס 600,כרמית תעשיות ממתקים בעמ,,,יח,7.50,ל 100 גרם,false,1,15.90,2.12,false,1,
7290005591761,false,דבש 400ג דבש בר לחיץ. ק,שטראוס גרופ בעמ,,,יח,4,ל 100 גרם,false,1,21.90,5.48,false,1,
7290005651366,false,"בונזו כבד 3 ק""ג",דיפלומט מפיצים {1968}בעמ,,,יח,30,ל 100 גרם,false,1,49.90,1.66,false,1,
7290005651427,false,בונזו מעדן 415,דיפלומט מפיצים {1968}בעמ,,,יח,12,ל 100 גרם,false,1,19.90,1.66,false,1,
7290005678417,false,ענבים ירוקים טלי ווינטר קינג,"בכורי השדה צפון1994 ג.ד. בע""מ",,,"לק""ג",1,,true,1,29.90,29.90,false,1,
7290005678585,false,ענבים אדומים סקרלוטה טלי,"בכורי השדה צפון1994 ג.ד. בע""מ",,,"לק""ג",1,,true,1,24.90,24.90,false,1,
7290005678806,false,ענבים שחורטלי אדורה,"בכורי השדה צפון1994 ג.ד. בע""מ",,,"לק""ג",1,,true,1,24.90,24.90,false,1,
7290005719318,false,רבעיית המבורגר פרמיום,ג`נרל מילס ישראל בעמ,,,ל 100 גרם,1,,false,1,13.90,13.90,false,1,
7290005838002,false,דניאלה ק,שטראוס גרופ בעמ (ח),,,יח,1.50,"ל 100 מ""ל",false,1,3.90,2.60,false,1,
7290005838613,false,סקי וניל גבינה,שטראוס גרופ בעמ (ח),,,יח,1.25,ל 100 גרם,false,1,3.60,2.88,true,1,
7290005838972,false,סקי יום יום,שטראוס גרופ בעמ (ח),,,יח,1.25,ל 100 גרם,false,1,3.50,2.80,true,1,
7290005839078,false,מולטיפק טבעי %3,שטראוס גרופ בעמ (ח),,,יח,1.20,לליטר,false,1,16.80,14,false,1,
7290005839313,false,מילקי טופ ק,שטראוס גרופ בעמ (ח),,,יח,1.30,"ל 100 מ""ל",false,1,4.50,3.46,false,1,
7290005896415,false,בירה איגל ירוק טמפו *,טמפו משקאות בעמ,,,יח,5,יח,false,1,5.90,1.12,true,1,
7290005896439,false,מכבי 500 חוזר,טמפו משקאות בעמ,,,"ל 100 מ""ל",5,"ל 100 מ""ל",false,1,5.90,0.94,false,1,
7290005896460,false,בירה איגל חזקה 7.8%XX,טמפו משקאות בעמ,,,יח,5,יח,false,1,5.90,1.12,false,1,
7290005938238,false,צ ימצ ורי 220 גר,נטו מילנדה סחר בעמ*,,,יח,2.20,ל 100 גרם,false,1,17.90,8.14,false,1,
7290005938245,false,פסטו קלאסי220,נטו מילנדה סחר בעמ*,,,יח,2.20,ל 100 גרם,false,1,17.90,8.14,false,1,
7290005966088,false,הר חרמון אדום עברית 2019*,היכל היין שקד גולן בעמ,,,יח,7.50,"ל 100 מ""ל",false,1,31.90,4.21,true,1,
7290005992735,false,לבנה 250 גר,מחלבות גד שיווק 1992 בעמ,,,יח,2.50,ל 100 גרם,false,1,11.60,4.64,false,1,
7290005996009,false,סלמי גליל מעושן 40 גר`,מעדני יחיעם (1993) בעמ,,,יח,0.40,ל 100 גרם,false,1,25,62.50,false,1,
7290005996221,false,פסטרמה של פעם 120 גר`,מעדני יחיעם (1993) בעמ,,,יח,1.40,ל 100 גרם,false,1,10.90,7.79,false,1,
7290005996276,false,פסטרמה ברבקיו 120 גר`,מעדני יחיעם (1993) בעמ,,,יח,1.40,ל 100 גרם,false,1,10.90,7.79,false,1,
7290006185501,false,אל סבון ורוד,פנינה רוזנבלום בעמ,,,יח,1,לליטר,false,1,8.90,8.90,false,1,
7290006185518,false,אל סבון פנינה כחולק,פנינה רוזנבלום בעמ,,,יח,1,לליטר,false,1,8.90,8.90,false,1,
7290006229427,false,"שישית מים סן בנדטו 500 מ""ל",טמפו משקאות בעמ,,,יח,30,"ל 100 מ""ל",false,1,13.70,0.40,false,1,
7290006229588,false,בירה איגל זהב טמפו *,טמפו משקאות בעמ,,,יח,3.30,"ל 100 מ""ל",false,1,5.90,1.70,true,1,
7290006241191,false,אגוז מלך 150,ליימן שליסל בעמ,,,יח,1.50,ל 100 גרם,false,1,16.90,11.27,false,1,
7290006251107,false,מסאלה צ אי,תה ויסוצקי (ישראל)בעמ,,,יח,0.50,ל 100 גרם,false,1,17.90,35.80,false,1,
7290006251275,false,תה ירוק סיני,תה ויסוצקי (ישראל)בעמ,,,יח,0.3750,ל 100 גרם,false,1,22.90,61.07,true,1,
7290006251374,false,תה ירוק לימונית וג ינג ר,תה ויסוצקי (ישראל)בעמ,,,יח,0.25,ל 100 גרם,false,1,22.90,91.60,true,1,
7290006251589,false,תה ירוק נענע,תה ויסוצקי (ישראל)בעמ,,,יח,0.75,ל 100 גרם,false,1,39.90,53.20,false,1,
7290006265500,false,פטריות שמפיניון,"בכורי השדה צפון1994 ג.ד. בע""מ",,,יח,1,,false,1,8.90,8.90,false,1,
7290006374738,false,קונפיטורה תות שדה,שטראוס גרופ בעמ,,,יח,3.40,ל 100 גרם,false,1,12.90,3.79,true,1,
7290006481719,false,"אורז השף 1 ק""ג",גורן י.ר.ובניו שיווק בעמ,,,יח,10,ל 100 גרם,false,1,12.90,1.29,false,1,
7290006492685,false,לבנה מחלב עזים 250 ק,מחלבות גד שיווק 1992 בעמ,,,יח,2.50,ל 100 גרם,false,1,16.90,6.76,false,1,
7290006492852,false,גבינה למריחה עיזים 5%,מחלבות גד שיווק 1992 בעמ,,,יח,1,,false,1,15.90,15.90,true,1,
7290006494917,false,מרמולייט וופל שוק ג,"דנשר (1963) בע,מ",,,יח,2,ל 100 גרם,false,1,7.90,3.95,false,1,
7290006511751,false,שלישית פטריות חתוך,ג.וילי פוד בעמ,,,יח,8.70,ל 100 גרם,false,1,11.90,1.37,false,1,
7290006546388,false,T.artisok 400 expired - Pry Galilee,ויטה-פרי גליל (החדשה) בעמ,,,יח,4,ל 100 גרם,false,1,8.90,2.23,false,1,
7290006567048,false,פתיתי קוסקוס ישראלי,קבוצת אוסם סחר שותפות מוגבלת,,,יח,3.50,ל 100 גרם,false,1,7.90,2.26,false,1,
7290006618078,false,אסטוניש מרסס צהוב,"יעקב יעקבי ובניו בע""מ",,,יח,7.50,"ל 100 מ""ל",false,1,11.90,1.59,false,1,
7290006644480,false,תפוזינה תפוז 500,יפאורה שותפות מוגבלת לשיווק,,,יח,5,"ל 100 מ""ל",false,1,4.90,0.92,true,1,
7290006644510,false,תפוזינה ענבים 500,יפאורה שותפות מוגבלת לשיווק,,,יח,5,"ל 100 מ""ל",false,1,4.90,0.92,true,1,
7290006652027,false,מולטיפק במבה,קבוצת אוסם סחר שותפות מוגבלת,,,יח,3,ל 100 גרם,false,1,22.90,7.63,false,1,
7290006653819,false,קוסקוס אוסם דק,קבוצת אוסם סחר שותפות מוגבלת,,,יח,3.50,ל 100 גרם,false,1,7.90,2.26,false,1,
7290006664051,false,מארז אקטימל 14 יח,שטראוס גרופ בעמ (ח),,,יח,1.40,לליטר,false,1,29.90,21.36,false,1,
7290006664402,false,גבינת לבנה 5%-750 גרם,שטראוס גרופ בעמ (ח),,,יח,7.50,ל 100 גרם,false,1,14.90,1.99,false,1,
7290006664532,false,דנונה תות 3%,שטראוס גרופ בעמ (ח),,,יח,1.50,"ל 100 מ""ל",false,1,3.90,2.60,true,1,
7290006664655,false,שמנית אקטימל טיבעי ק,שטראוס גרופ בעמ (ח),,,יח,8,"ל 100 מ""ל",false,1,21.20,2.65,false,1,
7290006664693,false,דנונה אפרסק 3%,שטראוס גרופ בעמ (ח),,,יח,1.50,"ל 100 מ""ל",false,1,3.90,2.60,true,1,
7290006664990,false,דנונה 1.5% ביו טבעי,שטראוס גרופ בעמ (ח),,,יח,1.20,לליטר,false,1,16.80,14,false,1,
7290006681553,false,קרמבו וניל שמיניה,"גלידת שטראוס בע""מ",,,יח,8,למארז,false,1,14.90,1.86,false,1,
7290006681560,false,קרמבו שמניה מוקה שטראוס,"גלידת שטראוס בע""מ",,,יח,8,למארז,false,1,14.90,1.86,false,1,
7290006707383,false,עוף טוב שוקיים עוף טרי ארוז,עוף טוב (שאן) בעמ,,,"לק""ג",1,,true,1,32.90,32.90,true,1,
7290006707390,false,עוף טוב פרגיות טרי ארוז,עוף טוב (שאן) בעמ,,,"לק""ג",1,,true,1,69.90,69.90,true,1,
7290006707437,false,עוף טוב כנפיים עוף טרי ארוז,עוף טוב (שאן) בעמ,,,"לק""ג",1,,true,1,14.90,14.90,true,1,
7290006730084,false,טרופיל COOL ללא צבעי מאכל אייס פופ,קלית סיטבון בעמ,,,יח,8,יח,false,1,5.90,0.74,true,1,
7290006737878,false,מארז קרטוניה סביבון,לירון קרביץ יבוא שיווק וסחר,,,יח,1,,false,1,6.90,6.90,false,1,
7290006739414,false,סלמי קוניאק 300 גר`,זוגלובק שיווק בעמ,,,יח,3,ל 100 גרם,false,1,28.90,9.63,false,1,
7290006739421,false,סלמי מעושן איטלקי 300 גר`,זוגלובק שיווק בעמ,,,יח,3,יח,false,1,28.90,9.63,false,1,
7290006741363,false,"בורקס תפו,א 800 בדצ זוגלובק",זוגלובק שיווק בעמ,,,יח,8,ל 100 גרם,false,1,13.90,1.74,true,1,
7290006764065,false,נשר מאלט 500 ח.,טמפו משקאות בעמ,,,יח,5,"ל 100 מ""ל",false,1,4.90,0.74,true,1,
7290006764072,false,גולדסטאר חוזר ק,טמפו משקאות בעמ,,,יח,5,"ל 100 מ""ל",false,1,7.80,1.32,false,1,
7290006764485,false,בירה נשר 330 שישייה טמפו*,טמפו משקאות בעמ,,,יח,15,"ל 100 מ""ל",false,1,28.70,1.79,false,1,
7290006764737,false,נשר מאלט דיאט,טמפו משקאות בעמ,,,יח,5,"ל 100 מ""ל",false,1,4.90,0.74,true,1,
7290006775030,false,עוגת שוקוציפס 450ג אחוה*,אחדות בעמ,,,יח,4.50,ל 100 גרם,false,1,9.90,2.20,false,1,
7290006775047,false,עוגת שוקולד 450ג אחוה * ק,אחדות בעמ,,,יח,4.50,ל 100 גרם,false,1,9.90,2.20,false,1,
7290006775085,false,עוגת שמרים שוקולד 400ג אחוה*,אחדות בעמ,,,יח,4,ל 100 גרם,false,1,10.90,2.73,false,1,
7290006775191,false,מאפין ממולא שוקולד 50ג אחוה *,אחדות בעמ,,,יח,0.50,ל 100 גרם,false,1,1.40,2.80,true,1,
7290006775344,false,עוגת שמרים קינמון 400ג אחוה*,אחדות בעמ,,,יח,4,ל 100 גרם,false,1,10.90,2.73,false,1,
7290006775801,false,רוגעלך 400ג אחוה*,אחדות בעמ,,,יח,4,ל 100 גרם,false,1,9.90,2.48,false,1,
7290006784476,false,מסכות 50 יחידות שחור סנט מוריץZZ,קומפלקס בעמ,,,יח,1,,false,1,9.90,9.90,false,1,
7290006788405,false,1רולאון 2 קרליין פ. דיל,החברה הדרומית לשיווק בעמ,,,יח,0.75,ל 100 גרם,false,1,10.90,14.53,false,1,
7290006788412,false,רולאון נושם תכלת פ. דיל,החברה הדרומית לשיווק בעמ,,,יח,0.50,ל 100 גרם,false,1,10.90,21.80,false,1,
7290006788429,false,רולאון נושם כתום פ. דיל,החברה הדרומית לשיווק בעמ,,,יח,0.75,ל 100 גרם,false,1,10.90,14.53,false,1,
7290006788436,false,רולאון נושםן ורוד פ. דיל,החברה הדרומית לשיווק בעמ,,,יח,0.75,ל 100 גרם,false,1,10.90,14.53,false,1,
7290006788481,false,דאו קרליין מס 4,החברה הדרומית לשיווק בעמ,,,יח,2,"ל 100 מ""ל",false,1,10.90,5.45,false,1,
7290006789631,false,קרם לחות ש.רגיל קרליין,החברה הדרומית לשיווק בעמ,,,יח,4,"ל 100 מ""ל",false,1,17.90,4.48,false,1,
7290006805355,false,תערובת לכדורי שוקולד,ליימן שליסל בעמ,,,יח,5,ל 100 גרם,false,1,17.90,3.58,false,1,
7290006805850,false,תערובת להכנת פנקיק,ליימן שליסל בעמ,,,יח,5,ל 100 גרם,false,1,17.90,3.58,false,1,
7290006941022,false,"סכינים ח.פ 100 ""שווה "" *",ווינפאק סחר בעמ,,,יח,100,יח,false,20,8.90,0.09,true,1,
7290006983176,false,לחמית שיפון,קבוצת אוסם סחר שותפות מוגבלת,,,יח,2.30,ל 100 גרם,false,1,8.90,3.87,true,1,
7290006983206,false,פאלאפל קלי קלות,קבוצת אוסם סחר שותפות מוגבלת,,,יח,0.90,ל 100 גרם,false,1,9.90,11,false,1,
7290006983527,false,עוגת הבית תפוח עץ,קבוצת אוסם סחר שותפות מוגבלת,,,יח,4,ל 100 גרם,false,1,14.90,3.73,false,1,
7290006983763,false,עוגת שוקולד הבית 400,קבוצת אוסם סחר שותפות מוגבלת,,,יח,4,ל 100 גרם,false,1,11.90,2.98,false,1,
7290006983770,false,עוגת הבית שיש,קבוצת אוסם סחר שותפות מוגבלת,,,יח,4,ל 100 גרם,false,1,11.90,2.98,false,1,
7290006983787,false,עוגת שוקוצ יפס,קבוצת אוסם סחר שותפות מוגבלת,,,יח,4,ל 100 גרם,false,1,11.90,2.98,false,1,
7290006983794,false,עוגת תפוזים אוסם,קבוצת אוסם סחר שותפות מוגבלת,,,יח,4,ל 100 גרם,false,1,11.90,2.98,false,1,
7290006992161,false,דייסלה קרונפלור ק,קבוצת אוסם סחר שותפות מוגבלת,,,יח,2,ל 100 גרם,false,1,13.90,6.95,false,1,
7290006992185,false,דייסלה אורז,קבוצת אוסם סחר שותפות מוגבלת,,,יח,2,ל 100 גרם,false,1,13.90,6.95,false,1,
7290006992192,false,דייסלה סולת,קבוצת אוסם סחר שותפות מוגבלת,,,יח,2,ל 100 גרם,false,1,13.90,6.95,false,1,
7290006992208,false,ד יסלה דגנים מעורבים,קבוצת אוסם סחר שותפות מוגבלת,,,יח,2,ל 100 גרם,false,1,13.90,6.95,false,1,
7290006992390,false,דייסת מטרנה וניל,קבוצת אוסם סחר שותפות מוגבלת,,,יח,2,ל 100 גרם,false,1,13.90,6.95,false,1,
7290008000826,false,משחת שיניים ברבי,גורי ע.ע.ע בעמ,,,יח,0.50,ל 100 גרם,false,1,10.90,21.80,false,1,
7290008023542,false,CIF FLOOR 4L- JASMINE 2010 6X4KG,"יוניליוור ישראלשיווק בע""מ",,,יח,40,"ל 100 מ""ל",false,1,18.50,0.46,false,1,
7290008101318,false,קריספ פירורי לחם זהוב 300 גר`,א.ל ייצור ושיווק תבלינים בעמ,,,יח,3,ל 100 גרם,false,1,6.90,2.30,true,1,
7290008101356,false,קריספ פאנקו זהוב 300 גר`,א.ל ייצור ושיווק תבלינים בעמ,,,יח,3,ל 100 גרם,false,1,9.90,3.30,true,1,
7290008102469,false,קריספ פירורי לחם זהוב 800 גר`*,א.ל ייצור ושיווק תבלינים בעמ,,,יח,8,ל 100 גרם,false,1,9.90,1.24,false,1,
7290008116565,false,ליסטרין מי פה פרש,שקד תבל בעמ,,,יח,5,"ל 100 מ""ל",false,1,17.90,3.58,true,1,
7290008175173,false,חמאה מיפלנד 200ג.,ג.וילי פוד בעמ,,,יח,2,ל 100 גרם,false,1,14.90,7.45,false,1,
7290008175814,false,"פטריות חתוך 400ג ויליפוד חת""ס*",ג.וילי פוד בעמ,,,יח,4,ל 100 גרם,false,1,4.90,1.23,false,1,
7290008190909,false,מיני קוקיס 600 שוקולד ציפס,כרמית תעשיות ממתקים בעמ,,,יח,6,ל 100 גרם,false,1,15.90,2.65,false,1,
7290008330107,false,BADIN PURPLE 2010 6X4L,"יוניליוור ישראלשיווק בע""מ",,,יח,40,"ל 100 מ""ל",false,1,19.80,0.50,false,1,
7290008333115,false,אבקת ג לין טהור,נטו מילנדה סחר בעמ*,,,יח,0.28,ל 100 גרם,false,1,9.90,35.36,false,1,
7290008345576,false,איקרה ביתית לבנה 300,נטו מילנדה סחר בעמ*,,,יח,3,ל 100 גרם,false,1,18.90,6.30,false,1,
7290008345583,false,איקרה ביתית ורוד 300,נטו מילנדה סחר בעמ*,,,יח,3,ל 100 גרם,false,1,18.90,6.30,false,1,
7290008409049,false,מיני מיני שניצלונים בציפוי שומשום,תנובה ענף ב.ע.ד,,,יח,5,ל 100 גרם,false,1,24.90,4.98,false,1,
7290008409315,false,מיני מיני שניצלונים בציפוי פריך,תנובה ענף ב.ע.ד,,,יח,5,ל 100 גרם,false,1,24.90,4.98,false,1,
7290008409773,false,קציצות עוף ממא עוף,תנובה ענף ב.ע.ד,,,יח,7,ל 100 גרם,false,1,28.90,4.13,false,1,
7290008415071,false,חומוס עם טחינה 150,קבוצת אוסם סחר שותפות מוגבלת,,,יח,1.50,ל 100 גרם,false,1,4.50,3,false,1,
7290008415514,false,חומוס עם חריף 150,קבוצת אוסם סחר שותפות מוגבלת,,,יח,1.50,ל 100 גרם,false,1,4.50,3,false,1,
7290008443616,false,מרכך נקה 7 ש.יבש 750,החברה הדרומית לשיווק בעמ,,,יח,7.50,"ל 100 מ""ל",false,1,10.90,1.45,false,1,
7290008443647,false,מרכך נקה 7 לש.מתולתל 750,החברה הדרומית לשיווק בעמ,,,יח,7.50,"ל 100 מ""ל",false,1,10.90,1.45,false,1,
7290008464024,false,"בירה גולסטאר 500 מ""ל",טמפו משקאות בעמ,,,יח,5,"ל 100 מ""ל",false,1,7.50,1.44,false,1,
7290008464208,false,מכבי 7.9% 330,טמפו משקאות בעמ,,,יח,3.30,לליטר,false,1,6.90,2,false,1,
7290008464345,false,גולסטאר 330 בק,טמפו משקאות בעמ,,,יח,3.30,"ל 100 מ""ל",false,1,5.90,1.70,false,1,
7290008464604,false,הייניקן פחית 500,טמפו משקאות בעמ,,,יח,5,"ל 100 מ""ל",false,1,9.90,1.92,false,1,
7290008464611,false,"סודה טמפו 275 מ""ל",טמפו משקאות בעמ,,,יח,2.75,"ל 100 מ""ל",false,1,3.30,1.09,true,1,
7290008464628,false,סודה ביטר 275,טמפו משקאות בעמ,,,יח,2.75,"ל 100 מ""ל",false,1,3.50,1.16,false,1,
7290008464741,false,בירה גולדסטאר 330 שישייה טמפו,טמפו משקאות בעמ,,,יח,15,"ל 100 מ""ל",false,1,36.90,2.34,true,1,
7290008464796,false,היינקן שישיה 330,טמפו משקאות בעמ,,,יח,6,למארז,false,1,34.90,5.52,true,1,
7290008466660,false,מארז רוגלך מחנה יהודה 500 גר`,הלל בן הלל שיווק וסחר בעמ,,,יח,5,ל 100 גרם,false,1,17.90,3.58,false,1,
7290008466806,false,מארז וניל מחנה יהודה 500 גר`,הלל בן הלל שיווק וסחר בעמ,,,יח,5,ל 100 גרם,false,1,17.90,3.58,false,1,
7290008466813,false,מארז קינמון מחנה יהודה 500 גר`,הלל בן הלל שיווק וסחר בעמ,,,יח,5,ל 100 גרם,false,1,17.90,3.58,false,1,
7290008493413,false,פירורי גריסיני,"דנשר (1963) בע,מ",,,יח,2,ל 100 גרם,false,1,5.90,2.95,false,1,
7290008493710,false,פירורי גריסיני זהב 200 גר,"דנשר (1963) בע,מ",,,יח,2,ל 100 גרם,false,1,5.90,2.95,false,1,
7290008500128,false,עוגת שמרים שוקולד,ג`נרל מילס ישראל בעמ,,,יח,6,ל 100 גרם,false,1,27.90,4.65,true,1,
7290008500142,false,"עוגת שמרים תפו""ע",ג`נרל מילס ישראל בעמ,,,יח,6,ל 100 גרם,false,1,26.90,4.48,true,1,
7290008500159,false,עוגת שמרים גבינה,ג`נרל מילס ישראל בעמ,,,יח,6,ל 100 גרם,false,1,25.90,4.32,true,1,
7290008507059,false,קציצות מרוקאיות חריפות נתח אדום,נתח אדום עוזי ביטון ובניו בעמ,,,יח,7,ל 100 גרם,false,1,29.90,4.27,false,1,
7290008507288,false,"שווארמה הודו מתובל. בד""ץ",נתח אדום עוזי ביטון ובניו בעמ,,,יח,10,ל 100 גרם,false,1,32.90,3.29,false,1,
7290008507301,false,"בריסקט עגל מתובל לתנור. בד""ץ",נתח אדום עוזי ביטון ובניו בעמ,,,"לק""ג",10,ל 100 גרם,true,1,59.90,5.99,false,1,
7290008618632,false,אצבעות אנטריקוט חלק,מאסטרפוד בעמ,,,"לק""ג",10,"לק""ג",true,1,64.90,6.49,false,1,
7290008636650,false,קמח מצה 500 מיה,מיה תעשיות מזון מ.ת.מ בעמ,,,יח,5,ל 100 גרם,false,1,7.90,1.58,true,1,
7290008636919,false,קקאו הולנדי 250ג שקית,מיה תעשיות מזון מ.ת.מ בעמ,,,יח,2.50,ל 100 גרם,false,1,10.90,4.36,false,1,
7290008644112,false,מטבוחה יום יום,שטראוס גרופ בעמ (ח),,,יח,1.25,ל 100 גרם,false,1,4.90,3.92,false,1,
7290008645935,false,חומוס לניגוב 750,שטראוס גרופ בעמ (ח),,,יח,7.50,ל 100 גרם,false,1,9.90,1.32,false,1,
7290008690713,false,נקטר חמוציות,החברה המרכזית להפצת משקאות בע,,,יח,10,"ל 100 מ""ל",false,1,13.90,1.36,false,1,
7290008693134,false,דניאלה תות,שטראוס גרופ בעמ (ח),,,יח,1.50,"ל 100 מ""ל",false,1,3.90,2.60,false,1,
7290008713900,false,שיפון עגול,שלמה א.אנג ל בעמ,,,יח,7.50,ל 100 גרם,false,1,13.90,1.85,false,1,
7290008736015,false,סטייק עין וורד הצלע.,מאסטרפוד בעמ,,,"לק""ג",10,ל 100 גרם,true,1,64.90,6.49,false,1,
7290008745239,false,תפוצ יפס טבעי,שטראוס פריטו ליי בעמ,,,יח,0.55,ל 100 גרם,false,1,3.80,6.91,false,1,
7290008747547,false,תפוצ יפס טבעי 200,שטראוס פריטו ליי בעמ,,,יח,2,ל 100 גרם,false,1,9.90,4.95,true,1,
7290008750264,false,מאסט דובדבן,שטראוס גרופ בעמ,,,יח,0.28,ל 100 גרם,false,1,4,14.29,false,1,
7290008753111,false,תפוצ יפס אקס מקסיקני,שטראוס פריטו ליי בעמ,,,יח,0.50,ל 100 גרם,false,1,3.80,7.60,false,1,
7290008753364,false,דוריטוס גריל 55,שטראוס פריטו ליי בעמ,,,יח,0.55,ל 100 גרם,false,1,2.90,5.27,true,1,
7290008753371,false,דוריטוס נאצו 55,שטראוס פריטו ליי בעמ,,,יח,0.55,ל 100 גרם,false,1,2.90,5.27,true,1,
7290008753388,false,דוריטוס טבעי 55,שטראוס פריטו ליי בעמ,,,יח,0.55,ל 100 גרם,false,1,2.90,5.27,true,1,
7290008757034,false,סודה שוופס 250,יפאורה שותפות מוגבלת לשיווק,,,יח,2.50,"ל 100 מ""ל",false,1,3.20,1.16,true,1,
7290008757072,false,פחית R.C,יפאורה שותפות מוגבלת לשיווק,,,יח,3.30,"ל 100 מ""ל",false,1,3.90,1.09,true,1,
7290008757980,false,קרטונית ספרינג רימונים,יפאורה שותפות מוגבלת לשיווק,,,יח,10,"ל 100 מ""ל",false,1,7,0.70,true,1,
7290008775816,false,משהו משהו ערגליו שוקו,קבוצת אוסם סחר שותפות מוגבלת,,,יח,3,ל 100 גרם,false,1,10.20,3.40,true,1,
7290008775823,false,משהו משהו ערגליות תות ק,קבוצת אוסם סחר שותפות מוגבלת,,,יח,3,ל 100 גרם,false,1,10.20,3.40,true,1,
7290008801157,false,מרלו סלקטד,אגודת הכורמים בעמ,,,יח,7.50,"ל 100 מ""ל",false,1,29.90,3.95,true,1,
7290008801478,false,יין טופז זהב,אגודת הכורמים בעמ,,,יח,7.50,"ל 100 מ""ל",false,1,18.90,2.48,false,1,
7290008801522,false,קונקורד ה ק. דוד,אגודת הכורמים בעמ,,,יח,1,,false,1,19.90,19.90,false,1,
7290008801546,false,מוסקט מתוק ק. דוד,אגודת הכורמים בעמ,,,יח,7.50,"ל 100 מ""ל",false,1,19.90,2.61,false,1,
7290008802291,false,מרלו P.C,אגודת הכורמים בעמ,,,יח,7.50,"ל 100 מ""ל",false,1,39.90,5.28,true,1,
7290008802512,false,יין אדום וינו,אגודת הכורמים בעמ,,,יח,7.50,"ל 100 מ""ל",false,1,19.90,2.61,false,1,
7290008802529,false,יין וינו לבן,אגודת הכורמים בעמ,,,יח,7.50,"ל 100 מ""ל",false,1,19.90,2.61,false,1,
7290008802895,false,קברנה סובניון P.C,אגודת הכורמים בעמ,,,יח,7.50,"ל 100 מ""ל",false,1,39.90,5.28,true,1,
7290008805520,false,קברנה מרלו סלקטד,אגודת הכורמים בעמ,,,יח,7.50,"ל 100 מ""ל",false,1,29.90,3.95,true,1,
7290008806305,false,שלגון פצפצים,"גלידת שטראוס בע""מ",,,יח,1,,false,1,5.90,5.90,true,1,
7290008806961,false,קרמיסימו עם שביבי שוק,"גלידת שטראוס בע""מ",,,יח,1.33,לליטר,false,1,18.90,14.21,false,1,
7290008815185,false,מאג תרמי ציפוי שעם 0.5 ליטר,אוהב ציון בעמ,,,יח,1,,false,1,14.90,14.90,false,1,
7290008816830,false,קוברה בלנדר מקל,אוהב ציון בעמ,,,יח,1,,false,1,79.90,79.90,false,1,
7290008817776,false,לקיטשן מצנם 2 פרוסות יהלום נחושת,אוהב ציון בעמ,,,יח,1,,false,1,229,229,false,1,
7290008899505,false,בגט ארוך,ג`נרל מילס ישראל בעמ,,,,1,,false,1,4.90,4.90,false,1,
7290008909761,false,קלברג 330 בקבוק,החברה המרכזית להפצת משקאות בע,,,יח,3.30,"ל 100 מ""ל",false,1,7,2.03,false,1,
7290008909853,false,קוקה קולה ZIRO 0.50,החברה המרכזית להפצת משקאות בע,,,יח,5,"ל 100 מ""ל",false,1,7.90,1.52,false,1,
7290008909884,false,קוקה קולה ZERO 330,החברה המרכזית להפצת משקאות בע,,,יח,3.30,"ל 100 מ""ל",false,1,5.90,1.70,false,1,
7290008921374,false,תישבי קברנה סובניון איסטט,יקב תשבי (יקבי הברון בעמ ),,,יח,15,"ל 100 מ""ל",false,1,199.90,13.31,false,1,
7290008975551,false,מטרנה מהדרין שלב 3,קבוצת אוסם סחר שותפות מוגבלת,,,יח,7,ל 100 גרם,false,1,53.90,7.70,false,1,
7290008975780,false,"בונזו בשר 3ק""ג",דיפלומט מפיצים {1968}בעמ,,,יח,30,ל 100 גרם,false,1,49.90,1.66,false,1,
7290008989169,false,אורז תפוח שקית 500ג BD*,בטר אנד דיפרנט בעמ,,,יח,5,ל 100 גרם,false,1,18.90,3.78,false,1,
7290008989473,false,ממרח חרובים טעם שוקולד *BD,בטר אנד דיפרנט בעמ,,,יח,3.50,ל 100 גרם,false,1,13.50,3.86,false,1,
7290008989602,false,אורז תפוח מלא 450ג BD*,בטר אנד דיפרנט בעמ,,,יח,4.50,ל 100 גרם,false,1,18.90,4.20,false,1,
7290008989671,false,ציפוי עדיף פריך BD,בטר אנד דיפרנט בעמ,,,יח,2,ל 100 גרם,false,1,9.90,4.95,false,1,
7290010002009,false,תערובת לציפוי מאפים מלוחים 130 ג`מימון*,א.ל ייצור ושיווק תבלינים בעמ,,,יח,1,ל 100 גרם,false,1,10.90,10.90,false,1,
7290010002023,false,Indian turmeric powder 100 grm - Maimon,א.ל ייצור ושיווק תבלינים בעמ,,,יח,1,ל 100 גרם,false,1,10.90,10.90,false,1,
7290010002030,false,Cumin 100 grm - Maimon Spices,א.ל ייצור ושיווק תבלינים בעמ,,,יח,1,ל 100 גרם,false,1,10.90,10.90,false,1,
7290010002047,false,200 grm lemon salt - Maimon Spices,א.ל ייצור ושיווק תבלינים בעמ,,,יח,2,ל 100 גרם,false,1,10.90,5.45,false,1,
7290010002061,false,Ground white pepper 100 grm - Maimon Spi,א.ל ייצור ושיווק תבלינים בעמ,,,יח,1,ל 100 גרם,false,1,16.90,16.90,false,1,
7290010002078,false,Ground black pepper 100 grm - Maimon Spi,א.ל ייצור ושיווק תבלינים בעמ,,,יח,1,ל 100 גרם,false,1,14.90,14.90,false,1,
7290010002108,false,Coarsely ground black pepper 90 grm - Ma,א.ל ייצור ושיווק תבלינים בעמ,,,יח,1.20,ל 100 גרם,false,1,14.90,12.42,false,1,
7290010002146,false,Moroccan sweet paprika 100 grm - Maimon,א.ל ייצור ושיווק תבלינים בעמ,,,יח,1,ל 100 גרם,false,1,10.90,10.90,false,1,
7290010002283,false,Grilled spice 100 grm - Maimon Spices,א.ל ייצור ושיווק תבלינים בעמ,,,יח,1,ל 100 גרם,false,1,10.90,10.90,false,1,
7290010002306,false,100 grm cutlet seasoning - Maimon Spices,א.ל ייצור ושיווק תבלינים בעמ,,,יח,1,ל 100 גרם,false,1,10.90,10.90,false,1,
7290010002313,false,Ras Al Shop 100 grm - Maimon Spices,א.ל ייצור ושיווק תבלינים בעמ,,,יח,1,ל 100 גרם,false,1,10.90,10.90,false,1,
7290010002320,false,Grill chicken seasoning 100 grm - Maimon,א.ל ייצור ושיווק תבלינים בעמ,,,יח,1,ל 100 גרם,false,1,10.90,10.90,false,1,
7290010002368,false,Soup mix Hwig` 100 grm - Maimon Spices,א.ל ייצור ושיווק תבלינים בעמ,,,יח,1,ל 100 גרם,false,1,10.90,10.90,false,1,
7290010002382,false,Oregano 40 grm - Maimon Spices,א.ל ייצור ושיווק תבלינים בעמ,,,יח,0.40,ל 100 גרם,false,1,9.50,23.75,false,1,
7290010002399,false,Basil -40 grm - Maimon Spices,א.ל ייצור ושיווק תבלינים בעמ,,,יח,0.50,ל 100 גרם,false,1,9.50,19,false,1,
7290010002436,false,Parsley 25 grm - Maimon Spices,א.ל ייצור ושיווק תבלינים בעמ,,,יח,0.25,ל 100 גרם,false,1,10.90,43.60,false,1,
7290010002481,false,100 grm minced garlic - Maimon Spices,א.ל ייצור ושיווק תבלינים בעמ,,,יח,1,ל 100 גרם,false,1,14.90,14.90,false,1,
7290010002726,false,Fergie seasoning 100 grm - Maimon Spices,א.ל ייצור ושיווק תבלינים בעמ,,,יח,1,ל 100 גרם,false,1,10.90,10.90,false,1,
7290010003051,false,Sweet Hungarian paprika 400 grm - Maimon,א.ל ייצור ושיווק תבלינים בעמ,,,יח,4,ל 100 גרם,false,1,23.90,5.98,false,1,
7290010003709,false,Ground black pepper 50 grm bag - Maimon,א.ל ייצור ושיווק תבלינים בעמ,,,יח,0.50,ל 100 גרם,false,1,7.90,15.80,false,1,
7290010003754,false,Ground cumin 50 grm bag - Maimon Spices,א.ל ייצור ושיווק תבלינים בעמ,,,יח,0.80,ל 100 גרם,false,1,5.90,7.38,false,1,
7290010003761,false,Turmeric powder 80 grm bag - Maimon Spic,א.ל ייצור ושיווק תבלינים בעמ,,,יח,8,ל 100 גרם,false,1,5.90,0.74,false,1,
7290010003778,false,Grill chicken seasoning 80 grm bag new -,א.ל ייצור ושיווק תבלינים בעמ,,,יח,8,ל 100 גרם,false,1,5.90,0.74,false,1,
7290010003839,false,Ground cinnamon 80 grm bag - Maimon Spic,א.ל ייצור ושיווק תבלינים בעמ,,,יח,0.80,ל 100 גרם,false,1,5.90,7.38,false,1,
7290010003990,false,20 grm bag parsley - Maimon Spices,א.ל ייצור ושיווק תבלינים בעמ,,,יח,2,ל 100 גרם,false,1,5.90,2.95,false,1,
7290010065295,false,פרינוק מחית תפוח בננה,גורי מוצרי צריכה 1991 בעמ,,,יח,1.30,ל 100 גרם,false,1,5.90,4.54,false,1,
7290010065301,false,פרינוק מחית סלט פירות,גורי מוצרי צריכה 1991 בעמ,,,יח,1.30,ל 100 גרם,false,1,5.90,4.54,false,1,
7290010065332,false,פרינוק גוניור תפןח בננה,גורי מוצרי צריכה 1991 בעמ,,,יח,1.90,ל 100 גרם,false,1,6.60,3.47,true,1,
7290010065349,false,פרינוק גוניור סלט פירות,גורי מוצרי צריכה 1991 בעמ,,,יח,1.90,ל 100 גרם,false,1,6.90,3.63,true,1,
7290010065745,false,פרינוק טעם פירות,גורי מוצרי צריכה 1991 בעמ,,,יח,1.90,ל 100 גרם,false,1,6.60,3.47,true,1,
7290010066001,false,"טונה 1 ק""ג פילטונה *",תעשיות פיל טונה בעמ,,,יח,1,"לק""ג",false,1,32.90,32.90,false,1,
7290010066025,false,טונה בשמן 160ג בודד פילטונה,תעשיות פיל טונה בעמ,,,יח,1.70,ל 100 גרם,false,1,5.90,3.47,false,1,
7290010066087,false,טונה בשמן זית 160ג פילטונה,תעשיות פיל טונה בעמ,,,יח,1.70,ל 100 גרם,false,1,6.90,4.06,false,1,
7290010116980,false,שוקולית 850 גר שקית,שטראוס גרופ בעמ,,,יח,8.50,ל 100 גרם,false,1,17.90,2.11,true,1,
7290010117857,false,דוריטוס חמוץ חריף,שטראוס פריטו ליי בעמ,,,יח,0.55,ל 100 גרם,false,1,2.90,5.27,true,1,
7290010118328,false,מארז תפוצ יפס 6,שטראוס פריטו ליי בעמ,,,יח,2.40,ל 100 גרם,false,1,12.50,5.21,false,1,
7290010119950,false,דוריטוס חמוץ חריף,שטראוס פריטו ליי בעמ,,,יח,0.55,ל 100 גרם,false,1,2.90,5.27,true,1,
7290010129003,false,אוזניות 600 ק.,קיראי סחר והשקע,,,יח,6,ל 100 גרם,false,1,16.90,2.82,false,1,
7290010129027,false,עוג מרוקאי 600,קיראי סחר והשקע,,,יח,6,ל 100 גרם,false,1,16.90,2.82,false,1,
7290010129324,false,עוג מעמול 600,קיראי סחר והשקע,,,יח,6,ל 100 גרם,false,1,16.90,2.82,false,1,
7290010129553,false,עוגיות רולדה תמרים קראי,קיראי סחר והשקע,,,יח,6,ל 100 גרם,false,1,16.90,2.82,false,1,
7290010129676,false,עוגיות ר`יפאת מרוקאי 350 דגן,שיבולים ייצור מוצרי מאפה בעמ,,,יח,3.50,ל 100 גרם,false,1,13.90,3.97,false,1,
7290010153510,false,בורגול 500 ג מיה,מיה תעשיות מזון מ.ת.מ בעמ,,,יח,5,ל 100 גרם,false,1,3.90,0.78,true,1,
7290010153770,false,ציפוי לשניצל פיקנטי מיה,מיה תעשיות מזון מ.ת.מ בעמ,,,יח,5,ל 100 גרם,false,1,7.90,1.58,true,1,
7290010153787,false,ציפוי לשניצל עם שום מיה,מיה תעשיות מזון מ.ת.מ בעמ,,,יח,5,ל 100 גרם,false,1,7.90,1.58,true,1,
7290010153794,false,ציפוי לשניצל ע.תיבול מיה,מיה תעשיות מזון מ.ת.מ בעמ,,,יח,5,ל 100 גרם,false,1,7.90,1.58,true,1,
7290010153800,false,ציפוי לשניצל תיבול עדין מיה,מיה תעשיות מזון מ.ת.מ בעמ,,,יח,5,ל 100 גרם,false,1,7.90,1.58,true,1,
7290010153817,false,"ריבת חלב 400 בד""צ מיהג.",מיה תעשיות מזון מ.ת.מ בעמ,,,יח,4,ל 100 גרם,false,1,9.90,2.48,true,1,
7290010153879,false,ריבת חלב שמנג מיה,מיה תעשיות מזון מ.ת.מ בעמ,,,יח,4,ל 100 גרם,false,1,10,2.50,true,1,
7290010154005,false,סחוג תימני 250,נטו מילנדה סחר בעמ*,,,יח,2.50,ל 100 גרם,false,1,13.50,5.40,false,1,
7290010154012,false,לימון כבוש 250,נטו מילנדה סחר בעמ*,,,יח,2.50,ל 100 גרם,false,1,13.50,5.40,false,1,
7290010154029,false,אריסה מתוקה ביטון,נטו מילנדה סחר בעמ*,,,יח,2.50,ל 100 גרם,false,1,13.50,5.40,false,1,
7290010154036,false,עמבה ביטון 250,נטו מילנדה סחר בעמ*,,,יח,2.50,ל 100 גרם,false,1,13.50,5.40,false,1,
7290010154050,false,ממרח שיפקה כבוש ביטון,נטו מילנדה סחר בעמ*,,,יח,2.50,ל 100 גרם,false,1,13.50,5.40,false,1,
7290010154265,false,פלפל וצ ומה 250 ביטון,נטו מילנדה סחר בעמ*,,,יח,2.50,ל 100 גרם,false,1,13.50,5.40,false,1,
7290010154418,false,סחוג אדום 130 גר`יוחאי,נטו מילנדה סחר בעמ*,,,יח,1.30,ל 100 גרם,false,1,9.90,7.62,false,1,
7290010154425,false,סחוג ירוק 130 גר`יוחאי,נטו מילנדה סחר בעמ*,,,יח,1.30,ל 100 גרם,false,1,9.90,7.62,false,1,
7290010154548,false,ממרח שום טבעי 235 גר`,נטו מילנדה סחר בעמ*,,,יח,2.35,ל 100 גרם,false,1,13.90,5.91,false,1,
7290010154678,false,אריסה מרוקאית 250 ג,נטו מילנדה סחר בעמ*,,,יח,2.50,ל 100 גרם,false,1,13.50,5.40,false,1,
7290010154685,false,שום כתוש 250,נטו מילנדה סחר בעמ*,,,יח,2.50,ל 100 גרם,false,1,13.50,5.40,false,1,
7290010154692,false,סחוג תימני 250,נטו מילנדה סחר בעמ*,,,יח,2.50,ל 100 גרם,false,1,13.50,5.40,false,1,
7290010237548,false,פפסי מקס 500,טמפו משקאות בעמ,,,יח,5,"ל 100 מ""ל",false,1,4.90,0.92,true,1,
7290010237593,false,בירה נשר מאלט 330,טמפו משקאות בעמ,,,יח,3.30,"ל 100 מ""ל",false,1,4.80,1.36,false,1,
7290010237685,false,הייניקן 330,טמפו משקאות בעמ,,,יח,3.30,"ל 100 מ""ל",false,1,9,2.64,false,1,
7290010237784,false,מכבי שנדי לימון ליים 330 שישיה,טמפו משקאות בעמ,,,יח,1.98,לליטר,false,1,33.90,16.21,true,1,
7290010237890,false,בירה הייניקן חוזר,טמפו משקאות בעמ,,,יח,5,"ל 100 מ""ל",false,1,8.50,1.46,false,1,
7290010259823,false,מנת השף עם נודלס עוף ויליפוד Z,ג.וילי פוד בעמ,,,יח,0.70,ל 100 גרם,false,1,5.90,8.43,false,1,
7290010259830,false,מנת השף עם נודלס סיני פיקנטי ויליפודZZ,ג.וילי פוד בעמ,,,יח,0.70,ל 100 גרם,false,1,5.90,8.43,false,1,
7290010259847,false,מנת השף עם נודלס תירס ויליפודZ,ג.וילי פוד בעמ,,,יח,0.70,ל 100 גרם,false,1,5.90,8.43,false,1,
7290010259854,false,מנת השף עם נודלס פטריות ויליפו,ג.וילי פוד בעמ,,,יח,0.70,ל 100 גרם,false,1,5.90,8.43,false,1,
7290010259991,false,צנימים 250 גר,ג.וילי פוד בעמ,,,יח,2.50,ל 100 גרם,false,1,6.90,2.76,false,1,
7290010328093,false,ממרח חלבה 400ג אחוה *,אחדות בעמ,,,יח,4,"ל 100 מ""ל",false,1,9.90,2.48,false,1,
7290010328178,false,חלבה מסולסלת 250ג אחוה*,אחדות בעמ,,,יח,2.50,ל 100 גרם,false,1,11.90,4.76,false,1,
7290010328239,false,טחינה מתובלת 500ג אחווה*,אחדות בעמ,,,יח,5,ל 100 גרם,false,1,11.90,2.38,false,1,
7290010328246,false,טחינה שומשום מלא 500ג אחוה*,אחדות בעמ,,,יח,5,ל 100 גרם,false,1,10.90,2.18,false,1,
7290010328253,false,טחינה גולמית 500ג אחוה*,אחדות בעמ,,,יח,5,ל 100 גרם,false,1,10.90,2.18,false,1,
7290010328468,false,חטיף מיני חלבה 18יח אחוה (12 בקר`)*,אחדות בעמ,,,יח,18,יח,false,1,9.90,0.55,false,1,
7290010328505,false,חטיף מיני חלבה לייט 15יח אחוה (12 בקר,אחדות בעמ,,,יח,1.50,יח,false,1,9.90,6.60,false,1,
7290010471669,false,דנונה בר תות קונפלקס,שטראוס גרופ בעמ (ח),,,יח,1.75,"ל 100 מ""ל",false,1,4.50,2.57,false,1,
7290010472307,false,גמדים לשתיה שמניה,שטראוס גרופ בעמ (ח),,,יח,8,"ל 100 מ""ל",false,1,19.90,2.49,true,1,
7290010472390,false,מארז 8 דני שוקולד,שטראוס גרופ בעמ (ח),,,יח,1,לליטר,false,1,14.90,14.90,false,1,
7290010513703,false,צ`ופסטיקס צפצפה 20 יח`,מזרח ומערב יבוא ושיווק,,,יח,1,יח,false,1,6.90,6.90,false,1,
7290010530120,false,טופו ג`ל מזרק 15 גר`לקטילת נמלים,מדר דוד,,,יח,1,,false,1,78.90,78.90,false,1,
7290010569052,false,גלידה 1.8 פיסטוק שוקו וונ,"גלידת שטראוס בע""מ",,,יח,1.80,לליטר,false,1,22.90,12.72,false,1,
7290010627004,false,טחינה ירושלים 500 גר`,תה ויסוצקי (ישראל)בעמ,,,יח,5,ל 100 גרם,false,1,14.90,2.98,false,1,
7290010650019,false,אנדיב,"בכורי השדה צפון1994 ג.ד. בע""מ",,,יח,1,,false,1,14.90,14.90,false,1,
7290010719020,false,שמן זית 1 ליטר אחיה*,ארץ זית שמן מובחר בעמ,,,יח,10,"ל 100 מ""ל",false,1,47.90,4.79,false,1,
7290010766307,false,רוטב לפסטה בלונז,תה ויסוצקי (ישראל)בעמ,,,יח,4.20,ל 100 גרם,false,1,12.90,3.07,true,1,
7290010777150,false,פיתה בריבוע קמח מלא שובע,גיא שיווק טוב,,,יח,1,יח,false,1,14.90,14.90,false,1,
7290010777242,false,10 פיתות אקספרס,גיא שיווק טוב,,,יח,1,יח,false,1,15.90,15.90,false,1,
7290010777297,false,עשירית פיתות כהן רימון,מאפיית נתיבות 1998 בעמ,,,יח,1,יח,false,1,15.90,15.90,false,1,
7290010777488,false,[פיתות מקמח מלא 100%,גיא שיווק טוב,,,יח,1,יח,false,1,15.90,15.90,false,1,
7290010777525,false,פיתות כוסמין 100% מלא,גיא שיווק טוב,,,יח,1,יח,false,1,16.90,16.90,false,1,
7290010791644,false,בונזו גו`י מקלוני עוף 90 גר`,דיפלומט מפיצים {1968}בעמ,,,יח,0.90,ל 100 גרם,false,1,16.90,18.78,false,1,
7290010814244,false,שוקולד שלישיות מריר ק.,כרמית תעשיות ממתקים בעמ,,,יח,2.55,ל 100 גרם,false,1,10.90,4.27,false,1,
7290010814251,false,שוקולד שלישיות חלב ק.,כרמית תעשיות ממתקים בעמ,,,יח,2.55,ל 100 גרם,false,1,10.90,4.27,false,1,
7290010827640,false,מטליות לחות לניקוי כללי 400יח*,דינמיק תעשיות מגבונים בעמ,,,יח,400,יח,false,1,18.90,0.05,false,1,
7290010838219,false,מרמוליט סטיביה 100 שקיות,"דנשר (1963) בע,מ",,,יח,1,ל 100 גרם,false,1,27.90,27.90,false,1,
7290010903924,false,"שניצל צמחי בד""צ קפוא זן",קפוא זן תעשיות מזון בעמ,,,יח,10,ל 100 גרם,false,1,21.90,2.19,false,1,
7290010903931,false,"כוכבי תירס בד""צ קפוא זן",קפוא זן תעשיות מזון בעמ,,,יח,10,ל 100 גרם,false,1,21.90,2.19,false,1,
7290010931330,false,מטבוחה 575אחלה,שטראוס גרופ בעמ (ח),,,יח,5.75,ל 100 גרם,false,1,13.90,2.42,true,1,
7290010945146,false,קוטג 3% 250 טרה,החברה המרכזית טלהפצת משקאות בע,,,יח,2.50,ל 100 גרם,false,1,5.90,2.36,true,1,
7290010945306,false,חלב קרטון 3%- 2 ליטר טרה,החברה המרכזית טלהפצת משקאות בע,,,יח,20,לליטר,false,1,12.40,0.62,false,1,
7290010945450,false,גבינה לבנה 3% מהדרין ק,החברה המרכזית טלהפצת משקאות בע,,,יח,2.50,ל 100 גרם,false,1,4.98,1.99,false,1,
7290010945481,false,גבינה לבנה 5% 500 גרם,החברה המרכזית טלהפצת משקאות בע,,,יח,5,ל 100 גרם,false,1,9.90,1.98,true,1,
7290011017866,false,קוקה קולה פח 330,החברה המרכזית להפצת משקאות בע,,,יח,3.30,"ל 100 מ""ל",false,1,4.90,1.39,true,1,
7290011017873,false,"קולה זירו 330 מ""ל",החברה המרכזית להפצת משקאות בע,,,יח,3.30,"ל 100 מ""ל",false,1,4.90,1.39,true,1,
7290011018184,false,תה אפרסק 0.5 ליטר FUZE T,החברה המרכזית להפצת משקאות בע,,,יח,5,"ל 100 מ""ל",false,1,6.90,1.32,false,1,
7290011018245,false,תה אפרסק FUZE T 330זכוכית,החברה המרכזית להפצת משקאות בע,,,יח,3.30,"ל 100 מ""ל",false,1,6.50,1.88,false,1,
7290011026066,false,סרקל שמפו+מעצב,"פישר תעשיות פרמצביטות בע""מ",,,יח,10,"ל 100 מ""ל",false,1,28.90,2.89,false,1,
7290011026523,false,קמיל בלו אל סבון קמומיל,"פישר תעשיות פרמצביטות בע""מ",,,יח,5,"ל 100 מ""ל",false,1,19.90,3.98,false,1,
7290011051136,false,סודה שוופס רבעיה,יפאורה שותפות מוגבלת לשיווק,,,יח,60,"ל 100 מ""ל",false,1,11,0.18,false,1,
7290011051358,false,סודה שוופס 250 לימון,יפאורה שותפות מוגבלת לשיווק,,,יח,2.50,"ל 100 מ""ל",false,1,3.60,1.32,true,1,
7290011051525,false,ספריג תה אפרסק 0.5,יפאורה שותפות מוגבלת לשיווק,,,יח,5,"ל 100 מ""ל",false,1,4.90,0.92,false,1,
7290011081492,false,קרמיסימו שלושה שוקולדים,"גלידת שטראוס בע""מ",,,יח,1.33,לליטר,false,1,18.90,14.21,false,1,
7290011115203,false,נקה 7 לילך רבעיה,החברה הדרומית לשיווק בעמ,,,יח,4,ל 100 גרם,false,1,10.90,2.73,false,1,
7290011126452,false,קמומיל ונענע ויסוצקי,תה ויסוצקי (ישראל)בעמ,,,יח,0.3750,ל 100 גרם,false,1,17.90,47.73,false,1,
7290011126469,false,קמומיל ודבש ויסוצקי,תה ויסוצקי (ישראל)בעמ,,,יח,0.3750,ל 100 גרם,false,1,17.90,47.73,false,1,
7290011126957,false,תה ירוק ויסוצקי אל גריי,תה ויסוצקי (ישראל)בעמ,,,יח,0.3750,ל 100 גרם,false,1,22.90,61.07,true,1,
7290011133368,false,מכבי שנדי שישיה תפוח 330,טמפו משקאות בעמ,,,יח,60,למארז,false,1,33.90,0.54,true,1,
7290011133375,false,מכבי שנדי שישיה אפרסק 330,טמפו משקאות בעמ,,,יח,15,"ל 100 מ""ל",false,1,33.90,2.14,true,1,
7290011133634,false,שישית פפסי מקס פחית,טמפו משקאות בעמ,,,יח,6,למארז,false,1,19.90,3.02,true,1,
7290011154035,false,תרכיז תפוחים סחוט,ליימן שליסל בעמ,,,יח,5,ל 100 גרם,false,1,22.90,4.58,false,1,
7290011154301,false,ממרח תמרים 450ג ח.סופר טעמי הגליל*,טעמי הגליל בעמ,,,יח,4.50,ל 100 גרם,false,1,4.90,1.09,false,1,
7290011194215,false,דניאלה בננה,שטראוס גרופ בעמ (ח),,,יח,1.50,"ל 100 מ""ל",false,1,3.90,2.60,false,1,
7290011194246,false,קוטג 5% 250 גרם עם סידן שטראוס,שטראוס גרופ בעמ (ח),,,יח,2.50,ל 100 גרם,false,1,5.90,2.36,false,1,
7290011223205,false,ריבת חלב ארגנטינאית ג.,"דנשר (1963) בע,מ",,,יח,4.54,ל 100 גרם,false,1,14.90,3.28,false,1,
7290011249212,false,וופל בלגי לימון 200ג גילרו*,א.ג גילרו בעמ,,,יח,2,ל 100 גרם,false,1,2.90,1.45,true,1,
7290011249755,false,רולים אגוזים 100ג גילרו*,א.ג גילרו בעמ,,,יח,1,ל 100 גרם,false,1,2.90,2.90,true,1,
7290011254032,false,קינואה 500 ג מיה,מיה תעשיות מזון מ.ת.מ בעמ,,,יח,5,ל 100 גרם,false,1,10.90,2.18,true,1,
7290011254254,false,שוקולד ציפס 300ג מיה,מיה תעשיות מזון מ.ת.מ בעמ,,,יח,3,ל 100 גרם,false,1,7.90,2.63,false,1,
7290011254346,false,"קינואה 1 ק""ג מיה*",מיה תעשיות מזון מ.ת.מ בעמ,,,יח,10,ל 100 גרם,false,1,14.90,1.49,false,1,
7290011254698,false,"שמן זית 750מ""ל בד""צ מיה ק",מיה תעשיות מזון מ.ת.מ בעמ,,,יח,7.50,"ל 100 מ""ל",false,1,27.90,3.72,true,1,
7290011276485,false,חסה סלטינה עגולה,"בכורי השדה צפון1994 ג.ד. בע""מ",,,יח,1,,false,1,5.90,5.90,false,1,
7290011378769,false,חלבה מאגדת 6 יח`וניל,קבוצת אוסם סחר שותפות מוגבלת,,,יח,1.26,ל 100 גרם,false,1,10.90,8.65,false,1,
7290011378776,false,חלבה מאגדת 6 יח`פיסטוק,קבוצת אוסם סחר שותפות מוגבלת,,,יח,1.26,ל 100 גרם,false,1,10.90,8.65,false,1,
7290011379018,false,פטריות מארז זוג,"בכורי השדה צפון1994 ג.ד. בע""מ",,,יח,1,,false,1,14.90,14.90,false,1,
7290011435226,false,דבש לחיץ 650 גר`,שטראוס גרופ בעמ,,,יח,6.50,ל 100 גרם,false,1,36.50,5.62,true,1,
7290011438142,false,"משקה חלב טעם קפה 350 מ""ל יטבתה",שטראוס גרופ בעמ (ח),,,יח,3.50,"ל 100 מ""ל",false,1,6.50,1.86,false,1,
7290011447014,false,דייסת סלט פירות,קבוצת אוסם סחר שותפות מוגבלת,,,יח,2,ל 100 גרם,false,1,13.90,6.95,false,1,
7290011447120,false,מטרנה מהדרין 700 גר,קבוצת אוסם סחר שותפות מוגבלת,,,יח,7,ל 100 גרם,false,1,52.90,7.56,false,1,
7290011447304,false,מטרנה פרימיום שלב 3 700 ק,קבוצת אוסם סחר שותפות מוגבלת,,,יח,7,ל 100 גרם,false,1,54.90,7.84,false,1,
7290011447359,false,מטרנה מהדרין שלב 1,קבוצת אוסם סחר שותפות מוגבלת,,,יח,7,ל 100 גרם,false,1,53.90,7.70,false,1,
7290011447373,false,מטרנה מהדרין 2 700חיסכון,קבוצת אוסם סחר שותפות מוגבלת,,,יח,7,ל 100 גרם,false,1,53.90,7.70,false,1,
7290011480516,false,שמיר יבולי הכפר,"בכורי השדה צפון1994 ג.ד. בע""מ",,,יח,1,,false,1,5.90,5.90,false,1,
7290011480547,false,בצל ירוק יבולי הכפר,"בכורי השדה צפון1994 ג.ד. בע""מ",,,יח,1,,false,1,5.90,5.90,false,1,
7290011488062,false,בצלצלי שאלוט תיבולי הכפר,"בכורי השדה צפון1994 ג.ד. בע""מ",,,יח,1,,false,1,12.90,12.90,false,1,
7290011489595,false,קרקר טופז שומשום 110 גרם הדר*,אפיפית נצרת תעשיות בסקויט,,,יח,1,ל 100 גרם,false,1,2.80,2.80,false,1,
7290011499105,false,בולגרית גביע 5% 250,מחלבות גד שיווק 1992 בעמ,,,יח,2.50,ל 100 גרם,false,1,21.90,8.76,false,1,
7290011499129,false,קוביות בולגרית,מחלבות גד שיווק 1992 בעמ,,,יח,2,ל 100 גרם,false,1,19.90,9.95,false,1,
7290011499303,false,בולגרית מעודנת עיזים %5,מחלבות גד שיווק 1992 בעמ,,,יח,2.50,ל 100 גרם,false,1,29.90,11.96,false,1,
7290011499327,false,בולגרית מעודנת 5% 250,מחלבות גד שיווק 1992 בעמ,,,יח,2.50,ל 100 גרם,false,1,21.90,8.76,false,1,
7290011499365,false,חלומי 200 גר גד,מחלבות גד שיווק 1992 בעמ,,,יח,2,ל 100 גרם,false,1,19.90,9.95,false,1,
7290011499419,false,גבינת שמנת 5% ניו יורק,מחלבות גד שיווק 1992 בעמ,,,יח,2,ל 100 גרם,false,1,11.90,5.95,false,1,
7290011514273,false,מתקן לסבון וואקום ע. הבית,עולם הבית,,,יח,1,,false,1,8.90,8.90,false,1,
7290011518561,false,אקטימל תות מארז משפחתי,שטראוס גרופ בעמ (ח),,,יח,1.40,לליטר,false,1,29.90,21.36,false,1,
7290011524548,false,Hummus 800 expired - Pry Galilee,ויטה-פרי גליל (החדשה) בעמ,,,יח,8,ל 100 גרם,false,1,9.90,1.24,false,1,
7290011524555,false,שעועית לבנה 800 גרם-פרי גליל,ויטה-פרי גליל (החדשה) בעמ,,,יח,8,ל 100 גרם,false,1,9.90,1.24,false,1,
7290011525712,false,קמיל בלו אל סבון 1,"פישר תעשיות פרמצביטות בע""מ",,,יח,10,"ל 100 מ""ל",false,1,29.90,2.99,true,1,
7290011525729,false,קמיל בלו שמפו 1 ליטר,"פישר תעשיות פרמצביטות בע""מ",,,יח,10,"ל 100 מ""ל",false,1,29.90,2.99,true,1,
7290011530358,false,שייק איט שלישיה כתום,בלדי בעמ,,,יח,3,למארז,false,1,29.90,9.97,false,1,
7290011598211,false,אנטי קאלק כללי 4ב-1,החברה הדרומית לשיווק בעמ,,,יח,7,"ל 100 מ""ל",false,1,17.90,2.56,false,1,
7290011607180,false,קולון 1.25 101 כתמים,רקיט בנקיסר (ניר איסט),,,יח,12,ל 100 גרם,false,1,9.90,0.83,false,1,
7290011607197,false,"קולון 5ק""ג 101 כתמים ק",רקיט בנקיסר (ניר איסט),,,יח,5,"לק""ג",false,1,39.90,7.98,false,1,
7290011618124,false,נגיסי אורז טעם ירקות,"דנשר (1963) בע,מ",,,יח,0.50,ל 100 גרם,false,1,13.80,27.60,false,1,
7290011668433,false,שמפו פנינה לשיער צבוע,פנינה רוזנבלום בעמ,,,יח,7.50,"ל 100 מ""ל",false,1,14.90,1.99,true,1,
7290011765392,false,בוב ספוג שמפו,החברה הדרומית לשיווק בעמ,,,יח,7.50,"ל 100 מ""ל",false,1,10.90,1.45,false,1,
7290011765422,false,אל סבון בוב קמומיל,החברה הדרומית לשיווק בעמ,,,יח,7.50,"ל 100 מ""ל",false,1,10.90,1.45,false,1,
7290011800840,false,טחינה בלאדי צבר,קבוצת אוסם סחר שותפות מוגבלת,,,יח,1,,false,1,15.90,15.90,true,1,
7290011860271,false,ביסבול טבעי 700 גר תפוגן,קבוצת אוסם סחר שותפות מוגבלת,,,יח,7,ל 100 גרם,false,1,15.90,2.27,false,1,
7290011877446,false,"קרם לתינוק 100 מ""ל",החברה הדרומית לשיווק בעמ,,,יח,1,ל 100 גרם,false,1,12.90,12.90,false,1,
7290011877835,false,סושי ואקום,החברה הדרומית לשיווק בעמ,,,יח,1,,false,1,25.90,25.90,false,1,
7290011877859,false,סנו אינסטלטור,החברה הדרומית לשיווק בעמ,,,יח,2,"ל 100 מ""ל",false,1,14.90,7.45,false,1,
7290011877866,false,"מקסימה 6 ק""ג מאסק",החברה הדרומית לשיווק בעמ,,,יח,60,ל 100 גרם,false,1,45.90,0.77,false,1,
7290011931162,false,סוכרלייט נוזלי,שטראוס גרופ בעמ,,,יח,2.20,"ל 100 מ""ל",false,1,24.90,11.32,false,1,
7290012022203,false,קליליות חיטה מלאה,דילייט 2005 בעמ,,,יח,1,,false,1,13.90,13.90,false,1,
7290012022227,false,קליליות חיטה בטעם טבעי,דילייט 2005 בעמ,,,יח,1,,false,1,11.90,11.90,false,1,
7290012022272,false,קליליות קידס,דילייט 2005 בעמ,,,יח,1,,false,1,10.90,10.90,false,1,
7290012052309,false,גרנולה תענוג בננה צימוק שקד,כרמית תעשיות ממתקים בעמ,,,יח,10,ל 100 גרם,false,1,23.90,2.39,false,1,
7290012052323,false,גרנולה תענוג מיקס לא קלוי,כרמית תעשיות ממתקים בעמ,,,יח,10,ל 100 גרם,false,1,23.90,2.39,false,1,
7290012117428,false,ק.מן ג`ל רחצה,החברה הדרומית לשיווק בעמ,,,יח,7,"ל 100 מ""ל",false,1,15.90,2.27,false,1,
7290012117435,false,ק.מן ג`ל רחצה אלוורה,החברה הדרומית לשיווק בעמ,,,יח,7,"ל 100 מ""ל",false,1,15.90,2.27,false,1,
7290012139482,false,בג עצם לחוצה מעושנת,דיפלומט מפיצים {1968}בעמ,,,יח,1.40,ל 100 גרם,false,1,21.90,15.64,false,1,
7290012139567,false,בג בסקויט עוף בונזו,דיפלומט מפיצים {1968}בעמ,,,יח,0.90,ל 100 גרם,false,1,16.90,18.78,false,1,
7290012227974,false,פסטרמה בדבש 200 גר`,זוגלובק שיווק בעמ,,,יח,2,יח,false,1,13.90,6.95,true,1,
7290012227981,false,פסטרמה ברבקיו 200 גר`,זוגלובק שיווק בעמ,,,יח,2,יח,false,1,13.90,6.95,true,1,
7290012228766,false,קבנוס בהכשר מחפוד 120 גרם,זוגלובק שיווק בעמ,,,יח,1.20,ל 100 גרם,false,1,10.90,9.08,false,1,
7290012295836,false,חסה לילק,"בכורי השדה צפון1994 ג.ד. בע""מ",,,יח,1,,false,1,10.90,10.90,false,1,
7290012313073,false,מיקס חרוזית A2 יבנה,קבוצת יבנה מוצרי מזון,,,יח,5.40,ל 100 גרם,false,1,11.90,2.20,true,1,
7290012313240,false,מיקס זיתים ירוק קלמנטה,קבוצת יבנה מוצרי מזון,,,יח,3.40,ל 100 גרם,false,1,10.90,3.21,false,1,
7290012404184,false,"פרוטי לימון 330 מ""ל",יפאורה שותפות מוגבלת לשיווק,,,יח,3.30,"ל 100 מ""ל",false,1,5.90,1.70,false,1,
7290012413643,false,תה ירוק קמומיל ויסוצקי,תה ויסוצקי (ישראל)בעמ,,,יח,0.3750,ל 100 גרם,false,1,22.90,61.07,true,1,
7290012483011,false,"פולי סויה קופאים 1 ק""ג וילי פוד",ג.וילי פוד בעמ,,,יח,10,ל 100 גרם,false,1,16.90,1.69,false,1,
7290012483608,false,"אורז בסמטי מובחר 5 ק""ג",ג.וילי פוד בעמ,,,יח,5,"לק""ג",false,1,54.90,10.98,false,1,
7290012557491,false,שקית הפתעה בינונית,לירון קרביץ יבוא שיווק וסחר,,,יח,1,ל 100 גרם,false,1,6.90,6.90,false,1,
7290012557569,false,צנצנת מסטיק גולים,לירון קרביץ יבוא שיווק וסחר,,,יח,1.80,ל 100 גרם,false,1,9.90,5.50,false,1,
7290012557576,false,צנצנת מסטיק צ`קלט,לירון קרביץ יבוא שיווק וסחר,,,יח,2.50,ל 100 גרם,false,1,12.90,5.16,false,1,
7290012557873,false,צנצנת ג`ולים ענק 180 גר,לירון קרביץ יבוא שיווק וסחר,,,יח,1.80,ל 100 גרם,false,1,9.90,5.50,false,1,
7290012557903,false,ריבת חלב המקורית 375 גר`,לירון קרביץ יבוא שיווק וסחר,,,יח,3.75,ל 100 גרם,false,1,12.90,3.44,false,1,
7290012803451,false,טוסו שוקולד מריר,"דנשר (1963) בע,מ",,,יח,1,ל 100 גרם,false,1,12.90,12.90,true,1,
7290012803772,false,טוסו מר`שוקולד חלב,"דנשר (1963) בע,מ",,,יח,1,ל 100 גרם,false,1,9.90,9.90,true,1,
7290012864001,false,נבטי חמניה טרי,"בכורי השדה צפון1994 ג.ד. בע""מ",,,יח,1,,false,1,7.90,7.90,false,1,
7290012884986,false,"ציפס לתנור תפוגן 1.5 ק""ג",קבוצת אוסם סחר שותפות מוגבלת,,,יח,1.50,"לק""ג",false,1,24.90,16.60,false,1,
7290012938740,false,"סנסודיין פרש מינט 75 מ""ל",גורי ע.ע.ע בעמ,,,יח,0.75,ל 100 גרם,false,1,21.90,29.20,true,1,
7290012969195,false,תבניות ארוז 90 R2 עשיריה,אופל אריזות בעמ,,,יח,1,יח,false,1,8.90,8.90,false,1,
7290013027368,false,זוג לחמניות,שלמה א.אנג ל בעמ,,,יח,1,,false,1,3.60,3.60,false,1,
7290013121035,false,לחם פשתן 500 גר`,גורי ע.ע.ע בעמ,,,יח,5,ל 100 גרם,false,1,19.90,3.98,false,1,
7290013144232,false,French vanilla pudding 80 grm - Maimon`s,א.ל ייצור ושיווק תבלינים בעמ,,,יח,0.85,ל 100 גרם,false,1,4.90,5.76,true,1,
7290013144751,false,סירופ בטעם מייפל 500ג מימונס *,א.ל ייצור ושיווק תבלינים בעמ,,,יח,5,ל 100 גרם,false,1,13.90,2.78,true,1,
7290013144768,false,סירופ בטעם שוקו 500ג מימונס *,א.ל ייצור ושיווק תבלינים בעמ,,,יח,5,ל 100 גרם,false,1,12.90,2.58,true,1,
7290013145277,false,Mille-feuille - Maimon`s,א.ל ייצור ושיווק תבלינים בעמ,,,יח,3,ל 100 גרם,false,1,15.90,5.30,false,1,
7290013145628,false,Colored candies for decoration 200 grm -,א.ל ייצור ושיווק תבלינים בעמ,,,יח,2,ל 100 גרם,false,1,8.90,4.45,false,1,
7290013145956,false,Vacuum dry yeast 500 grams - Maimon`s,א.ל ייצור ושיווק תבלינים בעמ,,,יח,5,ל 100 גרם,false,1,12.90,2.58,false,1,
7290013145963,false,125 grams of dry yeast - Maimon`s,א.ל ייצור ושיווק תבלינים בעמ,,,יח,1.25,ל 100 גרם,false,1,5.50,4.40,false,1,
7290013146083,false,Halva stuffing 400 grm - Maimon`s,א.ל ייצור ושיווק תבלינים בעמ,,,יח,4,ל 100 גרם,false,1,13.90,3.48,false,1,
7290013146199,false,Nougat cream - Maimon`s,א.ל ייצור ושיווק תבלינים בעמ,,,יח,3.50,ל 100 גרם,false,1,12.90,3.69,true,1,
7290013146403,false,סירופ בטעם קרמל מלוח*,א.ל ייצור ושיווק תבלינים בעמ,,,יח,5,ל 100 גרם,false,1,16.90,3.38,false,1,
7290013146656,false,כוכבים לקישוט 60 גרם מימונס*,א.ל ייצור ושיווק תבלינים בעמ,,,יח,0.60,ל 100 גרם,false,1,10.90,18.17,true,1,
7290013146670,false,לבבות לקישוט 60 גרם מימונס*,א.ל ייצור ושיווק תבלינים בעמ,,,יח,6,ל 100 גרם,false,1,11.90,1.98,true,1,
7290013146724,false,Irish Cream extract 50 grm - Maimon`s,א.ל ייצור ושיווק תבלינים בעמ,,,יח,3.50,ל 100 גרם,false,1,17.90,5.11,true,1,
7290013153418,false,סחוט לימונענע 1 ליטר,החברה המרכזית טלהפצת משקאות בע,,,יח,1,לליטר,false,1,17.90,17.90,true,1,
7290013156006,false,עוגיות מרוקאיות,הלל בן הלל שיווק וסחר בעמ,,,יח,3.50,יח,false,1,16.90,4.83,false,1,
7290013156228,false,עוגיות מרנג אקלר,הלל בן הלל שיווק וסחר בעמ,,,יח,1,ל 100 גרם,false,1,19.90,19.90,false,1,
7290013156822,false,עוגיות רייף אקלר,הלל בן הלל שיווק וסחר בעמ,,,יח,3.50,ל 100 גרם,false,1,16.90,4.83,false,1,
7290013156846,false,עוגיות מלוחןת גאקובס,הלל בן הלל שיווק וסחר בעמ,,,יח,3.50,ל 100 גרם,false,1,16.90,4.83,false,1,
7290013156914,false,עוגיות כעך טונסאי,הלל בן הלל שיווק וסחר בעמ,,,יח,3.50,ל 100 גרם,false,1,16.90,4.83,false,1,
7290013156921,false,עוגיות מרוקאיות ללא סוכר,הלל בן הלל שיווק וסחר בעמ,,,יח,3.50,ל 100 גרם,false,1,16.90,4.83,false,1,
7290013203083,false,פטל אדום,"בכורי השדה צפון1994 ג.ד. בע""מ",,,יח,1,,false,1,28.90,28.90,false,1,
7290013215017,false,פטריות דואט זוג,"בכורי השדה צפון1994 ג.ד. בע""מ",,,יח,1,,false,1,14.90,14.90,false,1,
7290013268242,false,ריצפז פרש מלון בוטיק,החברה הדרומית לשיווק בעמ,,,יח,20,"ל 100 מ""ל",false,1,19.90,1,false,1,
7290013268914,false,מקסימה סמארט ג`ל כביסה,החברה הדרומית לשיווק בעמ,,,יח,3,לליטר,false,1,34.90,11.63,false,1,
7290013268983,false,מרכך מקסימה סופר מרוכז,החברה הדרומית לשיווק בעמ,,,יח,10,"ל 100 מ""ל",false,1,17.90,1.79,false,1,
7290013269621,false,ריצפז פרש מלון בוטיק,החברה הדרומית לשיווק בעמ,,,יח,20,"ל 100 מ""ל",false,1,19.90,1,false,1,
7290013269652,false,נוזל רצפות פורצלן 2 ליטר,החברה הדרומית לשיווק בעמ,,,יח,2,לליטר,false,1,19.90,9.95,false,1,
7290013269669,false,ריצפז פנטזיה 3 ל,החברה הדרומית לשיווק בעמ,,,יח,3,לליטר,false,1,12.90,4.30,false,1,
7290013269751,false,מטלית ריצפז פרש,החברה הדרומית לשיווק בעמ,,,יח,1,,false,1,11.90,11.90,false,1,
7290013284310,false,רוטב פסטה לילדים 240 ג פריניר*,פריניר (הדס )1987בעמ,,,יח,2.40,ל 100 גרם,false,1,5.50,2.29,false,1,
7290013284662,false,רוטב פיצה פיתה 240ג פריניר*,פריניר (הדס )1987בעמ,,,יח,2.40,ל 100 גרם,false,1,5.50,2.29,false,1,
7290013358417,false,מנה אסייאתי רוטב טריאקי,ש.שסטוביץ בעמ,,,יח,3,"ל 100 מ""ל",false,1,14.50,4.83,false,1,
7290013358486,false,פירורי לחם ללא צורך בביצה,ש.שסטוביץ בעמ,,,יח,3,ל 100 גרם,false,1,7.90,2.63,false,1,
7290013358585,false,מנה אסייאתי נודלס ביצים להקפצה,ש.שסטוביץ בעמ,,,יח,4,"ל 100 מ""ל",false,1,9.30,2.33,true,1,
7290013453624,false,עוגיות קמח שקדים שוקולדציפס,י.איטליאנו אחזקות בעמ,,,יח,2.30,ל 100 גרם,false,1,25.90,11.26,false,1,
7290013453655,false,"עוגיות""דני וגלית""קוקוס ואגוזי לוז 23",י.איטליאנו אחזקות בעמ,,,יח,2.30,ל 100 גרם,false,1,25.90,11.26,false,1,
7290013492005,false,תפוח אדמה בייבי למיקרוגל,"בכורי השדה צפון1994 ג.ד. בע""מ",,,יח,7,ל 100 גרם,false,1,8.90,1.27,false,1,
7290013525260,false,טחינה מיוחדת 160 גר`,סלטי שמיר 2006 בעמ,,,יח,1.60,ל 100 גרם,false,1,5.90,3.69,false,1,
7290013525789,false,אריסה מרוקאית 150 גר`,סלטי שמיר 2006 בעמ,,,יח,1.50,ל 100 גרם,false,1,9.90,6.60,false,1,
7290013525819,false,שום כתוש 150 ג`,סלטי שמיר 2006 בעמ,,,יח,1.50,ל 100 גרם,false,1,9.90,6.60,false,1,
7290013531582,false,זיתים ירוקים מגולענים שלישיה יכין,זנלכל בעמ,,,יח,6,ל 100 גרם,false,1,13.90,2.32,false,1,
7290013531759,false,שעועית אפויה במים 2A יכין,זנלכל בעמ,,,יח,6,ל 100 גרם,false,1,8.90,1.48,false,1,
7290013585233,false,"ספרייט זירו פחית סליק 330 מ""ל",החברה המרכזית להפצת משקאות בע,,,יח,3.30,"ל 100 מ""ל",false,1,4.90,1.39,true,1,
7290013585387,false,קולה קולה 1 זירו ליטר,החברה המרכזית להפצת משקאות בע,,,יח,10,"ל 100 מ""ל",false,1,7.50,0.72,true,1,
7290013585394,false,קולה קולה 1 ליטר,החברה המרכזית להפצת משקאות בע,,,יח,10,"ל 100 מ""ל",false,1,7.50,0.72,true,1,
7290013608260,false,מיץ רימונים סחוט 100%,שטראוס גרופ בעמ (ח),,,יח,1,"ל 100 מ""ל",false,1,21.90,21.90,false,1,
7290013652171,false,שלשית מגבונים להסרת איפור,"פישר תעשיות פרמצביטות בע""מ",,,יח,1,,false,1,29.90,29.90,false,1,
7290013675194,false,שניצל אמיתי מללא גלוטן מאמא עוף,תנובה ענף ב.ע.ד,,,יח,7,ל 100 גרם,false,1,34.90,4.99,false,1,
7290013675545,false,שניצל כלי תחבורה מאמא עוף גרם 700,תנובה ענף ב.ע.ד,,,יח,0.70,ל 100 גרם,false,1,35.90,51.29,false,1,
7290013677648,false,שמן זית למאור 1ל מיה,מיה תעשיות מזון מ.ת.מ בעמ,,,יח,10,"ל 100 מ""ל",false,1,15.90,1.59,false,1,
7290013702036,false,שוופס מים טעמים אפרסק,יפאורה שותפות מוגבלת לשיווק,,,יח,0.50,"ל 100 מ""ל",false,1,4.90,9.20,true,1,
7290013702050,false,שוופס מים טעמים ענבים,יפאורה שותפות מוגבלת לשיווק,,,יח,0.50,"ל 100 מ""ל",false,1,4.90,9.20,true,1,
7290013702883,false,שוופס לימונייד 0.5 פינק,יפאורה שותפות מוגבלת לשיווק,,,יח,5,"ל 100 מ""ל",false,1,4.90,0.92,true,1,
7290013847492,false,"סאטרקיסט במים 140ג שישיות בד""ץ*",דיפלומט מפיצים #,,,יח,1.40,ל 100 גרם,false,1,29.90,21.36,false,1,
7290013848345,false,מגבוניםפ שלישיה 99.9%,החברה הדרומית לשיווק בעמ,,,יח,1,,false,1,19.90,19.90,false,1,
7290013848581,false,מגבת נייר גליל ענק,החברה הדרומית לשיווק בעמ,,,יח,1,,false,1,12.90,12.90,false,1,
7290013848611,false,רדיד אלומניום 61 מ`,החברה הדרומית לשיווק בעמ,,,יח,1,,false,1,39.90,39.90,false,1,
7290013848758,false,ג`ל כביסה ביבי 3 ליטר,החברה הדרומית לשיווק בעמ,,,יח,3,לליטר,false,1,34.90,11.63,false,1,
7290013906052,false,נקנקיות פרגיות,תנובה ענף ב.ע.ד,,,ל 100 גרם,3,ל 100 גרם,false,1,12.90,4.30,false,1,
7290013906694,false,"נקנקיות עוף 1.5 ק""ג ט. צבי",תנובה ענף ב.ע.ד,,,יח,15,ל 100 גרם,false,1,33.90,2.26,false,1,
7290013906700,false,"נקנקיות עוף 1.5 ק""ג מחפוד ט. צבי",תנובה ענף ב.ע.ד,,,"לק""ג",15,ל 100 גרם,true,1,29.90,1.99,false,1,
7290013906991,false,סלמי מהדרין 400 גר`,תנובה ענף ב.ע.ד,,,יח,4,ל 100 גרם,false,1,19.90,4.98,false,1,
7290014002197,false,חליטת גן קסום לימונית וקמומיל,תה ויסוצקי (ישראל)בעמ,,,יח,0.75,ל 100 גרם,false,1,17.90,23.87,false,1,
7290014002203,false,חליטת גן קסום לימונית ולואיזה,תה ויסוצקי (ישראל)בעמ,,,יח,0.75,ל 100 גרם,false,1,17.90,23.87,false,1,
7290014002944,false,הגן הקסום חליטת פירות וצמחים,תה ויסוצקי (ישראל)בעמ,,,יח,0.50,ל 100 גרם,false,1,17.90,35.80,false,1,
7290014046016,false,פסטרמה הודו 100% טבעית 250 גר`יחיעם,מעדני יחיעם (1993) בעמ,,,ל 100 גרם,2.50,ל 100 גרם,false,1,24.90,9.96,false,1,
7290014046030,false,מוס כבד עוף 140 גר`,מעדני יחיעם (1993) בעמ,,,יח,1.40,ל 100 גרם,false,1,14.90,10.64,false,1,
7290014046580,false,פסטרמה מעודנת 300,מעדני יחיעם (1993) בעמ,,,יח,3.60,ל 100 גרם,false,1,19.90,5.53,false,1,
7290014046757,false,סלמי תה 300 גר`,מעדני יחיעם (1993) בעמ,,,יח,3,ל 100 גרם,false,1,19.90,6.63,true,1,
7290014059436,false,סנסודין שיקום והגנה ק,גורי ע.ע.ע בעמ,,,יח,75,"ל 100 מ""ל",false,1,25.90,0.35,true,1,
7290014066359,false,קפסולות אספפרסו בלנסד,ש.שסטוביץ בעמ,,,יח,0.50,ל 100 גרם,false,1,15.90,31.80,true,1,
7290014066366,false,קפסולות אספפרסו ריסטרטו,ש.שסטוביץ בעמ,,,יח,0.50,ל 100 גרם,false,1,15.90,31.80,true,1,
7290014066373,false,קפסולות אספפרסו קלאסיק,ש.שסטוביץ בעמ,,,יח,0.50,ל 100 גרם,false,1,15.90,31.80,true,1,
7290014066380,false,קפסולות אספפרסו סופרימו,ש.שסטוביץ בעמ,,,יח,0.50,ל 100 גרם,false,1,15.90,31.80,true,1,
7290014066441,false,קפסולות אספפרסו נטול קפאין,ש.שסטוביץ בעמ,,,יח,0.50,ל 100 גרם,false,1,15.90,31.80,true,1,
7290014066533,false,קפסולות אספפרסו קלייה כפולה,ש.שסטוביץ בעמ,,,יח,0.50,ל 100 גרם,false,1,15.90,31.80,true,1,
7290014083813,false,שיפרוטים מעושנים בשמן,ג.וילי פוד בעמ,,,יח,1.60,ל 100 גרם,false,1,7.90,4.94,false,1,
7290014204027,false,שמפו פנינה יומי,פנינה רוזנבלום בעמ,,,יח,7.50,"ל 100 מ""ל",false,1,14.90,1.99,true,1,
7290014204034,false,מרכך פנינה יומי,פנינה רוזנבלום בעמ,,,יח,7.50,"ל 100 מ""ל",false,1,14.90,1.99,true,1,
7290014204560,false,סבון שלישיה,פנינה רוזנבלום בעמ,,,יח,5,לליטר,false,1,10.90,2.18,true,1,
7290014205000,false,disposable plastic 21cm round plate,בנדע אגשח בעמ,,,יח,50,יח,false,1,12.90,0.26,true,1,
7290014205017,false,"צלחת קטנה לבן 50 יח ""שווה"" *",אריזות מדף פלזית אגשח בעמ,,,יח,50,יח,false,1,8.90,0.18,true,1,
7290014205024,false,disposable plastic 165mm oval casserolle,בנדע אגשח בעמ,,,יח,25,יח,false,1,4.90,0.20,true,1,
7290014205031,false,"לפתניה לבן 25 יח ""שווה"" *",בנדע אגשח בעמ,,,יח,1,יח,false,1,3.90,3.90,true,1,
7290014205048,false,disposable plastic 17 cm soup plate 25,אריזות מדף פלזית אגשח בעמ,,,יח,25,יח,false,1,8.90,0.36,true,1,
7290014205055,false,disposable plastic 21cm deep plate 30,בנדע אגשח בעמ,,,יח,1,יח,false,1,12.90,12.90,true,1,
7290014205062,false,disposable plastic 180cc celar cup,אריזות מדף פלזית אגשח בעמ,,,יח,1,יח,false,1,7.90,7.90,true,1,
7290014205116,false,disposable plastic 180cc celar cup,סאם פלסטיק,,,יח,1,יח,false,25,13.90,13.90,false,1,
7290014205130,false,"צלחת גדול צבעוני 25 יח ""שווה "" *",בנדע אגשח בעמ,,,יח,1,יח,false,1,10.90,10.90,true,1,
7290014205147,false,"צלחת קטן צבעוני 25 יח ""שווה"" *",בנדע אגשח בעמ,,,יח,1,יח,false,1,7.90,7.90,true,1,
7290014205154,false,disposable plastic 165mm oval casserolle,בנדע אגשח בעמ,,,יח,1,יח,false,1,5.90,5.90,true,1,
7290014205161,false,disposable plastic 12.5 cm compote plate,בנדע אגשח בעמ,,,יח,1,יח,false,1,4.90,4.90,true,1,
7290014205178,false,disposable plastic 17cm soup plate 25,בנדע אגשח בעמ,,,יח,1,יח,false,1,7.90,7.90,true,1,
7290014205185,false,"צלחת ענק צבעוני 25 יח ""שווה "" *",בנדע אגשח בעמ,,,יח,1,יח,false,1,16.90,16.90,true,1,
7290014205208,false,"סכינים צבעוני""שווה"" *50 *",ווינפאק סחר בעמ,,,יח,1,יח,false,1,9.90,9.90,true,1,
7290014205215,false,"כפות צבעוני""שווה"" *50 *",ווינפאק סחר בעמ,,,יח,1,יח,false,1,9.90,9.90,true,1,
7290014205413,false,מגש מחולק 4 תאים שווה* שווה *,ווינפאק סחר בעמ,,,יח,1,יח,false,1,6.90,6.90,false,1,
7290014205598,false,"פחם למנגל 2ק""ג ח. כהן*",י.ד יבוא קל בעמ,,,יח,2,"לק""ג",false,1,13.90,6.95,false,1,
7290014205642,false,נפנף למנגל שווה *,GG.M ENTERPRISE,,,יח,1,יח,false,1,4,4,false,1,
7290014205659,false,"לבבות דקל שלם 400ג ""שווה"" *",I.A.E INDUSTRIA,,,יח,4,ל 100 גרם,false,1,9.90,2.48,true,1,
7290014205666,false,"לבבות דקל חתוך 400ג ""שווה"" *",I.A.E INDUSTRIA,,,יח,4,ל 100 גרם,false,24,8.90,2.23,false,1,
7290014205697,false,אננס חתוך 565 גר` A2 שווה * (24 בקרטו,TAKERNG PINEAPPLE INDUSTRIAL,,,יח,6,ל 100 גרם,false,24,6.90,1.15,true,1,
7290014205796,false,"שקיות מזון זוג בקופסה 150*2 יח ""שווה""*",ווינפאק סחר בעמ,,,יח,2,יח,false,20,13.90,6.95,true,1,
7290014205826,false,שקיות 52/65 שרוך 50 יח` שווה*,ווינפאק סחר בעמ,,,יח,1,יח,false,1,12.90,12.90,true,1,
7290014205840,false,שקיות 52/65 שרוך 20 יח` שווה*,ווינפאק סחר בעמ,,,יח,1,יח,false,1,6.90,6.90,true,1,
7290014206267,false,מפיות מוטבעות 15יח 3 שכבות שווה*,ווינפאק סחר בעמ,,,יח,15,יח,false,12,5.90,0.39,true,1,
7290014206281,false,מדליק פחם ראש גפרור שווה (30 בדיספליי),י.ד יבוא קל בעמ,,,יח,0,יח,false,1,4.90,4.90,false,1,
7290014206410,false,מארז זוג חלונות 2 ל`משאבה+מילוי שווה*,ווינפאק סחר בעמ,,,יח,2,לליטר,false,6,13.90,6.95,false,1,
7290014206489,false,מפת שולחן אלבד מוטבעת שווה*,ווינפאק סחר בעמ,,,יח,1,יח,false,24,7.90,7.90,true,1,
7290014206496,false,גליל מוטבע אל בד 15 מטר שווה*,ווינפאק סחר בעמ,,,יח,15,למטר,false,5,31.90,2.13,false,1,
7290014206502,false,"שקיות אוכל בשקית 200 יח""שווה"" *",ווינפאק סחר בעמ,,,יח,200,יח,false,1,3.50,0.02,false,1,
7290014206519,false,"שקיות הקפאה בשקית 200 יח ""שווה"" *",ווינפאק סחר בעמ,,,יח,200,יח,false,40,6.90,0.03,true,1,
7290014206533,false,מפת פלנל עם גומי הקפי שווה *,ווינפאק סחר בעמ,,,יח,1,יח,false,1,15.90,15.90,true,1,
7290014206748,false,"צלחת בינוני ""חושן"" 10 יח שווה ZZ",ווינפאק סחר בעמ,,,יח,10,למארז,false,12,10.90,1.09,true,1,
7290014206779,false,"מרקיה ""חושן"" 10 יח שווה ZZ",ווינפאק סחר בעמ,,,יח,10,למארז,false,12,13.90,1.39,true,1,
7290014206786,false,"לפתניה ""חושן"" 10 יח שווה *",ווינפאק סחר בעמ,,,יח,10,למארז,false,12,7.90,0.79,false,1,
7290014206885,false,אנשובי ארוך פח בשמן חמניות שווה*,רוברטו פוד בעמ,,,יח,0.46,,false,1,4.90,10.65,false,1,
7290014218321,false,בורקס יפו גבינה 600 גרם מעדנות,תנובה ענף ב.ע.ד,,,ל 100 גרם,6,ל 100 גרם,false,1,17.90,2.98,false,1,
7290014218338,false,"בורקס יפו תפו""א 600 גרם מעדנות",תנובה ענף ב.ע.ד,,,ל 100 גרם,6,ל 100 גרם,false,1,16.90,2.82,false,1,
7290014218932,false,חטיפי פיצה בתוספת זיתים 710 גרם מעדנות,תנובה ענף ב.ע.ד,,,יח,7.10,ל 100 גרם,false,1,27.90,3.93,true,1,
7290014256620,false,קריניאנו יין אדום,אגודת הכורמים בעמ,,,יח,7.50,"ל 100 מ""ל",false,1,27.90,3.68,true,1,
7290014256637,false,מוסקוטו יאנג סלקטד,אגודת הכורמים בעמ,,,יח,7.50,"ל 100 מ""ל",false,1,27.90,3.68,true,1,
7290014258716,false,מטרנה צמחית,קבוצת אוסם סחר שותפות מוגבלת,,,יח,7,ל 100 גרם,false,1,49.90,7.13,false,1,
7290014258723,false,מטרנה צמחית 0-12 חודשים,קבוצת אוסם סחר שותפות מוגבלת,,,יח,7,ל 100 גרם,false,1,59.90,8.56,false,1,
7290014258730,false,מטרנה צמחית מגיל שנה,קבוצת אוסם סחר שותפות מוגבלת,,,יח,7,ל 100 גרם,false,1,59.90,8.56,false,1,
7290014288058,false,tealight 50 pcs/bag,LITBRIGHT CANDLE CO LTD,,,יח,50,יח,false,1,8.90,0.18,false,1,
7290014288119,false,"ממרקות מתכת 4 יח ""שווה"" *",HUBEI G YOUNG CO LTD,,,יח,1,למארז,false,1,4.90,4.90,false,1,
7290014288331,false,נודלס HOT CUP טעם עוף 60ג שווה*,רוברטו פוד בעמ,,,יח,1,יח,false,1,3.90,3.90,true,1,
7290014288355,false,נודלס HOT CUP טעם בקר 60ג שווה*,רוברטו פוד בעמ,,,יח,1,יח,false,1,3.90,3.90,true,1,
7290014288461,false,2day memorial candle,LITBRIGHT CANDLE CO LTD,,,יח,1,יח,false,1,1.90,1.90,true,1,
7290014288584,false,נייר אפיה 50 יחידות איכותי שווה*,אופל אריזות בעמ,,,יח,1,למארז,false,1,7.90,7.90,false,1,
7290014288614,false,"רדיד אלומ` כוכבים 30מטר 30 ס""מ שווה*",אופל אריזות בעמ,,,יח,1,יח,false,1,16.90,16.90,true,1,
7290014288621,false,רדיד אלומיניום כוכבים ארוך 30/45 שווה*,אופל אריזות בעמ,,,יח,1,יח,false,1,24.90,24.90,false,1,
7290014288683,false,disposable plastic 33mm big oval plate,סאם פלסטיק,,,יח,20,יח,false,1,17.90,0.90,false,1,
7290014288706,false,קערת סלט ענקית צבעוני 10 יח` שווה*,בנדע אגשח בעמ,,,יח,10,יח,false,1,9.90,0.99,true,1,
7290014288720,false,disposable plastic 180cc celar cup,ווינפאק סחר בעמ,,,יח,1,יח,false,1,7.90,7.90,false,1,
7290014288737,false,disposable plastic 285cc maroccan 40,סאם פלסטיק,,,יח,1,יח,false,1,11.90,11.90,true,1,
7290014288980,false,נייר טישו חמישיה (10 יח בקרטון) שווה*,ווינפאק סחר בעמ,,,יח,1,למארז,false,1,9.90,9.90,true,1,
7290014325036,false,סוכריות ג`לי שמחה,מיה תעשיות מזון מ.ת.מ בעמ,,,יח,6,ל 100 גרם,false,1,11,1.83,false,1,
7290014325043,false,"פודינג וניל 1 ק""ג",מיה תעשיות מזון מ.ת.מ בעמ,,,יח,10,ל 100 גרם,false,1,14.90,1.49,true,1,
7290014325050,false,קורנפלור 500 גר` מיה ג.,מיה תעשיות מזון מ.ת.מ בעמ,,,יח,5,ל 100 גרם,false,1,5.90,1.18,true,1,
7290014356061,false,"פסטה ספגטי 500 ג""שדות"" * (20 בקר`)",האחים אגא (א.מ)שיווק בעמ,,,יח,5,ל 100 גרם,false,1,3.90,0.78,true,1,
7290014356078,false,"פסטה פנה 500 ג""שדות"" * (20 בקר`)",האחים אגא (א.מ)שיווק בעמ,,,יח,5,ל 100 גרם,false,1,3.90,0.78,true,1,
7290014356085,false,"פסטה מסולסלת 500 ג""שדות"" (20 בקרטון)",האחים אגא (א.מ)שיווק בעמ,,,יח,5,ל 100 גרם,false,1,3.90,0.78,true,1,
7290014356535,false,"פסטה פרפרים 500 ג""שדות"" (20 בקרטון)",האחים אגא (א.מ)שיווק בעמ,,,יח,5,ל 100 גרם,false,1,3.90,0.78,true,1,
7290014397453,false,אוקסיג`ן כביסה לבנה 3 ליטר,החברה הדרומית לשיווק בעמ,,,יח,3,לליטר,false,1,26.90,8.97,false,1,
7290014397514,false,פרש הום כותנה מלטפת,החברה הדרומית לשיווק בעמ,,,יח,3.50,ל 100 גרם,false,1,10.90,3.11,false,1,
7290014397675,false,מקסימה מרכך 4 ליטר כתום,החברה הדרומית לשיווק בעמ,,,יח,40,לליטר,false,1,21.90,0.55,false,1,
7290014397767,false,ריצפז פ. הום כותנה 2 ליטר ק,החברה הדרומית לשיווק בעמ,,,יח,20,"ל 100 מ""ל",false,1,19.90,1,false,1,
7290014397781,false,ריצפז פ. סבון 2 ליטר,החברה הדרומית לשיווק בעמ,,,יח,2,לליטר,false,1,19.90,9.95,false,1,
7290014397873,false,מרכך כביסה סנו מקסימה..,החברה הדרומית לשיווק בעמ,,,יח,40,"ל 100 מ""ל",false,1,21.90,0.55,false,1,
7290014435803,false,מטיאס הולנדי עם בצל ושמן,סלטי שמיר 2006 בעמ,,,יח,2,ל 100 גרם,false,1,18.90,9.45,false,1,
7290014435834,false,מקרל מעושן פרוס בשמן 190 גר`,סלטי שמיר 2006 בעמ,,,יח,1.90,ל 100 גרם,false,1,24.90,13.11,false,1,
7290014455245,false,גרנה פדנו משולש 200 גר` גד.,מחלבות גד שיווק 1992 בעמ,,,יח,2,ל 100 גרם,false,1,23.90,11.95,false,1,
7290014455252,false,גרנה פדנו מגורד 100 גרם גד.,מחלבות גד שיווק 1992 בעמ,,,יח,10,ל 100 גרם,false,1,10.90,1.09,false,1,
7290014455320,false,כדור מוצרלה פרסקה,מחלבות גד שיווק 1992 בעמ,,,יח,1,ל 100 גרם,false,1,13.90,13.90,false,1,
7290014459137,false,"סטייק צ`יפס 1.5 ק""ג",קבוצת אוסם סחר שותפות מוגבלת,,,יח,15,ל 100 גרם,false,1,23.90,1.59,false,1,
7290014459373,false,"צ`יפס קראנצ`לתנור תפוגן 1.5 ק""ג",קבוצת אוסם סחר שותפות מוגבלת,,,יח,1.50,"לק""ג",false,1,23.90,15.93,false,1,
7290014459472,false,"ציפס קלאסי תפוגן 2 ק""ג",קבוצת אוסם סחר שותפות מוגבלת,,,יח,20,ל 100 גרם,false,1,24.90,1.25,false,1,
7290014459632,false,"תפוגן צי פס 1.5 ק""ג",קבוצת אוסם סחר שותפות מוגבלת,,,יח,1.50,"לק""ג",false,1,15.90,10.60,false,1,
7290014466463,false,יין הר חרמון מוסקטו *2018,היכל היין שקד גולן בעמ,,,יח,7.50,"ל 100 מ""ל",false,1,31.90,4.21,true,1,
7290014466609,false,יין גמלא מרלו עברית 2018*,היכל היין שקד גולן בעמ,,,יח,0,יח,false,1,66.60,66.60,true,1,
7290014466890,false,יין גמלא קברנה מרלו עברית 19*,היכל היין שקד גולן בעמ,,,יח,0,יח,false,1,63.90,63.90,true,1,
7290014525290,false,סלים דליס קריספי תות 125 גר`,ש.שסטוביץ בעמ,,,יח,78,ל 100 גרם,false,1,9.90,0.13,false,1,
7290014525306,false,סלים דליס קריספי אוכמניות 125 גר`,ש.שסטוביץ בעמ,,,יח,1.25,ל 100 גרם,false,1,9.90,7.92,false,1,
7290014555709,false,שמפו ומרכך נובו,סאסטאק אגשח בעמ,,,יח,7,"ל 100 מ""ל",false,1,7.90,1.13,false,1,
7290014603028,false,שלגון סולרו תות,"גלידת שטראוס בע""מ",,,יח,0.76,ל 100 גרם,false,1,6.90,9.08,true,1,
7290014673045,false,Basil -40 grm - Maimon Spices,א.ל ייצור ושיווק תבלינים בעמ,,,יח,1,ל 100 גרם,false,1,9.90,9.90,false,1,
7290014673106,false,Basil -40 grm - Maimon Spices,א.ל ייצור ושיווק תבלינים בעמ,,,יח,4,ל 100 גרם,false,1,22.90,5.73,false,1,
7290014674004,false,קריספ פירורי לחם שומשום 300 גר`,א.ל ייצור ושיווק תבלינים בעמ,,,יח,3,ל 100 גרם,false,1,7.90,2.63,true,1,
7290014692299,false,גבינת ברי 125 גר`,ג.וילי פוד בעמ,,,יח,1.25,ל 100 גרם,false,1,14.90,11.92,false,1,
7290014692541,false,צהובה מגורדת גולדן 500 דר`,ג.וילי פוד בעמ,,,יח,5,ל 100 גרם,false,1,19.90,3.98,false,1,
7290014692749,false,שמן זית מעולה 750 ויליפוד,ג.וילי פוד בעמ,,,יח,7.50,"ל 100 מ""ל",false,1,32.90,4.39,false,1,
7290014748613,false,דג טוב מקלוני דגים בציפוי צ`יפס אסם,קבוצת אוסם סחר שותפות מוגבלת,,,יח,6,ל 100 גרם,false,1,28.90,4.82,false,1,
7290014749764,false,שניצל עוף ביתי עדין כזה ע.ט,קבוצת אוסם סחר שותפות מוגבלת,,,יח,7,ל 100 גרם,false,1,44.90,6.41,true,1,
7290014758681,false,קוטג 1% 250 גר תנובה,תנובה -חלב,,,יח,2.50,ל 100 גרם,false,1,5.50,2.20,false,1,
7290014759084,false,נפולאון מופחת שומן,תנובה -חלב,,,יח,2.25,ל 100 גרם,false,1,12.90,5.73,false,1,
7290014760448,false,גלבוע 400 גר`,תנובה -חלב,,,יח,1,,false,1,23.90,23.90,false,1,
7290014761018,false,גיל טעם וניל,תנובה -חלב,,,יח,1.25,"ל 100 מ""ל",false,1,1.40,1.12,false,1,
7290014761056,false,מעדן YOLO שוקולד חלב מעולה,תנובה -חלב,,,יח,1.23,ל 100 גרם,false,1,4.20,3.41,false,1,
7290014761063,false,מעדן YOLO שוקולד מריר מעולה,תנובה -חלב,,,יח,1.23,ל 100 גרם,false,1,4.20,3.41,false,1,
7290014761070,false,מעדן YOLO שוקולד לבן מעולה,תנובה -חלב,,,יח,1.23,ל 100 גרם,false,1,4.20,3.41,false,1,
7290014761193,false,פרילי פירות יער,תנובה -חלב,,,יח,5,"ל 100 מ""ל",false,1,3.40,0.68,false,1,
7290014761414,false,מעדן YOLO שוקולד שכבות שוקולד חלב ל,תנובה -חלב,,,יח,1.23,ל 100 גרם,false,1,4.20,3.41,false,1,
7290014761438,false,בולגרית 24% פיראוס,תנובה -חלב,,,יח,4,ל 100 גרם,false,1,25.90,6.48,false,1,
7290014761698,false,"גבינת עמק סמי מעדניה בד""צ 600 גרם",תנובה -חלב,,,ל 100 גרם,6,ל 100 גרם,false,1,31,5.17,false,1,
7290014762756,false,נפולאון 16% בצל,תנובה -חלב,,,יח,2.25,ל 100 גרם,false,1,12.90,5.73,false,1,
7290014762831,false,נפולאון,תנובה -חלב,,,יח,2.25,ל 100 גרם,false,1,12.90,5.73,false,1,
7290014762909,false,פתיתי מוצרלה 200,תנובה -חלב,,,יח,2,ל 100 גרם,false,1,15.90,7.95,false,1,
7290014763418,false,יוגורט כד 4% 1.5 ליטר,תנובה -חלב,,,יח,4,לליטר,false,1,16.90,4.23,false,1,
7290014789913,false,|מארז אוראו לשלישיה וניל,דיפלומט מפיצים {1968}בעמ,,,יח,5.28,ל 100 גרם,false,1,21.90,4.15,false,1,
7290014791572,false,"שוופס מוגז ענבים 330 מ""ל",יפאורה שותפות מוגבלת לשיווק,,,יח,3.30,"ל 100 מ""ל",false,1,5.90,1.70,false,1,
7290014791725,false,שוופס תפוחים 0.5,יפאורה שותפות מוגבלת לשיווק,,,יח,5,"ל 100 מ""ל",false,1,4.90,0.92,true,1,
7290014855434,false,מגבונים בייביסיטר רביעיה,שקד תבל בעמ,,,יח,1,,false,1,16.90,16.90,true,1,
7290014855458,false,בייביסטר פרפורמנס 72 ללא בישום,שקד תבל בעמ,,,יח,1,,false,1,16.90,16.90,true,1,
7290014860155,false,מחצלת במבו שטוחה 24X24,מזרח ומערב יבוא ושיווק,,,יח,1,יח,false,1,12.90,12.90,false,1,
7290014860247,false,שביבי אורז ללא גלוטן,מזרח ומערב יבוא ושיווק,,,יח,4.54,"ל 100 מ""ל",false,1,8.90,1.96,false,1,
7290014901247,false,"שמפו סטייל 750 מ""ל",גורי ע.ע.ע בעמ,,,יח,7.50,ל 100 גרם,false,1,24.90,3.32,false,1,
7290014901254,false,"מרכך סטייל 750 מ""ל ק",גורי ע.ע.ע בעמ,,,יח,7.50,ל 100 גרם,false,1,24.90,3.32,false,1,
7290014901261,false,"מסיכה סטייל 500 מ""ל",גורי ע.ע.ע בעמ,,,יח,5,ל 100 גרם,false,1,27.90,5.58,false,1,
7290014940901,false,פשוט מלא אנג`ל,שלמה א.אנג ל בעמ,,,יח,7.50,ל 100 גרם,false,1,15.90,2.12,false,1,
7290015012386,false,עיתון משפחה-,תפוצה פתרונות שיווק בעמ,,,יח,1,,false,1,20.90,20.90,false,1,
7290015014168,false,עלי בייבי בוסתן,"בכורי השדה צפון1994 ג.ד. בע""מ",,,יח,1,,false,1,8.90,8.90,false,1,
7290015014182,false,לבבות חסה ירוק,"בכורי השדה צפון1994 ג.ד. בע""מ",,,יח,1,,false,1,8.90,8.90,false,1,
7290015014274,false,צנונית ארוזה ירון,"בכורי השדה צפון1994 ג.ד. בע""מ",,,יח,1,,false,1,4.90,4.90,false,1,
7290015014465,false,רוזמרין,"בכורי השדה צפון1994 ג.ד. בע""מ",,,יח,1,,false,1,3.90,3.90,false,1,
7290015014472,false,טימין,"בכורי השדה צפון1994 ג.ד. בע""מ",,,יח,1,,false,1,3.90,3.90,false,1,
7290015027021,false,.עוגת קראנץ ברליס,הלל בן הלל שיווק וסחר בעמ,,,יח,1,ל 100 גרם,false,1,21.90,21.90,false,1,
7290015037655,false,כרובית קפוא חסלט,יעל ירק עלים לשיווק בעמ,,,יח,6,יח,false,1,29.90,4.98,false,1,
7290015037664,false,ברוקולי קפוא חסלט,יעל ירק עלים לשיווק בעמ,,,יח,6,יח,false,1,29.90,4.98,false,1,
7290015039246,false,טונה בשמן 160ג *4 ויליפוד,ג.וילי פוד בעמ,,,יח,6.40,ל 100 גרם,false,1,21.90,3.42,true,1,
7290015039338,false,טונה במים 160ג *4 ויליפוד*,ג.וילי פוד בעמ,,,יח,6.40,ל 100 גרם,false,1,21.90,3.42,false,1,
7290015039499,false,"עוגיות איטלקיות מובחרות 1 ק""ג",ג.וילי פוד בעמ,,,יח,10,ל 100 גרם,false,1,9.90,0.99,false,1,
7290015139267,false,אגו שוקולד מריר עם שקדים אורז ל.ס,כרמית תעשיות ממתקים בעמ,,,יח,85,ל 100 גרם,false,1,5.90,0.07,false,1,
7290015150118,false,גרנד איטליה עגבניות חתוכות דק,תה ויסוצקי (ישראל)בעמ,,,יח,3,למארז,false,1,16.90,5.63,false,1,
7290015155823,false,פאוץ` פרינוק תפוח 120 גר`,גורי מוצרי צריכה 1991 בעמ,,,יח,1.30,ל 100 גרם,false,1,5.90,4.54,true,1,
7290015155892,false,חטיפטף בטעם בננות,גורי מוצרי צריכה 1991 בעמ,,,יח,0.30,ל 100 גרם,false,1,6.90,23,false,1,
7290015156776,false,פאוץ פרינוק פירות טרופיים,גורי מוצרי צריכה 1991 בעמ,,,יח,0.12,ל 100 גרם,false,1,5.90,49.17,true,1,
7290015156790,false,פאוץ פרינוק לפתן טרופיים,גורי מוצרי צריכה 1991 בעמ,,,יח,0.12,ל 100 גרם,false,1,5.90,49.17,true,1,
7290015178198,false,ממרח חצילים שרופים,תנובה -חלב,,,יח,1.80,ל 100 גרם,false,1,11.90,6.61,false,1,
7290015282000,false,איקרה אדומה 200 גרק,סלטי שמיר 2006 בעמ,,,יח,2,ל 100 גרם,false,1,14.90,7.45,false,1,
7290015282390,false,סלט תורכי 200 גר`,סלטי שמיר 2006 בעמ,,,יח,2,ל 100 גרם,false,1,9.90,4.95,true,1,
7290015282581,false,חומוס אבו גוש עם חריף 200 גר``,סלטי שמיר 2006 בעמ,,,יח,2,ל 100 גרם,false,1,9.90,4.95,true,1,
7290015282598,false,חומוס מסעדות 200 גר`,סלטי שמיר 2006 בעמ,,,יח,2,ל 100 גרם,false,1,9.90,4.95,true,1,
7290015282604,false,טחינה מיוחדת 200 גר`,סלטי שמיר 2006 בעמ,,,יח,2,ל 100 גרם,false,1,9.90,4.95,true,1,
7290015282628,false,חציל טעם כבד 200 ר`,סלטי שמיר 2006 בעמ,,,יח,2,ל 100 גרם,false,1,9.90,4.95,true,1,
7290015282635,false,חומוס מסבחה 200 גר`,סלטי שמיר 2006 בעמ,,,יח,2,ל 100 גרם,false,1,9.90,4.95,true,1,
7290015282642,false,חומוס אבו גוש 200 גר`,סלטי שמיר 2006 בעמ,,,יח,2,ל 100 גרם,false,1,9.90,4.95,true,1,
7290015282673,false,חציל במיונז ביתי 200 גר`,סלטי שמיר 2006 בעמ,,,יח,2,ל 100 גרם,false,1,9.90,4.95,true,1,
7290015282680,false,קישוא בטעם כבד 200 גר`,סלטי שמיר 2006 בעמ,,,יח,2,ל 100 גרם,false,1,9.90,4.95,true,1,
7290015282697,false,כרוב אדום 200 גר`,סלטי שמיר 2006 בעמ,,,יח,2,ל 100 גרם,false,1,9.90,4.95,true,1,
7290015282710,false,קוביות סלק 200 גר`,סלטי שמיר 2006 בעמ,,,יח,2,ל 100 גרם,false,1,9.90,4.95,true,1,
7290015282727,false,גזר מרוקאי ברוטב פינקנטי 200 גר`,סלטי שמיר 2006 בעמ,,,יח,2,ל 100 גרם,false,1,9.90,4.95,true,1,
7290015282734,false,מטבוחה ביתית 200 גר`,סלטי שמיר 2006 בעמ,,,יח,2,ל 100 גרם,false,1,9.90,4.95,true,1,
7290015282741,false,חציל תיאלנדי 200 גר`,סלטי שמיר 2006 בעמ,,,יח,2,ל 100 גרם,false,1,9.90,4.95,true,1,
7290015282796,false,תפוחי אדמה 200 גר`,סלטי שמיר 2006 בעמ,,,יח,2,ל 100 גרם,false,1,9.90,4.95,true,1,
7290015328029,false,מארז קרטוניה חנוכיה,לירון קרביץ יבוא שיווק וסחר,,,יח,1,,false,1,6.90,6.90,false,1,
7290015347273,false,נטיפי שוקולד 250 גר`,מיה תעשיות מזון מ.ת.מ בעמ,,,יח,2.50,"ל 100 מ""ל",false,1,7.90,3.16,false,1,
7290015347358,false,סודה לשתיה 50 גר`,מיה תעשיות מזון מ.ת.מ בעמ,,,יח,0.50,ל 100 גרם,false,1,2.20,4.40,false,1,
7290015347464,false,קינואה מעורבת 400 גר` מיה,מיה תעשיות מזון מ.ת.מ בעמ,,,יח,4,ל 100 גרם,false,1,10.90,2.73,true,1,
7290015347525,false,צ`יפס בטטה עם שום ורוזמרין,מיה תעשיות מזון מ.ת.מ בעמ,,,יח,0.80,ל 100 גרם,false,1,7.90,9.88,true,1,
7290015348423,false,מיץ ענבים סגל משפחות 1 ליטר,טמפו משקאות בעמ,,,יח,1,לליטר,false,1,12.90,12.90,false,1,
7290015350150,false,ייןסגל אדום חצי יבש,טמפו משקאות בעמ,,,יח,7.50,"ל 100 מ""ל",false,1,21.90,2.88,true,1,
7290015366663,false,אקוה פרש עדין 100מל,גורי ע.ע.ע בעמ,,,יח,1,ל 100 גרם,false,1,6.90,6.90,true,1,
7290015596817,false,"קרם גוף בשמן קוקוס ד""ר פישר","פישר תעשיות פרמצביטות בע""מ",,,יח,4.50,"ל 100 מ""ל",false,1,24.90,5.53,true,1,
7290015597210,false,מאגדת טילון קורנטו,"גלידת שטראוס בע""מ",,,יח,1,,false,1,36.90,36.90,false,1,
7290015597326,false,אקסימו מאגדת קלי קלות,"גלידת שטראוס בע""מ",,,יח,1,,false,1,24.90,24.90,false,1,
7290015603188,false,אטריותבצים 3 454 גר`,מזרח ומערב יבוא ושיווק,,,יח,4,"ל 100 מ""ל",false,1,10.90,2.73,true,1,
7290015603201,false,אטריותמחיטה מלאה 454גר`,מזרח ומערב יבוא ושיווק,,,יח,4,"ל 100 מ""ל",false,1,10.90,2.73,true,1,
7290015603232,false,אטריות עם דלעת,מזרח ומערב יבוא ושיווק,,,יח,4.54,ל 100 גרם,false,1,10.90,2.40,true,1,
7290015603522,false,"נוזל אגוזי קוקוס 400 מ""ל",מזרח ומערב יבוא ושיווק,,,יח,4,ל 100 גרם,false,1,7.90,1.98,true,1,
7290015733120,false,מטרנה גולד שלב 1 700 גר`,קבוצת אוסם סחר שותפות מוגבלת,,,יח,7,ל 100 גרם,false,1,69.90,9.99,false,1,
7290015733144,false,מטרנה גולד שלב 2 700 גר`,קבוצת אוסם סחר שותפות מוגבלת,,,יח,7,ל 100 גרם,false,1,69.90,9.99,false,1,
7290015733205,false,מטרנה אקסטרא קר מהדרין שלב 1,קבוצת אוסם סחר שותפות מוגבלת,,,יח,7,ל 100 גרם,false,1,56.90,8.13,false,1,
7290015733229,false,מטרנה אקסטרא קר מהדרין שלב 2,קבוצת אוסם סחר שותפות מוגבלת,,,יח,7,ל 100 גרם,false,1,56.90,8.13,false,1,
7290015733243,false,מטרנה אקסטרא קר מהדרין שלב 3,קבוצת אוסם סחר שותפות מוגבלת,,,יח,7,ל 100 גרם,false,1,56.90,8.13,false,1,
7290015733427,false,מטרנה דייסת גם וגם וניל פרו,קבוצת אוסם סחר שותפות מוגבלת,,,יח,3,ל 100 גרם,false,1,20.90,6.97,false,1,
7290015733441,false,מטרנה דייסת גם וגם דגנים פרו,קבוצת אוסם סחר שותפות מוגבלת,,,יח,3,ל 100 גרם,false,1,20.90,6.97,false,1,
7290015733465,false,מטרנה דייסת גם וגם קרנפ פרו,קבוצת אוסם סחר שותפות מוגבלת,,,יח,3,ל 100 גרם,false,1,20.90,6.97,false,1,
7290015733977,false,מטרנה אקסטרא קר קומפוקט,קבוצת אוסם סחר שותפות מוגבלת,,,יח,7,ל 100 גרם,false,1,59.90,8.56,false,1,
7290015781015,false,יין מלבק VISION אפרת,יקב טפרברג 1870,,,יח,7.50,"ל 100 מ""ל",false,1,39.90,5.28,true,1,
7290015781091,false,קברנה סובניון VISION אפרת,יקב טפרברג 1870,,,יח,7.50,"ל 100 מ""ל",false,1,39.90,5.28,true,1,
7290015781114,false,יין מרלו IMPRESSION,יקב טפרברג 1870,,,יח,7.50,"ל 100 מ""ל",false,1,49.90,6.61,true,1,
7290015781121,false,קברנה סובניון IMPRESSION,יקב טפרברג 1870,,,יח,7.50,"ל 100 מ""ל",false,1,49.90,6.61,true,1,
7290015781299,false,יין שיראז VISION אפרת,יקב טפרברג 1870,,,יח,7.50,"ל 100 מ""ל",false,1,39.90,5.28,true,1,
7290015801843,false,אריסה מתוקה 1 קג עוזי,עוזי טעמים של בית,,,יח,10,ל 100 גרם,false,1,28.90,2.89,false,1,
7290015856874,false,"ביסקוויט קסטה רגיל 1 ק""ג הדר*",אפיפית נצרת תעשיות בסקויט,,,יח,2.50,ל 100 גרם,false,1,17.90,7.16,false,1,
7290015856935,false,ביסקוויט אקסטרא חמאה 400 ג`הדר*,אפיפית נצרת תעשיות בסקויט,,,יח,5,ל 100 גרם,false,1,5.90,1.18,false,1,
7290015856973,false,תה בסקוויט וניל ללא תוספת סוכר הדר,אפיפית נצרת תעשיות בסקויט,,,יח,2.50,ל 100 גרם,false,1,5.80,2.32,false,1,
7290015858212,false,ממרח לימון כבוש,שטראוס גרופ בעמ (ח),,,יח,1.80,ל 100 גרם,false,1,17.90,9.94,false,1,
7290015858328,false,איולי פסטו על הלחם,שטראוס גרופ בעמ,,,יח,2.95,"ל 100 מ""ל",false,1,15.90,5.39,true,1,
7290015858441,false,איולי פלפלים על הלחם,שטראוס גרופ בעמ,,,יח,2.95,"ל 100 מ""ל",false,1,15.90,5.39,true,1,
7290015858687,false,איולי שום על הלחם,שטראוס גרופ בעמ,,,יח,2.95,"ל 100 מ""ל",false,1,15.90,5.39,true,1,
7290015858694,false,איולי שום לימון על הלחם,שטראוס גרופ בעמ,,,יח,2.95,"ל 100 מ""ל",false,1,15.90,5.39,true,1,
7290016006339,false,מי עדן 1 ליטר רבעיה,יפאורה שותפות מוגבלת לשיווק,,,יח,4,"ל 100 מ""ל",false,1,10.90,2.43,false,1,
7290016006346,false,שישית סודה שוופס 0.5,יפאורה שותפות מוגבלת לשיווק,,,יח,3,"ל 100 מ""ל",false,1,14.90,4.37,false,1,
7290016087499,false,עגבניות מרוסקות חתוכות דק A1*3 פריניר,פריניר (הדס )1987בעמ,,,יח,1,,false,1,11.90,11.90,false,1,
7290016096491,false,טונה שלישיות צמחי פילטונה*,תעשיות פיל טונה בעמ,,,יח,1.60,ל 100 גרם,false,1,10.90,6.81,false,1,
7290016096934,false,סלט טונה 160ג זוג פילטונה*,תעשיות פיל טונה בעמ,,,יח,2,למארז,false,1,10.90,5.45,false,1,
7290016104271,false,ריבת חלב 340 ג`,לירון קרביץ יבוא שיווק וסחר,,,יח,3.40,ל 100 גרם,false,1,12.90,3.79,false,1,
7290016144000,false,קמח חיטה 80%,תה ויסוצקי (ישראל)בעמ,,,יח,10,ל 100 גרם,false,1,8.90,0.89,false,1,
7290016144031,false,קמח חיטה לבן מנופה,תה ויסוצקי (ישראל)בעמ,,,יח,10,ל 100 גרם,false,1,6.90,0.69,false,1,
7290016144048,false,קמח כוסמין לבן,תה ויסוצקי (ישראל)בעמ,,,יח,10,ל 100 גרם,false,1,16.90,1.69,false,1,
7290016144055,false,קמח כוסמין 80%,תה ויסוצקי (ישראל)בעמ,,,יח,10,ל 100 גרם,false,1,14.90,1.49,false,1,
7290016144062,false,קמח שיפון מלא,תה ויסוצקי (ישראל)בעמ,,,יח,10,ל 100 גרם,false,1,8.90,0.89,false,1,
7290016144079,false,קמח חיטה כפרי,תה ויסוצקי (ישראל)בעמ,,,יח,10,ל 100 גרם,false,1,8.90,0.89,false,1,
7290016144086,false,קמח חלה,תה ויסוצקי (ישראל)בעמ,,,יח,10,ל 100 גרם,false,1,7.90,0.79,false,1,
7290016144109,false,קמח פיצה,תה ויסוצקי (ישראל)בעמ,,,יח,10,ל 100 גרם,false,1,15.90,1.59,false,1,
7290016144116,false,קמח תופח,תה ויסוצקי (ישראל)בעמ,,,יח,10,ל 100 גרם,false,1,8.90,0.89,false,1,
7290016197488,false,שלישית מטליות מיקרופייבר,קימברלי קלארק ישראל שיווק בעמ,,,יח,1,,false,1,10.90,10.90,false,1,
7290016217735,false,חציל על האש 200 גר`,סלטי שמיר 2006 בעמ,,,יח,2,ל 100 גרם,false,1,9.90,4.95,true,1,
7290016217759,false,חציל מרוקאי 200 גר`,סלטי שמיר 2006 בעמ,,,יח,2,ל 100 גרם,false,1,9.90,4.95,true,1,
7290016246025,false,בארכה פינוקיות חלבה ללא סוכר,קבוצת אוסם סחר שותפות מוגבלת,,,יח,2,ל 100 גרם,false,1,12.90,6.45,false,1,
7290016246209,false,חלבה חטיף בארכה 100,קבוצת אוסם סחר שותפות מוגבלת,,,יח,1,ל 100 גרם,false,1,3.90,3.90,false,1,
7290016246452,false,טחינה בארכה גולמית לימון,קבוצת אוסם סחר שותפות מוגבלת,,,יח,0.31,ל 100 גרם,false,1,11.90,38.39,false,1,
7290016319200,false,טוסו עוגיות סנדוויץ אוראו,"דנשר (1963) בע,מ",,,יח,3,ל 100 גרם,false,1,17.90,5.97,false,1,
7290016321531,false,מגע משי רצועות ש. אלוורה,"דנשר (1963) בע,מ",,,יח,16,למארז,false,1,19.90,1.24,false,1,
7290016321661,false,פרש ואנס רבעיה 4*64,"דנשר (1963) בע,מ",,,יח,4,למארז,false,1,15.90,3.98,true,1,
7290016321678,false,פרש ואנס רבעיה *64,"דנשר (1963) בע,מ",,,יח,4,למארז,false,1,15.90,3.98,true,1,
7290016321883,false,פרש וואנס מגבוני טולאט שלשיה לילדים,"דנשר (1963) בע,מ",,,יח,4,למארז,false,1,12.90,3.23,false,1,
7290016321890,false,פרש וואנס מגבוני טולאט שלשיה מבוגרים,"דנשר (1963) בע,מ",,,יח,4,למארז,false,1,12.90,3.23,false,1,
7290016329261,false,סרקל מתיר קשרים ספריי,"פישר תעשיות פרמצביטות בע""מ",,,יח,3,ל 100 גרם,false,1,29.90,9.97,false,1,
7290016329278,false,רביעית קמיל בלו 64 מפיות בשקית,"פישר תעשיות פרמצביטות בע""מ",,,יח,3.25,"ל 100 מ""ל",false,1,19.90,6.12,false,1,
7290016329315,false,סרקל ספריי מתיר קשרים לש. מתולתל,"פישר תעשיות פרמצביטות בע""מ",,,יח,3,ל 100 גרם,false,1,34.90,11.63,false,1,
7290016329674,false,קמיל בלו סנסטיב קרם םנים,"פישר תעשיות פרמצביטות בע""מ",,,יח,0.75,"ל 100 מ""ל",false,1,22.90,30.53,true,1,
7290016334036,false,עירית,"בכורי השדה צפון1994 ג.ד. בע""מ",,,יח,1,,false,1,3.90,3.90,false,1,
7290016334050,false,סלרי חתוך,"בכורי השדה צפון1994 ג.ד. בע""מ",,,יח,1,,false,1,5.90,5.90,false,1,
7290016334166,false,לוף כרישה,"בכורי השדה צפון1994 ג.ד. בע""מ",,,יח,1,,false,1,7.90,7.90,false,1,
7290016334173,false,פלפל טינקרבל,"בכורי השדה צפון1994 ג.ד. בע""מ",,,יח,1,,false,1,8.90,8.90,false,1,
7290016334180,false,מלפפון מיני,"בכורי השדה צפון1994 ג.ד. בע""מ",,,יח,1,,false,1,8.90,8.90,false,1,
7290016334296,false,ברוקולי מובחר תקומה,"בכורי השדה צפון1994 ג.ד. בע""מ",,,יח,1,,false,1,13.90,13.90,false,1,
7290016334296,false,ברוקולי מובחר תקומה,"בכורי השדה צפון1994 ג.ד. בע""מ",,,יח,1,,false,1,14.90,14.90,false,1,
7290016334388,false,פלפל צ`ליני,"בכורי השדה צפון1994 ג.ד. בע""מ",,,יח,1,,false,1,7.90,7.90,false,1,
7290016334395,false,שיבא רגיל,"בכורי השדה צפון1994 ג.ד. בע""מ",,,יח,1,,false,1,6.90,6.90,false,1,
7290016334456,false,בזיליקום,"בכורי השדה צפון1994 ג.ד. בע""מ",,,יח,1,,false,1,3.90,3.90,false,1,
7290016334500,false,חסה ערבית זוגות,"בכורי השדה צפון1994 ג.ד. בע""מ",,,יח,1,,false,1,9.90,9.90,false,1,
7290016334500,false,חסה ערבית זוגות,"בכורי השדה צפון1994 ג.ד. בע""מ",,,יח,1,,false,1,8.90,8.90,false,1,
7290016334616,false,בצל ירוק,"בכורי השדה צפון1994 ג.ד. בע""מ",,,יח,1,,false,1,5.90,5.90,false,1,
7290016334623,false,סלרי עלים,"בכורי השדה צפון1994 ג.ד. בע""מ",,,יח,1,,false,1,5.90,5.90,false,1,
7290016334647,false,סלק עלים תקומה,"בכורי השדה צפון1994 ג.ד. בע""מ",,,יח,1,,false,1,6.90,6.90,false,1,
7290016334654,false,תרד ניו זילנד,"בכורי השדה צפון1994 ג.ד. בע""מ",,,יח,1,,false,1,13.90,13.90,false,1,
7290016334784,false,ג`נג`ר ארוז,"בכורי השדה צפון1994 ג.ד. בע""מ",,,יח,1,,false,1,11.90,11.90,false,1,
7290016334814,false,חסה סלנובה רגיל,"בכורי השדה צפון1994 ג.ד. בע""מ",,,יח,1,,false,1,9.90,9.90,false,1,
7290016334890,false,עגבניה שרי שוקולד,"בכורי השדה צפון1994 ג.ד. בע""מ",,,יח,1,,false,1,9.90,9.90,false,1,
7290016334975,false,אספרגוס טרי,"בכורי השדה צפון1994 ג.ד. בע""מ",,,יח,1,,false,1,24.90,24.90,false,1,
7290016370096,false,זיתים מרוקאים A-2 יבנה,קבוצת יבנה מוצרי מזון,,,יח,5.40,ל 100 גרם,false,1,11.90,2.20,false,1,
7290016370270,false,Green pitted olives 15-17 jar 720,קבוצת יבנה מוצרי מזון,,,יח,5.60,ל 100 גרם,false,1,11.90,2.13,false,1,
7290016400038,false,תבניות ארוז (R99)210 חמישיה שווה*,אופל אריזות בעמ,,,יח,1,יח,false,1,10.90,10.90,true,1,
7290016400205,false,"צלחות 100 יח גדול צבעוני""שווה "" *",ווינפאק סחר בעמ,,,יח,1,יח,false,12,34.90,34.90,true,1,
7290016400243,false,מפיות נייר מעוטרות 20 יח` שווה*,ווינפאק סחר בעמ,,,יח,20,יח,false,12,5.90,0.30,true,1,
7290016400274,false,"שיפודים קצרים 20 ס""מ 70 יח`שווה*",חביב את פרנק בעמ (לוגיסטי ),,,יח,1,למארז,false,1,2.50,2.50,false,1,
7290016400649,false,רשת צלייה X6 (גדולה) שווה*,צג`י פרפקט שירותי יבוא בעמ,,,יח,1,יח,false,1,14.90,14.90,false,1,
7290016400731,false,מנגל פח+ רשת 23/38 שווה (12 בקרטון)*,ווינפאק סחר בעמ,,,יח,1,,false,1,29.90,29.90,false,1,
7290016401158,false,נודלס 200ג דקות שווה*,רוברטו פוד בעמ,,,יח,1,יח,false,1,4.90,4.90,true,1,
7290016401172,false,נודלס 400ג דקות שווה*,רוברטו פוד בעמ,,,יח,1,יח,false,1,6.90,6.90,true,1,
7290016401196,false,"שמן קוקוס אורגני 500 מ""ל שווה*",רוברטו פוד בעמ,,,יח,5,"ל 100 מ""ל",false,1,32.90,6.58,false,1,
7290016401615,false,מקל עץ הברגה 1.5 שווה*,ווינפאק סחר בעמ,,,יח,1,יח,false,30,5.90,5.90,false,1,
7290016401806,false,תבניות לחלה עבות במיוחד *4 שווה*,אופל אריזות בעמ,,,יח,1,יח,false,1,8.90,8.90,true,1,
7290016401820,false,תבניות רוסטר עבות במיוחד *4 שווה*,אופל אריזות בעמ,,,יח,1,יח,false,1,8.90,8.90,true,1,
7290016401844,false,תבניות רוסטר גדול עבות במיוחד *2 שווה,אופל אריזות בעמ,,,יח,1,יח,false,1,8.90,8.90,true,1,
7290016401851,false,תבניות אובן עבות במיוחד *4 שווה,אופל אריזות בעמ,,,יח,1,יח,false,1,8.90,8.90,true,1,
7290016401875,false,תבניות רוסטר בינוני עבות במיוחד *3שווה,אופל אריזות בעמ,,,יח,1,יח,false,1,8.90,8.90,true,1,
7290016437607,false,תחתונים סופגים לנשים לאחר לידה L,קימברלי קלארק ישראל שיווק בעמ,,,יח,1,,false,1,37.90,37.90,false,1,
7290016437645,false,האגיס פרידום דריי פטנס מידה 5,קימברלי קלארק ישראל שיווק בעמ,,,יח,1,,false,1,48.90,48.90,true,1,
7290016437652,false,האגיס פרידום דריי פטנס מידה 6,קימברלי קלארק ישראל שיווק בעמ,,,יח,1,,false,1,48.90,48.90,true,1,
7290016489439,false,שקיות אשפה 100 יח`,טכנו שק בעמ,,,יח,1,למארז,false,1,9.90,9.90,false,1,
7290016509823,false,פרסיל ג`ל 2.5 ליטר בלו,גורי שיווק בעמ,,,יח,0.25,"ל 100 מ""ל",false,1,34.90,139.60,true,1,
7290016509847,false,פרסיל ג`ל 2.5 ליטר בלאק,גורי שיווק בעמ,,,יח,0.25,"ל 100 מ""ל",false,1,34.90,139.60,true,1,
7290016510904,false,מרכך הוואי יבש,"הנקל סוד בע""מ",,,יח,7,"ל 100 מ""ל",false,1,9.90,1.41,false,1,
7290016564006,false,מבריקל הפלא(מארז 3 יחידות)*,"אלבגינו שיווק סחר בע""מ",,,יח,1,יח,false,1,9.90,9.90,false,1,
7290016564266,false,כיסוי הפלא מבריקל הפלא*,"אלבגינו שיווק סחר בע""מ",,,יח,1,יח,false,1,9.90,9.90,false,1,
7290016617023,false,לבבות חסה,"בכורי השדה צפון1994 ג.ד. בע""מ",,,יח,1,,false,1,11.90,11.90,false,1,
7290016621365,false,אל סבון נוזלי כחול 1 ליטר,"פישר תעשיות פרמצביטות בע""מ",,,יח,5,"ל 100 מ""ל",false,1,15.90,3.18,true,1,
7290016667042,false,קופסא פסים זברה 20 יח`,נאמן לאורך זמן בעמ,,,יח,1,,false,1,9.90,9.90,false,1,
7290016667097,false,חטיף טורטיה מלוח,נאמן לאורך זמן בעמ,,,יח,2.50,ל 100 גרם,false,1,8.90,3.56,false,1,
7290016682038,false,"מיץ תפוזים 400 מ""ל פרי ניב",פריניב תנובה,,,יח,4,"ל 100 מ""ל",false,1,7.90,1.90,true,1,
7290016682052,false,"מיץ לימונענע 400 מ""ל פרי ניב",פריניב תנובה,,,יח,4,"ל 100 מ""ל",false,1,7.90,1.90,true,1,
7290016682083,false,"מיץ תות בננה 400 מ""ל פרי ניב",פריניב תנובה,,,יח,4,"ל 100 מ""ל",false,1,7.90,1.90,true,1,
7290016682182,false,שייק תמר בננה מופחת סוכר 1 ליטר,פריניב תנובה,,,יח,1,לליטר,false,1,16.60,16.60,true,1,
7290016682359,false,מיץ תפוזים שמוטי 2 ליטר,פריניב תנובה,,,יח,2,לליטר,false,1,25.90,12.80,true,1,
7290016717044,false,יין באזז מנגו כרמל,אגודת הכורמים בעמ,,,יח,7.50,"ל 100 מ""ל",false,1,27.90,3.68,true,1,
7290016717051,false,רימון BUZZ,אגודת הכורמים בעמ,,,יח,7.50,"ל 100 מ""ל",false,1,27.90,3.68,true,1,
7290016717631,false,מוסקטו P.C ש.,אגודת הכורמים בעמ,,,יח,7.50,"ל 100 מ""ל",false,1,39.90,5.28,true,1,
7290016717976,false,יין באזז אפרסק כרמל,אגודת הכורמים בעמ,,,יח,7.50,"ל 100 מ""ל",false,1,27.90,3.68,true,1,
7290016866643,false,"פרדונטקס פרש 75 מ""ל",גורי ע.ע.ע בעמ,,,יח,0.75,"ל 100 מ""ל",false,1,30.90,41.20,true,1,
7290016866667,false,"פרדונטקס פלאוריד 75 מ""ל",גורי ע.ע.ע בעמ,,,יח,0.75,"ל 100 מ""ל",false,1,30.90,41.20,true,1,
7290016866674,false,"פרדונטקס מלבינה 75 מ""ל",גורי ע.ע.ע בעמ,,,יח,0.75,"ל 100 מ""ל",false,1,30.90,41.20,true,1,
7290016867084,false,לחמניות כוסמין מלא בתוספת סיבים,המאפה של דר מרק בריאות באפייה,,,יח,4.50,ל 100 גרם,false,1,18.90,4.20,false,1,
7290016867091,false,פיתות כוסמין מלא בתוספת סיבים,המאפה של דר מרק בריאות באפייה,,,יח,3,ל 100 גרם,false,1,15.90,5.30,false,1,
7290016867114,false,לחם קל כוסמין,המאפה של דר מרק בריאות באפייה,,,יח,7,ל 100 גרם,false,1,17.90,2.56,false,1,
7290016867138,false,לחמניות קלות כוסמין 5 יח`,המאפה של דר מרק בריאות באפייה,,,יח,3.30,ל 100 גרם,false,1,11.90,3.61,false,1,
7290016867145,false,פיתות קלות קמח מלא,המאפה של דר מרק בריאות באפייה,,,יח,3.60,ל 100 גרם,false,1,13.90,3.86,false,1,
7290016867152,false,פיתות קלות כוסמין,המאפה של דר מרק בריאות באפייה,,,יח,2.92,ל 100 גרם,false,1,13.90,4.76,false,1,
7290016867176,false,לחמניות קלות כוסמין שומשום,המאפה של דר מרק בריאות באפייה,,,יח,3,ל 100 גרם,false,1,13.90,4.63,false,1,
7290016967074,false,לחם אנג`ל חיטה מלאה.,שלמה א.אנג ל בעמ,,,יח,7.50,יח,false,1,17.90,2.39,false,1,
7290016967456,false,1לחם צרפתי 100% כוסמין,שלמה א.אנג ל בעמ,,,יח,0,ל 100 גרם,false,1,18.90,18.90,false,1,
7290016998184,false,עלי חסה ערבית שטופים 250 גרק,"בכורי השדה צפון1994 ג.ד. בע""מ",,,יח,2.50,ל 100 גרם,false,1,9.90,3.96,false,1,
7290016998207,false,לקט קסם השדה 350 גרם,"בכורי השדה צפון1994 ג.ד. בע""מ",,,יח,3.50,ל 100 גרם,false,1,12.90,3.69,false,1,
7290016998221,false,מיקס צבעי הטבע 350גר`,"בכורי השדה צפון1994 ג.ד. בע""מ",,,יח,3.50,ל 100 גרם,false,1,11.90,3.40,false,1,
7290016998238,false,כרוב לבן קצוץ 400 גר,"בכורי השדה צפון1994 ג.ד. בע""מ",,,יח,4,ל 100 גרם,false,1,9.90,2.48,false,1,
7290016998269,false,לקט קולוסאו 400 גר`,"בכורי השדה צפון1994 ג.ד. בע""מ",,,יח,4,ל 100 גרם,false,1,9.90,2.48,false,1,
7290016998276,false,גזר חתוך דק 250גר,"בכורי השדה צפון1994 ג.ד. בע""מ",,,יח,2.50,ל 100 גרם,false,1,8.90,3.56,false,1,
7290016998320,false,לבבות קיסר,"בכורי השדה צפון1994 ג.ד. בע""מ",,,יח,2.50,ל 100 גרם,false,1,10.90,4.36,false,1,
7290017023212,false,שוופס רבעיית פרות מוגז תפוח,יפאורה שותפות מוגבלת לשיווק,,,יח,1.32,"ל 100 מ""ל",false,1,12.90,8.86,true,1,
7290017023229,false,שוופס רבעיית פרות מוגז תות ליים,יפאורה שותפות מוגבלת לשיווק,,,יח,1.32,"ל 100 מ""ל",false,1,12.90,8.86,true,1,
7290017023236,false,שוופס רבעיית פרות מוגז ענב,יפאורה שותפות מוגבלת לשיווק,,,יח,1.32,"ל 100 מ""ל",false,1,12.90,8.86,true,1,
7290017023663,false,שוופס רבעיית לימונייד,יפאורה שותפות מוגבלת לשיווק,,,יח,1.32,"ל 100 מ""ל",false,1,12.90,8.86,true,1,
7290017023816,false,ספרינג פירות טרופיים רבעיה,יפאורה שותפות מוגבלת לשיווק,,,יח,10,"ל 100 מ""ל",false,1,12.90,1.17,true,1,
7290017023823,false,ספרינג תות בננה רבעיה,יפאורה שותפות מוגבלת לשיווק,,,יח,10,"ל 100 מ""ל",false,1,12.90,1.17,true,1,
7290017023854,false,"שוופס סודה מארז רבעית RC 330 מ""ל",יפאורה שותפות מוגבלת לשיווק,,,יח,1.32,"ל 100 מ""ל",false,1,11.90,8.11,true,1,
7290017023861,false,"שוופס סודה לימון רבעית RC 330 מ""ל",יפאורה שותפות מוגבלת לשיווק,,,יח,1.32,"ל 100 מ""ל",false,1,11.90,8.11,true,1,
7290017023878,false,"שוופס סודה נענע רבעית RC 330 מ""ל",יפאורה שותפות מוגבלת לשיווק,,,יח,1.32,"ל 100 מ""ל",false,1,11.90,8.11,true,1,
7290017031156,false,דפים על בסיס קמח תירס ללא גלוטן,גורי מוצרי צריכה 1991 בעמ,,,יח,2.50,ל 100 גרם,false,1,12.90,5.16,false,1,
7290017031705,false,"סנסודיין הגנה מלאה 75 מ""ל",גורי ע.ע.ע בעמ,,,יח,0.75,ל 100 גרם,false,1,21.90,29.20,true,1,
7290017065007,false,מוצרלה פרוסה גד,מחלבות גד שיווק 1992 בעמ,,,יח,0.20,יח,false,1,16.90,84.50,false,1,
7290017065137,false,ריקוטה למריחה 5% טבעית,מחלבות גד שיווק 1992 בעמ,,,יח,2,ל 100 גרם,false,1,9.90,4.95,false,1,
7290017065212,false,קרם מסקרפונה 250 גר` גד,מחלבות גד שיווק 1992 בעמ,,,יח,2.50,ל 100 גרם,false,1,18.90,7.56,false,1,
7290017065236,false,בולגרית מעודנת 24% 250,מחלבות גד שיווק 1992 בעמ,,,יח,2.50,ל 100 גרם,false,1,21.90,8.76,false,1,
7290017065380,false,גבינה גרנה פדנו שבבים,מחלבות גד שיווק 1992 בעמ,,,יח,1,ל 100 גרם,false,1,13.90,13.90,false,1,
7290017065526,false,גהינת קוואטרו פורמאג`י,מחלבות גד שיווק 1992 בעמ,,,יח,3,ל 100 גרם,false,1,25.90,8.63,false,1,
7290017065731,false,גבינת שמנת ניו יורק עם כמהין,מחלבות גד שיווק 1992 בעמ,,,יח,2,ל 100 גרם,false,1,13.90,6.95,false,1,
7290017068350,false,עדשים שחורות בלוגה,מיה תעשיות מזון מ.ת.מ בעמ,,,יח,5,ל 100 גרם,false,1,8.90,1.78,true,1,
7290017068367,false,שמרים בוואקום 125 גר`,מיה תעשיות מזון מ.ת.מ בעמ,,,יח,1.25,ל 100 גרם,false,1,4.90,3.92,false,1,
7290017068374,false,שמרים בוואקום 500 גר`,מיה תעשיות מזון מ.ת.מ בעמ,,,יח,5,ל 100 גרם,false,1,11.90,2.38,false,1,
7290017068848,false,סוכריות קישוט לעוגה צבעוני,מיה תעשיות מזון מ.ת.מ בעמ,,,יח,2,ל 100 גרם,false,1,8.90,4.45,true,1,
7290017068855,false,קישוט לעוגה חום צנצנת 200,מיה תעשיות מזון מ.ת.מ בעמ,,,יח,2,ל 100 גרם,false,1,8.90,4.45,false,1,
7290017079806,false,שוקולד חלב בודד 100 גר`,טעמן שיווק מזון בעמ,,,יח,1,ל 100 גרם,false,1,4.90,4.90,false,1,
7290017088051,false,בייביסטר סטנדרט מידה 3 50 יח`,שקד תבל בעמ,,,יח,50,למארז,false,1,34.90,0.70,true,1,
7290017088068,false,בייביסטר סטנדרט מידה 4 42 יח`,שקד תבל בעמ,,,יח,1,,false,1,34.90,34.90,true,1,
7290017088082,false,בייביסטר סטנדרט מידה 5 36 יח`,שקד תבל בעמ,,,יח,1,,false,1,34.90,34.90,true,1,
7290017088099,false,בייביסטר סטנדרט מידה 6 34 יח`,שקד תבל בעמ,,,יח,1,,false,1,34.90,34.90,true,1,
7290017088327,false,מגבוני בייביסטר רבעייה,שקד תבל בעמ,,,יח,1,,false,1,16.90,16.90,true,1,
7290017088693,false,קוויק מטליות לחות לניקוי וחיטוי,שקד תבל בעמ,,,יח,1,,false,1,11.90,11.90,true,1,
7290017088914,false,מגבוני בייביסטר שישיה,שקד תבל בעמ,,,יח,6,למארז,false,1,16.90,2.82,true,1,
7290017088969,false,חיתולי בייביסטר NB מידה 1 42 יח`,שקד תבל בעמ,,,יח,1,,false,1,25.90,25.90,false,1,
7290017088983,false,חיתולי בייביסטר NB מידה 2 38 יח`,שקד תבל בעמ,,,יח,1,,false,1,25.90,25.90,false,1,
7290017105048,false,טבעות זיתים שלישיה 200 גר`,זנלכל בעמ,,,יח,6,ל 100 גרם,false,1,13.90,2.32,false,1,
7290017105383,false,תירס קיד שלישיה יכין,זנלכל בעמ,,,יח,6,ל 100 גרם,false,1,14.90,2.48,false,1,
7290017105550,false,מאגדת *4רסק עגביות 100%,זנלכל בעמ,,,יח,4,ל 100 גרם,false,1,11.90,2.98,false,1,
7290017105895,false,חומוס גרגירים להכנת חומוס מסעדות,זנלכל בעמ,,,יח,5.50,ל 100 גרם,false,1,8.90,1.62,true,1,
7290017121086,false,אריסה ביתית מתוקה 250 גר`,שטראוס גרופ בעמ (ח),,,יח,2.50,ל 100 גרם,false,1,12.90,5.16,false,1,
7290017129518,false,אגו מיקס כדורי תירס מצופים,כרמית תעשיות ממתקים בעמ,,,יח,0.55,ל 100 גרם,false,1,3.90,7.09,true,1,
7290017129877,false,לקקן מיקס 40,כרמית תעשיות ממתקים בעמ,,,יח,3,ל 100 גרם,false,1,11.90,3.97,false,1,
7290017129884,false,"חמישית שוקולד מריר 60% בד|""צ",כרמית תעשיות ממתקים בעמ,,,יח,0.4250,ל 100 גרם,false,1,15.90,37.41,true,1,
7290017142128,false,"שמן זית קלאסי 750 מ""ל עץ הזית*",סוגת תעשיות בעמ,,,יח,7.50,"ל 100 מ""ל",false,1,29.90,3.99,false,1,
7290017142180,false,פילה טונה בשמן זית לימון ופלפל שחור*,סוגת תעשיות בעמ,,,ל 100 גרם,1.20,ל 100 גרם,false,1,14.90,12.42,true,1,
7290017142203,false,פילה טונה בשמן זית מעושן עץ הזית*,סוגת תעשיות בעמ,,,ל 100 גרם,1.20,ל 100 גרם,false,1,14.90,12.42,true,1,
7290017142371,false,"שמן שומשום 250 מ""ל עץ הזית*",סוגת תעשיות בעמ,,,יח,2.50,"ל 100 מ""ל",false,1,29.90,11.96,false,1,
7290017142395,false,טונה TO GO פסטה 160ג` עץ הזית*,סוגת תעשיות בעמ,,,ל 100 גרם,1.60,ל 100 גרם,false,1,13.90,8.69,true,1,
7290017153148,false,חלב מרוכז פוליבה 300 גר`,לירון קרביץ יבוא שיווק וסחר,,,יח,3,ל 100 גרם,false,1,12.90,4.30,false,1,
7290017266046,false,וופל קראנץ 30 יח בשקית גילרו*,א.ג גילרו בעמ,,,יח,30,יח,false,1,12.90,0.43,false,1,
7290017266053,false,ופל לימון קראנץ ללא סוכר 175גרם גילר,א.ג גילרו בעמ,,,יח,1,ל 100 גרם,false,1,4.90,4.90,false,1,
7290017266060,false,ופל שוקו קראנץ ללא סוכר 175גרם גילרו*,א.ג גילרו בעמ,,,יח,1,ל 100 גרם,false,1,5.90,5.90,false,1,
7290017266312,false,ופל AIR שוקו 150 גרם גילרו*,א.ג גילרו בעמ,,,יח,1.50,ל 100 גרם,false,1,2.90,1.93,true,1,
7290017266398,false,גלילי וופל למילוי 15יח גילרו*,א.ג גילרו בעמ,,,יח,1,יח,false,1,13.90,13.90,false,1,
7290017275086,false,עוגיות תות ללא תוספת סוכר 350ג`*,אחדות בעמ,,,יח,4,ל 100 גרם,false,1,9.90,2.48,false,1,
7290017275130,false,עוגת שמרים אישית בטעם פרג 120ג`*,אחדות בעמ,,,יח,1.20,ל 100 גרם,false,1,2.50,2.08,false,1,
7290017275147,false,עוגת שמרים אישית בטעם קינמון 120ג`*,אחדות בעמ,,,יח,1.20,ל 100 גרם,false,1,2.50,2.08,false,1,
7290017275345,false,טחינה גולמית בקבוק לחיץ 350 ג`אחווה,אחדות בעמ,,,יח,3,"לק""ג",false,1,8.90,2.97,false,1,
7290017275420,false,מיני קצפיות בטעם תות 140 ג` אחוה*,אחדות בעמ,,,יח,4,ל 100 גרם,false,1,8.90,2.23,false,1,
7290017275482,false,"סירופ בטעם ענבים 900 מ""ל אחוה*",אחדות בעמ,,,יח,9,ל 100 גרם,false,1,15.90,1.77,false,1,
7290017275505,false,"סירופ בטעם פטל 900 מ""ל אחוה*",אחדות בעמ,,,יח,9,ל 100 גרם,false,1,15.90,1.77,false,1,
7290017297620,false,Rs.agb. A-BX22 2 Phone - Phone,ויטה-פרי גליל (החדשה) בעמ,,,יח,6,ל 100 גרם,false,1,6.30,1.05,false,1,
7290017297644,false,Broccoli 800 expired - Pry Galilee,ויטה-פרי גליל (החדשה) בעמ,,,יח,8,ל 100 גרם,false,1,13.90,1.74,false,1,
7290017297682,false,Broccoli 800 expired - Pry Galilee,ויטה-פרי גליל (החדשה) בעמ,,,יח,8,ל 100 גרם,false,1,12.90,1.61,false,1,
7290017303802,false,מלאווח 600 גר`,מאפית אריאל בכינוס נכסים,,,יח,6,ל 100 גרם,false,1,21.90,3.65,false,1,
7290017304885,false,אנג`ל שיפון וחיטה מלאה,שלמה א.אנג ל בעמ,,,יח,5,ל 100 גרם,false,1,17.90,3.58,false,1,
7290017440231,false,סרקל מתולתל שמפו 1 ליטר,"פישר תעשיות פרמצביטות בע""מ",,,יח,10,"ל 100 מ""ל",false,1,28.90,2.89,false,1,
7290017440248,false,סרקל מתולתלת מרכך 1 ליטר,"פישר תעשיות פרמצביטות בע""מ",,,יח,10,"ל 100 מ""ל",false,1,28.90,2.89,false,1,
7290017457727,false,"סוד מרכך מרוכז כחול 900 מ""ל",גורי שיווק בעמ,,,יח,9,"ל 100 מ""ל",false,1,11.90,1.32,false,1,
7290017457734,false,"סוד מרכך מרוכז ורוד 900 מ""ל",גורי שיווק בעמ,,,יח,9,"ל 100 מ""ל",false,1,11.90,1.32,false,1,
7290017457932,false,מרכך כביסה סוד מרוכז,גורי שיווק בעמ,,,יח,6,"ל 100 מ""ל",false,1,11.90,1.98,false,1,
7290017504025,false,פטריות פורטבלה,"בכורי השדה צפון1994 ג.ד. בע""מ",,,יח,1,,false,1,11.90,11.90,false,1,
7290017504032,false,פטריות מדבר הפטריות,"בכורי השדה צפון1994 ג.ד. בע""מ",,,יח,1,,false,1,18.90,18.90,false,1,
7290017513775,false,פליפז- בייגלה מצופה שוקולד חלב 140,תה ויסוצקי (ישראל)בעמ,,,יח,1.40,ל 100 גרם,false,1,8.90,6.36,true,1,
7290017589633,false,יין רזברד גולד קברנה,טמפו משקאות בעמ,,,יח,7.50,"ל 100 מ""ל",false,1,39.90,5.28,false,1,
7290017599267,false,סוכרזית סוכרלוז 120 שקיות,שטראוס גרופ בעמ,,,יח,1.20,ל 100 גרם,false,1,24.90,20.75,false,1,
7290017617268,false,BLUE BAND WITHOUT SALT 60X200,דיפלומט מפיצים {1968}בעמ,,,יח,2,ל 100 גרם,false,1,17.90,8.95,false,1,
7290017617411,false,סאטרכיסט מיקס סלמון עם אורז מלא,דיפלומט מפיצים {1968}בעמ,,,יח,1.60,ל 100 גרם,false,1,14.90,9.31,false,1,
7290017641379,false,"חמישית שוקולד חלב בד""צ",כרמית תעשיות ממתקים בעמ,,,יח,0.4250,ל 100 גרם,false,1,15.90,37.41,true,1,
7290017724003,false,גריסיני אקלר,הלל בן הלל שיווק וסחר בעמ,,,יח,2.50,יח,false,1,23.90,9.56,false,1,
7290017724027,false,אלפא חורס אקלר,הלל בן הלל שיווק וסחר בעמ,,,יח,3.50,יח,false,1,23.90,6.83,false,1,
7290017724034,false,סנדביץ ריבה אקלר,הלל בן הלל שיווק וסחר בעמ,,,יח,2.50,יח,false,1,23.90,9.56,false,1,
7290017724058,false,עוגיות מעדן תמר אקלר,הלל בן הלל שיווק וסחר בעמ,,,יח,2.50,יח,false,1,23.90,9.56,false,1,
7290017724065,false,"עוגיות מעדן תפו""ע אקלר",הלל בן הלל שיווק וסחר בעמ,,,יח,2.50,יח,false,1,23.90,9.56,false,1,
7290017724072,false,עוגיות רולדה שוקולד תמר אקלר,הלל בן הלל שיווק וסחר בעמ,,,יח,2.50,יח,false,1,23.90,9.56,false,1,
7290017724089,false,עוגיות ואן גוך אקלר,הלל בן הלל שיווק וסחר בעמ,,,יח,2,יח,false,1,23.90,11.95,false,1,
7290017724102,false,עוגיות סיגרים תמרים אקלר,הלל בן הלל שיווק וסחר בעמ,,,יח,2.50,יח,false,1,23.90,9.56,false,1,
7290017724119,false,עוגיות אוזניים אקלר,הלל בן הלל שיווק וסחר בעמ,,,יח,2,יח,false,1,23.90,11.95,false,1,
7290017724126,false,עוגיות טחינה אקלר,הלל בן הלל שיווק וסחר בעמ,,,יח,2.50,יח,false,1,23.90,9.56,false,1,
7290017724140,false,עוגיות שושנים אקלר,הלל בן הלל שיווק וסחר בעמ,,,יח,2,יח,false,1,23.90,11.95,false,1,
7290017724232,false,עוגיות שומשומית אקלר,הלל בן הלל שיווק וסחר בעמ,,,יח,2,יח,false,1,23.90,11.95,false,1,
7290017812052,false,אקסלנס שיראז קברנה סובניון,אגודת הכורמים בעמ,,,יח,7.50,"ל 100 מ""ל",false,1,25.90,3.41,true,1,
7290017812069,false,אקסלנס ריזלינג שרדונה,אגודת הכורמים בעמ,,,יח,7.50,"ל 100 מ""ל",false,1,25.90,3.41,true,1,
7290017812571,false,תירוש כרמל 1 ליטר ק,אגודת הכורמים בעמ,,,יח,10,"ל 100 מ""ל",false,1,19.80,1.95,false,1,
7290017812588,false,תירוש לבן ליטר,אגודת הכורמים בעמ,,,יח,10,"ל 100 מ""ל",false,1,19.80,1.95,false,1,
7290017812618,false,תירוש רוזה כרמל 1 ליטר ק,אגודת הכורמים בעמ,,,יח,10,"ל 100 מ""ל",false,1,19.80,1.95,false,1,
7290017812878,false,אקסלנס רוזה,אגודת הכורמים בעמ,,,יח,7.50,"ל 100 מ""ל",false,1,25.90,3.41,true,1,
7290017812977,false,BUZZ אננס,אגודת הכורמים בעמ,,,יח,7.50,"ל 100 מ""ל",false,1,27.90,3.68,true,1,
7290017841212,false,"חושן מזלגות הגשה 2 יח ""שווה"" *",ווינפאק סחר בעמ,,,יח,2,יח,false,50,2.90,1.45,false,1,
7290017841267,false,"צלחת קטן 1 ק""ג (132 יח`) שווה*",ווינפאק סחר בעמ,,,יח,1,יח,false,12,34.90,34.90,true,1,
7290017841281,false,מזלגות חושן (וינט`ז) 10יח שווה *,ווינפאק סחר בעמ,,,יח,10,למארז,false,1,4.90,0.49,true,1,
7290017841298,false,כפות חושן (וינט`ז) 10יח שווה *,ווינפאק סחר בעמ,,,יח,10,למארז,false,1,4.90,0.49,true,1,
7290017841304,false,סכינים חושן (וינט`ז) 10יח שווה *,ווינפאק סחר בעמ,,,יח,10,למארז,false,1,4.90,0.49,true,1,
7290017841496,false,7day memorial candle,ווינפאק סחר בעמ,,,יח,1,יח,false,1,19.90,19.90,false,1,
7290017841540,false,תבניות נייר אינגליש מעוטרות 3יח שווה ח,ווינפאק סחר בעמ,,,יח,3,יח,false,24,6.90,2.30,false,1,
7290017841557,false,תבניות נייר מלבניות מעוטרות 3יח שווה ח,ווינפאק סחר בעמ,,,יח,1,למארז,false,1,6.90,6.90,false,1,
7290017841632,false,מטליות מיקרופיבר אנטיבקטריאלי כללי 10*,HUBEI G YOUNG CO LTD,,,יח,10,למארז,false,1,16.90,1.69,true,1,
7290017841670,false,ספוג הפלא* 6 איכותי שווה* (24 בקר`).,גראנד אנגל בעמ,,,יח,1,למארז,false,1,8.90,8.90,false,1,
7290017841779,false,"חומץ בלסמי 6% 500 מ""ל בד""ץ שווה*",פרידמן תעשיות חומץ ומזון בעמ,,,יח,0.50,לליטר,false,1,17.90,35.80,false,1,
7290017842110,false,"שקיות נייר מאוירות""שווה"" 50 יחידות*",ווינפאק סחר בעמ,,,יח,50,יח,false,24,7.90,0.16,false,1,
7290017842127,false,"ניירות סנדויץ` מאוירים ""שווה"" 100 יח",ווינפאק סחר בעמ,,,יח,100,יח,false,1,8.90,0.09,false,1,
7290017842141,false,נייר אפיה אקולוגי 40יח שווה*,ALEURO CONVERTING SP,,,יח,1,למארז,false,1,7.90,7.90,false,1,
7290017842240,false,אנשובי ארוך פח בשמן זית שווה*,רוברטו פוד בעמ,,,יח,0.46,ל 100 גרם,false,1,5.50,11.96,false,1,
7290017842257,false,אנשובי ארוך פח פלפל צ`ילי שווה*,רוברטו פוד בעמ,,,יח,0.46,ל 100 גרם,false,1,4.90,10.65,false,1,
7290017842318,false,מארז 2 מטליות מיקרופייבר לרצפה שווה*,HUBEI G YOUNG CO LTD,,,יח,2,למארז,false,1,12.90,6.45,false,1,
7290017842424,false,סילאן 100% טבעי 700 גר` צנצנת שווה*,AL BARAKAH DATES,,,יח,7,ל 100 גרם,false,1,16.90,2.41,true,1,
7290017842431,false,סילאן לחיץ 100% טבעי 470גר` שווה*,AL BARAKAH DATES,,,יח,4.70,ל 100 גרם,false,1,13.90,2.96,true,1,
7290017842455,false,קוקטייל פירות A2 שווה* (24 בקרטון),Kuiburi Fruit Canning CO LTD,,,יח,5.65,ל 100 גרם,false,24,7.90,1.40,false,1,
7290017842493,false,"תירס גמדי 425 גרם ""שווה"" *",THE PEACE CANNING (1958) CO,,,יח,4.25,ל 100 גרם,false,1,7.90,1.86,true,1,
7290017842523,false,שקיות רב שימושיות זיפר גדולות 20 יח שו,ווינפאק סחר בעמ,,,יח,200,יח,false,1,8.90,0.04,true,1,
7290017842578,false,"חמאת בוטנים בד""צ 510 טבעית ""שווה""",NIZA S.A AGRENTINA,,,יח,5.10,ל 100 גרם,false,1,9.90,1.94,true,1,
7290017845029,false,פטריות צמד משפחתי(מוגו),"בכורי השדה צפון1994 ג.ד. בע""מ",,,יח,1,,false,1,18.90,18.90,false,1,
7290017845203,false,פטריות שמפיניון מוגו,"בכורי השדה צפון1994 ג.ד. בע""מ",,,יח,1,,false,1,11.90,11.90,false,1,
7290017864471,false,ביבי מיקס תקומה 250 גרם,"בכורי השדה צפון1994 ג.ד. בע""מ",,,יח,10,ל 100 גרם,false,1,14.90,1.49,false,1,
7290017864549,false,בייבי רוקלה 250 גר`,"בכורי השדה צפון1994 ג.ד. בע""מ",,,יח,1,,false,1,14.90,14.90,false,1,
7290017864594,false,שיני שום צנצנת,"בכורי השדה צפון1994 ג.ד. בע""מ",,,יח,1,,false,1,11.90,11.90,false,1,
7290017871363,false,פמלי יהלום סבון ידיים מקדמיה,"דנשר (1963) בע,מ",,,יח,5,"ל 100 מ""ל",false,1,9.90,1.98,false,1,
7290017871950,false,פרש וואנס מגבוני טולאט שלשיה לילדים,"דנשר (1963) בע,מ",,,יח,4,למארז,false,1,12.90,3.23,false,1,
7290017871998,false,פודינג אינסטנט טעם וניל 30 גר`,"דנשר (1963) בע,מ",,,יח,0.25,ל 100 גרם,false,1,10.90,43.60,false,1,
7290017872056,false,שלישית אל סבון סדרה לבנה,"דנשר (1963) בע,מ",,,יח,1.50,לליטר,false,1,14.90,9.93,false,1,
7290017872179,false,טוסו עוגיות טחינה 200 גר`,"דנשר (1963) בע,מ",,,יח,2,ל 100 גרם,false,1,14.90,7.45,false,1,
7290017872285,false,טוסו חטיף קראנצ`ט. פירות יבשים,"דנשר (1963) בע,מ",,,יח,1.50,"ל 100 מ""ל",false,1,16.90,11.27,false,1,
7290017873190,false,פמתחליב רחצה לגוף אשכולית פמלי,"דנשר (1963) בע,מ",,,יח,7,"ל 100 מ""ל",false,1,9.90,1.41,true,1,
7290017873206,false,פמתחליב רחצה לגוף שמן זית פמלי,"דנשר (1963) בע,מ",,,יח,7,"ל 100 מ""ל",false,1,9.90,1.41,true,1,
7290017873213,false,פמתחליב רחצה לגוף שמן אבוקדו פמלי,"דנשר (1963) בע,מ",,,יח,7,"ל 100 מ""ל",false,1,9.90,1.41,true,1,
7290017888026,false,"פרוט תפוח אננס גזר 350 מ""ל",יפאורה שותפות מוגבלת לשיווק,,,יח,3.50,יח,false,1,6.90,1.89,false,1,
7290017888095,false,רבעיית שוופס רבעיות מוגז פירות יער,יפאורה שותפות מוגבלת לשיווק,,,יח,1.32,"ל 100 מ""ל",false,1,12.90,8.86,true,1,
7290017888101,false,רבעיית שוופס רבעיות מוגז אפרס`,יפאורה שותפות מוגבלת לשיווק,,,יח,1.32,"ל 100 מ""ל",false,1,12.90,8.86,true,1,
7290017888644,false,"פרוט אננס בננה כורכום 350 מ""ל",יפאורה שותפות מוגבלת לשיווק,,,יח,3.50,יח,false,1,6.90,1.89,false,1,
7290017888729,false,סודה 1 ליטר,יפאורה שותפות מוגבלת לשיווק,,,יח,1,לליטר,false,1,3.60,3.60,true,1,
7290017888910,false,תפוזינה לימונענע 500,יפאורה שותפות מוגבלת לשיווק,,,יח,5,"ל 100 מ""ל",false,1,4.90,0.92,true,1,
7290017888972,false,מי עדן 1 ליטר ספורט בודד,יפאורה שותפות מוגבלת לשיווק,,,יח,1,"ל 100 מ""ל",false,1,3.80,3.80,false,1,
7290017917283,false,רבעית מגבוני קמיל בלו ללא בישום,"פישר תעשיות פרמצביטות בע""מ",,,יח,10,"ל 100 מ""ל",false,1,19.90,1.99,false,1,
7290017917399,false,קמיל בלו סנסיטיב מגבון טיפולי,"פישר תעשיות פרמצביטות בע""מ",,,יח,0.50,"ל 100 מ""ל",false,1,14.90,29.80,true,1,
7290017917467,false,קמיל בלו אל סבון שיבולת שועל,"פישר תעשיות פרמצביטות בע""מ",,,יח,10,"ל 100 מ""ל",false,1,29.90,2.99,true,1,
7290017928043,false,מאיר בייגל גריסיני קראנץ,"דנשר (1963) בע,מ",,,יח,1.75,ל 100 גרם,false,1,11.90,6.80,true,1,
7290017928098,false,מאיר בייגל שטוחלה מלח 400 גר`,"דנשר (1963) בע,מ",,,יח,4,ל 100 גרם,false,1,10.90,2.73,true,1,
7290017928128,false,מאיר בייגל מקלות מלח 400 גר,"דנשר (1963) בע,מ",,,יח,3.30,ל 100 גרם,false,1,10.90,3.30,true,1,
7290017928494,false,סמאש שבורים בטעם צ`דר פרווה,"דנשר (1963) בע,מ",,,יח,3,ל 100 גרם,false,1,9.90,3.30,false,1,
7290017928609,false,מאיר בייגל טבעות שומשום,"דנשר (1963) בע,מ",,,יח,3,ל 100 גרם,false,1,10.90,3.63,true,1,
7290017928616,false,מאיר בייגל שטוחלה שומשום 300 גר`,"דנשר (1963) בע,מ",,,יח,3,ל 100 גרם,false,1,10.90,3.63,true,1,
7290017928821,false,מאיר בייגל מקלות גריסיני בייטס,"דנשר (1963) בע,מ",,,יח,1.75,ל 100 גרם,false,1,11.90,6.80,true,1,
7290017946399,false,"סוד מרכך מרוכז אדום 900 מ""ל",גורי שיווק בעמ,,,יח,9,"ל 100 מ""ל",false,1,11.90,1.32,false,1,
7290017947105,false,לחם אנג`ל בסגנון אמריקה,שלמה א.אנג ל בעמ,,,יח,7.50,יח,false,1,15.90,2.12,false,1,
7290017947464,false,פיתות כוסמין אנג`ל שמנייה,שלמה א.אנג ל בעמ,,,יח,4,ל 100 גרם,false,1,16.90,4.23,true,1,
7290017947495,false,לחמניות כוסמין שישיה אנג`ל,שלמה א.אנג ל בעמ,,,יח,4.50,ל 100 גרם,false,1,16.90,3.76,false,1,
7290017947891,false,לחם אנג`ל חיטה מלאה וכוסמין,שלמה א.אנג ל בעמ,,,יח,7.50,ל 100 גרם,false,1,17.90,2.39,false,1,
7290017947921,false,6 לחמניות המבורגר אנגל.,שלמה א.אנג ל בעמ,,,יח,4.50,ל 100 גרם,false,1,15.90,3.53,false,1,
7290017947938,false,לחמניות אמריקה מיני המבורגר 8 אנג`ל,שלמה א.אנג ל בעמ,,,יח,4,ל 100 גרם,false,1,15.90,3.98,false,1,
7290017974255,false,קרפלך גבינה מתוקה 600 גר`,נטו מילנדה סחר בעמ*,,,יח,6,ל 100 גרם,false,1,29.90,4.98,false,1,
7290018029206,false,עוגיות כתר 600,קיראי סחר והשקע,,,יח,6,ל 100 גרם,false,1,16.90,2.82,false,1,
7290018091029,false,מקלות פילו תפוחי אדמה,תנובה ענף ב.ע.ד,,,ל 100 גרם,4.50,ל 100 גרם,false,1,17.90,3.98,false,1,
7290018091074,false,בצק עוגיות שוקולד,תנובה ענף ב.ע.ד,,,ל 100 גרם,10.80,ל 100 גרם,false,1,16.90,1.56,false,1,
7290018091081,false,מאפה פילו תרד וגבינות 320 גר`,תנובה ענף ב.ע.ד,,,יח,3.20,ל 100 גרם,false,1,18.90,5.91,false,1,
7290018132425,false,"מטרנה גולד בד""ץ שלב 3",קבוצת אוסם סחר שותפות מוגבלת,,,יח,7,ל 100 גרם,false,1,69.90,9.99,false,1,
7290018165447,false,יין רזברד גולד מרלו,טמפו משקאות בעמ,,,יח,7.50,"ל 100 מ""ל",false,1,39.90,5.28,false,1,
7290018194225,false,"סודה ספארק 250 מ""ל בודד",בני פוזי שמשום בעמ,,,יח,2.50,"ל 100 מ""ל",false,1,2.50,0.88,true,1,
7290018195703,false,"שמן זית כתית מעולה בפיקוח 750 מ""ל",טעמן שיווק מזון בעמ,,,יח,7.50,"ל 100 מ""ל",false,1,14.90,1.99,false,1,
7290018198056,false,"תפוגן קוביות תפוחי אדמה 1.5 ק""ג",קבוצת אוסם סחר שותפות מוגבלת,,,יח,15,ל 100 גרם,false,1,25.90,1.73,false,1,
7290018198209,false,ציפס בטטה קרנצ`י 500 גר`,קבוצת אוסם סחר שותפות מוגבלת,,,יח,5,ל 100 גרם,false,1,21.90,4.38,false,1,
7290018198254,false,תפוגן קריספי צ`יפס קלאסי 1.25,קבוצת אוסם סחר שותפות מוגבלת,,,יח,1.25,ל 100 גרם,false,1,25.90,20.72,false,1,
7290018237397,false,פסטרמה מקורמלת ע. טוב 300גר,קבוצת אוסם סחר שותפות מוגבלת,,,יח,3,ל 100 גרם,false,1,28.90,9.63,false,1,
7290018237922,false,שניצלונים ציפוי צי`פס,קבוצת אוסם סחר שותפות מוגבלת,,,יח,7,ל 100 גרם,false,1,13.90,1.99,true,1,
7290018237960,false,עוף טוב כתף סקר עסיסי 265 גר,קבוצת אוסם סחר שותפות מוגבלת,,,יח,2.65,ל 100 גרם,false,1,29.90,11.28,false,1,
7290018294208,false,סלקטד אדום ישראלי,אגודת הכורמים בעמ,,,יח,7.50,"ל 100 מ""ל",false,1,29.90,3.95,true,1,
7290018294352,false,ארק כרמל,אגודת הכורמים בעמ,,,יח,7,"ל 100 מ""ל",false,1,54.90,7.80,true,1,
7290018296400,false,לחם אגמי קוביות מלא,יותם שיווק,,,יח,7.50,ל 100 גרם,false,1,14.90,1.99,false,1,
7290018348109,false,Sugar 1 kg - Sugat,ג.ח.נ סחר מזון (2010) בעמ,,,יח,10,ל 100 גרם,false,1,3.90,0.39,false,1,
7290018359495,false,תירס מהשדה בלי תוספת סוכר יכין,זנלכל בעמ,,,יח,5.50,ל 100 גרם,false,1,8.90,1.62,false,1,
7290018359518,false,תירס מהשדה בלי תוספת סוכר 3 יח`,זנלכל בעמ,,,יח,6,ל 100 גרם,false,1,14.90,2.48,false,1,
7290018359556,false,תירס מהשדה בלי תוספת סוכר יכין,זנלכל בעמ,,,יח,4,ל 100 גרם,false,1,6.90,1.73,true,1,
7290018359679,false,הקיסרית שעועית לימה יכין 550 גר`,זנלכל בעמ,,,יח,5.50,ל 100 גרם,false,1,9.90,1.80,false,1,
7290018359686,false,חומוס ענק יכין 550 גר`,זנלכל בעמ,,,יח,5.50,ל 100 גרם,false,1,9.90,1.80,false,1,
7290018359716,false,רוטב פיצה טוסקנה 240 גר,זנלכל בעמ,,,יח,2.40,ל 100 גרם,false,1,5.50,2.29,false,1,
7290018400456,false,שייק עם פטאיה סנפרוסט,תנובה ענף ב.ע.ד,,,יח,3,ל 100 גרם,false,1,16.90,5.63,false,1,
7290018400647,false,סמודיז בננה תמר,תנובה ענף ב.ע.ד,,,יח,0.30,ל 100 גרם,false,1,16.90,56.33,false,1,
7290018440193,false,פליפז- בייגלה בציפוי ק. טעם חמאהת בו,תה ויסוצקי (ישראל)בעמ,,,יח,1.40,ל 100 גרם,false,1,8.90,6.36,true,1,
7290018440254,false,תה צ`אי קרמל מלוח,תה ויסוצקי (ישראל)בעמ,,,יח,0.50,ל 100 גרם,false,1,20.90,41.80,true,1,
7290018443057,false,נבטי חמניה ברכת קטיף,"בכורי השדה צפון1994 ג.ד. בע""מ",,,"לק""ג",1,,false,1,8.90,8.90,false,1,
7290018443064,false,נבטי אלפלא אמרקאי,"בכורי השדה צפון1994 ג.ד. בע""מ",,,יח,1,,false,1,5.90,5.90,false,1,
7290018443347,false,שמיר ברכת קטיף יבול נוכרי,"בכורי השדה צפון1994 ג.ד. בע""מ",,,יח,1,,false,1,6.90,6.90,false,1,
7290018443354,false,נענע ברכת קטיף יבול נוכרי,"בכורי השדה צפון1994 ג.ד. בע""מ",,,יח,1,,false,1,6.90,6.90,false,1,
7290018443378,false,מנגולד ברכת קטיף יבול נוכרי,"בכורי השדה צפון1994 ג.ד. בע""מ",,,יח,1,,false,1,7.90,7.90,false,1,
7290018443385,false,חסה ברכת קטיף יבול נוכרי,"בכורי השדה צפון1994 ג.ד. בע""מ",,,יח,1,,false,1,7.90,7.90,false,1,
7290018443408,false,כרוב לבן ברכת קטיף יבול נוכרי,"בכורי השדה צפון1994 ג.ד. בע""מ",,,"לק""ג",1,,true,1,18.90,18.90,false,1,
7290018443712,false,כרובית ארוזה תקומה,"בכורי השדה צפון1994 ג.ד. בע""מ",,,יח,10,ל 100 גרם,false,1,10.90,1.09,false,1,
7290018443835,false,שרי לובלו ירקט,"בכורי השדה צפון1994 ג.ד. בע""מ",,,יח,1,,false,1,12.90,12.90,false,1,
7290018471036,false,"סודה לימון שוופס 500 מ""ל",יפאורה שותפות מוגבלת לשיווק,,,יח,5,"ל 100 מ""ל",false,1,3.90,0.72,false,1,
7290018471180,false,פרוט ווג`אננס תפוח גזר 1 ליטר,יפאורה שותפות מוגבלת לשיווק,,,יח,10,"ל 100 מ""ל",false,1,13.20,1.29,false,1,
7290018471197,false,פרוט ווג` תפוח מלון נענע 1 ליטר,יפאורה שותפות מוגבלת לשיווק,,,יח,10,"ל 100 מ""ל",false,1,13.20,1.29,false,1,
7290018471210,false,נקטר ספרינג אגס סברס תפוח 1 ליטר,יפאורה שותפות מוגבלת לשיווק,,,יח,10,"ל 100 מ""ל",false,1,7,0.70,true,1,
7290018471401,false,פרוט ווג` אננס בננה כורכום 1 ליטר,יפאורה שותפות מוגבלת לשיווק,,,יח,10,"ל 100 מ""ל",false,1,13.20,1.29,false,1,
7290018471449,false,ספרינג שייק בננה תמר 1 ליטר,יפאורה שותפות מוגבלת לשיווק,,,יח,10,"ל 100 מ""ל",false,1,11.60,1.16,false,1,
7290018471463,false,תפוזינה נקטר תפוז מנגו 1 ליטר,יפאורה שותפות מוגבלת לשיווק,,,יח,1,לליטר,false,1,7,7,true,1,
7290018471470,false,תפוזינה נקטר תפוז פסיפלורה 1 ליטר,יפאורה שותפות מוגבלת לשיווק,,,יח,1,לליטר,false,1,7,7,true,1,
7290018471487,false,תפוזינה נקטר תפוז אננס 1 ליטר,יפאורה שותפות מוגבלת לשיווק,,,יח,1,לליטר,false,1,7,7,true,1,
7290018471494,false,תפוזינה נקטר תפוז גזר 1 ליטר,יפאורה שותפות מוגבלת לשיווק,,,יח,1,לליטר,false,1,7,7,true,1,
7290018471623,false,שוופס אשכולית ליצי 1 ליטר,יפאורה שותפות מוגבלת לשיווק,,,יח,10,"ל 100 מ""ל",false,1,9.90,0.96,false,1,
7290018471692,false,ספרינג שייק בננה קוקוס 1 ליטר,יפאורה שותפות מוגבלת לשיווק,,,יח,10,"ל 100 מ""ל",false,1,11.60,1.16,false,1,
7290018471906,false,שוופס מוגז לימונדה ורודה 1.5,יפאורה שותפות מוגבלת לשיווק,,,יח,15,"ל 100 מ""ל",false,1,8.90,0.57,true,1,
7290018471913,false,שוופס פרוטי תפוחים 1.5,יפאורה שותפות מוגבלת לשיווק,,,יח,15,"ל 100 מ""ל",false,1,8.90,0.57,true,1,
7290018471920,false,שוופס מוגז פירות ענבים 1.5,יפאורה שותפות מוגבלת לשיווק,,,יח,15,"ל 100 מ""ל",false,1,8.90,0.57,true,1,
7290018471937,false,שוופס מוגז פירות תות ליים 1.5,יפאורה שותפות מוגבלת לשיווק,,,יח,15,"ל 100 מ""ל",false,1,8.90,0.57,true,1,
7290018471944,false,שוופס מוגז פירות למונייד 1.5,יפאורה שותפות מוגבלת לשיווק,,,יח,15,"ל 100 מ""ל",false,1,8.90,0.57,true,1,
7290018471951,false,שוופס מוגז פירות אשכולית אדומה 1.5,יפאורה שותפות מוגבלת לשיווק,,,יח,15,"ל 100 מ""ל",false,1,8.90,0.57,true,1,
7290018493144,false,אל סבון הגייני לניקוי יסודי,"פישר תעשיות פרמצביטות בע""מ",,,יח,5,"ל 100 מ""ל",false,1,15.90,3.18,true,1,
7290018500231,false,"לחם וויקאנד אנג`ל בד""ץ",שלמה א.אנג ל בעמ,,,יח,6,ל 100 גרם,false,1,18.90,3.15,false,1,
7290018500361,false,אחיד פרוס 900גרם,שלמה א.אנג ל בעמ,,,יח,9,ל 100 גרם,false,1,8.50,0.94,false,1,
7290018500385,false,חלה אנג`ל 650 גרם,שלמה א.אנג ל בעמ,,,יח,6.50,ל 100 גרם,false,1,6.70,1.03,false,1,
7290018500392,false,חלה אנג`ל קלועה 650 גרם,שלמה א.אנג ל בעמ,,,יח,6.50,ל 100 גרם,false,1,6.70,1.03,false,1,
7290018517529,false,עוגיות קרם סדנדוויץ חסכוני,נאמן לאורך זמן בעמ,,,יח,9,ל 100 גרם,false,1,19.90,2.21,false,1,
7290018517536,false,עוגיות קרם סדנדוויץ צילנדר,נאמן לאורך זמן בעמ,,,יח,1.50,ל 100 גרם,false,1,4.50,3,false,1,
7290018517543,false,עוגיות וניל ממולאות קרם ט. שוקולד,נאמן לאורך זמן בעמ,,,יח,1.60,ל 100 גרם,false,1,6.50,4.06,false,1,
7290018517772,false,אריסה טונסאית חריפה 350 גר`,נאמן לאורך זמן בעמ,,,יח,3.50,ל 100 גרם,false,1,19.90,5.69,false,1,
7290018540459,false,לחמניות המבורגר כוסמין 6 אמג`ל,שלמה א.אנג ל בעמ,,,יח,3,ל 100 גרם,false,1,14.90,4.97,false,1,
7290018540817,false,ארטיזנל לחם מחמצת כוסמין,שלמה א.אנג ל בעמ,,,יח,5,ל 100 גרם,false,1,19.90,3.98,true,1,
7290018540831,false,ארטיזנל לחם מחמצת חיטה מלאה,שלמה א.אנג ל בעמ,,,יח,5,ל 100 גרם,false,1,19.90,3.98,true,1,
7290018571231,false,עדשי שוקולד לאפיה 400 גר`,מיה תעשיות מזון מ.ת.מ בעמ,,,יח,4,ל 100 גרם,false,1,17.90,4.48,false,1,
7290018571422,false,לקקנים מולטיקלור מיקס 65 יח`,מיה תעשיות מזון מ.ת.מ בעמ,,,יח,1,ל 100 גרם,false,1,22.90,22.90,true,1,
7290018571491,false,ריבת חלב אמיתית בצנצנת 340 גר,מיה תעשיות מזון מ.ת.מ בעמ,,,יח,3.40,ל 100 גרם,false,1,14.90,4.38,true,1,
7290018571507,false,סוכריות ויטמין סי ילדים דובונים,מיה תעשיות מזון מ.ת.מ בעמ,,,יח,1.75,ל 100 גרם,false,1,39.90,22.80,false,1,
7290018571521,false,סוכריות מולטי ויטמין ילדים,מיה תעשיות מזון מ.ת.מ בעמ,,,יח,1.75,ל 100 גרם,false,1,39.90,22.80,false,1,
7290018571538,false,סוכריות חורף ילדים דובונים,מיה תעשיות מזון מ.ת.מ בעמ,,,יח,1.75,ל 100 גרם,false,1,39.90,22.80,false,1,
7290018571569,false,"תמצית וניל טהורה 30 מ""ל",מיה תעשיות מזון מ.ת.מ בעמ,,,יח,0.30,ל 100 גרם,false,1,29.90,99.67,false,1,
7290018571613,false,סוכריות אומגה 3 מבוגרים,מיה תעשיות מזון מ.ת.מ בעמ,,,יח,2.10,ל 100 גרם,false,1,39.90,19,false,1,
7290018571699,false,קמח שקדים מיה,מיה תעשיות מזון מ.ת.מ בעמ,,,יח,2.50,ל 100 גרם,false,1,20.90,8.36,false,1,
7290018571705,false,"אורז יסמין 1 ק""ג מיה",מיה תעשיות מזון מ.ת.מ בעמ,,,יח,10,ל 100 גרם,false,1,10.90,1.09,true,1,
7290018571712,false,"אורז פרסי 1 ק""ג מיה",מיה תעשיות מזון מ.ת.מ בעמ,,,יח,10,ל 100 גרם,false,1,9.90,0.99,true,1,
7290018571729,false,"אורז רוזיטו עגול 1 ק""ג מיה",מיה תעשיות מזון מ.ת.מ בעמ,,,יח,10,ל 100 גרם,false,1,8.90,0.89,false,1,
7290018571736,false,"אורז בסמטי 1 ק""ג מיה",מיה תעשיות מזון מ.ת.מ בעמ,,,יח,10,ל 100 גרם,false,1,10.90,1.09,true,1,
7290018571798,false,ג`לי שמחות 2 צבעים,מיה תעשיות מזון מ.ת.מ בעמ,,,יח,5.40,ל 100 גרם,false,1,16.90,3.13,true,1,
7290018798713,false,לוקסור מיקסר קערה,אוהב ציון בעמ,,,יח,1,,false,1,179.90,179.90,false,1,
7290018893005,false,חטיפי בייגלה חרדל ודבש 160 גר`,ש.שסטוביץ בעמ,,,יח,1.60,ל 100 גרם,false,1,6.50,4.06,true,1,
7290018893036,false,עוגיות סנדוויץ,ש.שסטוביץ בעמ,,,יח,1.76,ל 100 גרם,false,1,6.90,3.92,false,1,
7290018893081,false,צ`וקטה עוגה אישית מגולגלת חלב,ש.שסטוביץ בעמ,,,יח,2.22,ל 100 גרם,false,1,8.90,4.01,true,1,
7290018893104,false,צ`וקטה עוגיות מצופות,ש.שסטוביץ בעמ,,,יח,7,ל 100 גרם,false,1,7.90,1.13,true,1,
7290018893258,false,עוגיות אישיות צ`וקטה קרמל,ש.שסטוביץ בעמ,,,יח,3,ל 100 גרם,false,1,10.90,3.63,false,1,
7290018893265,false,עוגיות אישיות צ`וקטה קקאו,ש.שסטוביץ בעמ,,,יח,2.40,ל 100 גרם,false,1,10.90,4.54,true,1,
7290018893289,false,צ`וקטה עוגה אישית מגולגלת קקאו,ש.שסטוביץ בעמ,,,יח,222,ל 100 גרם,false,1,8.90,0.04,true,1,
7290018893296,false,עוגיות מיני חמאה צוקטה,ש.שסטוביץ בעמ,,,יח,1,ל 100 גרם,false,1,9.90,9.90,false,1,
7290018893319,false,צ`וקטה שוקולד מריר בלגי 85%,ש.שסטוביץ בעמ,,,יח,1,ל 100 גרם,false,1,9.90,9.90,false,1,
7290018893425,false,צ`וקטה ממרח דאו לוז 700 גר`,ש.שסטוביץ בעמ,,,יח,7,ל 100 גרם,false,1,19.90,2.84,false,1,
7290018893456,false,עוגיות אישיות צ`וקטה,ש.שסטוביץ בעמ,,,יח,3,ל 100 גרם,false,1,10.90,3.63,false,1,
7290018893661,false,עוגיות אישיות צ`וקטה קקאו,ש.שסטוביץ בעמ,,,יח,2.40,ל 100 גרם,false,1,10.90,4.54,true,1,
7290018893708,false,צ`וקטה עוגיות סנדוויץ שוקולד,ש.שסטוביץ בעמ,,,יח,2.50,ל 100 גרם,false,1,7.90,3.16,true,1,
7290018893753,false,צ`וקטה וופל חמאה ט. לימון,ש.שסטוביץ בעמ,,,יח,1,ל 100 גרם,false,1,9.90,9.90,true,1,
7290018893876,false,עוגיות אישיות צ`וקטה וניל,ש.שסטוביץ בעמ,,,יח,2,ל 100 גרם,false,1,10.90,5.45,true,1,
7290018893906,false,צ`וקטה עוגיות סנדוויץ וניל,ש.שסטוביץ בעמ,,,יח,2.50,ל 100 גרם,false,1,7.90,3.16,true,1,
7290018894019,false,בלקוני עוגיות מיקס חלב,ש.שסטוביץ בעמ,,,יח,3.50,ל 100 גרם,false,1,13.90,3.97,true,1,
7290018894040,false,שוקולד חלב 1/5 צ`וקטה,ש.שסטוביץ בעמ,,,יח,5,ל 100 גרם,false,1,24.90,4.98,true,1,
7290018894217,false,בלקוני עוגיות מקס קקאו,ש.שסטוביץ בעמ,,,יח,3.50,ל 100 גרם,false,1,13.90,3.97,true,1,
7290018921166,false,אל סבון נוזלי ניקוי יסודי 1 ליטר,"פישר תעשיות פרמצביטות בע""מ",,,יח,10,"ל 100 מ""ל",false,1,15.90,1.59,true,1,
7290018925065,false,פרימור תפוזים 2ליטר,שטראוס גרופ בעמ (ח),,,יח,2,לליטר,false,1,25.90,12.80,false,1,
7290018964002,false,אוזניות חוטיות לבן סדרת שרביט,סוויטשי ישראל בעמ,,,יח,1,,false,1,29.90,29.90,false,1,
7290018964019,false,כבל MICRO,סוויטשי ישראל בעמ,,,יח,1,,false,1,29.90,29.90,false,1,
7290018964057,false,מטען קיר 1A/2A,סוויטשי ישראל בעמ,,,יח,1,,false,1,29.90,29.90,false,1,
7290018964071,false,מגנט רכב,סוויטשי ישראל בעמ,,,יח,1,,false,1,29.90,29.90,false,1,
7290018964095,false,כבל טייפ/סי 1 מטר,סוויטשי ישראל בעמ,,,יח,1,,false,1,34.90,34.90,false,1,
7290018964101,false,כבל טייפ/אייפון 1 מטר,סוויטשי ישראל בעמ,,,יח,1,,false,1,34.90,34.90,false,1,
7290019026501,false,לוקסור טוסטר 2 פרוסות פסים,אוהב ציון בעמ,,,יח,1,,false,1,89.90,89.90,false,1,
7290019026549,false,לוקסר טוסטר 4 פרוסות,אוהב ציון בעמ,,,יח,1,,false,1,170,170,false,1,
7290019036234,false,שיני שום קלופות 200 גרק,"בכורי השדה צפון1994 ג.ד. בע""מ",,,יח,2,ל 100 גרם,false,1,12.90,6.45,false,1,
7290019056027,false,שוופס מוגז פירות תפוח ללס 1.5,יפאורה שותפות מוגבלת לשיווק,,,יח,1.50,לליטר,false,1,8.90,5.73,true,1,
7290019056034,false,שוופס מוגז פירות אננס ללס 1.5,יפאורה שותפות מוגבלת לשיווק,,,יח,1.50,לליטר,false,1,8.90,5.73,true,1,
7290019056041,false,שוופס מוגז פירות לימוניד ללס 1.5,יפאורה שותפות מוגבלת לשיווק,,,יח,1.50,לליטר,false,1,8.90,5.73,true,1,
7290019056058,false,שוופס תפוח ליים 1.5 ק,יפאורה שותפות מוגבלת לשיווק,,,יח,15,"ל 100 מ""ל",false,1,8.90,0.57,true,1,
7290019056065,false,שוופס פירות יער 1.5 מוגז,יפאורה שותפות מוגבלת לשיווק,,,יח,1.50,לליטר,false,1,8.90,5.73,true,1,
7290019056072,false,שוופס מוגז עדין 1.5 אננס,יפאורה שותפות מוגבלת לשיווק,,,יח,15,"ל 100 מ""ל",false,1,8.90,0.57,true,1,
7290019056089,false,שוופס מוגז עדין 1.5 ריזלי,יפאורה שותפות מוגבלת לשיווק,,,יח,15,"ל 100 מ""ל",false,1,8.90,0.57,true,1,
7290019056096,false,שוופס אפרסק מוגז 1.5,יפאורה שותפות מוגבלת לשיווק,,,יח,15,"ל 100 מ""ל",false,1,8.90,0.57,true,1,
7290019056119,false,סודה 1.5 ליטר,יפאורה שותפות מוגבלת לשיווק,,,יח,1.50,לליטר,false,1,3.20,1.93,false,1,
7290019056164,false,רבעית סודה שוופס 1.5 ק,יפאורה שותפות מוגבלת לשיווק,,,יח,60,"ל 100 מ""ל",false,1,12.20,0.18,false,1,
7290019056171,false,סודה שוופס רבעיה לימון,יפאורה שותפות מוגבלת לשיווק,,,יח,60,"ל 100 מ""ל",false,1,12.20,0.18,false,1,
7290019056188,false,רבעית סודה שוופס נענע ליים 1.5 ק,יפאורה שותפות מוגבלת לשיווק,,,יח,60,"ל 100 מ""ל",false,1,12.20,0.18,false,1,
7290019056201,false,רבעית סודה שוופס פירות יער 1.5 ק,יפאורה שותפות מוגבלת לשיווק,,,יח,60,"ל 100 מ""ל",false,1,12.20,0.18,false,1,
7290019056232,false,שוופס ליים מוחיטו 1.5 ליטר,יפאורה שותפות מוגבלת לשיווק,,,יח,1.50,לליטר,false,1,8.90,5.73,true,1,
7290019056249,false,שוופס ווטר ענבים 1.5 ליטר,יפאורה שותפות מוגבלת לשיווק,,,יח,15,"ל 100 מ""ל",false,1,7.90,0.51,false,1,
7290019056256,false,שוופס ווטר תפוח 1.5 ליטר,יפאורה שותפות מוגבלת לשיווק,,,יח,15,"ל 100 מ""ל",false,1,7.90,0.51,false,1,
7290019056263,false,שוופס ווטר אפרסק 1.5 ליטר,יפאורה שותפות מוגבלת לשיווק,,,יח,15,"ל 100 מ""ל",false,1,7.90,0.51,false,1,
7290019056270,false,שוופס ווטר פירות יער 1.5 ליטר,יפאורה שותפות מוגבלת לשיווק,,,יח,15,"ל 100 מ""ל",false,1,7.90,0.51,false,1,
7290019056287,false,שוופס ווטר אפרסק 1.5 ליטר,יפאורה שותפות מוגבלת לשיווק,,,יח,1.50,לליטר,false,1,7.90,5.07,false,1,
7290019056300,false,ביטר לימון 1.5,יפאורה שותפות מוגבלת לשיווק,,,יח,15,"ל 100 מ""ל",false,1,11.90,0.77,false,1,
7290019056317,false,שופס 1.5,יפאורה שותפות מוגבלת לשיווק,,,יח,15,"ל 100 מ""ל",false,1,11.90,0.77,false,1,
7290019056324,false,מי טוניק,יפאורה שותפות מוגבלת לשיווק,,,יח,15,"ל 100 מ""ל",false,1,11.90,0.77,false,1,
7290019056331,false,מי טוניק ללא סוכר,יפאורה שותפות מוגבלת לשיווק,,,יח,15,"ל 100 מ""ל",false,1,11.90,0.77,false,1,
7290019056355,false,תפוזינה לימונדה מיקס לימונענע,יפאורה שותפות מוגבלת לשיווק,,,יח,1.50,לליטר,false,1,8.90,5.73,true,1,
7290019056362,false,תפוזינה ענבים 1.5,יפאורה שותפות מוגבלת לשיווק,,,יח,1.50,לליטר,false,1,8.90,5.73,true,1,
7290019056379,false,תפוזינה 1.5 תפוזים,יפאורה שותפות מוגבלת לשיווק,,,יח,15,"ל 100 מ""ל",false,1,8.90,0.57,true,1,
7290019056386,false,תפוזינה אשכוליות 1.5,יפאורה שותפות מוגבלת לשיווק,,,יח,15,"ל 100 מ""ל",false,1,8.90,0.57,true,1,
7290019056393,false,תותינה 1.5 תפוזינה,יפאורה שותפות מוגבלת לשיווק,,,יח,15,"ל 100 מ""ל",false,1,8.90,0.57,true,1,
7290019056409,false,תפוזינה מנגו 1.5,יפאורה שותפות מוגבלת לשיווק,,,יח,15,"ל 100 מ""ל",false,1,8.90,0.57,true,1,
7290019056416,false,תפוזינה לימונדה ורודה 1.5,יפאורה שותפות מוגבלת לשיווק,,,יח,15,"ל 100 מ""ל",false,1,8.90,0.57,true,1,
7290019056423,false,תפוזינה תפוחים 1.5 ליטר,יפאורה שותפות מוגבלת לשיווק,,,יח,15,"ל 100 מ""ל",false,1,8.90,0.57,true,1,
7290019056430,false,תפוזינה תפוזים לייט 1.5,יפאורה שותפות מוגבלת לשיווק,,,יח,15,"ל 100 מ""ל",false,1,8.90,0.57,true,1,
7290019056447,false,תפוזים אשכוליות 1.5 לייט,יפאורה שותפות מוגבלת לשיווק,,,יח,1.50,לליטר,false,1,8.90,5.73,true,1,
7290019056454,false,R.C קולה,יפאורה שותפות מוגבלת לשיווק,,,יח,1.50,לליטר,false,1,6.90,4.40,false,1,
7290019056461,false,שישית R.C 1.5 קולה,יפאורה שותפות מוגבלת לשיווק,,,יח,90,"ל 100 מ""ל",false,1,39.90,0.42,false,1,
7290019056478,false,ספריג תה אפרסק 1.5,יפאורה שותפות מוגבלת לשיווק,,,יח,15,"ל 100 מ""ל",false,1,7.90,0.51,false,1,
7290019056485,false,ספריג תה לואיזה 1.5 ק,יפאורה שותפות מוגבלת לשיווק,,,יח,15,"ל 100 מ""ל",false,1,7.90,0.51,false,1,
7290019056508,false,פרוט ווטר ענבים 1.5 ליטר,יפאורה שותפות מוגבלת לשיווק,,,יח,15,"ל 100 מ""ל",false,1,7.90,0.51,false,1,
7290019056515,false,פרוט ווטר אננס 1.5 ליטר,יפאורה שותפות מוגבלת לשיווק,,,יח,15,"ל 100 מ""ל",false,1,7.90,0.51,false,1,
7290019056522,false,פרוט ווטר תות 1.5 ליטר,יפאורה שותפות מוגבלת לשיווק,,,יח,15,"ל 100 מ""ל",false,1,7.90,0.51,false,1,
7290019056539,false,ווטר אפרסק 1.5 ליטר,יפאורה שותפות מוגבלת לשיווק,,,יח,15,"ל 100 מ""ל",false,1,7.90,0.51,false,1,
7290019056546,false,ווטר אבטיח 1.5 ליטר,יפאורה שותפות מוגבלת לשיווק,,,יח,15,"ל 100 מ""ל",false,1,7.90,0.51,false,1,
7290019056553,false,שישית עין גדי 2,יפאורה שותפות מוגבלת לשיווק,,,יח,120,"ל 100 מ""ל",false,1,13.70,0.10,false,1,
7290019056560,false,עין גדי 2 ליטר,יפאורה שותפות מוגבלת לשיווק,,,יח,2,לליטר,false,1,3.30,1.50,false,1,
7290019056577,false,ספרינג מנגו 1.5,יפאורה שותפות מוגבלת לשיווק,,,יח,15,"ל 100 מ""ל",false,1,8.90,0.57,true,1,
7290019056584,false,ספרינג תפוז 1.5,יפאורה שותפות מוגבלת לשיווק,,,יח,15,"ל 100 מ""ל",false,1,8.90,0.57,true,1,
7290019056591,false,ספרינג ענבים 1.5,יפאורה שותפות מוגבלת לשיווק,,,יח,15,"ל 100 מ""ל",false,1,8.90,0.57,true,1,
7290019056607,false,ספרינג בטעם תפוח 1.5,יפאורה שותפות מוגבלת לשיווק,,,יח,1.50,לליטר,false,1,8.90,5.73,true,1,
7290019056614,false,ספרינג אפרסק 1.5,יפאורה שותפות מוגבלת לשיווק,,,יח,15,"ל 100 מ""ל",false,1,8.90,0.57,true,1,
7290019056638,false,ספרינג תות בננה 1.5,יפאורה שותפות מוגבלת לשיווק,,,יח,15,"ל 100 מ""ל",false,1,8.90,0.57,true,1,
7290019056645,false,ספרינג אגסים סברס 1.5,יפאורה שותפות מוגבלת לשיווק,,,יח,15,"ל 100 מ""ל",false,1,8.90,0.57,true,1,
7290019056652,false,ספרינג אננס בננה 1.5,יפאורה שותפות מוגבלת לשיווק,,,יח,15,"ל 100 מ""ל",false,1,8.90,0.57,true,1,
7290019056669,false,ספרינג דיאט תפוח 1.5,יפאורה שותפות מוגבלת לשיווק,,,יח,15,"ל 100 מ""ל",false,1,8.90,0.57,true,1,
7290019056676,false,ספרינג דיאט אשכו 1.5,יפאורה שותפות מוגבלת לשיווק,,,יח,15,"ל 100 מ""ל",false,1,8.90,0.57,true,1,
7290019056720,false,קריסטל ענבים 2 ל ק,יפאורה שותפות מוגבלת לשיווק,,,יח,20,"ל 100 מ""ל",false,1,6.90,0.33,false,1,
7290019056737,false,קריסטל אשכוליות 2 ל ק,יפאורה שותפות מוגבלת לשיווק,,,יח,20,"ל 100 מ""ל",false,1,6.90,0.33,false,1,
7290019056744,false,קריסטל תפוזים 2 ל ק,יפאורה שותפות מוגבלת לשיווק,,,יח,20,"ל 100 מ""ל",false,1,6.90,0.33,false,1,
7290019056751,false,קריסטל אשכוליות דיאט 2 ל ק,יפאורה שותפות מוגבלת לשיווק,,,יח,20,"ל 100 מ""ל",false,1,6.90,0.33,false,1,
7290019056768,false,קריסטל מנגו 2 ל ק,יפאורה שותפות מוגבלת לשיווק,,,יח,20,"ל 100 מ""ל",false,1,6.90,0.33,false,1,
7290019056775,false,קריסטל מוגז ענבים 2 ל ק,יפאורה שותפות מוגבלת לשיווק,,,יח,20,"ל 100 מ""ל",false,1,6.90,0.33,false,1,
7290019056782,false,קריסטל מוגז לימון ליים 2 ל ק,יפאורה שותפות מוגבלת לשיווק,,,יח,20,"ל 100 מ""ל",false,1,6.90,0.33,false,1,
7290019056799,false,קריסטל מוגז אקזוטי 2 ל ק,יפאורה שותפות מוגבלת לשיווק,,,יח,20,"ל 100 מ""ל",false,1,6.90,0.33,false,1,
7290019056805,false,קריסטל מוגז תפוחים 2 ל ק,יפאורה שותפות מוגבלת לשיווק,,,יח,20,"ל 100 מ""ל",false,1,6.90,0.33,false,1,
7290019056812,false,קריסטל מוגז מנטה 2 ל ק,יפאורה שותפות מוגבלת לשיווק,,,יח,20,"ל 100 מ""ל",false,1,6.90,0.33,false,1,
7290019056829,false,קריסטל מוגז תפוזים 2 ל ק,יפאורה שותפות מוגבלת לשיווק,,,יח,20,"ל 100 מ""ל",false,1,6.90,0.33,false,1,
7290019056836,false,קריסטל מוגז תות 2 ל ק,יפאורה שותפות מוגבלת לשיווק,,,יח,20,"ל 100 מ""ל",false,1,6.90,0.33,false,1,
7290019056843,false,קריסטל מוגז קולה 2 ל ק,יפאורה שותפות מוגבלת לשיווק,,,יח,20,"ל 100 מ""ל",false,1,6.90,0.33,false,1,
7290019056959,false,מי עדן 1.5 ליטר *,יפאורה שותפות מוגבלת לשיווק,,,יח,1.50,לליטר,false,1,2.80,1.67,false,1,
7290019056973,false,"מי עדן ח""פ שישיה 1.5*",יפאורה שותפות מוגבלת לשיווק,,,יח,9,לליטר,false,1,13.70,1.32,false,1,
7290019074090,false,קמיל בלו אקסטרא סופט אל סבון,"פישר תעשיות פרמצביטות בע""מ",,,יח,5,"ל 100 מ""ל",false,1,22.90,4.58,false,1,
7290019153252,false,רבעית סודה שוופס תפוח 1.5 ק,יפאורה שותפות מוגבלת לשיווק,,,יח,60,"ל 100 מ""ל",false,1,12.20,0.18,false,1,
7290019153269,false,רבעית סודה שוופס אננס 1.5 ק,יפאורה שותפות מוגבלת לשיווק,,,יח,60,"ל 100 מ""ל",false,1,12.20,0.18,false,1,
7290019153344,false,תפוזינה 1.5 סנגרייה,יפאורה שותפות מוגבלת לשיווק,,,יח,15,"ל 100 מ""ל",false,1,8.90,0.57,true,1,
7290019153351,false,תפוזינה 1.5 פינק אוזו,יפאורה שותפות מוגבלת לשיווק,,,יח,15,"ל 100 מ""ל",false,1,8.90,0.57,true,1,
7290019153375,false,תפוזינה 1.5 מוחיטו,יפאורה שותפות מוגבלת לשיווק,,,יח,15,"ל 100 מ""ל",false,1,8.90,0.57,true,1,
7290019153535,false,שוופס רבעיית פרות מוגז ללא סוכר,יפאורה שותפות מוגבלת לשיווק,,,יח,1.32,"ל 100 מ""ל",false,1,12.90,8.86,true,1,
7290019153566,false,ספרינג רימון אוכמניות 1.5,יפאורה שותפות מוגבלת לשיווק,,,יח,15,"ל 100 מ""ל",false,1,8.90,0.57,true,1,
7290019162032,false,גרב טרמו פסים זוג,ליאור יבוא ושיווק מוצרי הלבשה,,,יח,1,,false,1,27.90,27.90,false,1,
7290019162056,false,גרב טרמו מקופל נשים,ליאור יבוא ושיווק מוצרי הלבשה,,,יח,1,,false,1,19.90,19.90,false,1,
7290019162087,false,גרב בוקלה X2 נשים,ליאור יבוא ושיווק מוצרי הלבשה,,,יח,1,,false,1,28.90,28.90,false,1,
7290019162131,false,גרב אקרילך מחממת X 3,ליאור יבוא ושיווק מוצרי הלבשה,,,יח,1,,false,1,19.90,19.90,false,1,
7290019162209,false,חולצה ש. ארוך /. גטקס צבעוני,ליאור יבוא ושיווק מוצרי הלבשה,,,יח,1,,false,1,29.90,29.90,false,1,
7290019167020,false,עדן קינוחים עוגת גבינה עם פירות,תנובה -חלב,,,יח,0.82,ל 100 גרם,false,1,6.70,8.17,false,1,
7290019204008,false,עוף טוב פסטרמה ארבעה פלפלים 350 גר`,קבוצת אוסם סחר שותפות מוגבלת,,,יח,3.50,ל 100 גרם,false,1,29.90,8.54,false,1,
7290019204305,false,עוף טוב פסטרמה ברבקיו 350 גר`,קבוצת אוסם סחר שותפות מוגבלת,,,יח,3.50,ל 100 גרם,false,1,29.90,8.54,false,1,
7290019232834,false,פליפז- בייגלה ק. עוגיות,תה ויסוצקי (ישראל)בעמ,,,יח,1.40,ל 100 גרם,false,1,8.90,6.36,true,1,
7290019302315,false,מוסקוטו באזז אבטיח מלון,אגודת הכורמים בעמ,,,יח,7.50,"ל 100 מ""ל",false,1,24.90,3.28,true,1,
7290021211865,false,גרב מותג בנים/ בנות,ליאור יבוא ושיווק מוצרי הלבשה,,,יח,1,,false,1,18.90,18.90,false,1,
7290021211919,false,תחתון 5X ליאור,ליאור יבוא ושיווק מוצרי הלבשה,,,יח,1,,false,1,39.90,39.90,false,1,
7290021211940,false,גרב כותנה ליאור,ליאור יבוא ושיווק מוצרי הלבשה,,,יח,1,,false,1,23.90,23.90,false,1,
7290022005555,false,Indian turmeric powder 100 grm - Maimon,א.ל ייצור ושיווק תבלינים בעמ,,,יח,1.20,ל 100 גרם,false,1,10.90,9.08,false,1,
7290022005562,false,קריספ פירורי לחם שום 300 גר`,א.ל ייצור ושיווק תבלינים בעמ,,,יח,3,ל 100 גרם,false,1,7.90,2.63,true,1,
7290042051402,false,כוס זכוכית שלישה,אושר א.א יבוא ושיווק כלי בית ב,,,יח,1,,false,1,6.90,6.90,false,1,
7290042051808,false,לפתניות מתכלות 25 יח שווה*,אפולו נציגויות בעמ,,,יח,25,יח,false,1,8.90,0.36,true,1,
7290042051846,false,מפה עגולה אל בד קוטר 180 שווה (מיקס)*,דיספובד שיווק,,,יח,1,יח,false,1,6.90,6.90,true,1,
7290042051976,false,"כוסות נייר גודל 10 כשל""פ 40 יח` ""שווה""",GG.M ENTERPRISE,,,יח,50,יח,false,1,12.90,0.26,true,1,
7290042051990,false,"כשל""פ כוסות ניר 40 יח`8b שווה רובין*",GG.M ENTERPRISE,,,יח,40,יח,false,1,6.90,0.17,true,1,
7290067642005,false,"בירה גולסטאר 10% 330 מ""ל",טמפו משקאות בעמ,,,יח,0.33,"ל 100 מ""ל",false,1,7.50,21.82,false,1,
7290100240137,false,Spray for dryer sheets 500ml-Blue,"יוניליוור ישראלשיווק בע""מ",,,יח,5,"ל 100 מ""ל",false,1,14.90,2.98,false,1,
7290100240144,false,Spray for dryer sheets 500ml-Pink,"יוניליוור ישראלשיווק בע""מ",,,יח,5,"ל 100 מ""ל",false,1,14.90,2.98,false,1,
7290100240632,false,PATIT 6 GRAINS BDZ NEW 24X250GR,"יוניליוור ישראלשיווק בע""מ",,,יח,2.50,ל 100 גרם,false,6,14.90,5.96,false,1,
7290100240656,false,PATIT RYE BDZ NEW 24X300GR,"יוניליוור ישראלשיווק בע""מ",,,יח,3,ל 100 גרם,false,6,14.90,4.97,false,1,
7290100243671,false,BADIN RC CONC LIQUID BLUE 16X960ML,"יוניליוור ישראלשיווק בע""מ",,,יח,96,"ל 100 ס""מ",false,1,15.90,0.17,false,1,
7290100249598,false,KNORR CIS GARLIC&HONEY BDZ 8X320G,"יוניליוור ישראלשיווק בע""מ",,,יח,3.20,ל 100 גרם,false,8,10.90,3.41,false,1,
7290100412343,false,קוויק מג`לניקוי כללי בריח לימון 50,שקד תבל בעמ,,,יח,1,,false,1,8.90,8.90,true,1,
7290100412459,false,קוויק מ.לנוקוי שירותים ואמבטיה בריח לו,שקד תבל בעמ,,,יח,1,,false,1,8.90,8.90,true,1,
7290100485101,false,מצקת דגם ששת נירוסטה,י.סולומון חוויה שבכלי בעמ,,,יח,1,,false,1,6.90,6.90,false,1,
7290100485491,false,סט 6 כפיות דגם גיל,י.סולומון חוויה שבכלי בעמ,,,יח,1,,false,1,6.90,6.90,false,1,
7290100485972,false,פינג ן טפלון 8,י.סולומון חוויה שבכלי בעמ,,,יח,1,,false,1,36.90,36.90,false,1,
7290100487419,false,כף טפלון במבוק,י.סולומון חוויה שבכלי בעמ,,,יח,1,,false,1,3.90,3.90,false,1,
7290100489185,false,פורס ביצה,י.סולומון חוויה שבכלי בעמ,,,יח,1,,false,1,18.90,18.90,false,1,
7290100489673,false,מפזר אבקת סוכר קפיץ,י.סולומון חוויה שבכלי בעמ,,,יח,1,,false,1,18.90,18.90,false,1,
7290100680650,false,מנה חמה נודלס,קבוצת אוסם סחר שותפות מוגבלת,,,יח,0.76,ל 100 גרם,false,1,5.90,7.76,false,1,
7290100680667,false,מנה חמה טעם סצ ואין,קבוצת אוסם סחר שותפות מוגבלת,,,יח,0.76,ל 100 גרם,false,1,5.90,7.76,false,1,
7290100680728,false,פירורית 350 גר,קבוצת אוסם סחר שותפות מוגבלת,,,יח,3.50,ל 100 גרם,false,1,7.30,2.09,false,1,
7290100681015,false,אינסטנט פודינג ריבת חלב,קבוצת אוסם סחר שותפות מוגבלת,,,יח,0.84,ל 100 גרם,false,1,5.80,6.90,true,1,
7290100681138,false,אפרופרו מארז שלישיה,קבוצת אוסם סחר שותפות מוגבלת,,,יח,1.50,ל 100 גרם,false,1,12.90,8.60,true,1,
7290100684139,false,מיני מקרוני,קבוצת אוסם סחר שותפות מוגבלת,,,יח,5,ל 100 גרם,false,1,5.80,1.16,true,1,
7290100685136,false,"אבקת מרק טעם עוף 1 ק""ג 1/8 אסם",קבוצת אוסם סחר שותפות מוגבלת,,,יח,10,ל 100 גרם,false,1,14.90,1.49,false,1,
7290100685334,false,אבקת מרק עוף טבעי 400,קבוצת אוסם סחר שותפות מוגבלת,,,יח,4,ל 100 גרם,false,1,19.90,4.98,false,1,
7290100685341,false,אבקת מרק ט. עוף זך,קבוצת אוסם סחר שותפות מוגבלת,,,יח,4,ל 100 גרם,false,1,16.90,4.23,true,1,
7290100685563,false,פירורית זהב מארז,קבוצת אוסם סחר שותפות מוגבלת,,,יח,4,ל 100 גרם,false,1,7.90,1.98,false,1,
7290100685600,false,פירורית זהב חיטה מלאה,קבוצת אוסם סחר שותפות מוגבלת,,,יח,2,ל 100 גרם,false,1,7.30,3.65,false,1,
7290100686164,false,מולטיפק ביסלי ברבקיו,קבוצת אוסם סחר שותפות מוגבלת,,,יח,2.10,ל 100 גרם,false,1,12.90,6.14,true,1,
7290100686171,false,מארז ביסלי גריל,קבוצת אוסם סחר שותפות מוגבלת,,,יח,2.10,ל 100 גרם,false,1,12.90,6.14,true,1,
7290100689301,false,מרק טעם עוף זך עדיף,קבוצת אוסם סחר שותפות מוגבלת,,,יח,4,ל 100 גרם,false,1,13.90,3.48,true,1,
7290100700020,false,500g pearl barley - Sugat,סוגת תעשיות בעמ,,,יח,5,ל 100 גרם,false,1,5.90,1.18,true,1,
7290100700273,false,Quinoa 500 g - Sugat,סוגת תעשיות בעמ,,,יח,5,ל 100 גרם,false,1,14.90,2.98,true,1,
7290100700327,false,Pearl barley 1 kg - Sugat,סוגת תעשיות בעמ,,,יח,10,ל 100 גרם,false,1,7.90,0.79,true,1,
7290100700372,false,Basmati rice 1 kg - Sugat,סוגת תעשיות בעמ,,,יח,10,ל 100 גרם,false,1,13.90,1.39,false,1,
7290100700396,false,Classic jasmine rice - Sugat,סוגת תעשיות בעמ,,,יח,10,ל 100 גרם,false,1,11.90,1.19,false,1,
7290100700402,false,Huge chick 1kg - Sugat,סוגת תעשיות בעמ,,,יח,10,ל 100 גרם,false,1,15.90,1.59,false,1,
7290100701409,false,Corn flour 500g - Sugat,סוגת תעשיות בעמ,,,יח,5,ל 100 גרם,false,1,6.90,1.38,false,1,
7290100702611,false,Baked pasta rice 500g - Sugat,סוגת תעשיות בעמ,,,יח,5,ל 100 גרם,false,1,4.90,0.98,false,1,
7290100702628,false,Baked pasta 500g couscous - Sugat,סוגת תעשיות בעמ,,,יח,5,ל 100 גרם,false,1,4.90,0.98,false,1,
7290100702635,false,Baked pasta 500g stars - Sugat,סוגת תעשיות בעמ,,,יח,5,ל 100 גרם,false,1,4.90,0.98,false,1,
7290100702642,false,Baked pasta 500g ring - Sugat,סוגת תעשיות בעמ,,,יח,5,ל 100 גרם,false,1,4.90,0.98,false,1,
7290100702659,false,פתיתים אפויים קמח מלא 400ג סוגת*,סוגת תעשיות בעמ,,,יח,5,ל 100 גרם,false,1,4.90,0.98,false,1,
7290100703533,false,Rural flour + 3 - Sugat,סוגת תעשיות בעמ,,,יח,1,"לק""ג",false,1,8.90,8.90,false,1,
7290100703564,false,שיבולת שועל 500ג עבה סוגת*,סוגת תעשיות בעמ,,,יח,5,ל 100 גרם,false,1,4.90,0.98,false,1,
7290100703687,false,קמח חלה ללא ניפוי,סוגת תעשיות בעמ,,,יח,10,ל 100 גרם,false,1,7.90,0.79,false,1,
7290100703861,false,"קמח קסם לחלה 1 ק""ג סוגת*",סוגת תעשיות בעמ,,,יח,10,ל 100 גרם,false,1,9.90,0.99,false,1,
7290100704141,false,Baking soda 50g genre - Sugat,סוגת תעשיות בעמ,,,יח,10,ל 100 גרם,false,1,2.50,0.25,false,1,
7290100704516,false,Red beans 500g - Sugat,סוגת תעשיות בעמ,,,יח,5,ל 100 גרם,false,1,10.90,2.18,true,1,
7290100704608,false,White beans 500g - Sugat,סוגת תעשיות בעמ,,,יח,5,ל 100 גרם,false,1,8.90,1.78,true,1,
7290100704660,false,Quinoa 500 g - Sugat,סוגת תעשיות בעמ,,,יח,5,ל 100 גרם,false,1,14.90,2.98,true,1,
7290100858592,false,קקאו 150 עלית,שטראוס גרופ בעמ,,,יח,1.50,ל 100 גרם,false,1,10.90,7.27,true,1,
7290100858608,false,קקאו 500 עלית,שטראוס גרופ בעמ,,,יח,5,ל 100 גרם,false,1,23.90,4.78,false,1,
7290100921593,false,כדוריות סוד נתלה לימון לניקוי,גורי שיווק בעמ,,,יח,1,יח,false,1,7.90,7.90,true,1,
7290100921623,false,כדוריות סוד נתלה אקונומיקה לניקוי,גורי שיווק בעמ,,,יח,1,יח,false,1,7.90,7.90,true,1,
7290100925676,false,קולור קאצ`ר 20 דפים למכונת כביסה,גורי שיווק בעמ,,,יח,1,,false,1,19.90,19.90,false,1,
7290100926109,false,מרכך סוד 4 ליטר,גורי שיווק בעמ,,,יח,4,לליטר,false,1,16.90,4.23,false,1,
7290101413745,false,מערבל יד לקטישן 300W,אוהב ציון בעמ,,,יח,1,,false,1,129,129,false,1,
7290101551027,false,קפסולות אספרסו מס `14 למכונת אספרס,שטראוס גרופ בעמ,,,ל 100 גרם,0.50,ל 100 גרם,false,1,15.90,31.80,true,1,
7290101551263,false,סילאן טבעי 700 גר`,שטראוס גרופ בעמ,,,יח,0.70,ל 100 גרם,false,1,19.90,28.43,false,1,
7290101551584,false,תפוצ יפס קידס מארז,שטראוס פריטו ליי בעמ,,,יח,2,ל 100 גרם,false,1,12.90,6.45,false,1,
7290101551638,false,מארז צ`יטוס כאפה,שטראוס פריטו ליי בעמ,,,יח,2,ל 100 גרם,false,1,12.90,6.45,false,1,
7290101821151,false,דבק מגע ע. הבית,עולם הבית,,,יח,1,,false,1,4.90,4.90,false,1,
7290101823506,false,ספריי שמן ע. הבית,עולם הבית,,,יח,1,,false,1,16.90,16.90,false,1,
7290101863410,false,סיליט באנג ספריי,רקיט בנקיסר (ניר איסט),,,יח,7.50,"ל 100 מ""ל",false,1,12.90,1.72,false,1,
7290101864127,false,"קליה אוקסי ספריי 750 מ""ל",רקיט בנקיסר (ניר איסט),,,יח,7.50,"ל 100 מ""ל",false,1,16.90,2.25,true,1,
7290101866787,false,קליה 3 ליטר וייט לבן,רקיט בנקיסר (ניר איסט),,,יח,30,"ל 100 מ""ל",false,1,29.90,1,false,1,
7290101869726,false,"פיניש ג`ל 1000 מ""ל",רקיט בנקיסר (ניר איסט),,,יח,10,"ל 100 מ""ל",false,1,42.90,4.29,false,1,
7290101869740,false,מבשם אויר מכשיר אוטמטי לייף סנס,רקיט בנקיסר (ניר איסט),,,יח,2.50,"ל 100 מ""ל",false,1,44.90,17.96,false,1,
7290102030330,false,תפוצ יפס קרנצי מקסיקני,שטראוס פריטו ליי בעמ,,,יח,2,ל 100 גרם,false,1,9.90,4.95,true,1,
7290102031276,false,שמנית אקטימל תות בננה,שטראוס גרופ בעמ (ח),,,יח,8,"ל 100 מ""ל",false,1,21.20,2.65,false,1,
7290102032334,false,קפה נמס וניל 200,שטראוס גרופ בעמ,,,יח,2,ל 100 גרם,false,1,22.90,11.45,false,1,
7290102390427,false,"מולר תות 150מ""ל טרה ק",החברה המרכזית טלהפצת משקאות בע,,,יח,1.50,"ל 100 מ""ל",false,1,5.50,3.67,true,1,
7290102390465,false,"מולר אפרסק 150מ""ל טרה",החברה המרכזית טלהפצת משקאות בע,,,יח,1.50,"ל 100 מ""ל",false,1,5.50,3.67,true,1,
7290102391301,false,יוגורט ביו טבעי 1.7% מולר,החברה המרכזית טלהפצת משקאות בע,,,יח,1.50,"ל 100 מ""ל",false,1,3.30,2.20,false,1,
7290102391844,false,יוגורט פרי מולר פירות יער,החברה המרכזית טלהפצת משקאות בע,,,יח,1.50,"ל 100 מ""ל",false,1,5.50,3.67,true,1,
7290102392094,false,חלב עיזים קרטון 1 ליטר טרה,החברה המרכזית טלהפצת משקאות בע,,,יח,1,לליטר,false,1,16.90,16.90,true,1,
7290102393039,false,מולר מיקס יוגורט פיצפוצי שוקולד ק,החברה המרכזית טלהפצת משקאות בע,,,יח,1.70,"ל 100 מ""ל",false,1,5.90,3.47,false,1,
7290102394463,false,גבינה צהובה 28% 500 גר`,החברה המרכזית טלהפצת משקאות בע,,,יח,5,ל 100 גרם,false,1,26.90,5.38,false,1,
7290102394821,false,גבינה צהובה 28% דק דק,החברה המרכזית טלהפצת משקאות בע,,,יח,2,ל 100 גרם,false,1,16.90,8.45,false,1,
7290102394845,false,גבינה צהובה 9% דק דק ק,החברה המרכזית טלהפצת משקאות בע,,,יח,2,ל 100 גרם,false,1,17.90,8.95,false,1,
7290102395415,false,גבינה חריץ 9%,החברה המרכזית טלהפצת משקאות בע,,,ל 100 גרם,10,ל 100 גרם,true,1,69.10,6.91,false,1,
7290102395477,false,מו שוקולד,החברה המרכזית טלהפצת משקאות בע,,,יח,1.43,"ל 100 מ""ל",false,1,2.90,2.03,false,1,
7290102395521,false,"שמנת לבישול 15% 500 מ""ל",החברה המרכזית טלהפצת משקאות בע,,,יח,5,"ל 100 מ""ל",false,1,17.90,3.58,false,1,
7290102396399,false,מאגדת שמניה מעדן שוקולד מווי,החברה המרכזית טלהפצת משקאות בע,,,יח,8,למארז,false,1,14.90,1.86,false,1,
7290102396405,false,מאגדת שמניה מעדן וניל מווי,החברה המרכזית טלהפצת משקאות בע,,,יח,8,למארז,false,1,14.90,1.86,false,1,
7290102396436,false,מעדן חלב מו שוקולד,החברה המרכזית טלהפצת משקאות בע,,,יח,1.43,"ל 100 מ""ל",false,1,2.90,2.03,true,1,
7290102396580,false,מעדן מו שוקולד ומוס שוקולד,החברה המרכזית טלהפצת משקאות בע,,,יח,1.23,"ל 100 מ""ל",false,1,2.90,2.36,false,1,
7290102396597,false,מעדן מו וניל ומוס שוקולד,החברה המרכזית טלהפצת משקאות בע,,,יח,1.23,"ל 100 מ""ל",false,1,2.90,2.36,false,1,
7290102396665,false,גבינה נועם דק דק 15%,החברה המרכזית טלהפצת משקאות בע,,,יח,2,ל 100 גרם,false,1,17.90,8.95,false,1,
7290102396719,false,מולר סימפליתות 0%,החברה המרכזית טלהפצת משקאות בע,,,יח,1.50,ל 100 גרם,false,1,5.50,3.67,true,1,
7290102397310,false,מאגדת שמניה מיני מו שוקולד קצפת,החברה המרכזית טלהפצת משקאות בע,,,יח,8,ל 100 גרם,false,1,12.90,1.61,true,1,
7290102397464,false,מולר נטורל עם פקאן,החברה המרכזית טלהפצת משקאות בע,,,יח,1.50,"ל 100 מ""ל",false,1,5.90,3.93,false,1,
7290102397600,false,מולר קליק חום לבן,החברה המרכזית טלהפצת משקאות בע,,,יח,1.50,"ל 100 מ""ל",false,1,5.90,3.93,false,1,
7290102397617,false,מולר בטעם שקדים,החברה המרכזית טלהפצת משקאות בע,,,יח,1.50,"ל 100 מ""ל",false,1,5.90,3.93,false,1,
7290102397679,false,קוטג 5% טרה 375 גר`,החברה המרכזית טלהפצת משקאות בע,,,יח,3.75,ל 100 גרם,false,1,8.90,2.37,false,1,
7290102397891,false,גבינה מותכת 100 גר` צוריאל,החברה המרכזית טלהפצת משקאות בע,,,יח,1,ל 100 גרם,false,1,7.90,7.90,false,1,
7290102398065,false,חלב 2 ליטר טרה בקרטון ק,החברה המרכזית טלהפצת משקאות בע,,,יח,2,לליטר,false,1,12.40,6.20,false,1,
7290102398560,false,שוקו טרה מועשר 1ליטר בקבוק,החברה המרכזית טלהפצת משקאות בע,,,יח,1,לליטר,false,1,12.90,12.90,true,1,
7290102398577,false,"שוקו טרה 250 מ""ל בקבוק",החברה המרכזית טלהפצת משקאות בע,,,יח,0.25,"ל 100 מ""ל",false,1,5.90,23.60,true,1,
7290102398614,false,משקה חלב טרה ט. בננה 1ליטר בקבוק,החברה המרכזית טלהפצת משקאות בע,,,יח,1,לליטר,false,1,12.90,12.90,true,1,
7290102398638,false,משקה חלב טרה ט.מוקה 1ליטר בקבוק,החברה המרכזית טלהפצת משקאות בע,,,יח,1,לליטר,false,1,12.90,12.90,true,1,
7290102398669,false,אייס קפוצינו 1 ליטר טרה,החברה המרכזית טלהפצת משקאות בע,,,יח,10,ל 100 גרם,false,1,12.90,1.29,true,1,
7290102398782,false,משקה סויה קלאסי משק צוריאל,החברה המרכזית טלהפצת משקאות בע,,,יח,10,"ל 100 מ""ל",false,1,11.90,1.19,true,1,
7290102398805,false,משקה סויה בטעם וניל משק צוריאל,החברה המרכזית טלהפצת משקאות בע,,,יח,10,"ל 100 מ""ל",false,1,11.90,1.19,true,1,
7290102398836,false,משקה שקדים קלאסי משק צוריאל,החברה המרכזית טלהפצת משקאות בע,,,יח,10,"ל 100 מ""ל",false,1,12.90,1.29,true,1,
7290102399635,false,מולר אננס 4.1%,החברה המרכזית טלהפצת משקאות בע,,,יח,1.50,"ל 100 מ""ל",false,1,5.50,3.67,true,1,
7290102399772,false,ממרח חמאת מולר במליחות עדינה,החברה המרכזית טלהפצת משקאות בע,,,ל 100 גרם,2.50,ל 100 גרם,false,1,19.90,7.96,false,1,
7290102399789,false,ממרח חמאת מולר ללא מלח,החברה המרכזית טלהפצת משקאות בע,,,ל 100 גרם,2.50,ל 100 גרם,false,1,19.90,7.96,false,1,
7290102399796,false,מולר אקטיב יוגורט חלבון לבן 25 גר`,החברה המרכזית טלהפצת משקאות בע,,,יח,2,"ל 100 מ""ל",false,1,5.90,2.95,true,1,
7290102399802,false,מולר אקטיב מועשר חלבון ע. תןת,החברה המרכזית טלהפצת משקאות בע,,,יח,2,"ל 100 מ""ל",false,1,5.90,2.95,true,1,
7290102399819,false,מולר אקטיב מועשר חלבון ע. פירות יער,החברה המרכזית טלהפצת משקאות בע,,,יח,2,"ל 100 מ""ל",false,1,5.90,2.95,true,1,
7290102399857,false,יוגורט מעושר חלבון תות,החברה המרכזית טלהפצת משקאות בע,,,יח,2.50,"ל 100 מ""ל",false,1,5.90,2.36,true,1,
7290102586479,false,מפצל חשמל שלישייה,עולם הבית,,,יח,1,,false,1,9.90,9.90,false,1,
7290102844265,false,בלילת טמפורה 500 גר`,נאמן לאורך זמן בעמ,,,ל 100 גרם,1,ל 100 גרם,false,1,9.90,9.90,false,1,
7290103120658,false,ספיד סטיק 24/7 ג`ל שחור,ש.שסטוביץ בעמ,,,יח,0.85,ל 100 גרם,false,1,19.90,23.41,true,1,
7290103264154,false,סט 12 שקיות זילוף חד פעמי,י.סולומון חוויה שבכלי בעמ,,,יח,1,,false,1,11.90,11.90,false,1,
7290103266332,false,מצקת נירוסטה{המיוחדים},י.סולומון חוויה שבכלי בעמ,,,יח,1,,false,1,17.90,17.90,false,1,
7290103266349,false,"ממחה תפו""א נירוסטה",י.סולומון חוויה שבכלי בעמ,,,יח,1,,false,1,17.90,17.90,false,1,
7290103268527,false,בוזק אבקת סוכר דגם פריז,י.סולומון חוויה שבכלי בעמ,,,יח,1,,false,1,11.90,11.90,false,1,
7290103269197,false,מטאטא מודפס דגם מסיבה,י.סולומון חוויה שבכלי בעמ,,,יח,1,,false,1,25.90,25.90,false,1,
7290103404758,false,כרוב 120 גר`,שטראוס גרופ בעמ (ח),,,יח,0.12,ל 100 גרם,false,1,4.90,40.83,false,1,
7290104064012,false,פסק זמן גוד 2 לבן,שטראוס גרופ בעמ,,,יח,0.36,ל 100 גרם,false,1,4.50,12.50,false,1,
7290104068546,false,מאסט קולה עם קרח,שטראוס גרופ בעמ,,,יח,0.28,ל 100 גרם,false,1,4,14.29,false,1,
7290104570162,false,תמרים כבושים 500ג שאן*,שושן (פירות)יבשים בעמ,,,יח,5,ל 100 גרם,false,1,10.90,2.18,false,1,
7290104720499,false,מארז 8 דני וניל 20% הנחה,שטראוס גרופ בעמ (ח),,,יח,1,ל 100 גרם,false,1,14.90,14.90,false,1,
7290104726262,false,מארז 4 דני לשתיה,שטראוס גרופ בעמ (ח),,,יח,5,ל 100 גרם,false,1,10.90,2.18,false,1,
7290104729003,false,שמן זית כתית לתיבול מעודן.,שטראוס גרופ בעמ,,,יח,7.50,"ל 100 מ""ל",false,1,34.90,4.65,true,1,
7290104729010,false,לבן טעם תות,שטראוס גרופ בעמ (ח),,,יח,2,"ל 100 מ""ל",false,1,1.40,0.70,false,1,
7290104960352,false,"נקה 7 וניל שקד 750 מ""ל",החברה הדרומית לשיווק בעמ,,,יח,7.50,ל 100 גרם,false,1,9.90,1.32,false,1,
7290104961878,false,קרטין אינטנס שמפו,החברה הדרומית לשיווק בעמ,,,יח,7.50,"ל 100 מ""ל",false,1,29.90,3.99,false,1,
7290104961885,false,קרטין אינטנס מרכך,החברה הדרומית לשיווק בעמ,,,יח,4,"ל 100 מ""ל",false,1,29.90,7.48,false,1,
7290104961892,false,קרטין מסיכה לשיער,החברה הדרומית לשיווק בעמ,,,יח,3.50,"ל 100 מ""ל",false,1,39.90,11.40,false,1,
7290104962080,false,דאו`טיטניום ספריי,החברה הדרומית לשיווק בעמ,,,יח,0.50,ל 100 גרם,false,1,10.90,21.80,false,1,
7290104962875,false,אמפולה אינטנס סרום,החברה הדרומית לשיווק בעמ,,,יח,1,,false,1,45.90,45.90,false,1,
7290104963001,false,סופטקר רבעיית מגבונים עדין,החברה הדרומית לשיווק בעמ,,,יח,1,,false,1,17.90,17.90,false,1,
7290104963018,false,סופטקר רבעיית מגבונים ללא בישום,החברה הדרומית לשיווק בעמ,,,יח,1,,false,1,17.90,17.90,false,1,
7290104963162,false,"סופטקר קרם גוף 500 מ""ל",החברה הדרומית לשיווק בעמ,,,ל 100 גרם,5,ל 100 גרם,false,1,25.90,5.18,false,1,
7290104963223,false,סופטקר אל סבון קלאסי 1 ליטר,החברה הדרומית לשיווק בעמ,,,ל 100 גרם,10,ל 100 גרם,false,1,14.90,1.49,false,1,
7290104963650,false,סופטקר שמפו אלדמע 1 ליטר,החברה הדרומית לשיווק בעמ,,,ל 100 גרם,10,ל 100 גרם,false,1,14.90,1.49,false,1,
7290104965647,false,רולאון נושם לנערות פ. דיל,החברה הדרומית לשיווק בעמ,,,יח,0.75,ל 100 גרם,false,1,10.90,14.53,false,1,
7290104965661,false,דאו ספריי נושם בנות,החברה הדרומית לשיווק בעמ,,,יח,2,"ל 100 מ""ל",false,1,10.90,5.45,false,1,
7290105360250,false,קפסולות מקיאטו מס`9 למכונת אספרסו,שטראוס גרופ בעמ,,,ל 100 גרם,0.50,ל 100 גרם,false,1,15.90,31.80,true,1,
7290105360328,false,קפסולות אספרסו חזק מס`10 למכונת אספרסו,שטראוס גרופ בעמ,,,ל 100 גרם,0.50,ל 100 גרם,false,1,15.90,31.80,true,1,
7290105360335,false,קפסולות אספרסו מס`7 למכונת אספרסו,שטראוס גרופ בעמ,,,ל 100 גרם,0.50,ל 100 גרם,false,1,15.90,31.80,true,1,
7290105360878,false,מארז תפוצ יפס טבעי 4* 50 גר`,שטראוס פריטו ליי בעמ,,,יח,2,ל 100 גרם,false,1,10.90,5.45,false,1,
7290105362339,false,שמנת לבישול 15% מהדרין,שטראוס גרופ בעמ (ח),,,יח,2.50,ל 100 גרם,false,1,8.10,3.24,true,1,
7290105363602,false,\כיף כף מקלות קלאסי,שטראוס גרופ בעמ,,,יח,0.40,ל 100 גרם,false,1,4.90,12.25,true,1,
7290105364289,false,כיף כף מקלות פיצפטצים,שטראוס גרופ בעמ,,,יח,0.40,ל 100 גרם,false,1,4.90,12.25,true,1,
7290105364302,false,כיף כף מקלות אגוזים,שטראוס גרופ בעמ,,,יח,0.40,ל 100 גרם,false,1,4.90,12.25,true,1,
7290105366993,false,סימפוניה פלפל שיפקה חריף ק,שטראוס גרופ בעמ (ח),,,יח,2,ל 100 גרם,false,1,11.20,5.60,true,1,
7290105368225,false,חומוס עם פלפל שיפקה 400 גר`,שטראוס גרופ בעמ (ח),,,יח,4,ל 100 גרם,false,1,10.90,2.73,false,1,
7290105368331,false,מילקי תות,שטראוס גרופ בעמ (ח),,,יח,1.33,"ל 100 מ""ל",false,1,2.90,2.18,false,1,
7290105368904,false,שמנת מתוקה לקצפת 32|,שטראוס גרופ בעמ (ח),,,יח,2.50,ל 100 גרם,false,1,6.90,2.76,true,1,
7290105368928,false,שמנת 9% טעם מהדרין,שטראוס גרופ בעמ (ח),,,יח,2,"ל 100 מ""ל",false,1,3.10,1.55,false,1,
7290105439499,false,מנה מאסטר שף מיונז,ש.שסטוביץ בעמ,,,יח,4.81,ל 100 גרם,false,1,10.90,2.27,false,1,
7290105439581,false,מנה מאסטר שף חרדל די`ון,ש.שסטוביץ בעמ,,,יח,3.70,ל 100 גרם,false,1,9.90,2.68,false,1,
7290105474124,false,"בונזו בשר 12 ק""ג",דיפלומט מפיצים {1968}בעמ,,,יח,120,ל 100 גרם,false,1,129,1.08,false,1,
7290105660183,false,סט 3 סכינים דגם גיל,י.סולומון חוויה שבכלי בעמ,,,יח,1,,false,1,9.90,9.90,false,1,
7290105662811,false,כף אשפה מתקפל דגם מסיבה,י.סולומון חוויה שבכלי בעמ,,,יח,1,,false,1,23.90,23.90,false,1,
7290105667489,false,מערוך נירוסטה דגם קנדי,י.סולומון חוויה שבכלי בעמ,,,יח,1,,false,1,12.90,12.90,false,1,
7290105668394,false,מחלק תפוחים סוויטי דגם קשת,י.סולומון חוויה שבכלי בעמ,,,יח,1,,false,1,11.90,11.90,false,1,
7290105668899,false,חולץ בקבוקים מהודר קשת,י.סולומון חוויה שבכלי בעמ,,,יח,1,,false,1,29.90,29.90,false,1,
7290105691248,false,חטיפי טורטיות,קבוצת אוסם סחר שותפות מוגבלת,,,יח,1,ל 100 גרם,false,1,6.90,6.90,false,1,
7290105691712,false,עוגיות הפסקת קפה חיטה מלאה,קבוצת אוסם סחר שותפות מוגבלת,,,יח,2.30,יח,false,1,10.20,4.43,false,1,
7290105691897,false,קוסקוס מחיטה מלאה,קבוצת אוסם סחר שותפות מוגבלת,,,יח,3.50,ל 100 גרם,false,1,8.90,2.54,false,1,
7290105691934,false,"קמח שמרים 1 ק""ג",קבוצת אוסם סחר שותפות מוגבלת,,,יח,10,ל 100 גרם,false,1,8.90,0.89,false,1,
7290105693341,false,במבה אריזה משפחת,קבוצת אוסם סחר שותפות מוגבלת,,,יח,2.50,ל 100 גרם,false,1,13.90,5.56,true,1,
7290105693457,false,עוגת דמקה שוקו וניל,קבוצת אוסם סחר שותפות מוגבלת,,,יח,3.20,ל 100 גרם,false,1,11.90,3.72,false,1,
7290105693952,false,פירורית זהב שומשום,קבוצת אוסם סחר שותפות מוגבלת,,,יח,2,ל 100 גרם,false,1,6.30,3.15,false,1,
7290105694928,false,אבקת מרק בצל 220 גר`,קבוצת אוסם סחר שותפות מוגבלת,,,יח,2.20,ל 100 גרם,false,1,15.90,7.23,false,1,
7290105695024,false,פתיתים אפויים אורז עם איטריות,קבוצת אוסם סחר שותפות מוגבלת,,,יח,5,ל 100 גרם,false,1,7.90,1.58,true,1,
7290105695321,false,עוגת בראוניס פאד ג,קבוצת אוסם סחר שותפות מוגבלת,,,יח,3.80,ל 100 גרם,false,1,14.90,3.92,false,1,
7290105695536,false,אבקת מרק ירקות שורש 220 גר`,קבוצת אוסם סחר שותפות מוגבלת,,,יח,2.20,ל 100 גרם,false,1,15.90,7.23,false,1,
7290105964564,false,חומוס 400 גר`אחלה,שטראוס גרופ בעמ (ח),,,יח,4,ל 100 גרם,false,1,8.90,2.23,false,1,
7290105965738,false,דנונה לשתיה תות בננה,שטראוס גרופ בעמ (ח),,,יח,2.67,יח,false,1,4.90,1.84,false,1,
7290105968098,false,סלט קולסאו 500 גר`,שטראוס גרופ בעמ (ח),,,יח,5,ל 100 גרם,false,1,14.90,2.98,true,1,
7290105968654,false,טורטליני בטטה,שטראוס גרופ בעמ (ח),,,יח,4,ל 100 גרם,false,1,19.90,4.98,true,1,
7290105968777,false,פרכיות אנרג`י תחתית שוקלד מריר,שטראוס גרופ בעמ,,,יח,0.70,ל 100 גרם,false,1,7.50,10.71,true,1,
7290106398979,false,קוברה מערבל יד 150 W,אוהב ציון בעמ,,,יח,1,,false,1,79.90,79.90,false,1,
7290106520066,false,רבע לשבע ירוק 160 גרם,שטראוס גרופ בעמ,,,יח,1.60,ל 100 גרם,false,1,11.90,7.44,true,1,
7290106520288,false,דנונה פרו תות,שטראוס גרופ בעמ (ח),,,יח,1.50,"ל 100 מ""ל",false,1,4.70,3.13,true,1,
7290106520905,false,סלט טורקי 400 גר` אחלה,שטראוס גרופ בעמ (ח),,,יח,4,ל 100 גרם,false,1,15.90,3.98,true,1,
7290106520912,false,שמנת לבישול 9% מהדרין,שטראוס גרופ בעמ (ח),,,יח,2.58,ל 100 גרם,false,1,8.10,3.14,true,1,
7290106521926,false,קפה טורקי 150 ג,שטראוס גרופ בעמ,,,"ל 100 ס""מ",1.50,ל 100 גרם,false,1,10.90,7.27,true,1,
7290106525320,false,שוקולית לאפיה גר`,שטראוס גרופ בעמ,,,יח,5,ל 100 גרם,false,1,15.90,3.18,false,1,
7290106525368,false,רבע לשבע שחור לבן,שטראוס גרופ בעמ,,,יח,1.20,ל 100 גרם,false,1,11.90,9.92,true,1,
7290106525399,false,קפסולות ברזיל מס`6 למכונת אספרסו,שטראוס גרופ בעמ,,,ל 100 גרם,0.50,ל 100 גרם,false,1,15.90,31.80,true,1,
7290106526822,false,פרכיות אנרג`י תחתית שוקולד,שטראוס גרופ בעמ,,,יח,0.80,ל 100 גרם,false,1,7.50,9.38,true,1,
7290106528567,false,דוריטוס גריל 185 גר,שטראוס פריטו ליי בעמ,,,יח,1.85,ל 100 גרם,false,1,6.90,3.73,false,1,
7290106528628,false,דוריטוס טבעי 185 גר,שטראוס פריטו ליי בעמ,,,יח,1.85,ל 100 גרם,false,1,6.90,3.73,false,1,
7290106573314,false,קריספי טאפאס פיזורים,קבוצת אוסם סחר שותפות מוגבלת,,,יח,1.50,ל 100 גרם,false,1,11.80,7.87,false,1,
7290106573598,false,חומוס לבנוני 400 גר,קבוצת אוסם סחר שותפות מוגבלת,,,יח,4,ל 100 גרם,false,1,11.90,2.98,true,1,
7290106573628,false,חומוס עם טחינה 400 גר,קבוצת אוסם סחר שותפות מוגבלת,,,יח,4,ל 100 גרם,false,1,11.90,2.98,true,1,
7290106574793,false,עוגת הבית שוקו- שוקוצ`יפס,קבוצת אוסם סחר שותפות מוגבלת,,,יח,3.50,ל 100 גרם,false,1,11.90,3.40,false,1,
7290106574953,false,בייגלה שטוחים שומשום ק,קבוצת אוסם סחר שותפות מוגבלת,,,יח,3,ל 100 גרם,false,1,9.90,3.30,false,1,
7290106574977,false,בייגלה שטוחים עם מלח,קבוצת אוסם סחר שותפות מוגבלת,,,יח,3,ל 100 גרם,false,1,9.90,3.30,false,1,
7290106575257,false,עוגת סופלה בטעם שוקולד,קבוצת אוסם סחר שותפות מוגבלת,,,יח,3.40,ל 100 גרם,false,1,11.90,3.50,false,1,
7290106576223,false,אפרופו שוקולד 40 גר`,קבוצת אוסם סחר שותפות מוגבלת,,,יח,0.50,ל 100 גרם,false,1,4.90,9.80,true,1,
7290106576513,false,חומוס צבר 400 גר,קבוצת אוסם סחר שותפות מוגבלת,,,יח,4,ל 100 גרם,false,1,11.90,2.98,false,1,
7290106576537,false,חומוס מסעדה 700 גר`,קבוצת אוסם סחר שותפות מוגבלת,,,יח,7,ל 100 גרם,false,1,10.90,1.56,false,1,
7290106576797,false,"לה קרמריה וניל איטלקי 1.4 ליטר כשל""פ",נגה גלידות שותפות מוגבלת,,,יח,1.40,ל 100 גרם,false,1,21.90,15.64,false,1,
7290106576834,false,"לה קרמריה פונטש 1.4 ליטר כשל""פ",נגה גלידות שותפות מוגבלת,,,,1.40,ל 100 גרם,false,1,21.90,15.64,false,1,
7290106576858,false,"לה קרמריה תות בשמנת 1.4 ליטר כשל""פ",נגה גלידות שותפות מוגבלת,,,,1.40,ל 100 גרם,false,1,21.90,15.64,false,1,
7290106576971,false,"לה קרמריה שוקולד בלגי 1.4 ליטר כשל""פ",נגה גלידות שותפות מוגבלת,,,,1.40,ל 100 גרם,false,1,21.90,15.64,false,1,
7290106577039,false,"לה קרמריה וניל שוקו 1.4 ליטר כשל""פ",נגה גלידות שותפות מוגבלת,,,,1.40,ל 100 גרם,false,1,21.90,15.64,false,1,
7290106578692,false,במבה מיקס מהדורת אליפות,קבוצת אוסם סחר שותפות מוגבלת,,,יח,0.60,ל 100 גרם,false,1,3.90,6.50,true,1,
7290106578821,false,עוגת שמרים שוקולד קלאסית,קבוצת אוסם סחר שותפות מוגבלת,,,יח,3.50,ל 100 גרם,false,1,14.90,4.26,false,1,
7290106652996,false,כיף כף מקלות קוקוס,שטראוס גרופ בעמ,,,יח,0.40,ל 100 גרם,false,1,4.90,12.25,true,1,
7290106654099,false,מארז מילקי קוקי שמניה,שטראוס גרופ בעמ (ח),,,יח,2.72,"ל 100 מ""ל",false,1,19.90,7.32,false,1,
7290106656727,false,"חיוכים שוקו 600 גר`בד""צ",שטראוס גרופ בעמ,,,יח,6,ל 100 גרם,false,1,16.90,2.82,false,1,
7290106656734,false,"חיוכים וניל 600 גר`בד""צ",שטראוס גרופ בעמ,,,יח,6,ל 100 גרם,false,1,16.90,2.82,false,1,
7290106663121,false,מילקי קייק,שטראוס גרופ בעמ (ח),,,יח,1.30,"ל 100 מ""ל",false,1,2.90,2.23,false,1,
7290106663183,false,צ יטוס גבינה חריף 65,שטראוס פריטו ליי בעמ,,,יח,0.80,ל 100 גרם,false,1,3.90,4.88,false,1,
7290106663503,false,קונפיטורת לייט תות,שטראוס גרופ בעמ,,,יח,2.50,ל 100 גרם,false,1,12.90,5.16,true,1,
7290106663558,false,רוטב טריאקי רימון יד מרדכי,שטראוס גרופ בעמ,,,יח,2.80,"ל 100 מ""ל",false,1,12.90,4.61,false,1,
7290106664555,false,רוטב שמנת עם עגבניות 9%,שטראוס גרופ בעמ (ח),,,יח,0.25,"ל 100 מ""ל",false,1,10.90,43.60,true,1,
7290106666788,false,סוכ` דבש ממולאות,שטראוס גרופ בעמ,,,יח,0.80,ל 100 גרם,false,1,5,6.25,false,1,
7290106668577,false,"מיץ ליימון טבעי 250 מ""ל יד מרדכי",שטראוס גרופ בעמ,,,יח,2.50,"ל 100 מ""ל",false,1,7.90,3.16,true,1,
7290106668713,false,דנונה פירות יער 3%,שטראוס גרופ בעמ (ח),,,יח,1.50,"ל 100 מ""ל",false,1,3.90,2.60,true,1,
7290106669857,false,קפסולות ט. וניל V למכונת אספרסו,שטראוס גרופ בעמ,,,ל 100 גרם,0.50,ל 100 גרם,false,1,15.90,31.80,true,1,
7290106721913,false,צנצנת צ`יקלט ריח פה,שטראוס גרופ בעמ,,,יח,0.66,ל 100 גרם,false,1,9.90,15,true,1,
7290106721920,false,צנצנת ספירמנט צ`יקלט,שטראוס גרופ בעמ,,,יח,1,ל 100 גרם,false,1,9.90,9.90,true,1,
7290106725867,false,סירופ מייפל טבעי,שטראוס גרופ בעמ,,,יח,1.89,"ל 100 מ""ל",false,1,32.90,17.41,true,1,
7290106726178,false,דנונה פרו פירות יער,שטראוס גרופ בעמ (ח),,,יח,1.50,"ל 100 מ""ל",false,1,4.70,3.13,true,1,
7290106729650,false,מארז דנונה 8 תות 3%,שטראוס גרופ בעמ (ח),,,יח,1.20,יח,false,1,23.90,19.92,false,1,
7290107050296,false,מערוך עץ לילדים דגם גורן,י.סולומון חוויה שבכלי בעמ,,,יח,1,,false,1,6.90,6.90,false,1,
7290107054515,false,כף זיתים דגם סילבר,י.סולומון חוויה שבכלי בעמ,,,יח,1,,false,1,6.90,6.90,false,1,
7290107280020,false,סושי 3 מטליות לחות,החברה הדרומית לשיווק בעמ,,,יח,1,,false,1,17.90,17.90,false,1,
7290107280129,false,שקיות ענק 20 יח` יח`,החברה הדרומית לשיווק בעמ,,,יח,1,,false,1,22.90,22.90,false,1,
7290107280341,false,מטליות לחות לינקוי הריצפה,החברה הדרומית לשיווק בעמ,,,יח,1,,false,1,11.90,11.90,false,1,
7290107280389,false,סנו ג`ט אבמטיה מרסס ק,החברה הדרומית לשיווק בעמ,,,יח,7.50,"ל 100 מ""ל",false,1,11.90,1.59,false,1,
7290107280549,false,קיי 400 K,החברה הדרומית לשיווק בעמ,,,יח,1,,false,1,10.90,10.90,false,1,
7290107280570,false,ג`ל כביסה 3 ליטר מקסימה,החברה הדרומית לשיווק בעמ,,,יח,30,"ל 100 מ""ל",false,1,28.90,0.96,false,1,
7290107280655,false,"א. כביסה מקסימה 3.25 ק""ג",החברה הדרומית לשיווק בעמ,,,יח,30,ל 100 גרם,false,1,31.90,1.06,false,1,
7290107280709,false,"ספארק נוזל הברקה 700 מ""ל",החברה הדרומית לשיווק בעמ,,,יח,1,,false,1,14.90,14.90,false,1,
7290107280716,false,"ספארק מלח למדיח 2 ק""ג",החברה הדרומית לשיווק בעמ,,,יח,20,"ל 100 מ""ל",false,1,11.90,0.60,false,1,
7290107280723,false,"ספארק כלים לימון 700 מ""ל",החברה הדרומית לשיווק בעמ,,,יח,7,"ל 100 מ""ל",false,1,7.90,1.13,false,1,
7290107280730,false,"ספארק כלים לבנדר 700 מ""ל",החברה הדרומית לשיווק בעמ,,,יח,7,"ל 100 מ""ל",false,1,7.90,1.13,false,1,
7290107280747,false,"ספארק כלים קלאסי 700 מ""ל",החברה הדרומית לשיווק בעמ,,,יח,7,"ל 100 מ""ל",false,1,7.90,1.13,false,1,
7290107280754,false,"ספארק כלים שקד 700 מ""ל",החברה הדרומית לשיווק בעמ,,,יח,7,"ל 100 מ""ל",false,1,7.90,1.13,false,1,
7290107280761,false,ספארק כלים לימון 1 ליטר+ משאבה,החברה הדרומית לשיווק בעמ,,,יח,10,"ל 100 מ""ל",false,1,11.90,1.19,false,1,
7290107280822,false,ריצפז פרש ספא מרגיע,החברה הדרומית לשיווק בעמ,,,יח,20,"ל 100 מ""ל",false,1,19.90,1,false,1,
7290107464932,false,סיר ג`חנון/ קובנה 18/9 אלומניום,אוהב ציון בעמ,,,יח,1,,false,1,47.90,47.90,false,1,
7290107525053,false,סוחט לימון דגם סקוויזי,י.סולומון חוויה שבכלי בעמ,,,יח,1,,false,1,19.90,19.90,false,1,
7290107646062,false,KNORR ANI REAL CHICKEN SAVVY 6X400G,"יוניליוור ישראלשיווק בע""מ",,,יח,4,ל 100 גרם,false,1,19.90,4.98,false,1,
7290107646147,false,שוגי קורנפלקס שישיה*,"יוניליוור ישראלשיווק בע""מ",,,יח,1.56,ל 100 גרם,false,1,12.90,8.27,false,1,
7290107646154,false,קוקומן פצפוצים שישיה*,"יוניליוור ישראלשיווק בע""מ",,,יח,1.56,ל 100 גרם,false,1,12.90,8.27,false,1,
7290107646826,false,מאגדת שוגי שוקו שישיה*,"יוניליוור ישראלשיווק בע""מ",,,יח,1.56,ל 100 גרם,false,1,12.90,8.27,false,1,
7290107647366,false,דומסטוס 3 ס. אסלה ליים 165ג,"יוניליוור ישראלשיווק בע""מ",,,יח,1.65,ל 100 גרם,false,1,14.90,9.03,false,1,
7290107647656,false,מאגדת סולרו פירות טרופים,"גלידת שטראוס בע""מ",,,יח,2.90,ל 100 גרם,false,1,22.90,7.90,false,1,
7290107647731,false,TELMA COCOMAN B&W 20 LS BDZ 12X375G,"יוניליוור ישראלשיווק בע""מ",,,יח,375,ל 100 גרם,false,12,19.90,0.05,true,1,
7290107647816,false,TELMA BRANFLAKES NO SUGAR BADAZ 12X500G,"יוניליוור ישראלשיווק בע""מ",,,יח,5,ל 100 גרם,false,1,19.90,3.98,false,1,
7290107648943,false,TELMA BRANFLAKES BADAZ 12X500G,"יוניליוור ישראלשיווק בע""מ",,,יח,4.70,ל 100 גרם,false,1,19.90,4.23,false,1,
7290107649094,false,B&B ONE ONE 400 GR,"יוניליוור ישראלשיווק בע""מ",,,יח,4,ל 100 גרם,false,1,5.90,1.48,false,1,
7290107649100,false,B&B ONE ONE 400 GR,"יוניליוור ישראלשיווק בע""מ",,,יח,4,ל 100 גרם,false,1,9.90,2.48,true,1,
7290107649605,false,KLIK MILK WITH COOKIES & MULTIFORSA 85G,"יוניליוור ישראלשיווק בע""מ",,,יח,1,ל 100 גרם,false,1,4.90,4.90,false,1,
7290107649681,false,קואנטו פסק זמן,"גלידת שטראוס בע""מ",,,יח,0.64,ל 100 גרם,false,1,6.90,10.78,true,1,
7290107649780,false,שוקובו שוקו,"גלידת שטראוס בע""מ",,,יח,0.85,ל 100 גרם,false,1,8.50,10,true,1,
7290107649858,false,טילון מגנום לבן,"גלידת שטראוס בע""מ",,,יח,1,,false,1,9.90,9.90,true,1,
7290107871297,false,פרכונים מיני עשבי תיבול,קבוצת אוסם סחר שותפות מוגבלת,,,יח,0.25,ל 100 גרם,false,1,3.90,15.60,false,1,
7290107871990,false,פסטה צינורות,קבוצת אוסם סחר שותפות מוגבלת,,,יח,5,ל 100 גרם,false,1,5.80,1.16,true,1,
7290107874441,false,פרכונים מיני בצל,קבוצת אוסם סחר שותפות מוגבלת,,,יח,0.25,ל 100 גרם,false,1,3.90,15.60,false,1,
7290107874502,false,מארז ביסלי ברבקיו 4 יח,קבוצת אוסם סחר שותפות מוגבלת,,,יח,2.01,ל 100 גרם,false,1,11.90,5.92,true,1,
7290107875271,false,ביסלי ברבקיו מארז,קבוצת אוסם סחר שותפות מוגבלת,,,יח,2.01,ל 100 גרם,false,1,11.90,5.92,true,1,
7290107876889,false,במבה במילוי קרם נוגט,קבוצת אוסם סחר שותפות מוגבלת,,,יח,0.45,ל 100 גרם,false,1,4.90,10.89,true,1,
7290107877619,false,"במבה במילוי קרם נוגט כשל""פ",קבוצת אוסם סחר שותפות מוגבלת,,,יח,1.50,ל 100 גרם,false,1,12.90,8.60,true,1,
7290107879132,false,פיטנס מיני פרכיות שוקולד,קבוצת אוסם סחר שותפות מוגבלת,,,יח,0.22,ל 100 גרם,false,1,4.90,22.27,false,1,
7290107932080,false,החלב של יטבתה 3%,שטראוס גרופ בעמ (ח),,,יח,1,לליטר,false,1,7.50,7.50,false,1,
7290107936309,false,דנונה יווני לבן,שטראוס גרופ בעמ (ח),,,יח,1.30,ל 100 גרם,false,1,3.30,2.54,false,1,
7290107937542,false,משקה אקטביה תות,שטראוס גרופ בעמ (ח),,,יח,1.20,"ל 100 מ""ל",false,1,4.90,4.08,false,1,
7290107937627,false,צנצנת מאסט קוביות,שטראוס גרופ בעמ,,,יח,0.58,ל 100 גרם,false,1,9.90,17.07,true,1,
7290107938396,false,שמנית אקטימל תות בנים,שטראוס גרופ בעמ (ח),,,יח,8,"ל 100 מ""ל",false,1,21.20,2.65,false,1,
7290107940467,false,אקטיביה 200 גר` 1.5%,שטראוס גרופ בעמ (ח),,,יח,2,"ל 100 מ""ל",false,1,3.90,1.95,true,1,
7290107943192,false,שמנת חמוצה מהערבה 27% שומן,שטראוס גרופ בעמ (ח),,,יח,2,"ל 100 מ""ל",false,1,4.10,2.05,false,1,
7290107943369,false,קואקר שיבולת שועל ללא גלוטן,שטראוס פריטו ליי בעמ,,,יח,5,ל 100 גרם,false,1,17.90,3.58,false,1,
7290107944243,false,אפיפיות ללא גלטון 200 גר`,שטראוס גרופ בעמ,,,יח,2,ל 100 גרם,false,1,7.90,3.95,false,1,
7290107944472,false,סימפוניה שום שמיר 3%,שטראוס גרופ בעמ (ח),,,יח,2,ל 100 גרם,false,1,11.20,5.60,true,1,
7290107950190,false,מעדן שטראוס דיאט שוקלד מריר,שטראוס גרופ בעמ (ח),,,יח,1.30,ל 100 גרם,false,1,3.30,2.54,false,1,
7290107950206,false,מעדן שטראוס טעם שוקלד,שטראוס גרופ בעמ (ח),,,יח,1.30,ל 100 גרם,false,1,3.30,2.54,false,1,
7290107951140,false,וופל שוקולד 200,שטראוס גרופ בעמ,,,יח,2,ל 100 גרם,false,1,3.90,1.95,false,1,
7290107951715,false,צנצנת בזוקה ענבים,שטראוס גרופ בעמ,,,יח,0.58,ל 100 גרם,false,1,9.90,17.07,true,1,
7290107953559,false,מארז טורקי לדרך,שטראוס גרופ בעמ,,,יח,1.40,ל 100 גרם,false,1,18.90,13.50,true,1,
7290107954709,false,קונפיטורה פירות יער,שטראוס גרופ בעמ,,,יח,3.40,ל 100 גרם,false,1,12.90,3.79,true,1,
7290107954976,false,משקה יטבתה פרו קפה,שטראוס גרופ בעמ (ח),,,יח,0.35,"ל 100 מ""ל",false,1,6.50,18.57,false,1,
7290107956710,false,שרינק 16 מיני מילקי,שטראוס גרופ בעמ (ח),,,יח,1.12,יח,false,1,19.90,17.77,false,1,
7290107956895,false,קפסולות טעם קרמל G למכונת אספרסו,שטראוס גרופ בעמ,,,ל 100 גרם,0.50,ל 100 גרם,false,1,15.90,31.80,true,1,
7290107956901,false,קפסולות אספרסו N בטעם אגוזים,שטראוס גרופ בעמ,,,ל 100 גרם,0.50,ל 100 גרם,false,1,15.90,31.80,true,1,
7290107956932,false,קפסולות אינדונזיה מס 12 למכונת אספרסו,שטראוס גרופ בעמ,,,ל 100 גרם,0.50,ל 100 גרם,false,1,15.90,31.80,true,1,
7290107957069,false,צנצנת עלמה טעם אוכמניות,שטראוס גרופ בעמ,,,יח,1,ל 100 גרם,false,1,9.90,9.90,true,1,
7290107957076,false,צנצנת עלמה טעם ספרימינט,שטראוס גרופ בעמ,,,יח,1,ל 100 גרם,false,1,9.90,9.90,true,1,
7290107957229,false,נטיפי שוקולד צ`יפס מריר,שטראוס גרופ בעמ,,,יח,0.25,ל 100 גרם,false,1,11.90,47.60,false,1,
7290107957991,false,מילקי מינייס,שטראוס גרופ בעמ (ח),,,יח,0.1440,"ל 100 מ""ל",false,1,13.90,96.53,false,1,
7290107973311,false,קולגייט מברשת 360 אופטיק וייט זוג,ש.שסטוביץ בעמ,,,יח,1,,false,1,24.90,24.90,false,1,
7290107973861,false,מנה עגבניות קצוצות דק שלישיה,ש.שסטוביץ בעמ,,,יח,1.20,ל 100 גרם,false,1,16.90,14.08,true,1,
7290107974301,false,ליידי ספיד סטיק אלוורה ג`ל,ש.שסטוביץ בעמ,,,יח,0.50,"ל 100 מ""ל",false,1,19.90,39.80,true,1,
7290107974820,false,מנה ממרח מתובל ספייסי 2.52 גר`,ש.שסטוביץ בעמ,,,יח,2.53,ל 100 גרם,false,1,7.90,3.12,false,1,
7290107975360,false,ליידי ספיד סטיק פיור פרשנס ג`ל,ש.שסטוביץ בעמ,,,יח,0.50,"ל 100 מ""ל",false,1,19.90,39.80,true,1,
7290107978330,false,מאסטר שף אטריות דקות 400 גר`,ש.שסטוביץ בעמ,,,יח,4,ל 100 גרם,false,1,3.90,0.98,false,1,
7290107978453,false,קרנצ`וס גריל 55 גר`,ש.שסטוביץ בעמ,,,יח,0.55,ל 100 גרם,false,1,2.20,4,false,1,
7290107978460,false,קרנצ`וס פלאפל 55 גר`,ש.שסטוביץ בעמ,,,יח,0.55,ל 100 גרם,false,1,2.20,4,false,1,
7290108350142,false,"שקיות 270 רב""ש חזק",החברה הדרומית לשיווק בעמ,,,יח,1,,false,1,14.90,14.90,false,1,
7290108350203,false,כריות קירצוף 6 יח`,החברה הדרומית לשיווק בעמ,,,יח,1,,false,1,9.90,9.90,false,1,
7290108350210,false,שקיות חזקות X 30 יח`,החברה הדרומית לשיווק בעמ,,,יח,30,ל 100 גרם,false,1,23.90,0.80,false,1,
7290108350258,false,נייר סופט 12 גלילים,החברה הדרומית לשיווק בעמ,,,יח,30.10,ל 100 גרם,false,1,39.90,1.33,false,1,
7290108350616,false,מרכך מקסימה מרוכז כחול,החברה הדרומית לשיווק בעמ,,,יח,1,לליטר,false,1,17.90,17.90,false,1,
7290108350623,false,מרכך מקסימה מרוכז,החברה הדרומית לשיווק בעמ,,,יח,1,לליטר,false,1,17.90,17.90,false,1,
7290108351149,false,סנו ג`ט פלוס לניקוי כללי ורצפות,החברה הדרומית לשיווק בעמ,,,יח,1.50,לליטר,false,1,11.90,7.93,false,1,
7290108351156,false,סנו ג`ט פלוס לניקוי כללי ורצפות,החברה הדרומית לשיווק בעמ,,,יח,1.50,לליטר,false,1,11.90,7.93,false,1,
7290108351507,false,מרכך 4 ליטר מקסימה ה,החברה הדרומית לשיווק בעמ,,,יח,40,"ל 100 מ""ל",false,1,21.90,0.55,false,1,
7290108351514,false,מרכך 4 ליטר מקסיה,החברה הדרומית לשיווק בעמ,,,יח,40,"ל 100 מ""ל",false,1,21.90,0.55,false,1,
7290108351552,false,סנו ג`ט פלוס לניקוי כללי+חומץ,החברה הדרומית לשיווק בעמ,,,יח,7.50,"ל 100 מ""ל",false,1,11.90,1.59,false,1,
7290108351583,false,ג`ט לניקוי אסלות,החברה הדרומית לשיווק בעמ,,,יח,0,"ל 100 מ""ל",false,1,9.90,9.90,false,1,
7290108351590,false,פרש הום בניחוח מרכך כביסה,החברה הדרומית לשיווק בעמ,,,יח,3.50,ל 100 גרם,false,1,10.90,3.11,false,1,
7290108351613,false,ריצפז פ. הום כותנה 2 ליטר,החברה הדרומית לשיווק בעמ,,,יח,20,"ל 100 מ""ל",false,1,19.90,1,false,1,
7290108351699,false,מגבונים ג`ט + חומץ שלישיה,החברה הדרומית לשיווק בעמ,,,יח,1,יח,false,1,19.90,19.90,false,1,
7290108351804,false,מרכך מקסימה סופר מרוכז,החברה הדרומית לשיווק בעמ,,,יח,10,"ל 100 מ""ל",false,1,17.90,1.79,false,1,
7290108351835,false,מרכך כביסה סנו מקסימה.,החברה הדרומית לשיווק בעמ,,,יח,40,"ל 100 מ""ל",false,1,21.90,0.55,false,1,
7290108351996,false,"מתז לחיטוי 750 מ""ל 99.9%",החברה הדרומית לשיווק בעמ,,,יח,10,ל 100 גרם,false,1,11.90,1.19,false,1,
7290108352009,false,סנו ספארק לניקוי כלים קפסולות,החברה הדרומית לשיווק בעמ,,,יח,50,יח,false,1,39.90,0.80,false,1,
7290108352108,false,אורביטול משחת שיניים,החברה הדרומית לשיווק בעמ,,,יח,1.45,ל 100 גרם,false,1,14.90,10.28,false,1,
7290108352146,false,סנובון נוזלי בניחוח מנגוליה,החברה הדרומית לשיווק בעמ,,,יח,7.50,"ל 100 מ""ל",false,1,9.90,1.32,false,1,
7290108352207,false,מקסימה 40 קפסולות,החברה הדרומית לשיווק בעמ,,,יח,8.40,ל 100 גרם,false,1,29.90,3.56,false,1,
7290108352214,false,מקסימה 40 קפסולות,החברה הדרומית לשיווק בעמ,,,יח,8.40,ל 100 גרם,false,1,29.90,3.56,false,1,
7290108352221,false,פרש הום מלון מפנק,החברה הדרומית לשיווק בעמ,,,יח,3.50,ל 100 גרם,false,1,10.90,3.11,false,1,
7290108352337,false,סנו פרש אוטומטיק מלון מפנק,החברה הדרומית לשיווק בעמ,,,יח,1.65,ל 100 גרם,false,1,13.90,8.42,false,1,
7290108352344,false,סנו פרש אוטומטיק מלון בוטיק,החברה הדרומית לשיווק בעמ,,,יח,1.65,ל 100 גרם,false,1,13.90,8.42,false,1,
7290108352399,false,ריצפז פרש הום,החברה הדרומית לשיווק בעמ,,,יח,20,"ל 100 מ""ל",false,1,19.90,1,false,1,
7290108352450,false,ריצפז פרש הום בריח מקסימה,החברה הדרומית לשיווק בעמ,,,יח,20,"ל 100 מ""ל",false,1,19.90,1,false,1,
7290108352566,false,מרכך 4 ליטר,החברה הדרומית לשיווק בעמ,,,יח,40,"ל 100 מ""ל",false,1,21.90,0.55,false,1,
7290108352573,false,מרכך 4 ליטר בישום עוצמתי,החברה הדרומית לשיווק בעמ,,,יח,40,"ל 100 מ""ל",false,1,21.90,0.55,false,1,
7290108352801,false,סנו סושי 100 שקיות אשפה לפחים קטנים,החברה הדרומית לשיווק בעמ,,,יח,1.14,"לק""ג",false,1,19.90,17.46,false,1,
7290108352825,false,סנו סושי ספוג פלא. נירוסטה,החברה הדרומית לשיווק בעמ,,,יח,1,,false,1,9.90,9.90,false,1,
7290108352849,false,3 מטליות דקור פלא,החברה הדרומית לשיווק בעמ,,,יח,1,,false,1,14.90,14.90,false,1,
7290108353068,false,סנו 2 כריות סיבי נירוסטה(חדש),החברה הדרומית לשיווק בעמ,,,יח,1,,false,1,11.90,11.90,false,1,
7290108353471,false,ספא בודד,החברה הדרומית לשיווק בעמ,,,יח,25.50,ל 100 גרם,false,1,7.90,0.31,false,1,
7290108353686,false,סנו סושי מטלית לריצפה,החברה הדרומית לשיווק בעמ,,,יח,1,,false,1,11.90,11.90,false,1,
7290108353952,false,קרמה דאודורנט ספריי קלאסי,החברה הדרומית לשיווק בעמ,,,יח,1.50,"ל 100 מ""ל",false,1,12.90,8.60,false,1,
7290108353969,false,קרמה דאודורנט ספריי מאסק,החברה הדרומית לשיווק בעמ,,,יח,1.50,"ל 100 מ""ל",false,1,12.90,8.60,false,1,
7290108353990,false,CREMA קרם גוף מאסק,החברה הדרומית לשיווק בעמ,,,יח,5,"ל 100 מ""ל",false,1,23.90,4.78,false,1,
7290108354263,false,אורביטול משחת שיניים חד קרן,החברה הדרומית לשיווק בעמ,,,יח,0.70,ל 100 גרם,false,1,8.90,12.71,false,1,
7290108354270,false,מרכך מקסימה ביו מרוכז,החברה הדרומית לשיווק בעמ,,,יח,1,לליטר,false,1,17.90,17.90,false,1,
7290108354430,false,"כיף שמפו לשיקום והזנה 700 מ""ל",החברה הדרומית לשיווק בעמ,,,יח,7,"ל 100 מ""ל",false,1,11.90,1.70,false,1,
7290108354447,false,"כיף שמפו לשיקום והזנה 700 מ""ל",החברה הדרומית לשיווק בעמ,,,יח,7,"ל 100 מ""ל",false,1,11.90,1.70,false,1,
7290108354485,false,מרכך קרליין 10 שמן ארגן,החברה הדרומית לשיווק בעמ,,,יח,7,"ל 100 מ""ל",false,1,12.90,1.84,false,1,
7290108354492,false,שמפו קרליין 10 ש. ארגן,החברה הדרומית לשיווק בעמ,,,יח,7,"ל 100 מ""ל",false,1,12.90,1.84,false,1,
7290108354577,false,דאודורנט רולאון קרמה קלאסי,החברה הדרומית לשיווק בעמ,,,יח,0.75,ל 100 גרם,false,1,14.90,19.87,false,1,
7290108354591,false,"תחליב רחצה נקה ביו 750 מ""ל",החברה הדרומית לשיווק בעמ,,,יח,7.50,"ל 100 מ""ל",false,1,10.90,1.45,false,1,
7290108354614,false,"מרכך נקה ביו 750 מ""ל",החברה הדרומית לשיווק בעמ,,,יח,7.50,"ל 100 מ""ל",false,1,10.90,1.45,false,1,
7290108355154,false,שמפו נקה שמני הזנה,החברה הדרומית לשיווק בעמ,,,יח,0.75,"ל 100 מ""ל",false,1,10.90,14.53,false,1,
7290108355161,false,מרכך נקה 7 שמני הזנה,החברה הדרומית לשיווק בעמ,,,יח,7.50,"ל 100 מ""ל",false,1,10.90,1.45,false,1,
7290108355208,false,שמפו נטורל קשקשים,החברה הדרומית לשיווק בעמ,,,יח,7,"ל 100 מ""ל",false,1,29.90,4.27,false,1,
7290108356106,false,"כיף תחליב רחצה שקד 700 מ""ל",החברה הדרומית לשיווק בעמ,,,יח,7,"ל 100 מ""ל",false,1,11.90,1.70,false,1,
7290108356113,false,"כיף תחליב רחצה דבש 700 מ""ל",החברה הדרומית לשיווק בעמ,,,יח,7,"ל 100 מ""ל",false,1,11.90,1.70,false,1,
7290108356120,false,"כיף תחליב רחצה קוקוס וניל 700 מ""ל",החברה הדרומית לשיווק בעמ,,,יח,7,"ל 100 מ""ל",false,1,11.90,1.70,false,1,
7290108356137,false,"כיף תחליב רחצה לבנדר 700 מ""ל",החברה הדרומית לשיווק בעמ,,,יח,7,"ל 100 מ""ל",false,1,11.90,1.70,false,1,
7290108356151,false,כיף תחליב רחצה מאסק יסמין,החברה הדרומית לשיווק בעמ,,,יח,7,"ל 100 מ""ל",false,1,11.90,1.70,false,1,
7290108356168,false,כיף תחליב רחצה אוקינוס,החברה הדרומית לשיווק בעמ,,,יח,7,"ל 100 מ""ל",false,1,11.90,1.70,false,1,
7290108356519,false,שמפו קרליין 10 לשיער רגיל,החברה הדרומית לשיווק בעמ,,,יח,7,"ל 100 מ""ל",false,1,12.90,1.84,false,1,
7290108356533,false,שמפו קרליין 10 לשיער מתולתל,החברה הדרומית לשיווק בעמ,,,יח,7,"ל 100 מ""ל",false,1,12.90,1.84,false,1,
7290108356540,false,שמפו קרליין 10 לשיער צבוע,החברה הדרומית לשיווק בעמ,,,יח,7,"ל 100 מ""ל",false,1,12.90,1.84,false,1,
7290108356557,false,שמפו קרליין 10 למניעת קשקשים,החברה הדרומית לשיווק בעמ,,,יח,7,"ל 100 מ""ל",false,1,12.90,1.84,false,1,
7290108356564,false,מרכך קרליין 10 לשיער רגיל,החברה הדרומית לשיווק בעמ,,,יח,7,"ל 100 מ""ל",false,1,12.90,1.84,false,1,
7290108356809,false,"סבון כיף בוטני לניקוי וטיפול 500 מ""ל",החברה הדרומית לשיווק בעמ,,,יח,5,ל 100 גרם,false,1,14.90,2.98,false,1,
7290108356854,false,מגבוני בייבי כיף חמשיה,החברה הדרומית לשיווק בעמ,,,יח,1,,false,1,19.90,19.90,false,1,
7290108356861,false,מגבוני בייבי כיף חמשיה ללא בישום,החברה הדרומית לשיווק בעמ,,,יח,1,,false,1,19.90,19.90,false,1,
7290108357004,false,"כיף שמפו ורד ושמן קוקוי 700 מ""ל",החברה הדרומית לשיווק בעמ,,,יח,7,"ל 100 מ""ל",false,1,11.90,1.70,false,1,
7290108357011,false,"כיף מרכך ורד ושמן קוקוי 700 מ""ל",החברה הדרומית לשיווק בעמ,,,יח,7,"ל 100 מ""ל",false,1,11.90,1.70,false,1,
7290108357028,false,"כיף תחליב רחצה ורד ושמן קוקוי 700 מ""ל",החברה הדרומית לשיווק בעמ,,,יח,7,"ל 100 מ""ל",false,1,11.90,1.70,false,1,
7290108357080,false,קרליין נושם ביו דאו`ספריי,החברה הדרומית לשיווק בעמ,,,יח,1.50,ל 100 גרם,false,1,13.90,9.27,false,1,
7290108357202,false,סנו קליר אקדח 1 ק,החברה הדרומית לשיווק בעמ,,,יח,10,"ל 100 מ""ל",false,1,10.90,1.09,false,1,
7290108357226,false,אבקה עוצמתית אוקסיג`ן לכביסה לבנה,החברה הדרומית לשיווק בעמ,,,יח,1.40,"ל 100 מ""ל",false,1,29.90,21.36,false,1,
7290108357240,false,אבקה עוצמתית אוקסיג`ן לבנה וצבעונית,החברה הדרומית לשיווק בעמ,,,יח,1.40,"ל 100 מ""ל",false,1,31.90,22.79,false,1,
7290108357257,false,סנופרש אוטמטיק מילוי,החברה הדרומית לשיווק בעמ,,,יח,1,,false,1,44.90,44.90,false,1,
7290108357264,false,סנו פרש אוטומטיק מילוי,החברה הדרומית לשיווק בעמ,,,יח,1.65,ל 100 גרם,false,1,13.90,8.42,false,1,
7290108357288,false,אקונמיקה 4 ליטר. ק,החברה הדרומית לשיווק בעמ,,,יח,40,"ל 100 מ""ל",false,1,16.90,0.42,false,1,
7290108357295,false,מרסס מסיר כתמים אוקסיג`ין,החברה הדרומית לשיווק בעמ,,,יח,7.50,"ל 100 מ""ל",false,1,17.90,2.39,false,1,
7290108357714,false,"כיף שמפו לשיער יבש 700 מ""ל",החברה הדרומית לשיווק בעמ,,,יח,7,"ל 100 מ""ל",false,1,11.90,1.70,false,1,
7290108357776,false,"כיף מרכך לשיער יבש 700 מ""ל",החברה הדרומית לשיווק בעמ,,,יח,7,"ל 100 מ""ל",false,1,11.90,1.70,false,1,
7290108357851,false,"כיף ג`ל רחצה ש. קוקוס 700 מ""ל",החברה הדרומית לשיווק בעמ,,,יח,7,"ל 100 מ""ל",false,1,11.90,1.70,false,1,
7290108358070,false,תחליב רחצה מאסק קרמה,החברה הדרומית לשיווק בעמ,,,יח,7,"ל 100 מ""ל",false,1,16.90,2.41,false,1,
7290108358087,false,תחליב רחצה מאסק קרמה,החברה הדרומית לשיווק בעמ,,,יח,7,"ל 100 מ""ל",false,1,16.90,2.41,false,1,
7290108358100,false,"פרש הום מקלות רחניים 100 מ""ל",החברה הדרומית לשיווק בעמ,,,יח,1,ל 100 גרם,false,1,19.90,19.90,false,1,
7290108359060,false,סנו סושי כריות לניקוי שבת,החברה הדרומית לשיווק בעמ,,,יח,1,,false,1,9.90,9.90,false,1,
7290108359879,false,אלסבון בייבי כיף 750 ליטר,החברה הדרומית לשיווק בעמ,,,יח,7.50,"ל 100 מ""ל",false,1,14.90,1.99,false,1,
7290108359985,false,סנו ג באל מרסס בניחוח פריחה,החברה הדרומית לשיווק בעמ,,,יח,10,"ל 100 מ""ל",false,1,17.90,1.79,false,1,
7290108371505,false,חנוכיה תיבה מוכספת,אבי מתנות בעמ,,,יח,1,,false,1,349,349,false,1,
7290108379068,false,"חנוכיה להבה ניקל 280 ס""מ",אבי מתנות בעמ,,,יח,1,,false,1,169.90,169.90,false,1,
7290108500271,false,שלישית פטריות חתוך מהדרין,ג.וילי פוד בעמ,,,יח,8.70,ל 100 גרם,false,1,10.90,1.25,false,1,
7290108500677,false,כבד דגים 120ג ויליפוד *,ג.וילי פוד בעמ,,,יח,1.15,ל 100 גרם,false,1,9.90,8.61,true,1,
7290108501346,false,גבינת גאודה מגורדת 500 גר`,ג.וילי פוד בעמ,,,יח,5,ל 100 גרם,false,1,24.90,4.98,false,1,
7290108501490,false,גבינת מוצרלה פרוסות 150 גר`,ג.וילי פוד בעמ,,,יח,1.50,ל 100 גרם,false,1,12.90,8.60,false,1,
7290108501827,false,קדאיף שערות בצק 450 גר`,ג.וילי פוד בעמ,,,יח,0.45,ל 100 גרם,false,1,19.90,44.22,false,1,
7290108502268,false,קרקרים 250 גר` במליחות מעודנת,ג.וילי פוד בעמ,,,יח,0.25,ל 100 גרם,false,1,7.90,31.60,false,1,
7290108502510,false,קרקרים 500 גר` טבעי,ג.וילי פוד בעמ,,,יח,0.50,ל 100 גרם,false,1,9.90,19.80,false,1,
7290108502541,false,גבינת שמנת טעם טבעי 200 גר`,ג.וילי פוד בעמ,,,יח,0.20,ל 100 גרם,false,1,11.90,59.50,false,1,
7290108502589,false,גבינת שמנת עם שום 200 גר`,ג.וילי פוד בעמ,,,יח,0.20,ל 100 גרם,false,1,11.90,59.50,false,1,
7290108502725,false,גבינת גאודה פרוסות 400 גר`,ג.וילי פוד בעמ,,,יח,0.40,ל 100 גרם,false,1,21.90,54.75,false,1,
7290108502862,false,מלפפונים כבושים במלח 18-25 קטנים,ג.וילי פוד בעמ,,,יח,0.60,ל 100 גרם,false,1,11.90,19.83,false,1,
7290108504279,false,קשקאבל צ`אנק 150 גר`,ג.וילי פוד בעמ,,,יח,1.50,ל 100 גרם,false,1,16.90,11.27,true,1,
7290108504293,false,מנצ`גו צ`אנק 150 גר`,ג.וילי פוד בעמ,,,יח,1.50,ל 100 גרם,false,1,16.90,11.27,true,1,
7290108505375,false,צהובה פרוסות 400גר`,ג.וילי פוד בעמ,,,יח,4,ל 100 גרם,false,1,18.90,4.73,false,1,
7290108506495,false,כנאפה קפוא,ג.וילי פוד בעמ,,,יח,2,ל 100 גרם,false,1,12.90,6.45,false,1,
7290108506549,false,גליליות במילוי קרם וניל,ג.וילי פוד בעמ,,,יח,4,ל 100 גרם,false,1,12.90,3.23,false,1,
7290108506655,false,רביולי ריקוטה ותרד 250 גר`,ג.וילי פוד בעמ,,,יח,2.50,ל 100 גרם,false,1,10.90,4.36,false,1,
7290108506679,false,רביולי חצילים ומוצרלה 250 גר`,ג.וילי פוד בעמ,,,יח,2.50,ל 100 גרם,false,1,10.90,4.36,false,1,
7290108509205,false,חטיף אורז אפוי לתינוקות ט. טבעי,ג.וילי פוד בעמ,,,יח,0.50,ל 100 גרם,false,1,11.90,23.80,false,1,
7290108509229,false,חטיף אורז אפוי לתינוקות ט. בננה,ג.וילי פוד בעמ,,,יח,0.50,ל 100 גרם,false,1,11.90,23.80,false,1,
7290108509397,false,עלי בצק פילו משולשים,ג.וילי פוד בעמ,,,יח,3.60,ל 100 גרם,false,1,10.90,3.03,true,1,
7290108509793,false,גליליות וופל 400 גר`במילוי שוקולד,ג.וילי פוד בעמ,,,ל 100 גרם,4,ל 100 גרם,false,1,12.90,3.23,false,1,
7290108835120,false,סט 26 צנטרים נירוסטה+ שקית זילוף,י.סולומון חוויה שבכלי בעמ,,,יח,1,,false,1,25.90,25.90,false,1,
7290108835205,false,סט 10 שקיות זילוף 36 סמ,י.סולומון חוויה שבכלי בעמ,,,יח,1,,false,1,6.90,6.90,false,1,
7290108835212,false,סט 10 שקיות זילוף,י.סולומון חוויה שבכלי בעמ,,,יח,1,,false,1,11.90,11.90,false,1,
7290108835748,false,מחבת טפלון מיני בצורות,י.סולומון חוויה שבכלי בעמ,,,יח,1,,false,1,14.90,14.90,false,1,
7290108836325,false,סט 6 סכינים בשרי דגם טרופיקנה,י.סולומון חוויה שבכלי בעמ,,,יח,1,,false,1,12.90,12.90,false,1,
7290108836479,false,מלקחיים דורון טרופיקנה,י.סולומון חוויה שבכלי בעמ,,,יח,1,,false,1,13.90,13.90,false,1,
7290108836493,false,גלגלת לפיצה דגם טרופיקנה,י.סולומון חוויה שבכלי בעמ,,,יח,1,,false,1,9.90,9.90,false,1,
7290108836509,false,מקלף פרסה נירוסטה טרופיקנה טרופיקנה,י.סולומון חוויה שבכלי בעמ,,,יח,1,,false,1,6.90,6.90,false,1,
7290108836561,false,מקלף תמר דגם טרופיקנה,י.סולומון חוויה שבכלי בעמ,,,יח,1,,false,1,9.90,9.90,false,1,
7290108838374,false,"מלחייה זכוכית 80 מ""ל",י.סולומון חוויה שבכלי בעמ,,,יח,1,,false,1,3.90,3.90,false,1,
7290109351025,false,חומוס טחינה צבר 400 גר`,קבוצת אוסם סחר שותפות מוגבלת,,,יח,4,ל 100 גרם,false,1,13.90,3.48,true,1,
7290109351957,false,פיטנס פרכיות גדולות שוקולד,קבוצת אוסם סחר שותפות מוגבלת,,,יח,1,ל 100 גרם,false,1,8.50,8.50,false,1,
7290109351971,false,פיטנס בר פרכיות שוקולד חלב,קבוצת אוסם סחר שותפות מוגבלת,,,יח,0.84,יח,false,1,14.50,17.26,true,1,
7290109353753,false,פרפקטו ספירלו טריו,קבוצת אוסם סחר שותפות מוגבלת,,,יח,4.50,ל 100 גרם,false,1,6.90,1.53,false,1,
7290109354101,false,לחמית ללא גלוטן 200,קבוצת אוסם סחר שותפות מוגבלת,,,יח,2,ל 100 גרם,false,1,10.90,5.45,true,1,
7290109354972,false,פתי בר ללא גלוטן קלאסי 200 גר`,קבוצת אוסם סחר שותפות מוגבלת,,,יח,2,ל 100 גרם,false,1,10.90,5.45,false,1,
7290109580043,false,"שניצל תירס 1.75 ק""ג זוגלובק",זוגלובק שיווק בעמ,,,יח,1.75,ל 100 גרם,false,1,49.90,28.51,false,1,
7290109580104,false,פסטרמה פרימיום רוסטביף 150 גר`,זוגלובק שיווק בעמ,,,יח,1.50,ל 100 גרם,false,1,25.90,17.27,false,1,
7290109580135,false,פסטרמה פרימיום קורנדביף,זוגלובק שיווק בעמ,,,יח,1.80,ל 100 גרם,false,1,25.90,14.39,false,1,
7290109580302,false,זוגות -700 גרם-בדצ בית יוסף-זוגלובק,זוגלובק שיווק בעמ,,,יח,7,ל 100 גרם,false,1,26.90,3.84,false,1,
7290109580326,false,נקנקיות 800 גר בית יוסף-זוגלובק,זוגלובק שיווק בעמ,,,יח,8,ל 100 גרם,false,1,19.90,2.49,false,1,
7290109580357,false,צמד 600- בדצ בית יוסף-זוגלובק,זוגלובק שיווק בעמ,,,יח,6,ל 100 גרם,false,1,26.90,4.48,false,1,
7290109580432,false,חזה הודו מעושן 120 גר`דקדק,זוגלובק שיווק בעמ,,,יח,1.20,ל 100 גרם,false,1,12.90,10.75,false,1,
7290109920313,false,אסטוניש מרסס מבריק שמשות,"יעקב יעקבי ובניו בע""מ",,,יח,7.50,"ל 100 מ""ל",false,1,11.90,1.59,false,1,
7290109920597,false,אסטוניש מרסס למקלחון,"יעקב יעקבי ובניו בע""מ",,,יח,7.50,"ל 100 מ""ל",false,1,11.90,1.59,false,1,
7290109920757,false,מרכך כביסה הפי ורדים סופר מרוכז,"יעקב יעקבי ובניו בע""מ",,,יח,10,"ל 100 ס""מ",false,1,12.90,1.29,false,1,
7290109920825,false,"דורגול אספרסו יעקבי 500 מ""ל","יעקב יעקבי ובניו בע""מ",,,יח,5,"ל 100 מ""ל",false,1,29.90,5.98,false,1,
7290109921129,false,מרכך כביסה הפי סופר מרוכז סיגליות,"יעקב יעקבי ובניו בע""מ",,,יח,10,"ל 100 ס""מ",false,1,12.90,1.29,false,1,
7290109923093,false,אסטונייש קרם כיריים הלוגן ומיקרו,"יעקב יעקבי ובניו בע""מ",,,יח,5,"ל 100 מ""ל",false,1,14.90,2.98,true,1,
7290110000493,false,חמאת בוטנים טבעית קרנצ`,בטר אנד דיפרנט בעמ,,,יח,3.50,ל 100 גרם,false,1,13.50,3.86,false,1,
7290110110024,false,פאנטה תות פח 330,החברה המרכזית להפצת משקאות בע,,,יח,3.30,"ל 100 מ""ל",false,1,5.50,1.58,true,1,
7290110110369,false,קלסברג לומה שישיה,החברה המרכזית להפצת משקאות בע,,,יח,20,"ל 100 מ""ל",false,1,39.90,1.91,true,1,
7290110110574,false,"קולה זירו 330 מ""ל לימון",החברה המרכזית להפצת משקאות בע,,,יח,3.30,"ל 100 מ""ל",false,1,5.50,1.58,true,1,
7290110110635,false,"ספרייט חדש 500 ח""פ",החברה המרכזית להפצת משקאות בע,,,יח,5,"ל 100 מ""ל",false,1,7.90,1.52,false,1,
7290110110659,false,"סליק ספרייט חדש 330 מ""ל",החברה המרכזית להפצת משקאות בע,,,יח,3.30,"ל 100 מ""ל",false,1,4.90,1.39,true,1,
7290110114787,false,נביעות 1.5 תפוח ק,החברה המרכזית להפצת משקאות בע,,,יח,15,"ל 100 מ""ל",false,1,8.90,0.57,false,1,
7290110114794,false,נביעות 1.5 אפרסק,החברה המרכזית להפצת משקאות בע,,,יח,1.50,לליטר,false,1,8.90,5.73,false,1,
7290110114800,false,נביעות 1.5 ענבים,החברה המרכזית להפצת משקאות בע,,,יח,1.50,לליטר,false,1,8.90,5.73,false,1,
7290110114855,false,מים נביעות שישיה 1.5 ל`,החברה המרכזית להפצת משקאות בע,,,יח,90,"ל 100 מ""ל",false,1,13.70,0.13,true,1,
7290110114893,false,סחוט תפוזים 2 ליטר,החברה המרכזית טלהפצת משקאות בע,,,יח,2,לליטר,false,1,28.90,14.30,true,1,
7290110114961,false,פריגת תפוזים 1.5 ליטר,החברה המרכזית להפצת משקאות בע,,,יח,15,"ל 100 מ""ל",false,1,8.90,0.57,false,1,
7290110114985,false,פריגת אשכוליות 1.5 ליטר,החברה המרכזית להפצת משקאות בע,,,יח,15,"ל 100 מ""ל",false,1,8.90,0.57,false,1,
7290110115005,false,פריגת ענבים 1.5 ליטר,החברה המרכזית להפצת משקאות בע,,,יח,15,"ל 100 מ""ל",false,1,8.90,0.57,false,1,
7290110115036,false,משקה מנגו פריגת 1.5 ליטר,החברה המרכזית להפצת משקאות בע,,,יח,15,"ל 100 מ""ל",false,1,8.90,0.57,false,1,
7290110115043,false,פריגת משקה לימונענע 1.5 ליר,החברה המרכזית להפצת משקאות בע,,,יח,1.50,לליטר,false,1,8.90,5.73,false,1,
7290110115050,false,מיקס תות-בננה 1.5 ליטר,החברה המרכזית להפצת משקאות בע,,,יח,15,"ל 100 מ""ל",false,1,8.90,0.57,false,1,
7290110115081,false,פריגת צלול ענבים 1.5 ליטר,החברה המרכזית להפצת משקאות בע,,,יח,15,"ל 100 מ""ל",false,1,8.90,0.57,false,1,
7290110115104,false,פריגת צלול אפרסק 1.5 ליטר,החברה המרכזית להפצת משקאות בע,,,יח,15,"ל 100 מ""ל",false,1,8.90,0.57,false,1,
7290110115111,false,פריגת צלול אננס 1.5 ליטר,החברה המרכזית להפצת משקאות בע,,,יח,15,"ל 100 מ""ל",false,1,8.90,0.57,false,1,
7290110115128,false,פריגת צלול לימונענע 1.5 ליטר,החברה המרכזית להפצת משקאות בע,,,יח,15,"ל 100 מ""ל",false,1,8.90,0.57,false,1,
7290110115180,false,נביעות 1.5,החברה המרכזית להפצת משקאות בע,,,יח,15,"ל 100 מ""ל",false,1,2.90,0.17,false,1,
7290110115203,false,קולה 1.5 ק,החברה המרכזית להפצת משקאות בע,,,יח,15,"ל 100 מ""ל",false,1,8.90,0.57,false,1,
7290110115227,false,קולה ZIRO 1.50 ק,החברה המרכזית להפצת משקאות בע,,,יח,15,"ל 100 מ""ל",false,1,8.90,0.57,false,1,
7290110115241,false,קולה ZIRO 1.50 לימון,החברה המרכזית להפצת משקאות בע,,,יח,15,"ל 100 מ""ל",false,1,8.90,0.57,false,1,
7290110115265,false,ספרייט 1.5 חדש ליטר,החברה המרכזית להפצת משקאות בע,,,יח,15,"ל 100 מ""ל",false,1,8.90,0.57,true,1,
7290110115272,false,ספרייט זירו 1.5 ליטר,החברה המרכזית להפצת משקאות בע,,,יח,15,"ל 100 מ""ל",false,1,8.90,0.57,true,1,
7290110115333,false,פאנטה תות 1.5,החברה המרכזית להפצת משקאות בע,,,יח,15,"ל 100 מ""ל",false,1,8.90,0.57,false,1,
7290110115340,false,פאנטה ענבים 1.5,החברה המרכזית להפצת משקאות בע,,,יח,1.50,לליטר,false,1,8.90,5.73,false,1,
7290110115357,false,סודה 1.5 ליטר ק,החברה המרכזית להפצת משקאות בע,,,יח,1.50,לליטר,false,1,3.30,2,false,1,
7290110115364,false,קוקה קולה שישיות 1.5 ליטר .,החברה המרכזית להפצת משקאות בע,,,יח,6,למארז,false,1,49.90,8.02,false,1,
7290110115388,false,ספרייט חדש 1.5 ליטר שישייה,החברה המרכזית להפצת משקאות בע,,,יח,90,"ל 100 מ""ל",false,1,49.90,0.53,false,1,
7290110115395,false,ספרייט זירו שישיות 1.5ליטר,החברה המרכזית להפצת משקאות בע,,,יח,90,"ל 100 מ""ל",false,1,49.90,0.53,false,1,
7290110115401,false,שישית סודה קינלי,החברה המרכזית להפצת משקאות בע,,,יח,90,"ל 100 מ""ל",false,1,15.90,0.16,true,1,
7290110115418,false,קוקה קולה ZIRO שישיה 1.50 ק,החברה המרכזית להפצת משקאות בע,,,יח,90,"ל 100 מ""ל",false,1,49.90,0.53,false,1,
7290110115449,false,תה מנגו אננס 1.5 ליטר FUZE T,החברה המרכזית להפצת משקאות בע,,,יח,15,"ל 100 מ""ל",false,1,8.90,0.57,false,1,
7290110115463,false,תה אפרסק 1.5 FUZE T,החברה המרכזית להפצת משקאות בע,,,יח,15,"ל 100 מ""ל",false,1,8.90,0.57,false,1,
7290110115494,false,תה ענבים 1.5 FUZE T,החברה המרכזית להפצת משקאות בע,,,יח,1.50,לליטר,false,1,8.90,5.73,false,1,
7290110115616,false,פיוז טי זירו גרין אננס 1.5 ליטר,החברה המרכזית להפצת משקאות בע,,,יח,15,"ל 100 מ""ל",false,1,8.90,0.57,false,1,
7290110115623,false,תה אפרסק 1.5 FUZE T,החברה המרכזית להפצת משקאות בע,,,יח,15,"ל 100 מ""ל",false,1,8.90,0.57,false,1,
7290110115913,false,פוורייד זירו אננס 500,החברה המרכזית להפצת משקאות בע,,,יח,5,"ל 100 מ""ל",false,1,8.90,1.72,false,1,
7290110116057,false,פאנטה פירות כחול 0.5 זירו,החברה המרכזית להפצת משקאות בע,,,יח,0.50,"ל 100 מ""ל",false,1,7.60,15.20,false,1,
7290110116064,false,|פאנטה פירות ירוק זירו 1.5,החברה המרכזית להפצת משקאות בע,,,יח,15,"ל 100 מ""ל",false,1,8.90,0.57,false,1,
7290110116132,false,"סירופ טעם לימון 750 מ""ל.",החברה המרכזית להפצת משקאות בע,,,יח,7.50,"ל 100 מ""ל",false,1,22.90,3.05,false,1,
7290110116194,false,נביעות+ לימון ליים 0 קלוריות 1.5 לי,החברה המרכזית להפצת משקאות בע,,,יח,15,"ל 100 מ""ל",false,1,9.40,0.61,false,1,
7290110116217,false,נביעות+ אשכוליות 0 קלוריות 1.5 לי,החברה המרכזית להפצת משקאות בע,,,יח,15,"ל 100 מ""ל",false,1,9.40,0.61,false,1,
7290110116385,false,קוקה קולה פח 330 אבטיח תות,החברה המרכזית להפצת משקאות בע,,,יח,3.30,"ל 100 מ""ל",false,1,4.90,1.39,true,1,
7290110116392,false,"סירופ טעם תפוזים 750 מ""ל",החברה המרכזית להפצת משקאות בע,,,יח,7.50,"ל 100 מ""ל",false,1,22.90,3.05,false,1,
7290110116484,false,פריגת מיקס תות 1 ליטר,החברה המרכזית להפצת משקאות בע,,,יח,10,"ל 100 מ""ל",false,1,16.90,1.66,false,1,
7290110116491,false,פריגת מיקס 1 ליטר,החברה המרכזית להפצת משקאות בע,,,יח,10,"ל 100 מ""ל",false,1,16.90,1.66,false,1,
7290110116507,false,פריגת מיקס אננס 1 ליטר,החברה המרכזית להפצת משקאות בע,,,יח,10,"ל 100 מ""ל",false,1,16.90,1.66,false,1,
7290110116521,false,"פריגת מיקס 400 מ""ל",החברה המרכזית להפצת משקאות בע,,,יח,4,"ל 100 מ""ל",false,1,9.90,2.40,false,1,
7290110116552,false,ספרייט 1.5 לימון היט חדש ליטר.,החברה המרכזית להפצת משקאות בע,,,יח,15,"ל 100 מ""ל",false,1,8.90,0.57,true,1,
7290110116569,false,ספרייט זירו לימון היט 1.5 ליטר,החברה המרכזית להפצת משקאות בע,,,יח,15,"ל 100 מ""ל",false,1,8.90,0.57,true,1,
7290110290641,false,מתלה כביסה אלומניום,י.סולומון חוויה שבכלי בעמ,,,יח,1,,false,1,98,98,false,1,
7290110291723,false,מאג דגם שוקוצי`נו,י.סולומון חוויה שבכלי בעמ,,,יח,1,,false,1,6.90,6.90,false,1,
7290110291761,false,מאג דגם קפוצ`ינו,י.סולומון חוויה שבכלי בעמ,,,יח,1,,false,1,6.90,6.90,false,1,
7290110297688,false,מצת גז דגם נור,י.סולומון חוויה שבכלי בעמ,,,יח,1,,false,1,6.90,6.90,false,1,
7290110299514,false,בקבוק שתייה זכוכית,י.סולומון חוויה שבכלי בעמ,,,יח,1,,false,1,11.90,11.90,false,1,
7290110320683,false,יופלה 360 מארז 8 תות,תנובה -חלב,,,יח,8,"ל 100 מ""ל",false,1,16.90,2.11,false,1,
7290110320850,false,פתיתי עמק 200,תנובה -חלב,,,יח,2,ל 100 גרם,false,1,14.30,7.15,false,1,
7290110320867,false,פתיתי עמק למאפים 28% 500 גר`,תנובה -חלב,,,יח,2,ל 100 גרם,false,1,28.90,14.45,false,1,
7290110321277,false,קוטג בקטנה 5%. 100 גרם מהדרין תנובה,תנובה -חלב,,,יח,1,ל 100 גרם,false,1,2.50,2.50,false,1,
7290110321284,false,קוטג בקטנה 9% מהדרין,תנובה -חלב,,,יח,1,ל 100 גרם,false,1,2.50,2.50,false,1,
7290110321680,false,יופלה גו תות,תנובה -חלב,,,יח,0.20,"ל 100 מ""ל",false,1,5.90,29.50,false,1,
7290110321697,false,יופלה גו אפרסק,תנובה -חלב,,,יח,0.20,"ל 100 מ""ל",false,1,5.90,29.50,false,1,
7290110321703,false,יופלה גו פירות יער,תנובה -חלב,,,יח,1,ל 100 גרם,false,1,5.50,5.50,false,1,
7290110321789,false,גבינת מסקרפונה השף הלבן,תנובה -חלב,,,יח,2.50,ל 100 גרם,false,1,19.90,7.96,false,1,
7290110322946,false,יופלה טיוב יוגורט ט. תות בננה,תנובה -חלב,,,יח,0.3480,"ל 100 מ""ל",false,1,11.90,34.20,false,1,
7290110323073,false,משקה יוגורט עם תות ופטל 1%,תנובה -חלב,,,יח,0.25,"ל 100 מ""ל",false,1,5.90,23.60,false,1,
7290110323097,false,תאומים 80 גר`,תנובה -חלב,,,יח,0.80,ל 100 גרם,false,1,1.90,2.38,false,1,
7290110323585,false,יופלה גו עם דובדבן מופחת קלוריות,תנובה -חלב,,,יח,0.20,"ל 100 מ""ל",false,1,5.50,27.50,false,1,
7290110323714,false,משקה קוקוס שקדים,תנובה -חלב,,,יח,10,לליטר,false,1,11.90,1.19,false,1,
7290110324551,false,יופלה טיוב יוגורט ט. תות,תנובה -חלב,,,יח,3.48,"ל 100 מ""ל",false,1,11.90,3.42,false,1,
7290110324728,false,ממרח סויה בסגנון שום שמיר,תנובה -חלב,,,יח,2.50,ל 100 גרם,false,1,7.90,3.16,false,1,
7290110324872,false,גלבוע 5%,תנובה -חלב,,,יח,2,"ל 100 מ""ל",false,1,17.90,8.95,false,1,
7290110324926,false,סויה ללא תוספת סוכר,תנובה -חלב,,,יח,1,לליטר,false,1,9.90,9.90,false,1,
7290110325084,false,קרלו שמניה מיני שוניל,תנובה -חלב,,,יח,8,"ל 100 מ""ל",false,1,13.90,1.74,false,1,
7290110325312,false,מעדן סויה גו בטעם תות,תנובה -חלב,,,יח,2,"ל 100 מ""ל",false,1,5.50,2.75,false,1,
7290110325510,false,יופלה טיוב יוגורט מרקם חלק,תנובה -חלב,,,יח,3.48,"ל 100 מ""ל",false,1,9.90,2.84,false,1,
7290110325619,false,משקה שיבולת שועל,תנובה -חלב,,,יח,10,"ל 100 מ""ל",false,1,11.90,1.19,false,1,
7290110325701,false,פיראוס ציזיקי יווני 9%,תנובה -חלב,,,יח,2.50,ל 100 גרם,false,1,11.90,4.76,false,1,
7290110325893,false,"אייס קפה גו 340 מ""ל",תנובה -חלב,,,יח,3.40,"ל 100 מ""ל",false,1,7.30,2.15,false,1,
7290110326210,false,יופלה און טופ פיצפוצים,תנובה -חלב,,,יח,1.57,"ל 100 מ""ל",false,1,4.90,3.12,false,1,
7290110326227,false,יופלה און טופ קורנפלקס,תנובה -חלב,,,יח,1.57,"ל 100 מ""ל",false,1,4.90,3.12,false,1,
7290110326234,false,יופלה און טופ כוכבים,תנובה -חלב,,,יח,1.57,"ל 100 מ""ל",false,1,4.90,3.12,false,1,
7290110326333,false,פרוסות גבינה סקנדנבית,תנובה -חלב,,,יח,1.70,ל 100 גרם,false,1,16.90,9.94,false,1,
7290110326876,false,לאבנה עיזים 250 גר`,תנובה -חלב,,,יח,2.50,ל 100 גרם,false,1,13.30,5.32,false,1,
7290110326999,false,"משקה חלב עם שוקולד קלאסי 340מ""ל",תנובה -חלב,,,יח,10,"ל 100 מ""ל",false,1,6.50,0.65,false,1,
7290110327545,false,יופלה און טופ בטעם תות בתוספת פיצפוצים,תנובה -חלב,,,יח,1.57,"ל 100 מ""ל",false,1,4.90,3.12,false,1,
7290110327798,false,חטיף חלבון גו ט. שוקולד 60גר`.,שקד תבל בעמ,,,יח,0.60,ל 100 גרם,false,1,11.90,19.83,false,1,
7290110327804,false,חטיף חלבון גו ט. בצק עוגיות 60 גר`.,שקד תבל בעמ,,,יח,0.60,ל 100 גרם,false,1,11.90,19.83,false,1,
7290110327811,false,חטיף חלבון גו ט. קוקוס 60גר`.,שקד תבל בעמ,,,יח,0.60,ל 100 גרם,false,1,11.90,19.83,false,1,
7290110327828,false,חטיף חלבון גו ט.חמאת בוטנים 60 גר`,שקד תבל בעמ,,,יח,0.60,ל 100 גרם,false,1,11.90,19.83,false,1,
7290110328016,false,משקה סויה מועשר בחלבון ט. אגוזי לוז,תנובה -חלב,,,יח,2.50,ל 100 גרם,false,1,5.90,2.36,false,1,
7290110328474,false,פלח פרמג`יאנו ראגנו,תנובה -חלב,,,יח,1.50,ל 100 גרם,false,1,25.90,17.27,false,1,
7290110328481,false,פתיתי פרמג`יאנו רג`אנו,תנובה -חלב,,,יח,1,ל 100 גרם,false,1,14.90,14.90,false,1,
7290110328504,false,טריו גבינה מיקס מוצרלה . סקנדנבית,תנובה -חלב,,,יח,3,ל 100 גרם,false,1,23.90,7.97,false,1,
7290110328627,false,יוגורט גו סמיך 0% בננה קרמל,תנובה -חלב,,,יח,2,"ל 100 מ""ל",false,1,5.50,2.75,false,1,
7290110328764,false,יוגורט גו סמיך 0% תות,תנובה -חלב,,,יח,2,"ל 100 מ""ל",false,1,5.50,2.75,false,1,
7290110328771,false,יוגורט גו סמיך 0% פ. יער,תנובה -חלב,,,יח,2,"ל 100 מ""ל",false,1,5.50,2.75,false,1,
7290110328788,false,יוגורט גו סמיך 0% אפרסק,תנובה -חלב,,,יח,2,"ל 100 מ""ל",false,1,5.50,2.75,false,1,
7290110329136,false,מעדן חלב גו טעם וקולד 12 גר`,תנובה -חלב,,,יח,1.20,"ל 100 מ""ל",false,1,4.50,3.75,false,1,
7290110329143,false,מעדן חלב גו טעם וניל 12 גר`,תנובה -חלב,,,יח,1.20,"ל 100 מ""ל",false,1,4.50,3.75,false,1,
7290110329686,false,"משקה חלב גוט. עוגיות 340 מ""ל",תנובה -חלב,,,יח,3.40,"ל 100 מ""ל",false,1,7.30,2.15,false,1,
7290110329716,false,משקה קפה קר בטעם קפוצ`ינו,תנובה -חלב,,,יח,2.30,"ל 100 מ""ל",false,1,6.90,3,false,1,
7290110329723,false,משקה קפה קר בטעם לאטה,תנובה -חלב,,,יח,2.30,"ל 100 מ""ל",false,1,6.90,3,false,1,
7290110329808,false,מעדן סויה תות בגביע,תנובה -חלב,,,יח,1.50,"ל 100 מ""ל",false,1,4.30,2.87,false,1,
7290110329815,false,מעדן סויה במתיקות מעודנת,תנובה -חלב,,,יח,1.50,"ל 100 מ""ל",false,1,4.30,2.87,false,1,
7290110329839,false,פרוסות טעם גבינה צהובה זיתים 200,תנובה -חלב,,,ל 100 גרם,2,ל 100 גרם,false,1,19.90,9.95,false,1,
7290110329846,false,מעדן סויה טבעי בגביע,תנובה -חלב,,,יח,1.50,"ל 100 מ""ל",false,1,4.30,2.87,false,1,
7290110329914,false,מאגדת משקה שיבולת שועל ביו,תנובה -חלב,,,יח,6,ל 100 גרם,false,1,16.90,2.82,false,1,
7290110552220,false,דנונה פרו 20 גר ללס תות,שטראוס גרופ בעמ (ח),,,יח,1.55,"ל 100 מ""ל",false,1,5.90,3.81,false,1,
7290110552237,false,דנונה פרו 20 גר ללס אפרסק מנגו,שטראוס גרופ בעמ (ח),,,יח,1.55,"ל 100 מ""ל",false,1,5.90,3.81,false,1,
7290110553173,false,אנרג`י פרכיות בטעם קרמל 40 גר`,שטראוס גרופ בעמ,,,יח,4,ל 100 גרם,false,1,6.90,1.73,true,1,
7290110553180,false,אנרג`י פרכיות בטעם תפוח קינמון,שטראוס גרופ בעמ,,,יח,4,ל 100 גרם,false,1,6.90,1.73,true,1,
7290110553623,false,ציטוס קראנץ 80 גרם,שטראוס פריטו ליי בעמ,,,יח,0.80,יח,false,1,4.50,5.63,false,1,
7290110554262,false,חלבית 350 גרם,שטראוס גרופ בעמ,,,יח,3.50,ל 100 גרם,false,1,19.90,5.69,false,1,
7290110554460,false,צ יטוס קרנץ צ`דר חלפיניו,שטראוס פריטו ליי בעמ,,,יח,0.65,ל 100 גרם,false,1,3.90,6,false,1,
7290110554583,false,מארז צ`יטוס פאםס גבינה,שטראוס פריטו ליי בעמ,,,יח,2,ל 100 גרם,false,1,12.90,6.45,false,1,
7290110554729,false,קפסולות אספרסו מס `04 למכונת אספרס,שטראוס גרופ בעמ,,,ל 100 גרם,0.50,ל 100 גרם,false,1,15.90,31.80,true,1,
7290110555306,false,רבע לשבע טבעוני סינמון באן,שטראוס גרופ בעמ,,,יח,1.25,ל 100 גרם,false,1,11.90,9.52,true,1,
7290110555603,false,שוקולטה ספלינדיד 220 גרק,שטראוס גרופ בעמ,,,יח,2.20,ל 100 גרם,false,1,21.90,9.95,false,1,
7290110556242,false,"שוק.חלב 100 ג""",שטראוס גרופ בעמ,,,יח,1,ל 100 גרם,false,1,5.50,5.50,false,1,
7290110557027,false,חומוס 50% טחינה,שטראוס גרופ בעמ (ח),,,יח,4,ל 100 גרם,false,1,13.90,3.48,true,1,
7290110557102,false,מעדן חלב טעם שוקולד מעושר בחלבון,שטראוס גרופ בעמ (ח),,,יח,1.50,"ל 100 מ""ל",false,1,4.90,3.27,true,1,
7290110557133,false,מעדן הגולן וניל,שטראוס גרופ בעמ (ח),,,יח,1.25,"ל 100 מ""ל",false,1,2.90,2.32,true,1,
7290110557478,false,חומוס גלילי אחלה,שטראוס גרופ בעמ (ח),,,יח,6,ל 100 גרם,false,1,12.90,2.15,false,1,
7290110558222,false,דנונה פרו WOW,שטראוס גרופ בעמ (ח),,,יח,1.50,"ל 100 מ""ל",false,1,4.70,3.13,true,1,
7290110558253,false,דנונה ריפרש בננה אננס,שטראוס גרופ בעמ (ח),,,יח,2.50,"ל 100 מ""ל",false,1,5.90,2.36,false,1,
7290110558284,false,דנונה ביו מולטי 200 גר`,שטראוס גרופ בעמ (ח),,,יח,2,ל 100 גרם,false,1,4.20,2.10,false,1,
7290110558307,false,דנונה פרו 20 ג עם שיבולת שועל,שטראוס גרופ בעמ (ח),,,יח,0.20,"ל 100 מ""ל",false,1,6.50,32.50,false,1,
7290110558314,false,דנונה פרו 20 גר טעם פיסטוק,שטראוס גרופ בעמ (ח),,,יח,0.20,"ל 100 מ""ל",false,1,6.50,32.50,false,1,
7290110558338,false,דנונה פרו 25 גר חלבון,שטראוס גרופ בעמ (ח),,,יח,0.20,"ל 100 מ""ל",false,1,6.50,32.50,false,1,
7290110558420,false,אלפרו משקה ש. שועל 1 ליטר,שטראוס גרופ בעמ,,,יח,10,"ל 100 מ""ל",false,1,13.90,1.39,false,1,
7290110558437,false,אלפרו משקה שקדים 1 ליטר,שטראוס גרופ בעמ,,,יח,10,"ל 100 מ""ל",false,1,13.90,1.39,false,1,
7290110558666,false,דניאלה טעם תפוח,שטראוס גרופ בעמ (ח),,,יח,1.50,"ל 100 מ""ל",false,1,3.90,2.60,false,1,
7290110558741,false,גמדים פאוץ תפוח בננה,שטראוס גרופ בעמ (ח),,,יח,1,"ל 100 מ""ל",false,1,5.90,5.90,false,1,
7290110559755,false,ריל מאגדת בוטנים פיסטוק וחמוציות,שטראוס גרופ בעמ,,,יח,1.05,ל 100 גרם,false,1,16.90,16.10,true,1,
7290110559762,false,ריל מאגדת אגוזים ותמרים קוקוס,שטראוס גרופ בעמ,,,יח,1.05,ל 100 גרם,false,1,16.90,16.10,true,1,
7290110560300,false,פרכיות משולשת- פלפל שחור,שטראוס גרופ בעמ,,,יח,0.30,ל 100 גרם,false,1,4.90,16.33,false,1,
7290110560324,false,פרכיות משולשת- אפונה ירוקה,שטראוס גרופ בעמ,,,יח,0.30,ל 100 גרם,false,1,4.90,16.33,false,1,
7290110561352,false,דנונה דל לקטוז 200 גר`,שטראוס גרופ בעמ (ח),,,יח,2,"ל 100 מ""ל",false,1,3.50,1.75,false,1,
7290110561604,false,גמדים תות בננה דיסני שמניה,שטראוס גרופ בעמ (ח),,,יח,8,ל 100 גרם,false,1,17.90,2.24,false,1,
7290110563431,false,משקה יטבתה קפה קר קלאסי,שטראוס גרופ בעמ (ח),,,יח,2.30,"ל 100 מ""ל",false,1,7.90,3.43,true,1,
7290110563448,false,משקה יטבתה קפה קר מעודן,שטראוס גרופ בעמ (ח),,,יח,2.30,"ל 100 מ""ל",false,1,7.90,3.43,true,1,
7290110563462,false,חלב נטול לקטוז 2% יטבתה,שטראוס גרופ בעמ (ח),,,יח,1,לליטר,false,1,8.50,8.50,false,1,
7290110564339,false,חומוס אחלה 30% בטחינה,שטראוס גרופ בעמ (ח),,,יח,4,ל 100 גרם,false,1,13.90,3.48,true,1,
7290110564360,false,חומוס אחלה עשיר בטחינה,שטראוס גרופ בעמ (ח),,,יח,4,ל 100 גרם,false,1,13.90,3.48,true,1,
7290110564414,false,חומוס אחלה 30% בתוספת טחינה,שטראוס גרופ בעמ (ח),,,יח,6,ל 100 גרם,false,1,15.90,2.65,false,1,
7290110565435,false,לימבו פטל קו חלבי,שטראוס גרופ בעמ (ח),,,יח,1.25,ל 100 גרם,false,1,2.10,1.68,true,1,
7290110565527,false,דנונה פרו 20 גרם חלבון,שטראוס גרופ בעמ (ח),,,יח,1.50,"ל 100 מ""ל",false,1,5.90,3.93,false,1,
7290110565572,false,מארז טורקי לדרך עם הל,שטראוס גרופ בעמ,,,יח,1.40,ל 100 גרם,false,1,18.90,13.50,true,1,
7290110566623,false,קפסולות קולומביה 08 למכונת אספרסו,שטראוס גרופ בעמ,,,ל 100 גרם,0.50,ל 100 גרם,false,1,15.90,31.80,true,1,
7290110566975,false,דנונה פרו 20 גר+תות,שטראוס גרופ בעמ (ח),,,יח,1.55,"ל 100 מ""ל",false,1,5.90,3.81,false,1,
7290110568559,false,מארז דוריטוס חריף 10 יח`,שטראוס פריטו ליי בעמ,,,יח,0.25,ל 100 גרם,false,1,13.90,55.60,false,1,
7290110571382,false,מעדן חלב טעם וניל מעושר בחלבון,שטראוס גרופ בעמ (ח),,,יח,1.50,"ל 100 מ""ל",false,1,4.90,3.27,true,1,
7290110571405,false,מיני פינוקיות פסק זמן 180 גר`,שטראוס גרופ בעמ,,,יח,1.80,ל 100 גרם,false,1,10.90,6.06,true,1,
7290110571412,false,מיני פינוקיות בגביע פאדג`,שטראוס גרופ בעמ,,,יח,1.80,ל 100 גרם,false,1,10.90,6.06,true,1,
7290110571474,false,רבע לשבע טבעוני פופקורן,שטראוס גרופ בעמ,,,יח,1.20,ל 100 גרם,false,1,11.90,9.92,true,1,
7290110571535,false,מארז טורקי הל 3*100,שטראוס גרופ בעמ,,,יח,3,ל 100 גרם,false,1,24.90,8.30,false,1,
7290110572129,false,כיף כף מקלות שוקולד לבן,שטראוס גרופ בעמ,,,יח,0.40,ל 100 גרם,false,1,4.90,12.25,true,1,
7290110572884,false,קפסולות אספרסו מס `20 למכונת אספרס,שטראוס גרופ בעמ,,,ל 100 גרם,0.50,ל 100 גרם,false,1,15.90,31.80,true,1,
7290110572969,false,כיף כף פצפצים קרם לבן,שטראוס גרופ בעמ,,,יח,0.40,ל 100 גרם,false,1,4.90,12.25,true,1,
7290110576318,false,מאגדת שלישית אגוז לבן,שטראוס גרופ בעמ,,,יח,3,ל 100 גרם,false,1,23.90,7.97,true,1,
7290110576356,false,שוקולד ספינדיד מריר פרו,שטראוס גרופ בעמ,,,יח,1,ל 100 גרם,false,1,8.50,8.50,true,1,
7290110576363,false,שוקולד ספינדיד מריר אוגנדה,שטראוס גרופ בעמ,,,יח,1,ל 100 גרם,false,1,8.50,8.50,true,1,
7290110576370,false,מאגדת שלישית אגוז מריר,שטראוס גרופ בעמ,,,יח,3,ל 100 גרם,false,1,23.90,7.97,true,1,
7290110576387,false,מאגדת שלישית אגוז חלב,שטראוס גרופ בעמ,,,יח,3,ל 100 גרם,false,1,23.90,7.97,true,1,
7290110576790,false,סקי בטעם מוקה 125 גר`,שטראוס גרופ בעמ (ח),,,יח,1.25,ל 100 גרם,false,1,3.80,3.04,true,1,
7290110577230,false,משקה חלב ט. פיסטוק 1 ליטר,שטראוס גרופ בעמ (ח),,,יח,1,לליטר,false,1,11.90,11.90,false,1,
7290110577711,false,שייק חלבון מי גבינה עם אפרסק,שטראוס גרופ בעמ (ח),,,יח,3.50,"ל 100 מ""ל",false,1,6.90,1.97,false,1,
7290110577728,false,שייק חלבון מי גבינה עם פירות יער,שטראוס גרופ בעמ (ח),,,יח,3.50,"ל 100 מ""ל",false,1,6.90,1.97,false,1,
7290111091513,false,קוויק XL לאמבטיה ושירותים,שקד תבל בעמ,,,יח,1,,false,1,8.90,8.90,true,1,
7290111092985,false,מגבונים בייביסיטר רביעיה מהדורה מעוצבת,שקד תבל בעמ,,,יח,1,,false,1,16.90,16.90,true,1,
7290111093470,false,קוויק מסיר הפלה ספוגית,שקד תבל בעמ,,,יח,3,למארז,false,1,10.90,3.63,true,1,
7290111093760,false,קוויק מג`לניקוי רצפות בריח מרכך,שקד תבל בעמ,,,יח,0,יח,false,1,10.90,10.90,true,1,
7290111342042,false,כריות יפניות אנטיבקטריאליות ניקול,קימברלי קלארק ישראל שיווק בעמ,,,יח,1,,false,1,11.90,11.90,false,1,
7290111343797,false,מטליות לינקוי חלונות ניקול,קימברלי קלארק ישראל שיווק בעמ,,,יח,1,,false,1,9.90,9.90,false,1,
7290111343827,false,"מטליות רב""ש קירצוף 6 יח`",קימברלי קלארק ישראל שיווק בעמ,,,יח,1,,false,1,9.90,9.90,false,1,
7290111344206,false,מגבוני האגיס רבעיה,קימברלי קלארק ישראל שיווק בעמ,,,יח,1,,false,1,19.90,19.90,false,1,
7290111344503,false,האגיס אקסטרא קייר מידה 4+,קימברלי קלארק ישראל שיווק בעמ,,,יח,1,,false,1,54.90,54.90,false,1,
7290111344626,false,ניקול מגבות מטבח אנטיבקטרילי,קימברלי קלארק ישראל שיווק בעמ,,,יח,1,,false,1,19.90,19.90,false,1,
7290111344855,false,מגן תחתון קוטקס נורמל קוקו,קימברלי קלארק ישראל שיווק בעמ,,,יח,1,,false,1,18.90,18.90,false,1,
7290111345753,false,תחבושת קוטקס כותנה נורמל,קימברלי קלארק ישראל שיווק בעמ,,,יח,1,,false,1,19.90,19.90,true,1,
7290111345814,false,נייר טואלט לילי נטוראל קר 30 יח`,קימברלי קלארק ישראל שיווק בעמ,,,יח,26.04,ל 100 גרם,false,1,36.90,1.42,false,1,
7290111346347,false,קליניקס אורגינל חמשיה,קימברלי קלארק ישראל שיווק בעמ,,,יח,1,,false,1,15.90,15.90,true,1,
7290111350092,false,המיטב של ואקר,ליימן שליסל בעמ,,,יח,1,ל 100 גרם,false,1,21.90,21.90,false,1,
7290111350719,false,נאצוס הוטפופ בסגנון מסעדות,ליימן שליסל בעמ,,,יח,3,"ל 100 מ""ל",false,1,15.90,5.30,true,1,
7290111350726,false,נאצוס הוטפופ בסגנון מקסיקני,ליימן שליסל בעמ,,,יח,3,"ל 100 מ""ל",false,1,15.90,5.30,true,1,
7290111352959,false,יוגטה מקלות חמוצים 100 גר`,ליימן שליסל בעמ,,,יח,1,ל 100 גרם,false,1,4.90,4.90,false,1,
7290111353123,false,סוכריות גומי נחשים 200 גר`יוגטה,ליימן שליסל בעמ,,,יח,0.20,ל 100 גרם,false,1,7.90,39.50,false,1,
7290111353383,false,שקית מנטוס שמחות 100 ט. תות,ליימן שליסל בעמ,,,יח,1.28,ל 100 גרם,false,1,12.90,10.08,false,1,
7290111353437,false,חטיף בטטה ומלח ים,ליימן שליסל בעמ,,,יח,1.20,ל 100 גרם,false,1,13.90,11.58,false,1,
7290111353444,false,חטיף בטטות ומלח ים,ליימן שליסל בעמ,,,יח,1.20,ל 100 גרם,false,1,13.90,11.58,false,1,
7290111353451,false,חטיף ירקות שורש ומלח ים,ליימן שליסל בעמ,,,יח,1.20,ל 100 גרם,false,1,13.90,11.58,false,1,
7290111353567,false,חמאת בוטנים טבעית 300 גר,ליימן שליסל בעמ,,,יח,3,ל 100 גרם,false,1,30.90,10.30,false,1,
7290111354038,false,מארז עגבניות חתוכות דק 3*400,ליימן שליסל בעמ,,,יח,1.20,ל 100 גרם,false,1,16.90,14.08,true,1,
7290111354045,false,מארז עגבניות קצוצות 3*400,ליימן שליסל בעמ,,,יח,1.20,ל 100 גרם,false,1,16.90,14.08,true,1,
7290111354137,false,ממרח פקאן מסוכר 200גר`,ליימן שליסל בעמ,,,יח,2,ל 100 גרם,false,1,18.90,9.45,false,1,
7290111354144,false,ממרח קוקןס מקורמל 200גר`,ליימן שליסל בעמ,,,יח,2,ל 100 גרם,false,1,16.90,8.45,true,1,
7290111354151,false,ממרח אגוזים 200 גר`,ליימן שליסל בעמ,,,יח,2,ל 100 גרם,false,1,16.90,8.45,true,1,
7290111564277,false,פיטנס פרכוניות 3 דגנים,קבוצת אוסם סחר שותפות מוגבלת,,,יח,1.20,ל 100 גרם,false,1,10.90,9.08,true,1,
7290111564291,false,פיטנס פרכיות דקות עם קינואה,קבוצת אוסם סחר שותפות מוגבלת,,,יח,1.20,ל 100 גרם,false,1,10.90,9.08,true,1,
7290111565038,false,לה קרמריה וניל קוקילידה,נגה גלידות שותפות מוגבלת,,,,1.40,ל 100 גרם,false,1,21.90,15.64,false,1,
7290111566103,false,טבעול פלפאל מרכיבים טבעיים 590 גרם,קבוצת אוסם סחר שותפות מוגבלת,,,יח,5,ל 100 גרם,false,1,29.90,5.98,true,1,
7290111566240,false,טבעול שניצל דק צ`ילי חריף 564 גרם,קבוצת אוסם סחר שותפות מוגבלת,,,יח,5.64,ל 100 גרם,false,1,29.90,5.30,true,1,
7290111566271,false,טבעול חטיפי תירס 657 גרם,קבוצת אוסם סחר שותפות מוגבלת,,,יח,6.57,ל 100 גרם,false,1,30.90,4.70,true,1,
7290111566318,false,טבעול שניצל דק מן הצומח,קבוצת אוסם סחר שותפות מוגבלת,,,יח,0.5640,ל 100 גרם,false,1,29.90,53.01,true,1,
7290111566332,false,טבעול נקנקיות וניר צמחונית,קבוצת אוסם סחר שותפות מוגבלת,,,יח,6.80,ל 100 גרם,false,1,30.90,4.54,true,1,
7290111566714,false,טבעול המבורגר מן הצומח,קבוצת אוסם סחר שותפות מוגבלת,,,יח,6,ל 100 גרם,false,1,30.90,5.15,true,1,
7290111566752,false,טבעול שניצל תירס לייט 693 גרם,קבוצת אוסם סחר שותפות מוגבלת,,,יח,6.93,ל 100 גרם,false,1,30.90,4.46,true,1,
7290111568206,false,בסלי פארטי מיקס 150 גר`,קבוצת אוסם סחר שותפות מוגבלת,,,יח,0.15,ל 100 גרם,false,1,8.90,59.33,true,1,
7290111568251,false,נודלס איטריות להקפצה,קבוצת אוסם סחר שותפות מוגבלת,,,יח,0.35,ל 100 גרם,false,1,8.90,25.43,false,1,
7290111733833,false,גרבי צבא,ליאור יבוא ושיווק מוצרי הלבשה,,,יח,1,,false,1,24.90,24.90,false,1,
7290111930799,false,קרנצ`וס בצל 55גר`,ש.שסטוביץ בעמ,,,יח,0.55,ל 100 גרם,false,1,2.20,4,false,1,
7290111930805,false,קרנצ`וס ברבקיו 55 גר`,ש.שסטוביץ בעמ,,,יח,0.55,ל 100 גרם,false,1,2.20,4,false,1,
7290111930850,false,קרנצ`וס פיצה 55 גר`,ש.שסטוביץ בעמ,,,יח,0.55,ל 100 גרם,false,1,2.20,4,false,1,
7290111930898,false,פוף כוכבים גריל אמרקאי 40 גר`,ש.שסטוביץ בעמ,,,יח,0.40,יח,false,1,3.30,8.25,true,1,
7290111930904,false,פוף כוכבים בצל 40 גר`,ש.שסטוביץ בעמ,,,יח,0.40,יח,false,1,3.30,8.25,true,1,
7290111930911,false,פוף לבבות קלאסי 40 גר`,ש.שסטוביץ בעמ,,,יח,0.40,יח,false,1,3.30,8.25,true,1,
7290111930928,false,פוף לבבות גריל 40 גר`,ש.שסטוביץ בעמ,,,יח,0.40,יח,false,1,3.30,8.25,true,1,
7290111930935,false,פוף טבעות קלאסי 40 גר`,ש.שסטוביץ בעמ,,,יח,0.40,יח,false,1,3.30,8.25,true,1,
7290111931321,false,"קולגייט מיניונים 50 מ""ל",ש.שסטוביץ בעמ,,,יח,0.50,ל 100 גרם,false,1,11.90,23.80,false,1,
7290111933462,false,מאסטר שף רוטב צ`ילי מתוק,ש.שסטוביץ בעמ,,,יח,0.30,ל 100 גרם,false,1,9.90,33,false,1,
7290111935800,false,ליידי ספיד סטייק דרמה,ש.שסטוביץ בעמ,,,יח,1,,false,1,19.90,19.90,true,1,
7290111935961,false,מאסטר שף מחית עגבניות,ש.שסטוביץ בעמ,,,יח,6.90,ל 100 גרם,false,1,8.90,1.29,false,1,
7290111936203,false,ליידי ספייד סטייק דרמה ספריי,ש.שסטוביץ בעמ,,,יח,1.50,ל 100 גרם,false,1,14.90,9.93,true,1,
7290111936296,false,פלמוליב ארומה סנשיין 750,ש.שסטוביץ בעמ,,,יח,7.50,"ל 100 מ""ל",false,1,19.90,2.65,true,1,
7290111936784,false,\פרי מארז חטיפים תמרים ואגוזי לוז,ש.שסטוביץ בעמ,,,יח,1.25,ל 100 גרם,false,1,14.90,11.92,false,1,
7290111937248,false,פרי מארז חטיפים תמרים וקשיו,ש.שסטוביץ בעמ,,,יח,1.25,ל 100 גרם,false,1,14.90,11.92,false,1,
7290111937262,false,פרי מארז חטיפים תמרים ושברי קקאו,ש.שסטוביץ בעמ,,,יח,1.25,ל 100 גרם,false,1,14.90,11.92,false,1,
7290111938481,false,רוטב סויה בהירה מסטר סף,ש.שסטוביץ בעמ,,,יח,3,"ל 100 מ""ל",false,1,9.90,3.30,false,1,
7290112002099,false,קולון ג`ל 2.5 ל רגיל כחול,רקיט בנקיסר (ניר איסט),,,יח,25,"ל 100 מ""ל",false,1,24.90,1,true,1,
7290112002105,false,קולון ג`ל 2.5 ל מרוכז,רקיט בנקיסר (ניר איסט),,,יח,25,"ל 100 מ""ל",false,1,24.90,1,true,1,
7290112002112,false,קולון ג`ל 2.5 ל בניחוח ורדים,רקיט בנקיסר (ניר איסט),,,יח,25,"ל 100 מ""ל",false,1,24.90,1,true,1,
7290112002136,false,קולון ג`ל 4 לי רגיל כחול,רקיט בנקיסר (ניר איסט),,,יח,40,"ל 100 מ""ל",false,1,34.90,0.87,false,1,
7290112002143,false,קולון ג`ל 4 ל לילך סגול,רקיט בנקיסר (ניר איסט),,,יח,40,"ל 100 מ""ל",false,1,34.90,0.87,false,1,
7290112002150,false,קולון ג`ל 4 לי בניחוח ורדים,רקיט בנקיסר (ניר איסט),,,יח,40,"ל 100 מ""ל",false,1,34.90,0.87,false,1,
7290112003188,false,קולון ג`ל 60 קאפס,רקיט בנקיסר (ניר איסט),,,יח,1.25,"ל 100 מ""ל",false,1,49.90,39.92,false,1,
7290112003256,false,"קולון אבקת כביסה לבנדר 1.25 ק""ג",רקיט בנקיסר (ניר איסט),,,יח,1.25,"ל 100 מ""ל",false,1,9.90,7.92,false,1,
7290112003959,false,ויניש מסיר כתמים לכביסה צבעונית,רקיט בנקיסר (ניר איסט),,,יח,4.70,ל 100 גרם,false,1,19.90,4.23,false,1,
7290112004970,false,פיניש אולטימייט 50,רקיט בנקיסר (ניר איסט),,,יח,1,,false,1,59.90,59.90,false,1,
7290112005052,false,ויניש אבקה לכביסה לבנה 1500 גר,רקיט בנקיסר (ניר איסט),,,יח,1.50,ל 100 גרם,false,1,39.90,26.60,false,1,
7290112005083,false,ויניש אבקה לכביסה צבעונית 1500 גר,רקיט בנקיסר (ניר איסט),,,יח,1.50,ל 100 גרם,false,1,39.90,26.60,false,1,
7290112005168,false,פיניש קוואנטם לימון,רקיט בנקיסר (ניר איסט),,,יח,1,,false,1,59.90,59.90,true,1,
7290112192578,false,"פרדונטקס הגנה 75 מ""ל",גורי ע.ע.ע בעמ,,,יח,0.75,"ל 100 מ""ל",false,1,34.90,46.53,true,1,
7290112193223,false,פיתות 500 גר`,גורי מוצרי צריכה 1991 בעמ,,,יח,5,ל 100 גרם,false,1,18.90,3.78,false,1,
7290112197702,false,פיצה משפחתית מרגריטה ללא גלוטן,גורי מוצרי צריכה 1991 בעמ,,,יח,3.30,"לק""ג",false,1,22.90,6.94,false,1,
7290112197719,false,פיצה משפחתית זיתים ללא גלוטן,גורי מוצרי צריכה 1991 בעמ,,,יח,3.30,"לק""ג",false,1,22.90,6.94,false,1,
7290112330352,false,דנונה פרו 20 גר`וניל,שטראוס גרופ בעמ (ח),,,יח,2,"ל 100 מ""ל",false,1,5.90,2.95,false,1,
7290112330390,false,דנונה פרו פירות יער 0%,שטראוס גרופ בעמ (ח),,,יח,2,"ל 100 מ""ל",false,1,5.90,2.95,false,1,
7290112332585,false,"פרכיות משולשת- תפו""א .אורז",שטראוס גרופ בעמ,,,יח,0.30,ל 100 גרם,false,1,4.90,16.33,false,1,
7290112332691,false,עוגיות קרם פסק זמן אגוזים,שטראוס גרופ בעמ,,,יח,2,ל 100 גרם,false,1,10.90,5.45,true,1,
7290112332899,false,בזוקה פופים בטעם תות 58,שטראוס גרופ בעמ,,,יח,0.66,ל 100 גרם,false,1,9.90,15,true,1,
7290112334749,false,קפה עלית 200 גר,שטראוס גרופ בעמ,,,יח,2.40,ל 100 גרם,false,1,15.90,6.63,false,1,
7290112335050,false,מרשמלו 150 גר`בטעם וניל,שטראוס גרופ בעמ,,,יח,1.50,ל 100 גרם,false,1,5.90,3.93,false,1,
7290112335487,false,פרכיות הטעימות קצח ודגנים,שטראוס גרופ בעמ,,,יח,1.35,ל 100 גרם,false,1,10.90,8.07,false,1,
7290112335500,false,פרכיות הטעימות 3 חלבון,שטראוס גרופ בעמ,,,יח,1.35,ל 100 גרם,false,1,10.90,8.07,false,1,
7290112336644,false,"סוכריות לל""ס לימון 80גר`",שטראוס גרופ בעמ,,,יח,0.80,ל 100 גרם,false,1,7.90,9.88,true,1,
7290112336712,false,דנונה פרו 21גרם חלבון..,שטראוס גרופ בעמ (ח),,,יח,2,"ל 100 מ""ל",false,1,5.90,2.95,false,1,
7290112337474,false,"סוכריות לל""ס פטל לימון 80גר`",שטראוס גרופ בעמ,,,יח,0.80,ל 100 גרם,false,1,7.90,9.88,true,1,
7290112338877,false,סקי תות 125 גר`,שטראוס גרופ בעמ (ח),,,יח,1.25,ל 100 גרם,false,1,3.80,3.04,true,1,
7290112339171,false,מילקי מוס,שטראוס גרופ בעמ (ח),,,יח,0.81,"ל 100 מ""ל",false,1,3.40,4.20,false,1,
7290112339867,false,גמדים סקוויז בודד תות 100 ג`,שטראוס גרופ בעמ (ח),,,יח,1,"ל 100 מ""ל",false,1,5.90,5.90,false,1,
7290112339874,false,גמדים סקוויז בודד תות בננה 100 ג`,שטראוס גרופ בעמ (ח),,,יח,1,"ל 100 מ""ל",false,1,5.90,5.90,false,1,
7290112340245,false,צנצנת מאסט מגדים דובדבן,שטראוס גרופ בעמ,,,יח,0.58,ל 100 גרם,false,1,9.90,17.07,true,1,
7290112340276,false,עוגיות קרם נס קפה,שטראוס גרופ בעמ,,,יח,2,ל 100 גרם,false,1,10.90,5.45,true,1,
7290112340900,false,קפה טורקי האג 200 גר`,שטראוס גרופ בעמ,,,יח,2,ל 100 גרם,false,1,26.90,13.45,false,1,
7290112341556,false,אקטיביה עם צ`יה ותות,שטראוס גרופ בעמ (ח),,,יח,1.50,"ל 100 מ""ל",false,1,4.70,3.13,false,1,
7290112341686,false,מארז אקטיביה 3%,שטראוס גרופ בעמ (ח),,,יח,1.20,יח,false,1,19.90,16.58,false,1,
7290112342102,false,סימפוניה בצל מקורמל,שטראוס גרופ בעמ (ח),,,יח,2,ל 100 גרם,false,1,11.20,5.60,true,1,
7290112342270,false,פלאטינום אינסטנט 10%,שטראוס גרופ בעמ,,,יח,1.25,ל 100 גרם,false,1,17.90,14.32,false,1,
7290112343260,false,רוטב שמנת קלאסי 260 גר`,שטראוס גרופ בעמ (ח),,,יח,2.60,"ל 100 מ""ל",false,1,10.90,4.19,true,1,
7290112343420,false,"יטבתה פרו ארוחת בוקר 350 מ""ל",שטראוס גרופ בעמ (ח),,,יח,3.50,ל 100 גרם,false,1,7.90,2.26,false,1,
7290112343499,false,צ יטוס 55 גר`PUFFS ט. גבינה,שטראוס פריטו ליי בעמ,,,יח,0.55,ל 100 גרם,false,1,3.50,6.36,false,1,
7290112344564,false,רביולי גבינה 400 גר`,שטראוס גרופ בעמ (ח),,,יח,4,ל 100 גרם,false,1,19.90,4.98,true,1,
7290112344724,false,מילקי בטעם שוקולד בלונדי,שטראוס גרופ בעמ (ח),,,יח,1.70,"ל 100 מ""ל",false,1,3.40,2,false,1,
7290112344755,false,מילקי עפ 26% פחות סוכר,שטראוס גרופ בעמ (ח),,,יח,1.35,ל 100 גרם,false,1,2.90,2.15,false,1,
7290112344786,false,קפה פלטינום קלאסיק 200 ג`,שטראוס גרופ בעמ,,,יח,2,ל 100 גרם,false,1,24.90,12.45,true,1,
7290112346360,false,בפלות אחת אחת בציפוי שוקולד חלב,שטראוס גרופ בעמ,,,יח,1.80,ל 100 גרם,false,1,13.90,7.72,false,1,
7290112346537,false,פינוקיות בטעם טורטית,שטראוס גרופ בעמ,,,יח,2,ל 100 גרם,false,1,10.90,5.45,true,1,
7290112346629,false,יוגורט עם קרונפלקס מצופה,שטראוס גרופ בעמ (ח),,,יח,1.83,"ל 100 מ""ל",false,1,4.50,2.46,false,1,
7290112346773,false,דנונה לייט אנד פריי וניל עם חלבון,שטראוס גרופ בעמ (ח),,,יח,1.50,"ל 100 מ""ל",false,1,4.50,3,true,1,
7290112346797,false,אקטיביה שיבולת שועל,שטראוס גרופ בעמ (ח),,,יח,1.50,"ל 100 מ""ל",false,1,4.70,3.13,false,1,
7290112346827,false,אקטביה ויטמין C פטל שמניה,שטראוס גרופ בעמ (ח),,,יח,6,ל 100 גרם,false,1,22.90,3.82,false,1,
7290112347008,false,גמדים ארוחת בוקר תות סקוויז 100 ג`,שטראוס גרופ בעמ (ח),,,יח,1,"ל 100 מ""ל",false,1,5.90,5.90,false,1,
7290112347473,false,מארז דנונה לייט תות אפרסק,שטראוס גרופ בעמ (ח),,,יח,1.20,ל 100 גרם,false,1,26.90,22.42,false,1,
7290112348142,false,שעועית לבנה 380 גר`,שטראוס גרופ בעמ,,,יח,3.80,ל 100 גרם,false,1,7.90,2.08,true,1,
7290112348616,false,קפה נמס אגוזי לוז 100 גר`,שטראוס גרופ בעמ,,,יח,1,ל 100 גרם,false,1,14.90,14.90,true,1,
7290112348999,false,פרכיות טעימות תירס דקות,שטראוס גרופ בעמ,,,יח,1.35,ל 100 גרם,false,1,10.90,8.07,false,1,
7290112349606,false,דניאלה תות בננה,שטראוס גרופ בעמ (ח),,,יח,0.88,"ל 100 מ""ל",false,1,3.90,4.43,false,1,
7290112349705,false,רוטב עגבניות לפסטה קלאסי 350יד מרדכ,שטראוס גרופ בעמ,,,יח,3.50,ל 100 גרם,false,1,10.90,3.11,true,1,
7290112349743,false,רוטב עגבניות לפסטה 350יד מרדכי,שטראוס גרופ בעמ,,,יח,3.50,ל 100 גרם,false,1,10.90,3.11,true,1,
7290112349750,false,רוטב עגבניות לפיצה 350יד מרדכי,שטראוס גרופ בעמ,,,יח,3.50,ל 100 גרם,false,1,10.90,3.11,true,1,
7290112349903,false,רוטב שמנת עם גרגרי וניל,שטראוס גרופ בעמ (ח),,,יח,0.25,"ל 100 מ""ל",false,1,10.90,43.60,true,1,
7290112350312,false,קפסולות נספרסו מס15 למכונת,שטראוס גרופ בעמ,,,ל 100 גרם,0.50,ל 100 גרם,false,1,15.90,31.80,true,1,
7290112350589,false,צ`יקו 65 גר` 2020,שטראוס גרופ בעמ,,,יח,0.65,ל 100 גרם,false,1,11.90,18.31,false,1,
7290112351258,false,פינוקיות שחור לבן,שטראוס גרופ בעמ,,,יח,2,ל 100 גרם,false,1,10.90,5.45,true,1,
7290112353887,false,משקה יטבתה קפה קר בטעם אגוזים,שטראוס גרופ בעמ (ח),,,יח,2.30,"ל 100 מ""ל",false,1,7.90,3.43,true,1,
7290112354969,false,תפוצי`פס WAVY טבעי 200 ג,שטראוס פריטו ליי בעמ,,,יח,2,ל 100 גרם,false,1,9.90,4.95,true,1,
7290112355027,false,דנונה פרו 20 גר`בטעם קרמל,שטראוס גרופ בעמ (ח),,,יח,2,"ל 100 מ""ל",false,1,5.90,2.95,false,1,
7290112355102,false,גמדים פאוץ סלט פירות,שטראוס גרופ בעמ (ח),,,יח,1,"ל 100 מ""ל",false,1,5.90,5.90,false,1,
7290112355393,false,רוטב שמנת עם בטטה,שטראוס גרופ בעמ (ח),,,יח,0.25,"ל 100 מ""ל",false,1,10.90,43.60,true,1,
7290112355812,false,מילקי טופ קורנפלקס,שטראוס גרופ בעמ (ח),,,יח,1.30,"ל 100 מ""ל",false,1,4.50,3.46,false,1,
7290112357083,false,אפונת גינה 380 גר`,שטראוס גרופ בעמ,,,יח,3.40,ל 100 גרם,false,1,6.90,2.03,true,1,
7290112357106,false,שעועית אדומה 380 גר`,שטראוס גרופ בעמ,,,יח,3.80,ל 100 גרם,false,1,7.90,2.08,true,1,
7290112357113,false,גרגרי חומוס 380,שטראוס גרופ בעמ,,,יח,3.81,ל 100 גרם,false,1,6.90,1.81,true,1,
7290112357892,false,שלישית מאסט סוכריות מנטה,שטראוס גרופ בעמ,,,יח,1,יח,false,1,8.90,8.90,false,1,
7290112358127,false,דנונה פרו עם מגנזיום 20 גר`,שטראוס גרופ בעמ (ח),,,יח,0.20,"ל 100 מ""ל",false,1,6.50,32.50,false,1,
7290112358219,false,רוטב צ`ילי מתוק,שטראוס גרופ בעמ,,,יח,3,"ל 100 מ""ל",false,1,12.90,4.30,false,1,
7290112358240,false,רוטב גריל יד מרדכי,שטראוס גרופ בעמ,,,יח,3,"ל 100 מ""ל",false,1,12.90,4.30,false,1,
7290112358431,false,עד חצות דאבל 200ג ר,שטראוס גרופ בעמ,,,יח,2,ל 100 גרם,false,1,11.90,5.95,false,1,
7290112358554,false,מארז נמס לדרך,שטראוס גרופ בעמ,,,יח,50.40,ל 100 גרם,false,1,10.90,0.22,false,1,
7290112359384,false,קפה נמס אלפחורס ריבת חלב 100 גר`,שטראוס גרופ בעמ,,,יח,1,ל 100 גרם,false,1,14.90,14.90,true,1,
7290112460363,false,סט 6 סכינים להב שחור ד. טרופיקנה,י.סולומון חוויה שבכלי בעמ,,,יח,1,,false,1,12.90,12.90,false,1,
7290112462237,false,צנצנת עם מכסה מתכת צבעונית,י.סולומון חוויה שבכלי בעמ,,,יח,1,,false,1,9.90,9.90,false,1,
7290112464071,false,מרית שפכטל נירוסטה,י.סולומון חוויה שבכלי בעמ,,,יח,1,,false,1,8.90,8.90,false,1,
7290112490032,false,KNORR NAMES BACOS PLUS TOMATO VITALITY,"יוניליוור ישראלשיווק בע""מ",,,יח,0.64,ל 100 גרם,false,1,6.50,10.16,true,1,
7290112490117,false,KLIK MILK WITH COOKIES & MULTIFORSA 85G,"יוניליוור ישראלשיווק בע""מ",,,יח,1,ל 100 גרם,false,1,4.90,4.90,false,1,
7290112490209,false,KNORR NAMES BACOS PLUS TOMATO VITALITY,"יוניליוור ישראלשיווק בע""מ",,,יח,0.56,ל 100 גרם,false,1,6.50,11.61,true,1,
7290112490230,false,KNORR NAMES BACOS PLUS TOMATO VITALITY,"יוניליוור ישראלשיווק בע""מ",,,יח,0.64,ל 100 גרם,false,1,6.50,10.16,true,1,
7290112490582,false,חרדל דיזון צרפתי*,"יוניליוור ישראלשיווק בע""מ",,,יח,0.54,ל 100 גרם,false,1,11.90,22.04,false,1,
7290112490650,false,קונפיטורת תות שדה 340 גר`*,"יוניליוור ישראלשיווק בע""מ",,,יח,3.40,ל 100 גרם,false,1,12.90,3.79,false,1,
7290112490674,false,קונפיטורת דובדבנים 340 גר`,"יוניליוור ישראלשיווק בע""מ",,,יח,3.40,ל 100 גרם,false,1,12.90,3.79,false,1,
7290112490735,false,KNORR DAGESH SOUP 1 KG BADAZ,"יוניליוור ישראלשיווק בע""מ",,,יח,10,ל 100 גרם,false,1,11.90,1.19,false,1,
7290112490742,false,KNORR DAGESH SOUP 1 KG BADAZ,"יוניליוור ישראלשיווק בע""מ",,,יח,10,ל 100 גרם,false,1,11.90,1.19,false,1,
7290112491558,false,מאגדת שישייה מריר פרווה*,"יוניליוור ישראלשיווק בע""מ",,,יח,1,,false,1,17.90,17.90,false,1,
7290112491770,false,B&B PRETZEL DAKIM SALT 12X300G,"יוניליוור ישראלשיווק בע""מ",,,יח,3,ל 100 גרם,false,1,9.90,3.30,true,1,
7290112491794,false,דקים דקים שמנת בצל 300 גרם*,"יוניליוור ישראלשיווק בע""מ",,,יח,3,ל 100 גרם,false,1,9.90,3.30,true,1,
7290112492456,false,PINUK SHAMPOO DRY 700-09,"יוניליוור ישראלשיווק בע""מ",,,יח,7,"ל 100 מ""ל",false,1,11.90,1.70,false,1,
7290112492463,false,"פינוק 2 ב -1רגיל 700 מ""ל *","יוניליוור ישראלשיווק בע""מ",,,יח,7,"ל 100 מ""ל",false,1,11.90,1.70,false,1,
7290112492487,false,PINUK SHAMPOO DRY 700-09,"יוניליוור ישראלשיווק בע""מ",,,יח,7,"ל 100 מ""ל",false,1,11.90,1.70,false,1,
7290112492500,false,PINUK SHAMPOO DRY 700-09,"יוניליוור ישראלשיווק בע""מ",,,יח,7,"ל 100 מ""ל",false,1,11.90,1.70,false,1,
7290112492531,false,PINUK SHAMPOO REGULAR 700-09,"יוניליוור ישראלשיווק בע""מ",,,יח,7,"ל 100 מ""ל",false,1,11.90,1.70,false,1,
7290112492548,false,PINUK SHAMPOO REGULAR 700-09,"יוניליוור ישראלשיווק בע""מ",,,יח,7,"ל 100 מ""ל",false,1,11.90,1.70,false,1,
7290112492579,false,"פינוק מרכך שמן קוקוס 700 מ""ל*","יוניליוור ישראלשיווק בע""מ",,,יח,7,"ל 100 מ""ל",false,1,11.90,1.70,false,1,
7290112492593,false,"פינוק תחליב קלאסי 700 מ""ל*","יוניליוור ישראלשיווק בע""מ",,,יח,7,"ל 100 מ""ל",false,1,10.90,1.56,false,1,
7290112492609,false,PINUK LIQUID LAVENDER VANILLA 12X700 ML,"יוניליוור ישראלשיווק בע""מ",,,יח,7,"ל 100 מ""ל",false,1,10.90,1.56,false,1,
7290112492647,false,"פינוק 3 ב -1לגבר ספורט 700 מ""ל","יוניליוור ישראלשיווק בע""מ",,,יח,7,"ל 100 מ""ל",false,1,11.90,1.70,false,1,
7290112492715,false,PINUK KIDS SHAMPOO 700G,"יוניליוור ישראלשיווק בע""מ",,,יח,7,"ל 100 מ""ל",false,1,11.90,1.70,false,1,
7290112492746,false,PINUK KIDS COND. 700G,"יוניליוור ישראלשיווק בע""מ",,,יח,7,"ל 100 מ""ל",false,1,11.90,1.70,false,1,
7290112492944,false,מרק עוף אמיתי 400ג ADRE,"יוניליוור ישראלשיווק בע""מ",,,יח,4,ל 100 גרם,false,1,21.90,5.48,true,1,
7290112492982,false,KNORR ANI REAL CHICKEN SAVVY 6X400G,"יוניליוור ישראלשיווק בע""מ",,,יח,4,ל 100 גרם,false,1,19.90,4.98,false,1,
7290112492999,false,KNORR CHICKEN FLV BADATZ SAVVY 6X400G,"יוניליוור ישראלשיווק בע""מ",,,יח,4,ל 100 גרם,false,1,13.90,3.48,false,1,
7290112493088,false,KNORR NAMES BACOS PLUS TOMATO VITALITY,"יוניליוור ישראלשיווק בע""מ",,,יח,0.64,ל 100 גרם,false,1,6.50,10.16,true,1,
7290112493095,false,KNORR NAMES BACOS PLUS TOMATO VITALITY,"יוניליוור ישראלשיווק בע""מ",,,יח,0.64,ל 100 גרם,false,1,6.50,10.16,true,1,
7290112493293,false,KNORR NAMES BACOS PLUS TOMATO VITALITY,"יוניליוור ישראלשיווק בע""מ",,,יח,0.44,ל 100 גרם,false,12,6.50,14.77,true,1,
7290112493903,false,"ממסים יחידתי בד""צ","גלידת שטראוס בע""מ",,,יח,1,,false,1,7.90,7.90,true,1,
7290112493927,false,קרמיסימו קפוא ט. ריבת חלב,"גלידת שטראוס בע""מ",,,יח,1.33,לליטר,false,1,18.90,14.21,false,1,
7290112493934,false,קרמיסימו קפוא ט.וניל צרפתי,"גלידת שטראוס בע""מ",,,יח,1.33,לליטר,false,1,18.90,14.21,false,1,
7290112493965,false,קרמיסימו טעמי וניל מסטיק,"גלידת שטראוס בע""מ",,,יח,1.33,לליטר,false,1,18.90,14.21,false,1,
7290112494221,false,KLIK MILK 75G X 12,"יוניליוור ישראלשיווק בע""מ",,,יח,0.65,ל 100 גרם,false,1,4.90,7.54,false,1,
7290112494238,false,KLIK MILK 75G X 12,"יוניליוור ישראלשיווק בע""מ",,,יח,0.65,ל 100 גרם,false,1,4.90,7.54,false,1,
7290112494276,false,KLIK MILK 75G X 12,"יוניליוור ישראלשיווק בע""מ",,,יח,0.65,ל 100 גרם,false,1,4.90,7.54,false,1,
7290112494283,false,KLIK MILK 75G X 12,"יוניליוור ישראלשיווק בע""מ",,,יח,0.65,ל 100 גרם,false,1,4.90,7.54,false,1,
7290112494313,false,KLIK MILK 75G X 12,"יוניליוור ישראלשיווק בע""מ",,,יח,0.65,ל 100 גרם,false,1,4.90,7.54,false,1,
7290112494351,false,TELMA CORNFALKES BADATZ - BP 8X750GR,"יוניליוור ישראלשיווק בע""מ",,,יח,8.50,ל 100 גרם,false,1,16.90,1.99,false,1,
7290112494382,false,KNORR POTATO PUREE BDZ 24X260G,"יוניליוור ישראלשיווק בע""מ",,,יח,2.60,ל 100 גרם,false,1,13.90,5.35,true,1,
7290112494801,false,בדין ג`ל כביסה ורוד*,"יוניליוור ישראלשיווק בע""מ",,,יח,25,"ל 100 מ""ל",false,1,27.90,1.12,false,1,
7290112494818,false,חדשבדין ג`ל כביסה לבנה וצבעונית בייבי*,"יוניליוור ישראלשיווק בע""מ",,,יח,25,"ל 100 מ""ל",false,1,27.90,1.12,false,1,
7290112494832,false,DOVE FACIAL WASH REGULAR 12X180 GR,"יוניליוור ישראלשיווק בע""מ",,,יח,1.80,"ל 100 מ""ל",false,1,14.90,8.28,false,1,
7290112495006,false,TELMA CCMANGRAIN PITSPUTSIM BDZ 12X500G,"יוניליוור ישראלשיווק בע""מ",,,יח,6.86,ל 100 גרם,false,10,24.90,3.63,false,1,
7290112495020,false,TELMA CCMANGRAIN PITSPUTSIM BDZ 12X500G,"יוניליוור ישראלשיווק בע""מ",,,יח,6.86,ל 100 גרם,false,1,23.90,3.48,false,1,
7290112495037,false,TELMA CCMANGRAIN PITSPUTSIM BDZ 12X500G,"יוניליוור ישראלשיווק בע""מ",,,יח,3.75,ל 100 גרם,false,1,19.90,5.31,true,1,
7290112495044,false,TELMA CCMANGRAIN PITSPUTSIM BDZ 12X500G,"יוניליוור ישראלשיווק בע""מ",,,יח,3.75,ל 100 גרם,false,1,19.90,5.31,true,1,
7290112495105,false,נשנושים שמנת בצל 260 גר`*,"יוניליוור ישראלשיווק בע""מ",,,יח,2.60,ל 100 גרם,false,1,11.90,4.58,false,1,
7290112495143,false,B&B NISH NASH SALT POUND 350G,"יוניליוור ישראלשיווק בע""מ",,,יח,3,ל 100 גרם,false,12,11.90,3.97,false,1,
7290112495150,false,B&B NISH NASH SALT POUND 350G,"יוניליוור ישראלשיווק בע""מ",,,יח,3,ל 100 גרם,false,1,11.90,3.97,false,1,
7290112495167,false,B&B NISH NASH SALT POUND 350G,"יוניליוור ישראלשיווק בע""מ",,,יח,3,ל 100 גרם,false,1,11.90,3.97,false,1,
7290112495174,false,B&B NISH NASH SALT POUND 350G,"יוניליוור ישראלשיווק בע""מ",,,יח,3,ל 100 גרם,false,1,11.90,3.97,false,1,
7290112495228,false,TELMA BRANFLAKES 8X750G BADAZ,"יוניליוור ישראלשיווק בע""מ",,,יח,4.45,ל 100 גרם,false,1,17.90,4.02,false,1,
7290112495280,false,ברנפלקס ריבועי קינמון*,"יוניליוור ישראלשיווק בע""מ",,,יח,1,,false,1,19.90,19.90,false,1,
7290112495556,false,קליק חטיף נוגט שלישיות,"יוניליוור ישראלשיווק בע""מ",,,יח,105,ל 100 גרם,false,1,9.90,0.09,false,1,
7290112495662,false,BNB SALTY CRACKER 12X120 GR,"יוניליוור ישראלשיווק בע""מ",,,יח,1.20,ל 100 גרם,false,1,8.90,7.42,false,1,
7290112495747,false,KNORR SWEET CHILI REDUCE SUGAR 12X300ML,"יוניליוור ישראלשיווק בע""מ",,,יח,3.40,"ל 100 מ""ל",false,1,9.90,2.91,false,1,
7290112495754,false,HELLAMNN`S FOR SALADS 1000ISLANDS LITE,"יוניליוור ישראלשיווק בע""מ",,,יח,3.05,ל 100 גרם,false,1,9.90,3.25,false,1,
7290112495761,false,HELLAMNN`S FOR SALADS 1000ISLANDS LITE,"יוניליוור ישראלשיווק בע""מ",,,יח,3.05,ל 100 גרם,false,1,9.90,3.25,false,1,
7290112495785,false,HELLAMNN`S FOR SALADS 1000ISLANDS LITE,"יוניליוור ישראלשיווק בע""מ",,,יח,3,ל 100 גרם,false,1,9.90,3.30,false,1,
7290112495792,false,HELLAMNN`S FOR SALADS 1000ISLANDS LITE,"יוניליוור ישראלשיווק בע""מ",,,יח,3.05,ל 100 גרם,false,1,9.90,3.25,false,1,
7290112495815,false,HELLAMNN`S FOR SALADS 1000 ISLANDS,"יוניליוור ישראלשיווק בע""מ",,,יח,2.10,"ל 100 מ""ל",false,1,9.90,4.71,false,1,
7290112495938,false,BNB SALTY CRACKER 12X120 GR,"יוניליוור ישראלשיווק בע""מ",,,יח,2.50,ל 100 גרם,false,1,7.50,3,false,1,
7290112495976,false,פרכיות אורז מצופה שוקולד חלב,"יוניליוור ישראלשיווק בע""מ",,,יח,1,"ל 100 מ""ל",false,1,4.90,4.90,false,1,
7290112495983,false,פרכיות אורז מצופה שוקולד קרמל מלוח,"יוניליוור ישראלשיווק בע""מ",,,יח,1,"ל 100 מ""ל",false,1,4.90,4.90,false,1,
7290112496027,false,סירופ שוקולד אפיכל 580 ג`*,"יוניליוור ישראלשיווק בע""מ",,,יח,5.80,"ל 100 מ""ל",false,1,11.90,2.05,false,1,
7290112496034,false,סירופ מייפל אפיכל 580ג`*,"יוניליוור ישראלשיווק בע""מ",,,יח,5.80,"ל 100 מ""ל",false,1,11.90,2.05,false,1,
7290112496218,false,KNORR CIS BBQ SOY&HONEY BDZ 8X310G,"יוניליוור ישראלשיווק בע""מ",,,יח,3.40,ל 100 גרם,false,1,9.90,2.91,false,1,
7290112496270,false,PATIT WHOLE WHEAT BDZ NEW 24X250GR,"יוניליוור ישראלשיווק בע""מ",,,יח,2.50,ל 100 גרם,false,1,4.90,1.96,false,1,
7290112496287,false,PATIT WHOLE WHEAT BDZ NEW 24X250GR,"יוניליוור ישראלשיווק בע""מ",,,יח,0.21,ל 100 גרם,false,1,4.90,23.33,false,1,
7290112496294,false,PATIT WHOLE WHEAT BDZ NEW 24X250GR,"יוניליוור ישראלשיווק בע""מ",,,יח,0.21,ל 100 גרם,false,1,4.90,23.33,false,1,
7290112496331,false,TELMA BRANFLAKES 8X750G BADAZ,"יוניליוור ישראלשיווק בע""מ",,,יח,4.45,ל 100 גרם,false,1,19.90,4.47,false,1,
7290112497000,false,CIF GPC 1L 2011 12X1KG,"יוניליוור ישראלשיווק בע""מ",,,יח,10,"ל 100 מ""ל",false,1,9.90,0.99,false,1,
7290112497031,false,KNORR CIS GARLIC&HERB BDZ 8X320G,"יוניליוור ישראלשיווק בע""מ",,,יח,4.15,ל 100 גרם,false,1,9.90,2.39,false,1,
7290112497123,false,TELMA SAHLAB 4X6X2X56,"יוניליוור ישראלשיווק בע""מ",,,יח,1.12,ל 100 גרם,false,6,9.90,8.84,false,1,
7290112497499,false,KLIK MILK WITH COOKIES & MULTIFORSA 85G,"יוניליוור ישראלשיווק בע""מ",,,יח,1,ל 100 גרם,false,1,4.90,4.90,false,1,
7290112497727,false,"פינוק אל סבון בייבי 700 מ""ל*","יוניליוור ישראלשיווק בע""מ",,,יח,9,"ל 100 מ""ל",false,1,18.90,2.10,false,1,
7290112497864,false,KNORR MUSHROOM SOUP BDZ 6X400G,"יוניליוור ישראלשיווק בע""מ",,,יח,4,ל 100 גרם,false,1,19.90,4.98,false,1,
7290112497932,false,B&B NISHNUSHIM SHAMENT BAZAL 30X60G,"יוניליוור ישראלשיווק בע""מ",,,יח,0.60,ל 100 גרם,false,30,3.90,6.50,false,1,
7290112498380,false,BADIN WHITE 4L 2003 LAUNCH,"יוניליוור ישראלשיווק בע""מ",,,יח,40,"ל 100 מ""ל",false,1,15.90,0.40,false,1,
7290112498526,false,חטיף פתית צ`יפס בטטה 22 גרם*,"יוניליוור ישראלשיווק בע""מ",,,יח,0.22,ל 100 גרם,false,1,4.90,22.27,false,1,
7290112498748,false,מאגדת סולרו תות,"גלידת שטראוס בע""מ",,,יח,3.54,ל 100 גרם,false,1,22.90,6.47,false,1,
7290112498885,false,מאגדת גודיז לייט מאגדת 5 יח`,"גלידת שטראוס בע""מ",,,יח,2.40,"ל 100 מ""ל",false,1,27.90,11.63,false,1,
7290112498915,false,מאגדת מיני מגנום שקדים מובחרים,"גלידת שטראוס בע""מ",,,יח,2.50,ל 100 גרם,false,1,26.90,10.76,false,1,
7290112498922,false,מאגדת מיני מגנום לבן,"גלידת שטראוס בע""מ",,,יח,2.50,ל 100 גרם,false,1,26.90,10.76,false,1,
7290112498939,false,שלגון בומבה שטראוס,"גלידת שטראוס בע""מ",,,יח,1,,false,1,8.50,8.50,true,1,
7290112499103,false,קואנטו קליק וניל עוגיות,"גלידת שטראוס בע""מ",,,יח,72,ל 100 גרם,false,1,6.50,0.09,true,1,
7290112499110,false,טילון קליק שוקולד,"גלידת שטראוס בע""מ",,,יח,0.70,ל 100 גרם,false,1,6.90,9.86,true,1,
7290112499141,false,שלגון סולרו וניל תפול,"גלידת שטראוס בע""מ",,,יח,0.76,ל 100 גרם,false,1,6.90,9.08,true,1,
7290112499189,false,קרמיסמו 1.33 ליטר חד קרן,"גלידת שטראוס בע""מ",,,יח,1.33,לליטר,false,1,18.90,14.21,false,1,
7290112499226,false,גלידת שטראוס נשנושים מונדיאל,"גלידת שטראוס בע""מ",,,יח,6.30,ל 100 גרם,false,1,44.90,7.13,false,1,
7290112499257,false,שוקובו מלבן,"גלידת שטראוס בע""מ",,,יח,0.85,ל 100 גרם,false,1,8.50,10,true,1,
7290112499455,false,"פינוק תחליב מרוקאי 700 מ""ל*","יוניליוור ישראלשיווק בע""מ",,,יח,7,"ל 100 מ""ל",false,1,10.90,1.56,false,1,
7290112499462,false,"פינוק תחליב שמן קוקוס 700 מ""ל*","יוניליוור ישראלשיווק בע""מ",,,יח,7,"ל 100 מ""ל",false,1,10.90,1.56,false,1,
7290112499479,false,פינוק שמפו בתוספת קרטין*,"יוניליוור ישראלשיווק בע""מ",,,יח,7,"ל 100 מ""ל",false,1,11.90,1.70,false,1,
7290112499639,false,A.hgigh pulled - Kapulski,"גלידת שטראוס בע""מ",,,יח,1,,false,1,9.90,9.90,true,1,
7290112499646,false,קורנטו סופר פקאן,"גלידת שטראוס בע""מ",,,יח,1,,false,1,9.90,9.90,true,1,
7290112499677,false,שלגון מגנום לבן(אימפאלס ),"גלידת שטראוס בע""מ",,,יח,0.85,ל 100 גרם,false,1,9.90,11.65,true,1,
7290112499776,false,מאגדת גודיז מאגדת 5 יח`,"גלידת שטראוס בע""מ",,,יח,2.40,"ל 100 מ""ל",false,1,27.90,11.63,false,1,
7290112499844,false,מאגדת מיני מגנום שוקולד עם דואט,"גלידת שטראוס בע""מ",,,יח,3.10,ל 100 גרם,false,1,26.90,8.68,false,1,
7290112499929,false,מגנום שוקולד,"גלידת שטראוס בע""מ",,,יח,1,,false,1,9.90,9.90,true,1,
7290112499936,false,מגנום שקדים מובחרים,"גלידת שטראוס בע""מ",,,יח,1,,false,1,9.90,9.90,true,1,
7290112499943,false,מיני מגנום קלאסיק שוקולד,"גלידת שטראוס בע""מ",,,יח,2.50,ל 100 גרם,false,1,26.90,10.76,false,1,
7290112961266,false,בייגלה כפיות פיזור איטלקי,קבוצת אוסם סחר שותפות מוגבלת,,,יח,3,ל 100 גרם,false,1,9.90,3.30,false,1,
7290112961440,false,פיטנס בר פרכיות שוקולד מריר,קבוצת אוסם סחר שותפות מוגבלת,,,יח,0.84,יח,false,1,14.50,17.26,true,1,
7290112961754,false,עוגיות שוקוצ`יפס קרם אגוזים,קבוצת אוסם סחר שותפות מוגבלת,,,יח,2.20,ל 100 גרם,false,1,10.90,4.95,true,1,
7290112962287,false,טבעול שווארמה טבעונית 450 ג`,קבוצת אוסם סחר שותפות מוגבלת,,,יח,4.50,ל 100 גרם,false,1,29.90,6.64,true,1,
7290112963321,false,גרפיטי בייגלה שטוח ללא גלוטן,קבוצת אוסם סחר שותפות מוגבלת,,,יח,3,ל 100 גרם,false,1,11.90,3.97,false,1,
7290112963918,false,פיטנס קרקר דק רוזמרין,קבוצת אוסם סחר שותפות מוגבלת,,,יח,1.40,ל 100 גרם,false,1,11.90,8.50,true,1,
7290112964052,false,פרפקטו קנלוני 500 גר`,קבוצת אוסם סחר שותפות מוגבלת,,,יח,5,ל 100 גרם,false,1,11.50,2.30,false,1,
7290112964410,false,רוטב אלף האיים לסלט,קבוצת אוסם סחר שותפות מוגבלת,,,יח,2.90,"ל 100 מ""ל",false,1,10.90,3.76,true,1,
7290112964434,false,רוטב קיסר לסלט 290 גרם אסם,קבוצת אוסם סחר שותפות מוגבלת,,,יח,2.90,"ל 100 מ""ל",false,1,10.90,3.76,true,1,
7290112964564,false,רוטב אלף האיים לייט לסלט,קבוצת אוסם סחר שותפות מוגבלת,,,יח,2.90,"ל 100 מ""ל",false,1,10.90,3.76,true,1,
7290112964601,false,רוטב בנוסח סצואן 360 גר,קבוצת אוסם סחר שותפות מוגבלת,,,יח,2.90,"ל 100 מ""ל",false,1,12.90,4.45,true,1,
7290112964625,false,רוטב שום לייטלסלט 290 גרם אסם,קבוצת אוסם סחר שותפות מוגבלת,,,יח,2.90,"ל 100 מ""ל",false,1,10.90,3.76,true,1,
7290112965103,false,חמים וטעים קוסקוס עם ירקות,קבוצת אוסם סחר שותפות מוגבלת,,,יח,1.40,ל 100 גרם,false,1,10.90,7.79,false,1,
7290112965141,false,תבשיל פתיתים עם ירקות,קבוצת אוסם סחר שותפות מוגבלת,,,יח,1.30,ל 100 גרם,false,1,10.90,8.38,false,1,
7290112965240,false,זוג מרק נמס עגבניות אוסם,קבוצת אוסם סחר שותפות מוגבלת,,,יח,1.20,ל 100 גרם,false,1,5.50,4.58,false,1,
7290112965264,false,זוג מרק נמס אפונה אוסם,קבוצת אוסם סחר שותפות מוגבלת,,,יח,0.52,ל 100 גרם,false,1,5.50,10.58,false,1,
7290112965288,false,זוג מרק נמס ירקות אוסם,קבוצת אוסם סחר שותפות מוגבלת,,,יח,0.52,ל 100 גרם,false,1,5.50,10.58,false,1,
7290112965301,false,מרק נמס טעם עוף,קבוצת אוסם סחר שותפות מוגבלת,,,יח,0.52,ל 100 גרם,false,1,5.50,10.58,false,1,
7290112965325,false,אורז ספרדי,קבוצת אוסם סחר שותפות מוגבלת,,,יח,1.40,ל 100 גרם,false,1,10.90,7.79,false,1,
7290112965363,false,טבעול קציצות קינואה וברוקולי 525 גרם,קבוצת אוסם סחר שותפות מוגבלת,,,יח,5.25,ל 100 גרם,false,1,30.90,5.89,true,1,
7290112965660,false,פיטנס חטיף מולטיגריין מלח פלפל,קבוצת אוסם סחר שותפות מוגבלת,,,יח,0.25,ל 100 גרם,false,1,4.90,19.60,true,1,
7290112965684,false,פיטנס חטיף מולטיגריין ע. תיבול,קבוצת אוסם סחר שותפות מוגבלת,,,יח,0.25,ל 100 גרם,false,1,4.90,19.60,true,1,
7290112965707,false,פיטנס חטיף מולטיגריין צ`ילי מעודן,קבוצת אוסם סחר שותפות מוגבלת,,,יח,0.25,ל 100 גרם,false,1,4.90,19.60,true,1,
7290112965868,false,קרם קרקר במליחות מעודנת 250 גר,קבוצת אוסם סחר שותפות מוגבלת,,,יח,2.50,ל 100 גרם,false,1,9.90,3.96,true,1,
7290112965905,false,בייגלה שמניות מליחות מעודנת 400 ג,קבוצת אוסם סחר שותפות מוגבלת,,,יח,3,ל 100 גרם,false,1,10.90,3.63,false,1,
7290112966247,false,לחמית כוסמין 200,קבוצת אוסם סחר שותפות מוגבלת,,,יח,2,ל 100 גרם,false,1,10.90,5.45,true,1,
7290112966728,false,צבר טחינה בלאדי פלפלים חריפים,קבוצת אוסם סחר שותפות מוגבלת,,,יח,3.50,ל 100 גרם,false,1,14.90,4.26,true,1,
7290112966803,false,פודינג אינסטנס שוקולד 88 גרם*חדש,קבוצת אוסם סחר שותפות מוגבלת,,,יח,0.80,ל 100 גרם,false,1,5.10,6.38,true,1,
7290112967114,false,פיטנס חטיפי פרכיות קטניות ופלפל,קבוצת אוסם סחר שותפות מוגבלת,,,יח,0.60,ל 100 גרם,false,1,8.90,14.83,true,1,
7290112967381,false,פיטנס חטיפי פרכיות,קבוצת אוסם סחר שותפות מוגבלת,,,יח,0.60,ל 100 גרם,false,1,8.90,14.83,true,1,
7290112967800,false,אסם בישולים מיקס בצלים,קבוצת אוסם סחר שותפות מוגבלת,,,ל 100 גרם,5.80,ל 100 גרם,false,1,17.90,3.09,false,1,
7290112967824,false,אסם בישולים מיקס קלאסי,קבוצת אוסם סחר שותפות מוגבלת,,,ל 100 גרם,5.80,ל 100 גרם,false,1,17.90,3.09,false,1,
7290112968203,false,צבר טחינה בלאדי 250 ג`,קבוצת אוסם סחר שותפות מוגבלת,,,יח,2.50,ל 100 גרם,false,1,11.90,4.76,false,1,
7290112968340,false,חומוס צבר גרוס גס 400 ג`,קבוצת אוסם סחר שותפות מוגבלת,,,יח,4,ל 100 גרם,false,1,12.90,3.23,true,1,
7290112968449,false,צבר כרוב אדום 250 ג`,קבוצת אוסם סחר שותפות מוגבלת,,,יח,2.50,ל 100 גרם,false,1,11.90,4.76,false,1,
7290112968784,false,טבעול חטיפי כרובית,קבוצת אוסם סחר שותפות מוגבלת,,,יח,4.50,ל 100 גרם,false,1,29.90,6.64,true,1,
7290112968807,false,פיטנס קרקר דק סלק,קבוצת אוסם סחר שותפות מוגבלת,,,יח,1.50,ל 100 גרם,false,1,11.90,7.93,true,1,
7290112968821,false,פיטנס קרקר דק בטטה,קבוצת אוסם סחר שותפות מוגבלת,,,יח,1.50,ל 100 גרם,false,1,11.90,7.93,true,1,
7290112969286,false,אסם בישולים רוטב חרדל ודבש,קבוצת אוסם סחר שותפות מוגבלת,,,ל 100 גרם,3.20,ל 100 גרם,false,1,16.90,5.28,true,1,
7290113192300,false,חרוזית זית מושחר בית השיטה,קבוצת אוסם סחר שותפות מוגבלת,,,יח,2.75,ל 100 גרם,false,1,9.90,3.60,true,1,
7290113192331,false,זית מנזלינו .15-17 בית השיטה,קבוצת אוסם סחר שותפות מוגבלת,,,יח,3.40,ל 100 גרם,false,1,9.90,2.91,false,1,
7290113192355,false,חרוזית בית השיטה.,קבוצת אוסם סחר שותפות מוגבלת,,,יח,2.75,ל 100 גרם,false,1,9.90,3.60,true,1,
7290113192362,false,טבעות זיתים ירוקים בית השיטה,קבוצת אוסם סחר שותפות מוגבלת,,,יח,5.60,ל 100 גרם,false,1,9.90,1.77,false,1,
7290113192386,false,זית סורי מבוקע בית השיטה,קבוצת אוסם סחר שותפות מוגבלת,,,יח,3.40,ל 100 גרם,false,1,10.90,3.21,false,1,
7290113192393,false,קוקטיל זיתים בית השיטה,קבוצת אוסם סחר שותפות מוגבלת,,,יח,3.36,ל 100 גרם,false,1,11.90,3.54,false,1,
7290113192478,false,מלפפון 10-12 מלח בית השיטה,קבוצת אוסם סחר שותפות מוגבלת,,,יח,3.20,ל 100 גרם,false,1,7.50,2.34,false,1,
7290113192508,false,מלפפון במלח .3-17 בית השיטה,קבוצת אוסם סחר שותפות מוגבלת,,,יח,3.20,ל 100 גרם,false,1,9.90,3.09,false,1,
7290113192515,false,מלפפון 18-25 מלח. בית השיטה,קבוצת אוסם סחר שותפות מוגבלת,,,יח,3.20,ל 100 גרם,false,1,10.90,3.41,false,1,
7290113192539,false,מלפפון במלח 7-9 בית השיטה,קבוצת אוסם סחר שותפות מוגבלת,,,יח,3.20,ל 100 גרם,false,1,5.90,1.84,false,1,
7290113192546,false,מלפפון 7-9 בחומץ בית השיטה,קבוצת אוסם סחר שותפות מוגבלת,,,יח,5.60,ל 100 גרם,false,1,6.30,1.13,false,1,
7290113192560,false,שיפקה A2 בית השיטה,קבוצת אוסם סחר שותפות מוגבלת,,,יח,2.30,ל 100 גרם,false,1,6.90,3,true,1,
7290113192997,false,זית מרוקאי בית השיטה,קבוצת אוסם סחר שותפות מוגבלת,,,יח,3.40,ל 100 גרם,false,1,12.90,3.79,false,1,
7290113193000,false,פלפל שיפקונית בית השיטה,קבוצת אוסם סחר שותפות מוגבלת,,,יח,2.30,ל 100 גרם,false,1,9.90,4.30,false,1,
7290113193017,false,קוקטיל זיתים בית השיטה,קבוצת אוסם סחר שותפות מוגבלת,,,יח,2.75,ל 100 גרם,false,1,14.90,5.42,false,1,
7290113193031,false,חרוזית קלמנטה בית השיטה,קבוצת אוסם סחר שותפות מוגבלת,,,יח,2.75,ל 100 גרם,false,1,14.90,5.42,false,1,
7290113193406,false,טבעות קוקטיל זיתים בית השיטה,קבוצת אוסם סחר שותפות מוגבלת,,,יח,2.80,ל 100 גרם,false,1,14.90,5.32,false,1,
7290113193888,false,חצילים מוחמצים בית השיטה,קבוצת אוסם סחר שותפות מוגבלת,,,יח,2.30,ל 100 גרם,false,1,12.90,5.61,true,1,
7290113194090,false,טבעות קלמנטה בית השיטה,קבוצת אוסם סחר שותפות מוגבלת,,,יח,2.80,ל 100 גרם,false,1,14.90,5.32,false,1,
7290113197800,false,פלפל קלוי בית השיטה,קבוצת אוסם סחר שותפות מוגבלת,,,יח,4,ל 100 גרם,false,1,14.90,3.73,false,1,
7290113285101,false,"כפפות לטקס ללא אבקה M ""פרפקט"" כשל""פ*",ווינפאק סחר בעמ,,,יח,100,יח,false,1,21.90,0.22,false,1,
7290113285118,false,"כפפות לטקס ללא אבקה L ""פרפקט"" כשל""פ*",ווינפאק סחר בעמ,,,יח,100,יח,false,1,21.90,0.22,false,1,
7290113285125,false,"כפפות לטקס ללא אבקה XL ""פרפקט"" כשל""פ*",ווינפאק סחר בעמ,,,יח,100,יח,false,1,21.90,0.22,false,1,
7290113285293,false,כפפות ניטריל כחול S ארוז 100 PERFECT*,ווינפאק סחר בעמ,,,יח,100,יח,false,1,24.90,0.25,false,1,
7290113286559,false,כפפות ניטריל שחור S ארוז 100 PERFECT*,ווינפאק סחר בעמ,,,יח,100,יח,false,1,24.90,0.25,false,1,
7290113861480,false,גביע קידוש זכוכית+ תחתית,שונים,,,יח,1,,false,1,14.90,14.90,false,1,
7290114310215,false,"שמנת מתוקה 38%-250 מ""ל",החברה המרכזית טלהפצת משקאות בע,,,יח,2.50,"ל 100 מ""ל",false,1,6.47,2.59,false,1,
7290114310239,false,חלב נטול לקטוז מועשר 1.5 ליטר 2%,החברה המרכזית טלהפצת משקאות בע,,,יח,15,"ל 100 מ""ל",false,1,12.50,0.83,false,1,
7290114310345,false,מעדן יוגורט טעם תות,החברה המרכזית טלהפצת משקאות בע,,,יח,5,ל 100 גרם,false,1,2.90,0.58,true,1,
7290114310536,false,מולר אקטיב לייט 25 גר` 0% ט. וניל,החברה המרכזית טלהפצת משקאות בע,,,יח,2.50,"ל 100 מ""ל",false,1,5.90,2.36,true,1,
7290114310550,false,פטה עיזים מעודנת 5% 200,החברה המרכזית טלהפצת משקאות בע,,,יח,2,ל 100 גרם,false,1,26.90,13.45,false,1,
7290114310611,false,"משקה חלב בננה 250 מ""ל בקבוק",החברה המרכזית טלהפצת משקאות בע,,,יח,0.25,"ל 100 מ""ל",false,1,5.90,23.60,true,1,
7290114310901,false,גבינה לבנה 5%-250 גרם מהדרין,החברה המרכזית טלהפצת משקאות בע,,,יח,2.50,ל 100 גרם,false,1,4.98,1.99,false,1,
7290114311014,false,"משקה חלב אייס קפוצינו פקק 250 מ""ל",החברה המרכזית טלהפצת משקאות בע,,,יח,0.25,"ל 100 מ""ל",false,1,5.90,23.60,true,1,
7290114311038,false,"שמנת מתוקה 250 מ""ל 32% בד""צ",החברה המרכזית טלהפצת משקאות בע,,,יח,2.50,"ל 100 מ""ל",false,1,7.50,3,false,1,
7290114311069,false,מולר אקטיב חלבון 0% שומן לבן,החברה המרכזית טלהפצת משקאות בע,,,יח,0.25,"ל 100 מ""ל",false,1,5.90,23.60,true,1,
7290114311076,false,חמאה מולר צהובה עם שום 200,החברה המרכזית טלהפצת משקאות בע,,,יח,2,ל 100 גרם,false,1,11.90,5.95,false,1,
7290114311298,false,"קציפת תות בננה מלון 150מ""ל טרה",החברה המרכזית טלהפצת משקאות בע,,,יח,1.50,"ל 100 מ""ל",false,1,4.90,3.27,true,1,
7290114311328,false,חלב נטול לקטוז 1 ל`,החברה המרכזית טלהפצת משקאות בע,,,יח,10,ל 100 גרם,false,1,7.90,0.79,false,1,
7290114311434,false,מולר אקטיב בטעם קרמל מלוח 0%,החברה המרכזית טלהפצת משקאות בע,,,יח,2,"ל 100 מ""ל",false,1,5.50,2.75,false,1,
7290114311441,false,מולר אקטיב בטעם עוגיות 0%,החברה המרכזית טלהפצת משקאות בע,,,יח,2,"ל 100 מ""ל",false,1,5.50,2.75,false,1,
7290114311458,false,חלב מועשר 3% שומן 1 ליטר קרטון,החברה המרכזית טלהפצת משקאות בע,,,יח,1,לליטר,false,1,7.90,7.90,false,1,
7290114600750,false,קו קווים חטיף אפוי עם פיקורינו,ש.שסטוביץ בעמ,,,יח,1.20,ל 100 גרם,false,1,11.90,9.92,false,1,
7290114600941,false,מיונז לחיץ 435 גר`מאסטר שף,ש.שסטוביץ בעמ,,,יח,4.35,ל 100 גרם,false,1,14.90,3.43,true,1,
7290114600996,false,"רוטב שום 250 מ""ל מאסטר שף",ש.שסטוביץ בעמ,,,יח,2.50,ל 100 גרם,false,1,9.90,3.96,false,1,
7290114603034,false,פרי גרנולה אגוזים וצימוקים,ש.שסטוביץ בעמ,,,יח,3,ל 100 גרם,false,1,13.90,4.63,false,1,
7290114603508,false,"מאסטר שף רוטב להקפצה 300 מ""ל",ש.שסטוביץ בעמ,,,יח,0.30,ל 100 גרם,false,1,9.90,33,false,1,
7290114603768,false,"אג קס שירותים 750מ"" מארז זוגות",ש.שסטוביץ בעמ,,,יח,15,"ל 100 מ""ל",false,1,24.90,1.66,false,1,
7290114604864,false,קוסקוס סולת דק 350 גר`,ש.שסטוביץ בעמ,,,יח,3.50,ל 100 גרם,false,1,5.90,1.69,true,1,
7290114604895,false,ממרח ספייסי לחיץ מאסטר שף,ש.שסטוביץ בעמ,,,יח,4.46,ל 100 גרם,false,1,14.90,3.34,true,1,
7290114604932,false,רוטב ברבקיו דבש מאסטר שף,ש.שסטוביץ בעמ,,,יח,5.24,ל 100 גרם,false,1,13.90,2.65,true,1,
7290114606547,false,מיונז עם פטריות כמהין מאסטר שף,ש.שסטוביץ בעמ,,,יח,2.42,ל 100 גרם,false,1,14.90,6.16,true,1,
7290114606561,false,מנה אסייאתי אטריות אורז דקות,ש.שסטוביץ בעמ,,,יח,4,"ל 100 מ""ל",false,1,9.30,2.33,true,1,
7290114607391,false,קולגיט משחת ילדים ברבי,ש.שסטוביץ בעמ,,,יח,0.75,ל 100 גרם,false,1,16.90,22.53,true,1,
7290115200003,false,פתי בר אוסם פינוקיו וניל,קבוצת אוסם סחר שותפות מוגבלת,,,יח,2.20,ל 100 גרם,false,1,10.90,4.95,true,1,
7290115200027,false,פתי בר אוסם פינוקיו שוקו,קבוצת אוסם סחר שותפות מוגבלת,,,יח,2.20,ל 100 גרם,false,1,10.90,4.95,true,1,
7290115200676,false,קרמוגית קרמל מלוח,קבוצת אוסם סחר שותפות מוגבלת,,,יח,2,ל 100 גרם,false,1,10.90,5.45,true,1,
7290115200713,false,במבה 50 ג אריזה משפחת,קבוצת אוסם סחר שותפות מוגבלת,,,יח,2.50,ל 100 גרם,false,1,13.90,5.56,true,1,
7290115200881,false,בייגלה שטוחים שומשום צ,קבוצת אוסם סחר שותפות מוגבלת,,,יח,3,ל 100 גרם,false,1,9.90,3.30,false,1,
7290115201031,false,פתי בר אוסם דובי שוקולד,קבוצת אוסם סחר שותפות מוגבלת,,,יח,2.20,ל 100 גרם,false,1,12.90,5.86,true,1,
7290115201536,false,"טבעול גורמה לביבות כרובית ותפו""א",קבוצת אוסם סחר שותפות מוגבלת,,,יח,4.34,ל 100 גרם,false,1,33.90,7.81,true,1,
7290115201680,false,ביסלי ברביקיו,קבוצת אוסם סחר שותפות מוגבלת,,,יח,0.70,ל 100 גרם,false,1,3.90,5.57,true,1,
7290115201741,false,ביסלי בצל,קבוצת אוסם סחר שותפות מוגבלת,,,יח,0.70,ל 100 גרם,false,1,3.90,5.57,true,1,
7290115202236,false,טבעול טופו קראנצים,קבוצת אוסם סחר שותפות מוגבלת,,,יח,4.70,ל 100 גרם,false,1,30.90,6.57,true,1,
7290115202434,false,חומוס עם זעתר 400 גר,קבוצת אוסם סחר שותפות מוגבלת,,,יח,4,ל 100 גרם,false,1,11.90,2.98,true,1,
7290115202786,false,מנה חמה פאוצ`נודלס,קבוצת אוסם סחר שותפות מוגבלת,,,יח,0.70,ל 100 גרם,false,1,4.90,7,false,1,
7290115202816,false,מנה חמה פאוצ`נדלס ט. עוף,קבוצת אוסם סחר שותפות מוגבלת,,,יח,0.70,ל 100 גרם,false,1,4.90,7,false,1,
7290115202847,false,מנה חמה פאוצ`נדלס ט.ספייסי,קבוצת אוסם סחר שותפות מוגבלת,,,יח,0.70,ל 100 גרם,false,1,4.90,7,false,1,
7290115202939,false,מנה חמה רייס נודלס עוף פטריות,קבוצת אוסם סחר שותפות מוגבלת,,,יח,0.50,ל 100 גרם,false,1,8.90,17.80,false,1,
7290115203134,false,פופקו פופקורן במבה,קבוצת אוסם סחר שותפות מוגבלת,,,יח,0.80,ל 100 גרם,false,1,4.90,6.13,true,1,
7290115203172,false,במבה פרו 40 80 גר,קבוצת אוסם סחר שותפות מוגבלת,,,יח,0.80,ל 100 גרם,false,1,4.20,5.25,true,1,
7290115203486,false,פירורית בטעם ביסלי גריל,קבוצת אוסם סחר שותפות מוגבלת,,,יח,2,ל 100 גרם,false,1,6.30,3.15,false,1,
7290115203806,false,"רוטב בסיס אוסם 290 מ""ל",קבוצת אוסם סחר שותפות מוגבלת,,,יח,2.90,"ל 100 מ""ל",false,1,14.90,5.14,true,1,
7290115204056,false,"קטשופ פחות סוכר כשל""פ",קבוצת אוסם סחר שותפות מוגבלת,,,יח,6.90,ל 100 גרם,false,1,9.90,1.43,false,1,
7290115204186,false,פסטו 190 גר` צבר,קבוצת אוסם סחר שותפות מוגבלת,,,יח,2.20,ל 100 גרם,false,1,16.90,7.68,false,1,
7290115204247,false,עגבניות מיובשות 190 גר` צבר,קבוצת אוסם סחר שותפות מוגבלת,,,יח,2.20,ל 100 גרם,false,1,16.90,7.68,false,1,
7290115204261,false,אריסה 190 גר` צבר,קבוצת אוסם סחר שותפות מוגבלת,,,יח,1.90,ל 100 גרם,false,1,12.90,6.79,false,1,
7290115205176,false,פיטנס קרקר כפרי,קבוצת אוסם סחר שותפות מוגבלת,,,יח,1.40,ל 100 גרם,false,1,11.90,8.50,true,1,
7290115205251,false,פיטנס בר פרכיות קרמל מלוח,קבוצת אוסם סחר שותפות מוגבלת,,,יח,0.84,יח,false,1,14.50,17.26,true,1,
7290115205312,false,פיטנס קרקר זיתים,קבוצת אוסם סחר שותפות מוגבלת,,,יח,1.40,ל 100 גרם,false,1,11.90,8.50,true,1,
7290115205541,false,פיטנס חטיף מולטיגריין ע. חומוס,קבוצת אוסם סחר שותפות מוגבלת,,,יח,0.25,ל 100 גרם,false,1,4.90,19.60,true,1,
7290115205978,false,אוסם פתיבר אצבעות שוקולד,קבוצת אוסם סחר שותפות מוגבלת,,,יח,1.80,ל 100 גרם,false,1,12.90,7.17,true,1,
7290115206135,false,טבעול גורמה ארוחת קינואה,קבוצת אוסם סחר שותפות מוגבלת,,,יח,4.50,ל 100 גרם,false,1,33.90,7.53,true,1,
7290115207484,false,סלט חציל על האש צבר היתר 360 גר`,קבוצת אוסם סחר שותפות מוגבלת,,,יח,3.60,ל 100 גרם,false,1,15.90,4.42,true,1,
7290115207620,false,רוטב סויה קלאסי טבעי 330 גר,קבוצת אוסם סחר שותפות מוגבלת,,,יח,2.90,"ל 100 מ""ל",false,1,14.90,5.14,true,1,
7290115207798,false,טבעול בורגר חריף טבעוני,קבוצת אוסם סחר שותפות מוגבלת,,,יח,4.20,"לק""ג",false,1,31.90,7.60,true,1,
7290115207880,false,ויטמינצ יק פטל 2ליטר,קבוצת אוסם סחר שותפות מוגבלת,,,יח,2,לליטר,false,1,39.90,19.95,false,1,
7290115207903,false,ויטמינצ יק תפוח 2ליטר,קבוצת אוסם סחר שותפות מוגבלת,,,יח,2,לליטר,false,1,39.90,19.95,false,1,
7290115207941,false,ויטמינצי ק אננס 1 ליטר,קבוצת אוסם סחר שותפות מוגבלת,,,יח,1,לליטר,false,1,19.90,19.90,false,1,
7290115207965,false,ויטמינציק מנגו אפרסק 1 ליטר,קבוצת אוסם סחר שותפות מוגבלת,,,יח,1,לליטר,false,1,19.90,19.90,false,1,
7290115207989,false,ויטמינצי ק אננס 1 ליטר,קבוצת אוסם סחר שותפות מוגבלת,,,יח,1,לליטר,false,1,19.90,19.90,false,1,
7290115208009,false,ויטמינציק ענבים 1 ליטר,קבוצת אוסם סחר שותפות מוגבלת,,,יח,1,לליטר,false,1,19.90,19.90,false,1,
7290115208023,false,ויטמינצ יק ענבים 2ליטר,קבוצת אוסם סחר שותפות מוגבלת,,,יח,2,לליטר,false,1,39.90,19.95,false,1,
7290115208047,false,ויטמינצי פטל 1 ליטר,קבוצת אוסם סחר שותפות מוגבלת,,,יח,1,לליטר,false,1,19.90,19.90,false,1,
7290115208061,false,ויטמינצי תפוח 1 ליטר,קבוצת אוסם סחר שותפות מוגבלת,,,יח,1,לליטר,false,1,19.90,19.90,false,1,
7290115208320,false,אפרופו טעם ביסלי בצל 50 גר,קבוצת אוסם סחר שותפות מוגבלת,,,יח,0.50,ל 100 גרם,false,1,3.90,7.80,true,1,
7290115208344,false,בייגלה כפיות שמנת בצל,קבוצת אוסם סחר שותפות מוגבלת,,,יח,3,ל 100 גרם,false,1,9.90,3.30,false,1,
7290115208597,false,אוסם עוגיות מיני קרמל מלוח,קבוצת אוסם סחר שותפות מוגבלת,,,יח,2,ל 100 גרם,false,1,10.90,5.45,true,1,
7290115208801,false,לחמית דבש ואגוזים,קבוצת אוסם סחר שותפות מוגבלת,,,יח,1.90,ל 100 גרם,false,1,9.90,5.21,true,1,
7290115209198,false,במבה אוורירית 80 גר,קבוצת אוסם סחר שותפות מוגבלת,,,יח,0.80,ל 100 גרם,false,1,4.20,5.25,true,1,
7290115209235,false,פתיבר קפה 500 ג,קבוצת אוסם סחר שותפות מוגבלת,,,יח,5,ל 100 גרם,false,1,13.10,2.62,true,1,
7290115209358,false,במבה במילוי בראוניז,קבוצת אוסם סחר שותפות מוגבלת,,,יח,0.60,ל 100 גרם,false,1,4.90,8.17,true,1,
7290115209372,false,במבה במילוי בראוניז 150 גר`,קבוצת אוסם סחר שותפות מוגבלת,,,יח,1.50,ל 100 גרם,false,1,9.90,6.60,false,1,
7290115403282,false,עוגיות פיצפוצי שוקו 500 ג*,שיבולים ייצור מוצרי מאפה בעמ,,,יח,5,ל 100 גרם,false,1,12.50,2.50,true,1,
7290115403299,false,עוגיות פרפריות 500 ג*,שיבולים ייצור מוצרי מאפה בעמ,,,יח,5,ל 100 גרם,false,1,12.50,2.50,true,1,
7290115403312,false,עוגיות מלוחות קריספי עגול 500 ג*,שיבולים ייצור מוצרי מאפה בעמ,,,יח,5,ל 100 גרם,false,1,12.50,2.50,true,1,
7290115403329,false,עוגיות רשת קינמון מסוכרות 500 ג*,שיבולים ייצור מוצרי מאפה בעמ,,,יח,5,ל 100 גרם,false,1,12.50,2.50,true,1,
7290115403350,false,עוגיות רשת שוקו מסוכרות 500ג,שיבולים ייצור מוצרי מאפה בעמ,,,יח,5,ל 100 גרם,false,1,12.50,2.50,true,1,
7290115403367,false,עוגיות קוואקר פריכות 500ג,שיבולים ייצור מוצרי מאפה בעמ,,,יח,5,ל 100 גרם,false,1,12.50,2.50,true,1,
7290115403411,false,עוגיות עינוגים קרם אגוזים 500 ג*,שיבולים ייצור מוצרי מאפה בעמ,,,יח,5,ל 100 גרם,false,1,12.50,2.50,true,1,
7290115403442,false,עוגיות ממולאות שוקולד 500ג,שיבולים ייצור מוצרי מאפה בעמ,,,יח,5,ל 100 גרם,false,1,12.50,2.50,true,1,
7290115403459,false,עוגיות נסיכה בטעם תות 500 ג*,שיבולים ייצור מוצרי מאפה בעמ,,,יח,5,ל 100 גרם,false,1,12.50,2.50,true,1,
7290115403466,false,עוגיות נסיכה מיקס 500ג,שיבולים ייצור מוצרי מאפה בעמ,,,יח,5,ל 100 גרם,false,1,12.50,2.50,true,1,
7290115403480,false,עוגיות בסגנון מרוקאי מיני 500 ג*,שיבולים ייצור מוצרי מאפה בעמ,,,יח,5,ל 100 גרם,false,1,12.50,2.50,true,1,
7290115403510,false,עוגיות מגולגלות תמרים 500 ג*,שיבולים ייצור מוצרי מאפה בעמ,,,יח,5,ל 100 גרם,false,1,12.50,2.50,true,1,
7290115403527,false,עוגיות עינוגי תמרים 500ג,שיבולים ייצור מוצרי מאפה בעמ,,,יח,5,ל 100 גרם,false,1,12.50,2.50,true,1,
7290115405774,false,Case Rabia Mini Sabrina - Kapulski,קפולסקי אדל בעמ,,,יח,1.80,ל 100 גרם,false,1,13.90,7.72,false,1,
7290115670684,false,גרנולה אגוזים 400 גר`,שטראוס גרופ בעמ,,,יח,4,ל 100 גרם,false,1,13.90,3.48,false,1,
7290115670707,false,גרנולה שוקולד ןאגוזים 400 גר`,שטראוס גרופ בעמ,,,יח,4,ל 100 גרם,false,1,13.90,3.48,false,1,
7290115671223,false,מאסט פאן אבטיח מנגו 58 גר`,שטראוס גרופ בעמ,,,יח,1,ל 100 גרם,false,1,9.90,9.90,true,1,
7290115671339,false,מיני פינוקיות בראונייז בייגל 180 גר`,שטראוס גרופ בעמ,,,יח,1.80,ל 100 גרם,false,1,10.90,6.06,true,1,
7290115675986,false,דנונה בר עם אגוזים מקורמלים,שטראוס גרופ בעמ (ח),,,יח,1,"ל 100 מ""ל",false,1,4.50,4.50,false,1,
7290115676037,false,אקטימל ריפרש תות דומדומיות,שטראוס גרופ בעמ (ח),,,יח,2.50,"ל 100 מ""ל",false,1,5.90,2.36,false,1,
7290115676051,false,משקה אקטביה עם מתיקות מעודנת,שטראוס גרופ בעמ (ח),,,יח,1.20,"ל 100 מ""ל",false,1,4.90,4.08,false,1,
7290115676082,false,דנונה פרו משקה פרו תות 20,שטראוס גרופ בעמ (ח),,,יח,2.55,"ל 100 מ""ל",false,1,6.90,2.71,false,1,
7290115676099,false,דנונה פרו משקה פרו וניל 20,שטראוס גרופ בעמ (ח),,,יח,2.55,"ל 100 מ""ל",false,1,6.90,2.71,false,1,
7290115677089,false,קונפיטורה תפוח וקינמון,שטראוס גרופ בעמ,,,יח,3.40,ל 100 גרם,false,1,12.90,3.79,true,1,
7290115678376,false,מעדן הגולן שוקולד,שטראוס גרופ בעמ (ח),,,יח,1.25,"ל 100 מ""ל",false,1,2.90,2.32,true,1,
7290115678383,false,מעדן הגולן שוקולד מריר,שטראוס גרופ בעמ (ח),,,יח,1.25,"ל 100 מ""ל",false,1,2.90,2.32,true,1,
7290115678642,false,נשנוש גבינה 16%,שטראוס גרופ בעמ (ח),,,יח,0.67,ל 100 גרם,false,1,10.90,16.27,true,1,
7290115678970,false,שלישית סוכריות פרש בטעם בזוקה,שטראוס גרופ בעמ,,,יח,0.45,ל 100 גרם,false,1,8.90,19.78,false,1,
7290115775754,false,קרש חיתוך דגם רטרו 20*30,י.סולומון חוויה שבכלי בעמ,,,יח,1,,false,1,12.90,12.90,false,1,
7290115776270,false,"מאג דגם של בוקר""נשמה """,י.סולומון חוויה שבכלי בעמ,,,יח,1,,false,1,6.90,6.90,false,1,
7290115777765,false,צנצנת זכוכית מעוינים מכסה שחור,י.סולומון חוויה שבכלי בעמ,,,יח,1,,false,1,39.90,39.90,false,1,
7290115777772,false,צנצנת זכוכית מעוינים מכסה שחור,י.סולומון חוויה שבכלי בעמ,,,יח,1,,false,1,56.90,56.90,false,1,
7290115778557,false,מאג דגם שוקוצינו,י.סולומון חוויה שבכלי בעמ,,,יח,1,,false,1,6.90,6.90,false,1,
7290116530062,false,HELLAMNN`S FOR SALADS 1000ISLANDS LITE,"יוניליוור ישראלשיווק בע""מ",,,יח,2.95,ל 100 גרם,false,12,9.90,3.36,false,1,
7290116530109,false,KLIK IN OUT BAR FILLED WITH MILK CREAM,"יוניליוור ישראלשיווק בע""מ",,,יח,0.38,ל 100 גרם,false,1,3.90,10.26,false,1,
7290116530116,false,קליק חטיף נוגט לבן שלישיות,"יוניליוור ישראלשיווק בע""מ",,,יח,105,ל 100 גרם,false,1,13.90,0.13,false,1,
7290116530161,false,PINUK LIQUID LAVENDER VANILLA 12X700 ML,"יוניליוור ישראלשיווק בע""מ",,,יח,7,"ל 100 מ""ל",false,1,10.90,1.56,false,1,
7290116530215,false,AXE APOLLO STICK 12X76GR,"יוניליוור ישראלשיווק בע""מ",,,יח,0.76,"ל 100 מ""ל",false,1,21.90,28.82,false,1,
7290116530239,false,AXE APOLLO STICK 12X76GR,"יוניליוור ישראלשיווק בע""מ",,,יח,77,"ל 100 מ""ל",false,1,21.90,0.28,false,1,
7290116530482,false,מאגדת קורנפלקס אלופים5*30ג`*,"יוניליוור ישראלשיווק בע""מ",,,יח,1.50,ל 100 גרם,false,1,10.90,7.27,false,1,
7290116530871,false,נשנושים מיקס 240ג *,"יוניליוור ישראלשיווק בע""מ",,,יח,2.40,ל 100 גרם,false,1,11.90,4.96,false,1,
7290116531021,false,שוקולד חלב 100 ג`ורד הגליל*,"יוניליוור ישראלשיווק בע""מ",,,יח,1,ל 100 גרם,false,1,4.90,4.90,false,1,
7290116531090,false,דג דג במליחות מעודנת 250 גרם*,"יוניליוור ישראלשיווק בע""מ",,,יח,2.50,ל 100 גרם,false,1,9.90,3.96,false,1,
7290116531243,false,פינוק שמפו ומרכך 2ב -1למניעת קשקשים*,"יוניליוור ישראלשיווק בע""מ",,,יח,7,"ל 100 מ""ל",false,1,11.90,1.70,false,1,
7290116531496,false,TELMA CCMANGRAIN PITSPUTSIM BDZ 12X500G,"יוניליוור ישראלשיווק בע""מ",,,יח,3.75,ל 100 גרם,false,1,19.90,5.31,false,1,
7290116531557,false,BADIN WHITE 4L 2003 LAUNCH,"יוניליוור ישראלשיווק בע""מ",,,יח,40,"ל 100 מ""ל",false,1,9.90,0.25,false,1,
7290116531564,false,BADIN WHITE 4L 2003 LAUNCH,"יוניליוור ישראלשיווק בע""מ",,,יח,40,"ל 100 מ""ל",false,1,9.90,0.25,false,1,
7290116531571,false,CIF WC THICK BLEACH FINE 750ML,"יוניליוור ישראלשיווק בע""מ",,,יח,7.50,"ל 100 מ""ל",false,1,7.90,1.05,false,1,
7290116531595,false,CIF WC THICK BLEACH FINE 750ML,"יוניליוור ישראלשיווק בע""מ",,,יח,7.50,"ל 100 מ""ל",false,1,7.90,1.05,false,1,
7290116531793,false,HELLAMNN`S FOR SALADS 1000ISLANDS LITE,"יוניליוור ישראלשיווק בע""מ",,,יח,2.95,ל 100 גרם,false,12,9.90,3.36,false,1,
7290116532011,false,KLIK IN OUT BAR FILLED WITH MILK CREAM,"יוניליוור ישראלשיווק בע""מ",,,יח,0.35,ל 100 גרם,false,1,3.90,11.14,false,1,
7290116532264,false,מאגדת גודיז לייט אפרסק מאגדת 5 יח`,"גלידת שטראוס בע""מ",,,יח,2.40,"ל 100 מ""ל",false,1,27.90,11.63,false,1,
7290116532486,false,גלידה קליק מלא כדורים,"גלידת שטראוס בע""מ",,,יח,5.20,לליטר,false,1,19.90,3.83,false,1,
7290116532868,false,"פינוק שמפו בייבי 900 מ""ל*","יוניליוור ישראלשיווק בע""מ",,,יח,9,"ל 100 מ""ל",false,1,18.90,2.10,false,1,
7290116532875,false,"פינוק סבון נוזלי בייבי 900 מ""ל*","יוניליוור ישראלשיווק בע""מ",,,יח,9,"ל 100 מ""ל",false,1,18.90,2.10,false,1,
7290116532882,false,נשנושים אייר ביס בצל 155 גר`*,"יוניליוור ישראלשיווק בע""מ",,,יח,2.60,ל 100 גרם,false,1,11.90,4.58,false,1,
7290116532899,false,נשנושים אייר ביס פלאפל 155 גר`*,"יוניליוור ישראלשיווק בע""מ",,,יח,2.60,ל 100 גרם,false,1,11.90,4.58,false,1,
7290116532905,false,נשנושים אייר ביס ברביקיו 155 גר`*,"יוניליוור ישראלשיווק בע""מ",,,יח,2.60,ל 100 גרם,false,1,11.90,4.58,false,1,
7290116533230,false,TELMA GLUTEN FREE BRANFLAKES 8X375G,"יוניליוור ישראלשיווק בע""מ",,,יח,5,ל 100 גרם,false,1,19.90,3.98,false,1,
7290116851372,false,כף אשפה קטן ע. הבית,עולם הבית,,,יח,1,,false,1,5.90,5.90,false,1,
7290116851754,false,"מגב להב גומי 40 ס""מ ע. הבית",עולם הבית,,,יח,1,,false,1,36.90,36.90,false,1,
7290116930176,false,"חלב 2% שומן בד""צ פרויקט מידל",תנובה -חלב,,,יח,10,"ל 100 מ""ל",false,1,5.90,0.59,false,1,
7290116930244,false,"מארז יוגורט תנובה 1.5% בד""צ",תנובה -חלב,,,יח,8,למארז,false,1,16.10,2.01,false,1,
7290116930282,false,ארוחה בקטנה לאבנה עם קרקרים,תנובה -חלב,,,יח,1.50,"ל 100 מ""ל",false,1,7.20,4.80,false,1,
7290116930435,false,יוגורט גו סמיך 0% דובדבן,תנובה -חלב,,,יח,2,"ל 100 מ""ל",false,1,5.50,2.75,false,1,
7290116930459,false,יופלה SHAKE . בננה . אננס . קוקוס,תנובה -חלב,,,יח,2.30,"ל 100 מ""ל",false,1,7.60,3.30,false,1,
7290116930466,false,יופלה SHAKE מנגו . בננה קיווי . תפ,תנובה -חלב,,,יח,2.30,"ל 100 מ""ל",false,1,7.60,3.30,false,1,
7290116930480,false,יופלה SHAKE בננה . קיווי . תפוח,תנובה -חלב,,,יח,2.30,"ל 100 מ""ל",false,1,7.60,3.30,false,1,
7290116930626,false,ארוחה בקטנה ציזיקי עם קרקרים,תנובה -חלב,,,יח,1.50,"ל 100 מ""ל",false,1,7.20,4.80,false,1,
7290116930701,false,מעדן חלב גו טעם קרמל מלוח 120 גר`,תנובה -חלב,,,יח,1.20,"ל 100 מ""ל",false,1,4.50,3.75,false,1,
7290116930718,false,קרלו מעדן תנובה דיאט קרמל מלוח,תנובה -חלב,,,יח,1.50,"ל 100 מ""ל",false,1,3.90,2.60,false,1,
7290116930725,false,מעדן סויה קוקוס,תנובה -חלב,,,יח,2,"ל 100 מ""ל",false,1,4.30,2.15,false,1,
7290116930954,false,יופלה בטעם פאי תפוחים 3%,תנובה -חלב,,,יח,1.50,"ל 100 מ""ל",false,1,4.90,3.27,false,1,
7290116931081,false,מעדן סויה ט. טופי קרמל,תנובה -חלב,,,יח,1.25,"ל 100 מ""ל",false,1,3.90,3.12,false,1,
7290116931241,false,קוטג תנובה 12% שומן,תנובה -חלב,,,יח,2.50,ל 100 גרם,false,1,6.50,2.60,false,1,
7290116931289,false,יוגורט גו סמיך אלפחורס,תנובה -חלב,,,יח,2,"ל 100 מ""ל",false,1,5.50,2.75,false,1,
7290116931463,false,מאגדת צפתית 2* 200 גרק,תנובה -חלב,,,יח,4,ל 100 גרם,false,1,23.90,5.98,false,1,
7290117030172,false,"צלחת גדול ""9 האומן"" לבן+זהב""שווה""*",ווינפאק סחר בעמ,,,יח,10,יח,false,1,22.90,2.29,false,1,
7290117030219,false,"צלחת ענק ""10.25 האומן"" לבן+זהב""שווה""*",ווינפאק סחר בעמ,,,יח,10,יח,false,1,26.90,2.69,false,1,
7290117030233,false,"צלחת ענק ""10.25 האומן"" שחור+זהב""שווה""",ווינפאק סחר בעמ,,,יח,10,יח,false,1,26.90,2.69,false,1,
7290117030264,false,"מרקיה""האומן"" 10יח שחור+כסף""שווה""*",ווינפאק סחר בעמ,,,יח,10,יח,false,10,15.90,1.59,false,1,
7290117030363,false,"כוסות מעוטרות ""האומן"" 40יח ""שווה""*",ווינפאק סחר בעמ,,,יח,40,יח,false,1,8.90,0.22,true,1,
7290117030530,false,"אשפתון גופיה נשלף אחד אחד XL ""שווה""",ווינפאק סחר בעמ,,,יח,25,יח,false,1,16.90,0.68,true,1,
7290117030752,false,תבניות ארוז *7 (R31/105) מרובעות שווה,אופל אריזות בעמ,,,יח,10,יח,false,1,6.20,0.62,true,1,
7290117030769,false,תבניות ארוז (R2/90)*7 מלבן ארוך שווה ח,ווינפאק סחר בעמ,,,יח,7,יח,false,1,6.20,0.89,true,1,
7290117030776,false,תבניות ארוז מלבן עמוק *7 (R64/80A) שוו,ווינפאק סחר בעמ,,,יח,7,יח,false,1,6.20,0.89,true,1,
7290117030783,false,תבניות ארוז *4 (R99/210) ענקיות חדש ש,ווינפאק סחר בעמ,,,יח,4,יח,false,1,6.20,1.55,true,1,
7290117030790,false,תבניות ארוז *10 R88 אינגליש שווה חדש,ווינפאק סחר בעמ,,,יח,10,יח,false,1,6.20,0.62,true,1,
7290117030806,false,תבניות ארוז *10 טוסטר (R29 B8) שווה חד,ווינפאק סחר בעמ,,,יח,10,יח,false,1,6.20,0.62,true,1,
7290117030813,false,תבניות ארוז *4 C60 עגול עמוק שווה חדש,ווינפאק סחר בעמ,,,יח,4,יח,false,1,6.20,1.55,true,1,
7290117030820,false,תבניות ארוז *4 C10 עגול גדול שווה חדש,ווינפאק סחר בעמ,,,יח,4,יח,false,1,6.20,1.55,true,1,
7290117030837,false,תבניות ארוז *10 אינגליש קצר שווה חדש*,ווינפאק סחר בעמ,,,יח,10,יח,false,1,6.20,0.62,true,1,
7290117030929,false,תבניות מרובעות R31 ארוז 10 יח`HAREL,אופל אריזות בעמ,,,יח,1,יח,false,1,8.90,8.90,true,1,
7290117030936,false,תבניות מלבניות R2 ארוז 10 יח`HAREL,אופל אריזות בעמ,,,יח,1,יח,false,1,8.90,8.90,true,1,
7290117030967,false,תבניות R88 אינגליש קייק HAREL*,אופל אריזות בעמ,,,יח,1,יח,false,1,8.90,8.90,true,1,
7290117031001,false,כפפות ניטריל סינטטי S כחול 80יח שווה*,חביב את פרנק בעמ (לוגיסטי ),,,יח,80,יח,false,10,18.90,0.24,false,1,
7290117031056,false,צלחות דקל מרובעות גדולות 10 יח`שווה*,אפולו נציגויות בעמ,,,יח,10,יח,false,1,14.90,1.49,true,1,
7290117031070,false,צלחות מלבניות עלי דקל 10 יח`שווה*,אפולו נציגויות בעמ,,,יח,10,יח,false,12,17.90,1.79,true,1,
7290117031469,false,"כיסוי ניילון למזון חתוך""שווה""* 30יח`*",GG.M ENTERPRISE,,,יח,24,יח,false,1,7.90,0.33,false,1,
7290117031483,false,"ספוגית הפלא נירוסטה 4 יח` ""שווה""*",GG.M ENTERPRISE,,,יח,4,למארז,false,1,9.90,2.48,false,1,
7290117031506,false,כוסות נייר 40 יחי` 8B שרול שקוף (25בק,GG.M ENTERPRISE,,,יח,40,יח,false,1,6.90,0.17,true,1,
7290117031513,false,כוסות נייר גודל 10 שווה 40 יח (25 בקרט,GG.M ENTERPRISE,,,יח,40,יח,false,1,11.90,0.30,false,1,
7290117031537,false,כוסות נייר גודל 16 שווה 40 יח (25 בקר,GG.M ENTERPRISE,,,יח,40,יח,false,1,17.90,0.45,false,1,
7290117031544,false,כוסות נייר גודל 4 שווה 40 יח (25 בקר,GG.M ENTERPRISE,,,יח,40,יח,false,1,5.90,0.15,false,1,
7290117031551,false,כוסות נייר גודל 2.5 שווה 40 יח (25 בקר,GG.M ENTERPRISE,,,יח,40,יח,false,1,4.90,0.12,false,1,
7290117031797,false,"צלחת בינוני""חושן"" 8יח פנינה שווה*",ווינפאק סחר בעמ,,,יח,10,למארז,false,1,9.90,0.99,false,1,
7290117031803,false,"צלחת בינוני""חושן"" 8יח שחור שווה*",ווינפאק סחר בעמ,,,יח,8,למארז,false,1,9.90,1.24,false,1,
7290117031810,false,"צלחת גדולה""חושן"" 8יח לבן שווה חדש*",ווינפאק סחר בעמ,,,יח,8,למארז,false,1,14.90,1.86,false,1,
7290117031827,false,"צלחת גדולה""חושן"" 8יח שקוף שווה חדש*",ווינפאק סחר בעמ,,,יח,8,למארז,false,1,14.90,1.86,false,1,
7290117031841,false,"צלחת גדולה""חושן"" 8יח שחור שווה חדש*",ווינפאק סחר בעמ,,,יח,8,למארז,false,1,14.90,1.86,false,1,
7290117031858,false,"צלחת ענקית""חושן"" 8יח לבן שווה חדש*",ווינפאק סחר בעמ,,,יח,8,למארז,false,1,19.90,2.49,false,1,
7290117031865,false,"צלחת ענקית""חושן"" 8יח שקוף שווה חדש*",ווינפאק סחר בעמ,,,יח,8,למארז,false,1,19.90,2.49,false,1,
7290117031872,false,"צלחת ענקית""חושן"" 8יח פנינה שווה חדש*",ווינפאק סחר בעמ,,,יח,8,למארז,false,1,19.90,2.49,false,1,
7290117031889,false,"צלחת ענקית""חושן"" 8יח שחור שווה חדש*",ווינפאק סחר בעמ,,,יח,8,למארז,false,12,19.90,2.49,false,1,
7290117032008,false,מזלגות איכותים 40יח קרם שווה*,ווינפאק סחר בעמ,,,יח,40,יח,false,1,5.90,0.15,false,1,
7290117032015,false,מזלגות איכותים 40יח שקוף שווה *,ווינפאק סחר בעמ,,,יח,40,יח,false,1,5.90,0.15,false,1,
7290117032022,false,מזלגות איכותים 40יח צבעוני שווה*,ווינפאק סחר בעמ,,,יח,40,יח,false,1,5.90,0.15,false,1,
7290117032039,false,סכינים איכותיות 40יח קרם שווה*,ווינפאק סחר בעמ,,,יח,40,יח,false,1,5.90,0.15,false,1,
7290117032060,false,כפות איכותיות 40יח קרם שווה*,ווינפאק סחר בעמ,,,יח,50,יח,false,1,5.90,0.12,false,1,
7290117032077,false,כפות איכותיות 40יח שקוף שווה*,ווינפאק סחר בעמ,,,יח,40,יח,false,1,5.90,0.15,false,1,
7290117032091,false,כפיות איכותיות 40יח קרם שווה*,ווינפאק סחר בעמ,,,יח,40,יח,false,1,5.90,0.15,false,1,
7290117032107,false,כפיות איכותיות 40יח שקוף שווה*,ווינפאק סחר בעמ,,,יח,40,יח,false,1,5.90,0.15,false,1,
7290117032565,false,מרקיות לבן אריזה משפחתית 70יח שווה*,ווינפאק סחר בעמ,,,יח,75,למארז,false,1,19.90,0.27,false,1,
7290117033005,false,מארז פופקורן למיקרו מלח 5*100 ג`שווה*,AST Popcorn Ltd,,,יח,5,ל 100 גרם,false,1,10.90,2.18,true,1,
7290117033012,false,מארז פופקורן למיקרו חמאה 5*100 ג`שווה*,AST Popcorn Ltd,,,יח,5,ל 100 גרם,false,1,10.90,2.18,true,1,
7290117033029,false,מארז פופקורן למיקרו לייט 5*85 ג`שווה*,AST Popcorn Ltd,,,יח,4.25,ל 100 גרם,false,1,10.90,2.56,true,1,
7290117033036,false,"דלי לפופקורן 2.8ליטר ""שווה""*",HUBEI G YOUNG CO LTD,,,יח,1,למארז,false,1,8.90,8.90,false,1,
7290117090183,false,חנוכיה מוזהבת 29*31 להבה,אבי מתנות בעמ,,,יח,1,,false,1,169.90,169.90,false,1,
7290117091364,false,כיסוי לפלטה רקמה זהב לשבת,אבי מתנות בעמ,,,יח,1,,false,1,59.90,59.90,false,1,
7290117260074,false,שעועית ירוקה חתוכה מוקפאת 800 גר`,ג.וילי פוד בעמ,,,יח,8,ל 100 גרם,false,1,6.90,0.86,false,1,
7290117260562,false,חמאה בגביע 225 גר`,ג.וילי פוד בעמ,,,יח,2.25,ל 100 גרם,false,1,16.90,7.51,false,1,
7290117260920,false,קרקרים ללא גלוטן,ג.וילי פוד בעמ,,,יח,1.25,ל 100 גרם,false,1,9.90,7.92,true,1,
7290117261101,false,זוג קינוחים בטעם שוקולד ואגוזי לוז,ג.וילי פוד בעמ,,,יח,1.40,"ל 100 מ""ל",false,1,10.90,7.79,false,1,
7290117261521,false,סלמון אטלנטי בשמן קנולה 120 גר`,ג.וילי פוד בעמ,,,יח,1.20,ל 100 גרם,false,1,11.50,9.58,true,1,
7290117261569,false,סלמון אטלנטי מעושן בשמן קנולה,ג.וילי פוד בעמ,,,יח,1.20,ל 100 גרם,false,1,11.50,9.58,true,1,
7290117262290,false,פרלינים אגוזים במילוי פצפוצי דגנים,ג.וילי פוד בעמ,,,יח,0.50,ל 100 גרם,false,1,4.90,9.80,true,1,
7290117262306,false,קורנפלקס מצופים שוקולד חלב,ג.וילי פוד בעמ,,,יח,0.50,ל 100 גרם,false,1,4.90,9.80,true,1,
7290117262313,false,פיצפוצי דגנים פריכים מצופים שוקולד חל,ג.וילי פוד בעמ,,,יח,0.50,ל 100 גרם,false,1,4.90,9.80,true,1,
7290117262320,false,בסקוויט מצופה שוקולד חלב,ג.וילי פוד בעמ,,,יח,0.40,ל 100 גרם,false,1,4.90,12.25,true,1,
7290117380185,false,סוויט פוף שוקולד חלב ולבן,ש.שסטוביץ בעמ,,,יח,0.50,ל 100 גרם,false,1,5.90,11.80,false,1,
7290117380857,false,סלים דליס פייבר- עוגות אישיות ט. לימ,ש.שסטוביץ בעמ,,,יח,1.25,ל 100 גרם,false,1,9.90,7.92,false,1,
7290117380871,false,סלים דליס פייבר- עוגות אישיות ט. אוכ,ש.שסטוביץ בעמ,,,יח,1.25,ל 100 גרם,false,1,9.90,7.92,false,1,
7290117382318,false,סלים דליס חטיף חלבון מצופה ש. מריר,ש.שסטוביץ בעמ,,,יח,0.60,ל 100 גרם,false,1,11.90,19.83,false,1,
7290117382325,false,סלים דליס פרו חטיף חלבון מצופה,ש.שסטוביץ בעמ,,,יח,0.60,ל 100 גרם,false,1,11.90,19.83,false,1,
7290117382332,false,סלים דליס פרו חטיף חלבון מצופה ט. עוג,ש.שסטוביץ בעמ,,,יח,0.60,ל 100 גרם,false,1,11.90,19.83,false,1,
7290117760826,false,כפפות ניטריל כחול M פרפקטמדיק 100 יח*,ווינפאק סחר בעמ,,,יח,100,יח,false,1,24.90,0.25,false,1,
7290117860038,false,תחליב רחצה הוואי בניחוח אוכמניות,"הנקל סוד בע""מ",,,יח,7,"ל 100 מ""ל",false,1,14.90,2.13,true,1,
7290117860045,false,הוואי שמפו מטפח לש. רגיל,"הנקל סוד בע""מ",,,יח,7,"ל 100 מ""ל",false,1,14.90,2.13,true,1,
7290117860090,false,הוואי מרכך מטפח לשיער רגיל,"הנקל סוד בע""מ",,,יח,7,"ל 100 מ""ל",false,1,14.90,2.13,true,1,
7290117860144,false,הוואי שמפו למניעת קשקשים,"הנקל סוד בע""מ",,,יח,7,"ל 100 מ""ל",false,1,14.90,2.13,true,1,
7290117860182,false,תחליב רחצה הוואי יוגורט בניחוח שמן שק,"הנקל סוד בע""מ",,,יח,7,"ל 100 מ""ל",false,1,14.90,2.13,true,1,
7290117860199,false,הוואי שמפו מעניק לחות לש. יבש,"הנקל סוד בע""מ",,,יח,7,"ל 100 מ""ל",false,1,14.90,2.13,true,1,
7290117860236,false,קרם רחצה הוואי בניחוח ויולה ורודה,"הנקל סוד בע""מ",,,יח,7,"ל 100 מ""ל",false,1,14.90,2.13,true,1,
7290117860243,false,הוואי מרכך מעניק לחות יבש,"הנקל סוד בע""מ",,,יח,7,"ל 100 מ""ל",false,1,14.90,2.13,true,1,
7290117860298,false,הוואי שמפו קרטין מחזק,"הנקל סוד בע""מ",,,יח,7,"ל 100 מ""ל",false,1,14.90,2.13,true,1,
7290117860335,false,ג`ל רחצה הוואי לגבר בניחוח מעורר,"הנקל סוד בע""מ",,,יח,7,"ל 100 מ""ל",false,1,14.90,2.13,true,1,
7290117860342,false,הוואי מרכך קרטין מחזק,"הנקל סוד בע""מ",,,יח,7,"ל 100 מ""ל",false,1,14.90,2.13,true,1,
7290117860397,false,הוואי שמפו פריחת הדובדבן,"הנקל סוד בע""מ",,,יח,7,"ל 100 מ""ל",false,1,14.90,2.13,true,1,
7290117860540,false,הוואי שמפו עדין לילדים,"הנקל סוד בע""מ",,,יח,7,"ל 100 מ""ל",false,1,14.90,2.13,true,1,
7290117860595,false,הוואי מרכך מתיר קשרים לילדים,"הנקל סוד בע""מ",,,יח,7,"ל 100 מ""ל",false,1,14.90,2.13,true,1,
7290117860649,false,הוואי שמפו ללא סולפטים,"הנקל סוד בע""מ",,,יח,7,"ל 100 מ""ל",false,1,14.90,2.13,true,1,
7290117860694,false,הוואי מרכך ללא סופלטים,"הנקל סוד בע""מ",,,יח,7,"ל 100 מ""ל",false,1,14.90,2.13,true,1,
7290117860748,false,הוואי שמפו מעניק נפח,"הנקל סוד בע""מ",,,יח,7,"ל 100 מ""ל",false,1,14.90,2.13,true,1,
7290117860793,false,הוואי מרכך מעניק נפח,"הנקל סוד בע""מ",,,יח,7,"ל 100 מ""ל",false,1,14.90,2.13,true,1,
7290117860847,false,הוואי שמפו 4 ב -1לגבר,"הנקל סוד בע""מ",,,יח,7,"ל 100 מ""ל",false,1,14.90,2.13,true,1,
7290117860892,false,תחליב רחצה הוואי יוגורט בניחוח ו ניל,"הנקל סוד בע""מ",,,יח,7,"ל 100 מ""ל",false,1,14.90,2.13,true,1,
7290117860946,false,תחליב רחצה הוואי יוגורט בניחוח קוק,"הנקל סוד בע""מ",,,יח,7,"ל 100 מ""ל",false,1,14.90,2.13,true,1,
7290117860991,false,תחליב רחצה הוואי בניחוח שקדים,"הנקל סוד בע""מ",,,יח,7,"ל 100 מ""ל",false,1,14.90,2.13,true,1,
7290118420071,false,במבה ביסלי ברבקיו מיקס,קבוצת אוסם סחר שותפות מוגבלת,,,יח,0.60,ל 100 גרם,false,1,3.90,6.50,true,1,
7290118420378,false,אוסם פתיבר תותחם בשמנת,קבוצת אוסם סחר שותפות מוגבלת,,,יח,1.80,ל 100 גרם,false,1,12.90,7.17,true,1,
7290118420477,false,בייגלה שטוחים ט. ביסלי בצל,קבוצת אוסם סחר שותפות מוגבלת,,,יח,3,ל 100 גרם,false,1,9.90,3.30,false,1,
7290118420514,false,פודינג ט. נוגט,קבוצת אוסם סחר שותפות מוגבלת,,,יח,0.76,ל 100 גרם,false,1,5.10,6.71,true,1,
7290118820086,false,שיפודי שייטל+שומן 4 שיפודים,אחים דובקין בעמ,,,יח,2.30,יח,false,1,49,21.30,false,1,
7290118820406,false,דנבר סטייק אנגוס בקר טרי 3 יח`,אחים דובקין בעמ,,,יח,3.80,יח,false,1,69,18.16,false,1,
7290118820413,false,דנבר סטייק אנגוס בקר טרי,אחים דובקין בעמ,,,יח,2.50,יח,false,1,49,19.60,false,1,
7290118820543,false,שיפודי אנטריקוט עגלה 6 שיפודים,אחים דובקין בעמ,,,יח,3,יח,false,1,79,26.33,false,1,
7290118820574,false,נשנושי אסאדו עגלה טרי,אחים דובקין בעמ,,,יח,3.50,יח,false,1,39,11.14,false,1,
7290118820710,false,אנטריקוט עגלה 2 סטייק,אחים דובקין בעמ,,,יח,4,יח,false,1,95,23.75,false,1,
7290118820734,false,נתח קצבים משופד טרי 4 שיפודים,אחים דובקין בעמ,,,יח,2,יח,false,1,59,29.50,false,1,
7290118820796,false,סטייק פקנייה אנגוס 2 יחידה,אחים דובקין בעמ,,,יח,3,יח,false,1,69,23,false,1,
7290118820819,false,סינטה עגלה 2 סטקים,אחים דובקין בעמ,,,יח,2,יח,false,1,69,34.50,false,1,
7291044045826,false,פלטת שבת 6סירים 70*45,סמיקום לקסיס בעמ,,,יח,1,יח,false,1,220,220,false,1,
7291044091304,false,מיקסר יד חשמל 250W,סמיקום לקסיס בעמ,,,יח,1,יח,false,1,120,120,false,1,
7296021116322,false,ספל טרמי R 40 נעמן,אקסטרה ריטייל גרופ בעמ,,,יח,1,,false,1,16.90,16.90,false,1,
7296049014563,false,קוברה מתקן כביסה חשמלי,אוהב ציון בעמ,,,יח,1,,false,1,450,450,false,1,
7296049015980,false,"קוברה פינג`אן 800 מ""ל",אוהב ציון בעמ,,,יח,1,,false,1,17.90,17.90,false,1,
7296049022513,false,בוס מצנם 2 פרוסות נירוסטה,אוהב ציון בעמ,,,יח,1,,false,1,110,110,false,1,
7296049222944,false,קנקן תה זכוכית 2 ליטר,אוהב ציון בעמ,,,יח,1,,false,1,39.90,39.90,false,1,
7296049259131,false,דן סט 3 קערות פלסטיק 24/32,אוהב ציון בעמ,,,יח,1,,false,1,12.90,12.90,false,1,
7296058000526,false,פרכיות כוסמת 130ג פרח*,פרח תעשיות מזוןבעמ,,,יח,1,יח,false,1,6.30,6.30,false,1,
7296058110010,false,פרכיות אורז 110ג פרח*,פרח תעשיות מזוןבעמ,,,יח,1,,false,1,4.50,4.50,true,1,
7296146077775,false,פתילונים משושים*,מיכאל עודד,,,יח,1,,false,1,3.50,3.50,false,1,
7296155150148,false,"מסנן בד""צ קטן",אושר א.א יבוא ושיווק כלי בית ב,,,יח,1,,false,1,17.90,17.90,false,1,
7297070000051,false,גרבי ברך דינמו,אחים וייס י.ש.י.ייצור ושווק בע,,,יח,1,,false,1,12.90,12.90,false,1,
7297070000327,false,גרבי דונה 20 ירך נשים,אחים וייס י.ש.י.ייצור ושווק בע,,,יח,1,,false,1,12.90,12.90,false,1,
7297070000334,false,גרבי לונג דונה ירך,אחים וייס י.ש.י.ייצור ושווק בע,,,יח,1,,false,1,14.90,14.90,false,1,
7297070000341,false,גלוריה גרבי ברך 20 ליקרה,אחים וייס י.ש.י.ייצור ושווק בע,,,יח,1,,false,1,9.90,9.90,false,1,
7297070000358,false,קרנה ברך 40 לייקרה,אחים וייס י.ש.י.ייצור ושווק בע,,,יח,1,,false,1,10.50,10.50,false,1,
7297070001010,false,פטריציה גרבי ברך נשים,אחים וייס י.ש.י.ייצור ושווק בע,,,יח,1,,false,1,6.90,6.90,false,1,
7297070001225,false,בוניטה גרבי מכנס נשים,אחים וייס י.ש.י.ייצור ושווק בע,,,יח,1,,false,1,11.90,11.90,false,1,
7297070001232,false,ג`יסיקה גרבי מכנס נשים,אחים וייס י.ש.י.ייצור ושווק בע,,,יח,1,,false,1,13.90,13.90,false,1,
7297070001249,false,ויאולה גרבי מכנס נשים,אחים וייס י.ש.י.ייצור ושווק בע,,,יח,1,,false,1,14.90,14.90,false,1,
7297070001287,false,דונליט גרבי גברים,אחים וייס י.ש.י.ייצור ושווק בע,,,יח,1,,false,1,11.90,11.90,false,1,
7297070001294,false,פיונה גרבי נשים עקביות,אחים וייס י.ש.י.ייצור ושווק בע,,,יח,1,,false,1,11.90,11.90,false,1,
7297070001669,false,לורה תחתון בנות X5,אחים וייס י.ש.י.ייצור ושווק בע,,,יח,1,,false,1,22.90,22.90,false,1,
7297070001829,false,תחתון נשים X5,אחים וייס י.ש.י.ייצור ושווק בע,,,יח,1,,false,1,33.90,33.90,false,1,
7297174000544,false,תחתון גבר,אחים וייס י.ש.י.ייצור ושווק בע,,,יח,1,,false,1,12.50,12.50,false,1,
7297395000026,false,בדי בדיקה שלישיות,חן המעיין בעמ,,,יח,1,,false,1,13.90,13.90,false,1,
7297395000040,false,טהרה סריג גמיש,חן המעיין בעמ,,,יח,1,,false,1,6.90,6.90,false,1,
7297594068452,false,חנוכית קריסטל רגל מתכת זהב,מ.י.ד גוליאן בעמ,,,יח,1,,false,1,89.90,89.90,false,1,
7297594068490,false,.חנוכית קריסטל רגל מתכת זהב,מ.י.ד גוליאן בעמ,,,יח,1,,false,1,69.90,69.90,false,1,
7297594070455,false,|צנצנת זכוכית מכסה מתכת,מ.י.ד גוליאן בעמ,,,יח,1,,false,1,18.90,18.90,false,1,
7297594078512,false,חנוכיה מתכת בציפוי כרום כסןף)(202925,מ.י.ד גוליאן בעמ,,,יח,1,,false,1,399,399,false,1,
7312040017683,false,וודקה אבסלוט 700,טמפו משקאות בעמ,,,יח,7,"ל 100 מ""ל",false,1,69.90,9.94,true,1,
7501013101393,false,ג`ומקס משקה אננס,טמפו משקאות בעמ,,,יח,4.73,"ל 100 מ""ל",false,1,9.20,1.88,true,1,
7501013122114,false,ג`ומקס נקטר אננס נקטר,טמפו משקאות בעמ,,,יח,10,"ל 100 מ""ל",false,1,9.20,0.89,false,1,
7501049936945,false,"בירה סול שישיה 330 מ""ל",טמפו משקאות בעמ,,,יח,1.98,יח,false,1,39.90,19.24,true,1,
7501064191466,false,"שישית בירה קרונה 355 מ""ל",תימקו בירה בעמ,,,יח,20,"ל 100 מ""ל",false,1,36.90,1.76,true,1,
7509546666846,false,קולגייט טואטאל פחם 75 גר`,ש.שסטוביץ בעמ,,,יח,0.75,ל 100 גרם,false,1,19.90,26.53,false,1,
7509546678702,false,קולגייט טוטל משחת שיניים אנטי טרטר,ש.שסטוביץ בעמ,,,יח,1,"ל 100 מ""ל",false,1,16.90,16.90,true,1,
7610113011652,false,בקרדי בריזר תפוח,טמפו משקאות בעמ,,,יח,2.75,"ל 100 מ""ל",false,1,13.40,4.76,true,1,
7610243004463,false,"דורגול מרסס 500 מ""ל","יעקב יעקבי ובניו בע""מ",,,יח,5,"ל 100 מ""ל",false,1,20.90,4.18,false,1,
7613030979647,false,טריקס 480גר`,קבוצת אוסם סחר שותפות מוגבלת,,,יח,4.80,ל 100 גרם,false,1,23.90,4.98,true,1,
7613032045753,false,פיטנס שוקולד 375,קבוצת אוסם סחר שותפות מוגבלת,,,יח,3.75,ל 100 גרם,false,1,19.90,5.31,true,1,
7613033548192,false,פינטס שוקולד מריר ק,קבוצת אוסם סחר שותפות מוגבלת,,,יח,3.75,ל 100 גרם,false,1,19.90,5.31,true,1,
7613035809109,false,פרפקטו רוטב לעגבניות ובזיליקום,קבוצת אוסם סחר שותפות מוגבלת,,,ל 100 גרם,4,ל 100 גרם,false,1,9.90,2.48,true,1,
7613035809123,false,פרפקטו רוטב לעגבניות ופלפלים,קבוצת אוסם סחר שותפות מוגבלת,,,ל 100 גרם,4,ל 100 גרם,false,1,9.90,2.48,true,1,
7613035809857,false,פרפקטו רוטב לעגבניות לפסטה,קבוצת אוסם סחר שותפות מוגבלת,,,ל 100 גרם,4,ל 100 גרם,false,1,9.90,2.48,true,1,
7613036105545,false,דוגלי גזע קטן 3 קג,קבוצת אוסם סחר שותפות מוגבלת,,,יח,30,ל 100 גרם,false,1,47.90,1.60,false,1,
7613036105637,false,"דוגלי בשר ועוף 12 ק""ג",קבוצת אוסם סחר שותפות מוגבלת,,,יח,12,"לק""ג",false,1,109,9.08,false,1,
7613036737623,false,קרנץ מקס 410 גר`,קבוצת אוסם סחר שותפות מוגבלת,,,יח,4.80,ל 100 גרם,false,1,21.90,4.56,true,1,
7613036760195,false,קפסולות נס קפה דולצ`ה גוסטו אספרסו,קבוצת אוסם סחר שותפות מוגבלת,,,יח,2.16,ל 100 גרם,false,1,28.90,13.38,false,1,
7613037686906,false,פיטנס שקדים ודבש,קבוצת אוסם סחר שותפות מוגבלת,,,יח,3.35,ל 100 גרם,false,1,19.90,5.94,true,1,
7613038268262,false,דגני ציריוס מופחת סוכר 410 ג`,קבוצת אוסם סחר שותפות מוגבלת,,,יח,4.10,ל 100 גרם,false,1,19.90,4.85,true,1,
7613039547632,false,גרבר מחית תפוח בננה פאוץ,קבוצת אוסם סחר שותפות מוגבלת,,,יח,0.90,ל 100 גרם,false,1,5.90,6.56,true,1,
7613039879382,false,גרבר מחית תפוח עץ,קבוצת אוסם סחר שותפות מוגבלת,,,יח,1.90,ל 100 גרם,false,1,5.90,3.11,true,1,
7613039880807,false,גרבר מחית תפוח וגזר 190,קבוצת אוסם סחר שותפות מוגבלת,,,יח,1.90,ל 100 גרם,false,1,5.90,3.11,true,1,
7613039881521,false,גרבר מחית מנגו 190,קבוצת אוסם סחר שותפות מוגבלת,,,יח,1.90,ל 100 גרם,false,1,5.90,3.11,true,1,
7613039881965,false,גרבר מחית תפוח מנגו 190,קבוצת אוסם סחר שותפות מוגבלת,,,יח,1.90,ל 100 גרם,false,1,5.90,3.11,true,1,
7613287155863,false,גרבר מחית פאוץ אגס,קבוצת אוסם סחר שותפות מוגבלת,,,יח,0.90,ל 100 גרם,false,1,5.90,6.56,true,1,
7613287155894,false,גרבר מחית פאוץ,קבוצת אוסם סחר שותפות מוגבלת,,,יח,0.90,ל 100 גרם,false,1,5.90,6.56,true,1,
7613287181411,false,ויטמינצ יק סלט פירות 110 גר`,קבוצת אוסם סחר שותפות מוגבלת,,,יח,1,"ל 100 ס""מ",false,1,5.90,5.90,true,1,
7613287182357,false,ויטמינצ יק פירות יער 110 גר`,קבוצת אוסם סחר שותפות מוגבלת,,,יח,1,"ל 100 ס""מ",false,1,5.90,5.90,true,1,
7613287182425,false,ויטמינצ יק תפוח בננה ותות 110 גר`,קבוצת אוסם סחר שותפות מוגבלת,,,יח,1,"ל 100 ס""מ",false,1,5.90,5.90,true,1,
7613287182456,false,ויטמינצ יק אגס תפוח בננה 110 גר`,קבוצת אוסם סחר שותפות מוגבלת,,,יח,1,"ל 100 ס""מ",false,1,5.90,5.90,true,1,
7613287302373,false,קפסולות סטארבקס איטליאן,קבוצת אוסם סחר שותפות מוגבלת,,,ל 100 גרם,6.84,ל 100 גרם,false,1,22.90,3.35,true,1,
7613287325853,false,רוטב ספייסי איולי לחיץ אוסם,קבוצת אוסם סחר שותפות מוגבלת,,,יח,2.95,"ל 100 מ""ל",false,1,15.90,5.39,true,1,
7613287325952,false,רוטב ברבקיו לחיץ אוסם,קבוצת אוסם סחר שותפות מוגבלת,,,יח,3.45,"ל 100 מ""ל",false,1,15.90,4.61,true,1,
7613287476494,false,רוטב מיונז לחיץ אוסם,קבוצת אוסם סחר שותפות מוגבלת,,,יח,2.80,"ל 100 מ""ל",false,1,15.90,5.68,true,1,
7613287476678,false,סינימיניס צ`וריוס 360 גר,קבוצת אוסם סחר שותפות מוגבלת,,,יח,4.80,ל 100 גרם,false,1,23.90,4.98,true,1,
7622010001858,false,"אוראו וניל 176 גר בד""צ*",דיפלומט מפיצים {1968}בעמ,,,יח,1.76,יח,false,1,8.90,5.06,true,1,
7622201139278,false,פילדלפיה שמנה 27%,נטו מילנדה סחר בעמ*,,,יח,1.50,ל 100 גרם,false,1,12.90,8.60,true,1,
7622201401900,false,עוגיות מילקה סנסיישן אוראו,דיפלומט מפיצים {1968}בעמ,,,יח,1.56,ל 100 גרם,false,1,12.90,8.27,true,1,
7622201502515,false,מילקה קוקי לופ ק.,דיפלומט מפיצים {1968}בעמ,,,יח,1.32,ל 100 גרם,false,1,12.90,9.77,true,1,
7622201802363,false,מילקה שוקולד חלב עם צימוקים,דיפלומט מפיצים {1968}בעמ,,,יח,1,ל 100 גרם,false,1,6.90,6.90,true,1,
7622201808631,false,אוראו מיני כוסות בטעם וניל.,דיפלומט מפיצים {1968}בעמ,,,יח,67,ל 100 גרם,false,1,6.90,0.10,true,1,
7622201809188,false,מילקה ביסקויט 150 גר`,דיפלומט מפיצים {1968}בעמ,,,יח,1.50,ל 100 גרם,false,1,12.90,8.60,true,1,
7622201813390,false,מילקה וופל מילוי קרם קקאו,דיפלומט מפיצים {1968}בעמ,,,יח,2,ל 100 גרם,false,1,12.90,6.45,true,1,
7622210117762,false,קוטדור בושה 200 גר,דיפלומט מפיצים {1968}בעמ,,,יח,2,ל 100 גרם,false,1,16.90,8.45,false,1,
7622210163899,false,מילקה שוקולד חלב עם עדשים,דיפלומט מפיצים {1968}בעמ,,,ל 100 גרם,1,ל 100 גרם,false,1,6.90,6.90,true,1,
7622210453327,false,עוגיות מילקה סנסיישן 156 גר`,דיפלומט מפיצים {1968}בעמ,,,יח,1.56,ל 100 גרם,false,1,12.90,8.27,true,1,
7622210638021,false,אוראו ביס קראנצ`י בציפוי שוקולד,דיפלומט מפיצים {1968}בעמ,,,יח,1.10,ל 100 גרם,false,1,8.50,7.73,true,1,
7622300270506,false,מילקה ריינס עוגיות מצופות,דיפלומט מפיצים {1968}בעמ,,,יח,1.68,ל 100 גרם,false,1,12.90,7.68,true,1,
7622300315283,false,אוראו וניל 154 גר`,דיפלומט מפיצים {1968}בעמ,,,ל 100 גרם,1.54,ל 100 גרם,false,1,6.50,4.22,true,1,
7622300356767,false,מילקה עוגיות שוקלד צ`פס,דיפלומט מפיצים {1968}בעמ,,,יח,1.68,ל 100 גרם,false,1,12.90,7.68,true,1,
7622300489427,false,עוגיות אוראו בציפוי שוקולד לבן,דיפלומט מפיצים {1968}בעמ,,,יח,0.2460,ל 100 גרם,false,1,17.90,72.76,true,1,
7622300489434,false,עוגיות אוראו בציפוי שוקולד חלב,דיפלומט מפיצים {1968}בעמ,,,יח,0.2460,ל 100 גרם,false,1,17.90,72.76,true,1,
7622300495046,false,מילקה אקסטרא קקאו,דיפלומט מפיצים {1968}בעמ,,,יח,1,,false,1,6.90,6.90,true,1,
7622300503079,false,מילקה מוו 200 דר`,דיפלומט מפיצים {1968}בעמ,,,יח,2,ל 100 גרם,false,1,12.90,6.45,true,1,
7622300617820,false,שוקלד מילקה אוראו,דיפלומט מפיצים {1968}בעמ,,,יח,1,ל 100 גרם,false,1,6.90,6.90,true,1,
7622300761363,false,עוגיות מיני אוראו שוקו 67 גר`,דיפלומט מפיצים {1968}בעמ,,,יח,0.67,ל 100 גרם,false,1,6.50,9.70,true,1,
7630477891615,false,קפסולות סטארבקס סומטרה,קבוצת אוסם סחר שותפות מוגבלת,,,ל 100 גרם,6.84,ל 100 גרם,false,1,22.90,3.35,true,1,
7630477891639,false,קפסולות סטארבקס ורונה,קבוצת אוסם סחר שותפות מוגבלת,,,ל 100 גרם,6.84,ל 100 גרם,false,1,22.90,3.35,true,1,
7702018471423,false,ג`ילט פיוזן 3 רבעיות- סטארט,דיפלומט מפיצים {1968}בעמ,,,יח,1,,false,1,39.90,39.90,false,1,
7702018539468,false,ג`ילט מארז ונוס תות ידית +3סכינים,דיפלומט מפיצים {1968}בעמ,,,יח,1,,false,1,52,52,false,1,
7702024074625,false,פיטנס חטיפי קרקר חיטה מלאה,קבוצת אוסם סחר שותפות מוגבלת,,,יח,0.2340,ל 100 גרם,false,1,11.90,50.85,false,1,
7702174066631,false,לקקן יוגטה טעם פירות,ליימן שליסל בעמ,,,יח,1.80,ל 100 גרם,false,1,8.90,4.94,false,1,
7702174068826,false,לקקן יוגטה,ליימן שליסל בעמ,,,יח,2.16,ל 100 גרם,false,1,9.90,4.58,false,1,
7702174068833,false,לקקן יוגטה טעם גלידה,ליימן שליסל בעמ,,,יח,2.16,ל 100 גרם,false,1,9.90,4.58,false,1,
7702174070201,false,לקקן יוגטה מג`יק,ליימן שליסל בעמ,,,יח,2.16,ל 100 גרם,false,1,9.90,4.58,false,1,
7702174073783,false,לקקן פין פופ 10 יח`ט. קולה,ליימן שליסל בעמ,,,יח,1,,false,1,8.90,8.90,false,1,
7798378440018,false,אוכמניות ארוז-,"בכורי השדה צפון1994 ג.ד. בע""מ",,,יח,1,,false,1,14.90,14.90,true,1,
7798382150019,false,אוכמניות ארוז,פירות עולם בעמ,,,יח,1,,false,1,14.90,14.90,true,1,
7891024030974,false,"קולגייט טריפל אקשן 75 מ""ל",ש.שסטוביץ בעמ,,,יח,0.75,ל 100 גרם,false,1,5.90,7.87,false,1,
7891024124826,false,"קולגיט משחת אופטיק וייט 75 מ""ל",ש.שסטוביץ בעמ,,,יח,0.75,ל 100 גרם,false,1,19.90,26.53,true,1,
8000320010088,false,פסאטה צ`יריו במרקם גס,דיפלומט מפיצים {1968}בעמ,,,יח,6,ל 100 גרם,false,1,10.90,1.82,false,1,
8000380003723,false,וופל גרנד פסטרי אגוז,ליימן שליסל בעמ,,,יח,1,ל 100 גרם,false,1,12.90,12.90,true,1,
8000380003761,false,וופל פסטרי קוקוס,ליימן שליסל בעמ,,,יח,1,ל 100 גרם,false,1,12.90,12.90,true,1,
8000380004669,false,לואקר טעם קקאו 200 גר`,ליימן שליסל בעמ,,,יח,2,ל 100 גרם,false,1,11.90,5.95,true,1,
8000380004676,false,וופל וניל 200 גר,ליימן שליסל בעמ,,,יח,2,ל 100 גרם,false,1,11.90,5.95,true,1,
8000380004911,false,וופל לואקר 250 ג,ליימן שליסל בעמ,,,יח,2.50,ל 100 גרם,false,1,13.90,5.56,false,1,
8000380004966,false,ופלים לואקר 250,ליימן שליסל בעמ,,,יח,2.50,ל 100 גרם,false,1,13.90,5.56,false,1,
8000380007219,false,לואקר אגוז,ליימן שליסל בעמ,,,יח,1.75,ל 100 גרם,false,1,10.90,6.23,false,1,
8000380007257,false,וופל 200 ג רדנה,ליימן שליסל בעמ,,,יח,2,ל 100 גרם,false,1,13.90,6.95,true,1,
8000380106028,false,טורטיה 1/6 אורגינל,ליימן שליסל בעמ,,,יח,1.25,ל 100 גרם,false,1,15.90,12.72,false,1,
8000380144044,false,גרדנה שוקולד,ליימן שליסל בעמ,,,יח,2,ל 100 גרם,false,1,13.90,6.95,true,1,
8000380153534,false,טורטינה 1/6 לבן,ליימן שליסל בעמ,,,יח,1.25,יח,false,1,15.90,12.72,false,1,
8000380156825,false,לואקר שוקולד חלב 87 גר`,ליימן שליסל בעמ,,,יח,0.87,ל 100 גרם,false,1,7.90,9.08,false,1,
8000380156849,false,לואקר שוקולד מריר 87 גר`,ליימן שליסל בעמ,,,יח,0.87,ל 100 גרם,false,1,7.90,9.08,false,1,
8000380156856,false,לואקר שוקולד לבן 87 גר`,ליימן שליסל בעמ,,,יח,0.87,ל 100 גרם,false,1,7.90,9.08,false,1,
8000380157440,false,לואקר ממולא אגוזי לוז,ליימן שליסל בעמ,,,יח,0.87,ל 100 גרם,false,1,6.90,7.93,false,1,
8000380180721,false,לואקר קלאסיק 175 גר`שוקו חלב,ליימן שליסל בעמ,,,יח,1.75,ל 100 גרם,false,1,10.90,6.23,false,1,
8000380180745,false,קוארדטיני 250 גר`שוקו חלב,ליימן שליסל בעמ,,,יח,2.50,ל 100 גרם,false,1,13.90,5.56,false,1,
8000380181032,false,ג`רדנה לבן 125 גר`,ליימן שליסל בעמ,,,יח,1.25,ל 100 גרם,false,1,13.90,11.12,true,1,
8000380184644,false,לואקר מיניס בטעמים שונים,ליימן שליסל בעמ,,,יח,1.50,ל 100 גרם,false,1,13.90,9.27,true,1,
8000380187119,false,עוגיות אגוזי לוז 100 גר`,ליימן שליסל בעמ,,,יח,1,ל 100 גרם,false,1,11.90,11.90,false,1,
8000380189281,false,מארז לואקר מיני מיקס 210 גר`,ליימן שליסל בעמ,,,יח,2.10,ל 100 גרם,false,1,22.90,10.90,false,1,
8000380192243,false,לואקר מקסי וופל מלבני אגוז,ליימן שליסל בעמ,,,יח,2,ל 100 גרם,false,1,11.90,5.95,false,1,
8000380201396,false,טורטיה 1/6 אורגינל,ליימן שליסל בעמ,,,יח,1.25,ל 100 גרם,false,1,15.90,12.72,false,1,
8000380201525,false,וופל גרנד פטיסרי אגוז 126 גר`,ליימן שליסל בעמ,,,יח,1.26,ל 100 גרם,false,1,17.90,14.21,false,1,
8000380201549,false,וופל גרנד פטיסרי קוקוס 126 גר`,ליימן שליסל בעמ,,,יח,1.26,ל 100 גרם,false,1,17.90,14.21,false,1,
8000380205523,false,לואקר קלאסיק 175 גר`חמאת בוטנים,ליימן שליסל בעמ,,,יח,1.75,ל 100 גרם,false,1,10.90,6.23,false,1,
8000380206896,false,גרדנה חמאת בוטנים,ליימן שליסל בעמ,,,יח,2,ל 100 גרם,false,1,13.90,6.95,true,1,
8000380207183,false,טורטיה חמאת בוטנים,ליימן שליסל בעמ,,,יח,1.26,ל 100 גרם,false,1,15.90,12.62,false,1,
8000500009673,false,בונבונירה רושר 300,פרימיום חברה לדברי מ.,,,יח,3,ל 100 גרם,false,1,45.90,15.30,true,1,
8000500023624,false,וופל קרם הפי היפוי 5 יח,פרימיום חברה לדברי מ.,,,יח,1.30,ל 100 גרם,false,1,12.90,9.92,false,1,
8000500023976,false,רפאלו 150 גרם,פרימיום חברה לדברי מ.,,,יח,1.50,ל 100 גרם,false,1,16.90,11.27,false,1,
8000500026731,false,קינדר ביצי הפתעה שלישייה,פרימיום חברה לדברי מ.,,,יח,0.60,ל 100 גרם,false,1,14.90,24.83,false,1,
8000500028124,false,קינדר ג ו שלשות,ליימן שליסל בעמ,,,יח,0.60,ל 100 גרם,false,1,14.50,24.17,false,1,
8000500029350,false,קינדר בואנו 3יחד,פרימיום חברה לדברי מ.,,,יח,1.29,ל 100 גרם,false,1,10.90,8.45,true,1,
8000500037874,false,רושר בונ 200 גר,פרימיום חברה לדברי מ.,,,יח,2,ל 100 גרם,false,1,23.90,11.95,true,1,
8000500071083,false,קינדר שוקולד 200ג,פרימיום חברה לדברי מ.,,,יח,2,ל 100 גרם,false,1,11.90,5.95,false,1,
8000500121436,false,קינדר בואנו לבן 3יח`,פרימיום חברה לדברי מ.,,,יח,1.17,ל 100 גרם,false,1,10.90,9.32,true,1,
8000500217740,false,קינדר בואנו מיני,פרימיום חברה לדברי מ.,,,יח,0.86,ל 100 גרם,false,1,10.90,12.67,false,1,
8000500227848,false,וופל נוטלה מלוח,פרימיום חברה לדברי מ.,,,יח,1.32,ל 100 גרם,false,1,10.90,8.26,false,1,
8000500247167,false,פררו קולקשיין,פרימיום חברה לדברי מ.,,,יח,1,יח,false,1,41.90,41.90,false,1,
8000500267103,false,עוגת קינדר ספוג קקאו,פרימיום חברה לדברי מ.,,,יח,0.35,ל 100 גרם,false,1,19.90,56.86,true,1,
8000500269169,false,עוגיות קינדר קארדס 128 גרם,פרימיום חברה לדברי מ.,,,יח,1.28,ל 100 גרם,false,1,12.90,10.08,false,1,
8000500310397,false,בסקויט נוטלה 166 גר`,פרימיום חברה לדברי מ.,,,יח,1.66,ל 100 גרם,false,1,13.90,8.37,false,1,
8000500366073,false,בסקויט נוטלה 276 גר`,פרימיום חברה לדברי מ.,,,יח,2.76,ל 100 גרם,false,1,19.90,7.21,false,1,
8000500386941,false,ממרח קקאו עם אגוזי לוז נוטלה 900 גר`,פרימיום חברה לדברי מ.,,,יח,900,ל 100 גרם,false,1,28.90,0.03,false,1,
8000798000949,false,מטאטא מודפס פרה+ מקל,מ.א ייצור ויבו*מטליות בעמ,,,יח,1,,false,1,26.90,26.90,false,1,
8001003100164,false,סוכריות ג`לי יוגטה 450 גר`,ליימן שליסל בעמ,,,יח,0.45,ל 100 גרם,false,1,9.90,22,false,1,
8001003100218,false,סוכריות גומי,ליימן שליסל בעמ,,,יח,8,ל 100 גרם,false,1,15.90,1.99,false,1,
8001003202035,false,יוגטה ג`לי בטעם פירות,ליימן שליסל בעמ,,,יח,0.80,ל 100 גרם,false,1,4.50,5.63,false,1,
8001090184375,false,"פיירי אורגינל 900 מ""ל",דיפלומט מפיצים {1968}בעמ,,,יח,9,"ל 100 מ""ל",false,1,12.90,1.43,false,1,
8001090336354,false,פמפרס בייבי דריי מידה 2 46 יח`,דיפלומט מפיצים {1968}בעמ,,,יח,1,,false,1,30.90,30.90,false,1,
8001090336446,false,פמפרס בייבי דריי מידה 4 34 יח`,דיפלומט מפיצים {1968}בעמ,,,יח,1,,false,1,30.90,30.90,false,1,
8001090336491,false,פמפרס בייבי דריי מידה 4+ 31 יח`,דיפלומט מפיצים {1968}בעמ,,,יח,1,,false,1,30.90,30.90,false,1,
8001090336521,false,פמפרס בייבי דריי מידה 5 30 יח`,דיפלומט מפיצים {1968}בעמ,,,יח,1,,false,1,30.90,30.90,false,1,
8001090336606,false,פמפרס בייבי דריי מידה 6 26 יח`,דיפלומט מפיצים {1968}בעמ,,,יח,1,,false,1,30.90,30.90,false,1,
8001090458353,false,פיירי אנטי בקטראלי כחול,דיפלומט מפיצים {1968}בעמ,,,יח,5.15,"ל 100 מ""ל",false,1,10.90,2.12,false,1,
8001090493637,false,הד שולדרס שמפו אולטרא,דיפלומט מפיצים {1968}בעמ,,,יח,5,"ל 100 מ""ל",false,1,17.90,3.58,false,1,
8001090802385,false,טייד קפסולות ג`ל בניחוח לנור(ק),דיפלומט מפיצים {1968}בעמ,,,יח,4.50,ל 100 גרם,false,1,29.90,6.64,false,1,
8001090832573,false,פנטן שמפו לחות מוגברת,דיפלומט מפיצים {1968}בעמ,,,יח,6.60,"ל 100 מ""ל",false,1,18.90,2.86,false,1,
8001090832610,false,פנטן שמפו רך כמשי,דיפלומט מפיצים {1968}בעמ,,,יח,6.60,"ל 100 מ""ל",false,1,18.90,2.86,false,1,
8001090832771,false,פנטן שמפו הזנת קרטין,דיפלומט מפיצים {1968}בעמ,,,יח,6.60,"ל 100 מ""ל",false,1,18.90,2.86,false,1,
8001090833051,false,פנטן מרכך הזנת קרטין,דיפלומט מפיצים {1968}בעמ,,,יח,6.60,"ל 100 מ""ל",false,1,18.90,2.86,false,1,
8001090833136,false,אריאל ג`ל בייבי 2.255,דיפלומט מפיצים {1968}בעמ,,,יח,2.2250,"ל 100 מ""ל",false,1,31.90,14.34,false,1,
8001090833167,false,אריאל ג`ל כביסה ניחוח הדרים 2.365,דיפלומט מפיצים {1968}בעמ,,,יח,2.3650,"ל 100 מ""ל",false,1,31.90,13.49,false,1,
8001090886385,false,לנור כדוריות בניחוח רען 210 גר`,דיפלומט מפיצים {1968}בעמ,,,יח,2.10,ל 100 גרם,false,1,17.90,8.52,false,1,
8001090886460,false,לנור כדוריות בניחוח אביבי 210 גר`,דיפלומט מפיצים {1968}בעמ,,,יח,2.10,ל 100 גרם,false,1,17.90,8.52,false,1,
8001160001786,false,"גטורייד ספורט כחול 500 מ""ל",טמפו משקאות בעמ,,,יח,5,"ל 100 מ""ל",false,1,8.90,1.72,false,1,
8001160001892,false,"גטורייד ספורט תפוז אדום 500 מ""ל",טמפו משקאות בעמ,,,יח,5,"ל 100 מ""ל",false,1,8.90,1.72,false,1,
8001244003422,false,מייבש כביסה פלסטיק,סקטור אפיקים בעמ,,,יח,0,ל 100 גרם,false,1,135,135,false,1,
8001620011935,false,שישית סאן בנדטו מוגז עדין,טמפו משקאות בעמ,,,יח,1,,false,1,13.70,13.70,false,1,
8001620015612,false,"סאן בנדטו גזר תפוז לימון 400מ""ל",טמפו משקאות בעמ,,,יח,0.40,"ל 100 מ""ל",false,1,6.90,16.50,true,1,
8001620015629,false,"סאן בנדטו תפוז ותפוז אדום 400 מ""ל",טמפו משקאות בעמ,,,יח,0.40,"ל 100 מ""ל",false,1,6.90,16.50,true,1,
8001620017456,false,"שישית מים סן בנדטו 500 מ""ל",טמפו משקאות בעמ,,,יח,30,"ל 100 מ""ל",false,1,13.70,0.40,false,1,
8001620019160,false,"סאן בנדטו אפרסק 400 מ""ל",טמפו משקאות בעמ,,,יח,0.40,"ל 100 מ""ל",false,1,6.90,16.50,true,1,
8001620019177,false,"סאן בנדטו ענבים 400 מ""ל",טמפו משקאות בעמ,,,יח,0.40,"ל 100 מ""ל",false,1,6.90,16.50,true,1,
8001841669519,false,אריאל קפסולות לכביסה 55 יח`,דיפלומט מפיצים {1968}בעמ,,,יח,55,יח,false,1,54.90,1,false,1,
8001841941929,false,תחבושות אולייוז פק לילה,דיפלומט מפיצים {1968}בעמ,,,יח,1,,false,1,19.90,19.90,true,1,
8001841958460,false,פיירי טבליות למדיח 48 יח`,דיפלומט מפיצים {1968}בעמ,,,יח,1,,false,1,34.90,34.90,false,1,
8002267015263,false,ביצית הפתעה מאשה והדוב שלישיה,ש.שסטוביץ בעמ,,,יח,0.60,ל 100 גרם,false,1,12.90,21.50,false,1,
8002267016475,false,ביצית הפתעה בוב הבנאי שלישיה,ש.שסטוביץ בעמ,,,יח,0.60,ל 100 גרם,false,1,12.90,21.50,false,1,
8003440997710,false,צ`ופה מסטיק ט. קולה לימון 20 יח`,ליימן שליסל בעמ,,,יח,0.2760,ל 100 גרם,false,1,2.90,10.51,true,1,
8003440997741,false,ביג באבול ט. תפוח 20 יח`,ליימן שליסל בעמ,,,יח,0.2760,ל 100 גרם,false,1,2.90,10.51,true,1,
8003440997772,false,ביג באבול ט. פטל צובע 20 יח`,ליימן שליסל בעמ,,,יח,0.2760,ל 100 גרם,false,1,2.90,10.51,true,1,
8004030344938,false,שלישית טונה מריו שמן זית דיפלומט,ש.שסטוביץ בעמ,,,יח,2.40,ל 100 גרם,false,1,29.90,12.46,false,1,
8005200256587,false,נסטי טעם אפרסק 1.5 ליטר,טמפו משקאות בעמ,,,יח,15,"ל 100 מ""ל",false,1,7.90,0.51,false,1,
8005200286584,false,נסטי טעם מנגו אננס 1.5 ליטר,טמפו משקאות בעמ,,,יח,15,"ל 100 מ""ל",false,1,7.90,0.51,false,1,
8005200316588,false,נסטי טעם אפרסק 1.5 ליטר,טמפו משקאות בעמ,,,יח,15,"ל 100 מ""ל",false,1,7.90,0.51,false,1,
8005200486526,false,נסטי טעם אפרסק 0.5 ליטר,טמפו משקאות בעמ,,,יח,5,"ל 100 מ""ל",false,1,6.90,1.32,false,1,
8005803010357,false,גרסיני קלאסי,ליימן שליסל בעמ,,,יח,1.25,יח,false,1,5.90,4.72,false,1,
8005803010371,false,גרסיני רוזמרין,ליימן שליסל בעמ,,,יח,1.25,יח,false,1,5.90,4.72,false,1,
8005803010586,false,גרסיני פיצה,ליימן שליסל בעמ,,,יח,1.25,יח,false,1,5.90,4.72,false,1,
8005803010661,false,גרסיני שומשום,ליימן שליסל בעמ,,,יח,1.25,יח,false,1,5.90,4.72,false,1,
8006540112793,false,"לנור מרכך מרוכז בניחוח יסמין 900 מ""",דיפלומט מפיצים {1968}בעמ,,,יח,0.90,לליטר,false,1,14.90,16.56,false,1,
8006540112823,false,לנור מרכך מרוכז בניחוח האוקינוס 900,דיפלומט מפיצים {1968}בעמ,,,יח,0.90,לליטר,false,1,14.90,16.56,false,1,
8006540112854,false,"לנור מרכך מרוכז בניחוח סחלב 900 מ""",דיפלומט מפיצים {1968}בעמ,,,יח,0.90,לליטר,false,1,14.90,16.56,false,1,
8006540428368,false,פמפרס בייבי דריי מידה 1 40 יח`,דיפלומט מפיצים {1968}בעמ,,,יח,1,,false,1,30.90,30.90,false,1,
8006540495216,false,"לנור מרכך כביסה אמאטיסיט 900 מ""ל",דיפלומט מפיצים {1968}בעמ,,,יח,1,לליטר,false,1,14.90,14.90,false,1,
8006540495247,false,"לנור מרכך כביסה פ. בר 900 מ""ל",דיפלומט מפיצים {1968}בעמ,,,יח,1,לליטר,false,1,14.90,14.90,false,1,
8009470009096,false,סימבה חתול 415 גר`שימורי דג,נאמן לאורך זמן בעמ,,,יח,4.15,ל 100 גרם,false,1,4,0.96,false,1,
8009470009348,false,סימבה פאוץ בשר 100 גר`,נאמן לאורך זמן בעמ,,,יח,1,ל 100 גרם,false,1,5.50,5.50,false,1,
8009470009355,false,סימבה פאוץ עוף 100 גר`,נאמן לאורך זמן בעמ,,,יח,1,ל 100 גרם,false,1,5.50,5.50,false,1,
8009470009362,false,סימבה פאוץ דג 100 גר`,נאמן לאורך זמן בעמ,,,יח,1,ל 100 גרם,false,1,5.50,5.50,false,1,
8009470009379,false,סימבה פאוץ סלמון 100 גר`,נאמן לאורך זמן בעמ,,,יח,1,ל 100 גרם,false,1,5.50,5.50,false,1,
8014595220240,false,"מקל מתכת 140 ס""מ חביב*",חביב את פרנק בעמ (לוגיסטי ),,,יח,1,,false,1,5.90,5.90,false,1,
8014601026354,false,"קמח פיצה השף קאפוטו 1 ק""ג",דיפלומט מפיצים {1968}בעמ,,,יח,1,ל 100 גרם,false,1,12.90,12.90,false,1,
8014601999870,false,"קמח סמולינה קאפוטו 1 ק""ג",דיפלומט מפיצים {1968}בעמ,,,יח,1,ל 100 גרם,false,1,12.90,12.90,false,1,
8032880800243,false,פיקניק הפתעה 50 גר,ליימן שליסל בעמ,,,יח,0.50,ל 100 גרם,false,1,6.90,13.80,false,1,
8076800195033,false,ספגטי מס 3,ש.שסטוביץ בעמ,,,יח,5,ל 100 גרם,false,1,6.90,1.38,true,1,
8076800195057,false,פסטה ברילה ספגנט,ש.שסטוביץ בעמ,,,יח,5,ל 100 גרם,false,1,6.90,1.38,true,1,
8076800195132,false,פסטה ברילה אטריו,ש.שסטוביץ בעמ,,,יח,5,ל 100 גרם,false,1,6.90,1.38,true,1,
8076802085738,false,פסטה ברילה פנה ר,ש.שסטוביץ בעמ,,,יח,5,ל 100 גרם,false,1,6.90,1.38,true,1,
8076802085936,false,פסטה ברילה קונציליאה,ש.שסטוביץ בעמ,,,יח,5,ל 100 גרם,false,1,6.90,1.38,true,1,
8076802085981,false,פתיתים ברילה,ש.שסטוביץ בעמ,,,יח,5,ל 100 גרם,false,1,6.90,1.38,true,1,
8076808060654,false,ספגטי ברילה פרפל,ש.שסטוביץ בעמ,,,יח,5,ל 100 גרם,false,1,6.90,1.38,true,1,
8076808070882,false,קנולי מס 88,ש.שסטוביץ בעמ,,,יח,2.50,ל 100 גרם,false,1,13.90,5.56,false,1,
8076808150072,false,ברילה ספגטי 7,ש.שסטוביץ בעמ,,,יח,5,ל 100 גרם,false,1,6.90,1.38,true,1,
8076809513654,false,בסיס לבלונז,ש.שסטוביץ בעמ,,,יח,4,ל 100 גרם,false,1,14.90,3.73,false,1,
8076809545440,false,ברילה איטריות ללא גלוטן,ש.שסטוביץ בעמ,,,יח,4,ל 100 גרם,false,1,14.90,3.73,false,1,
8076809545457,false,ברילה איטריות צינורות ללא גלוטן,ש.שסטוביץ בעמ,,,יח,4,ל 100 גרם,false,1,14.90,3.73,false,1,
8202150612994,false,חנוכיה קריסטל כנפיים לבן,אבי מתנות בעמ,,,יח,1,,false,1,92.90,92.90,false,1,
8202150612997,false,חנוכיה קריסטל דלתא 19*37,אבי מתנות בעמ,,,יח,1,,false,1,110,110,false,1,
8202291313341,false,חנוכיה קריסטל 12*37,אבי מתנות בעמ,,,יח,1,,false,1,129,129,false,1,
8410076600622,false,חטיף קרנצ`י שבבי שוקולד מריר,ליימן שליסל בעמ,,,יח,2.10,ל 100 גרם,false,1,15.90,7.57,true,1,
8410076610379,false,ניישטר ואלי פרוטאין בוטנים ללר גלוטן,ליימן שליסל בעמ,,,יח,2.10,ל 100 גרם,false,1,22.90,10.90,false,1,
8410076610386,false,ניישטר ואלי פרוטאין בוטנים ללא גלוטן,ליימן שליסל בעמ,,,יח,2.10,ל 100 גרם,false,1,22.90,10.90,false,1,
8410076610492,false,חטיף צואי חמאת בוטנים,ליימן שליסל בעמ,,,יח,2.10,ל 100 גרם,false,1,15.90,7.57,true,1,
8410076610508,false,חטיף צואי שוקולד מריר,ליימן שליסל בעמ,,,יח,2.10,ל 100 גרם,false,1,15.90,7.57,true,1,
8410076621009,false,חטיף פייבר קרמל מלוח,ליימן שליסל בעמ,,,יח,1.20,ל 100 גרם,false,1,14.90,12.42,true,1,
8410076621047,false,חטיף פייבר שוקולד מריר,ליימן שליסל בעמ,,,יח,2.10,ל 100 גרם,false,1,14.90,7.10,true,1,
8410104045111,false,מלח למדיח פיניש בודד,רקיט בנקיסר (ניר איסט),,,יח,0,יח,false,1,14.90,14.90,false,1,
8412168002543,false,מחייה 13 רוזטה (שקדים ),אגודת הכורמים בעמ,,,יח,7,"ל 100 מ""ל",false,1,54.90,7.80,true,1,
8420822130600,false,סופר מסיר שומנים KH,"יעקב יעקבי ובניו בע""מ",,,יח,7.50,"ל 100 ס""מ",false,1,17.90,2.39,true,1,
8423207206488,false,סלים דליס חלב חטיף בריאות,ש.שסטוביץ בעמ,,,יח,1.20,ל 100 גרם,false,1,9.90,8.25,false,1,
8423207206495,false,סלים דליס מריר חטיף בריאות,ש.שסטוביץ בעמ,,,יח,1.20,ל 100 גרם,false,1,9.90,8.25,false,1,
8423207207362,false,סלים דליס חטיף בריאות ש. לבן,ש.שסטוביץ בעמ,,,יח,1.20,ל 100 גרם,false,1,9.90,8.25,false,1,
8423207208697,false,סלים דליס לילדים עם שוקולד לבן,ש.שסטוביץ בעמ,,,יח,78,ל 100 גרם,false,1,9.90,0.13,false,1,
8435495805106,false,"ביומט משב מרענן 5ק""ג ק",ליימן שליסל בעמ,,,יח,50,ל 100 גרם,false,1,29.90,0.60,false,1,
8682376710435,false,נייר טואלט בלינו 32 יח * (3 במארז),ווינפאק סחר בעמ,,,יח,32,יח,false,3,25.90,0.81,false,1,
8683130008355,false,HELLMANNS REAL SQUEEZED BDZ 12X0.385KG,"יוניליוור ישראלשיווק בע""מ",,,יח,4,ל 100 גרם,false,8,14.90,3.73,false,1,
8683130008935,false,קטשופ מיונז הלמנס,"יוניליוור ישראלשיווק בע""מ",,,יח,4.25,ל 100 גרם,false,1,14.90,3.51,false,1,
8683130012666,false,מגנום דאבל לבן עוגיות,"גלידת שטראוס בע""מ",,,יח,0.85,ל 100 גרם,false,1,9.90,11.65,true,1,
8683323063024,false,סוכריות טעם תותי פרוטי,ליימן שליסל בעמ,,,יח,2.20,ל 100 גרם,false,1,5.90,2.68,false,1,
8686868600068,false,אביזרי שיער טל טל,אל האופק שיווק וסחר,,,יח,0,יח,false,1,8.90,8.90,false,1,
8686868600075,false,אביזרי שיער טל טל,אל האופק שיווק וסחר,,,יח,0,יח,false,1,9.90,9.90,false,1,
8686868600112,false,אביזרי שיער טל טל,אל האופק שיווק וסחר,,,יח,0,יח,false,1,13.90,13.90,false,1,
8686868600129,false,אביזרי שיער טל טל,אל האופק שיווק וסחר,,,יח,0,יח,false,1,14.90,14.90,false,1,
8686868600150,false,אביזרי שיער טל טל,אל האופק שיווק וסחר,,,יח,0,יח,false,1,17.90,17.90,false,1,
8686868600174,false,תיק רחצה טל טל,אל האופק שיווק וסחר,,,יח,0,יח,false,1,19.90,19.90,false,1,
8686868600204,false,אביזרי מניקור טל טל,אל האופק שיווק וסחר,,,יח,0,יח,false,1,9.90,9.90,false,1,
8686868600235,false,אביזרי מניקור טל טל,אל האופק שיווק וסחר,,,יח,0,יח,false,1,12.90,12.90,false,1,
8686868600259,false,מטריה טל טל,אל האופק שיווק וסחר,,,יח,0,יח,false,1,29.90,29.90,false,1,
8690572783931,false,דאו פה חדש,"הנקל סוד בע""מ",,,יח,2,"ל 100 מ""ל",false,1,12.90,6.45,true,1,
8690637007705,false,שלגון מעדן קפוא וניל ומסטיק,"גלידת שטראוס בע""מ",,,יח,0.80,ל 100 גרם,false,1,5.90,7.38,true,1,
8690637073434,false,LIPTON EARL GREY 100 SERVICE 6X200G,"יוניליוור ישראלשיווק בע""מ",,,יח,2,ל 100 גרם,false,1,19.90,9.95,false,1,
8690637503856,false,HELLMANNS REAL SQUEEZED BDZ 12X0.385KG,"יוניליוור ישראלשיווק בע""מ",,,יח,3.55,ל 100 גרם,false,8,14.90,4.20,false,1,
8690637504426,false,CIF LEMON CREAM 16X500 ML,"יוניליוור ישראלשיווק בע""מ",,,יח,5,"ל 100 מ""ל",false,1,10.90,2.18,false,1,
8690637505614,false,BADIN RC CONC LIQUID BLUE 16X960ML,"יוניליוור ישראלשיווק בע""מ",,,יח,96,"ל 100 ס""מ",false,16,15.90,0.17,false,1,
8690637688195,false,ליפטון תה ירוק מעטפות קלאסי,"יוניליוור ישראלשיווק בע""מ",,,יח,32,ל 100 גרם,false,1,16.90,0.53,false,1,
8690637704291,false,דאב שמפו משקם 600מל*,"יוניליוור ישראלשיווק בע""מ",,,יח,6,"ל 100 מ""ל",false,1,15.90,2.65,true,1,
8690637704376,false,דאב שמפו יום יומי 600מל*,"יוניליוור ישראלשיווק בע""מ",,,יח,6,"ל 100 מ""ל",false,1,15.90,2.65,false,1,
8690637704390,false,דאב מרכך יום יומי 600מל*,"יוניליוור ישראלשיווק בע""מ",,,יח,6,"ל 100 מ""ל",false,1,15.90,2.65,true,1,
8690637799594,false,LIPTON TEA YL 1.5GX100X12,"יוניליוור ישראלשיווק בע""מ",,,יח,1.50,ל 100 גרם,false,1,16.90,11.27,false,1,
8690637835643,false,ליפטון תה ירוק לואיזה ולימונית*,"יוניליוור ישראלשיווק בע""מ",,,יח,32,ל 100 גרם,false,1,16.90,0.53,false,1,
8690637842382,false,מגנום דאבל פרי יער,"גלידת שטראוס בע""מ",,,יח,0.85,ל 100 גרם,false,1,9.90,11.65,true,1,
8690637842399,false,מגנום מיני מארז,"גלידת שטראוס בע""מ",,,יח,1,,false,1,35.90,35.90,false,1,
8690637858741,false,CIF CONC. BLEACH OCEAN BREEZE 20X750ML,"יוניליוור ישראלשיווק בע""מ",,,יח,7.50,"ל 100 מ""ל",false,1,9.90,1.32,false,1,
8690637858758,false,CIF WC THICK BLEACH FINE 750ML,"יוניליוור ישראלשיווק בע""מ",,,יח,7.50,"ל 100 מ""ל",false,1,9.90,1.32,false,1,
8690637871108,false,HELLAMNN`S FOR SALADS 1000 ISLANDS,"יוניליוור ישראלשיווק בע""מ",,,יח,2.85,"ל 100 מ""ל",false,1,11.90,4.18,false,1,
8690637871245,false,HELLMANNS REAL SQUEEZED BDZ 12X0.385KG,"יוניליוור ישראלשיווק בע""מ",,,יח,3.95,ל 100 גרם,false,8,14.90,3.77,false,1,
8690637890666,false,מגנום מיני מארז דאבל,"גלידת שטראוס בע""מ",,,יח,1,,false,1,35.90,35.90,false,1,
8690637946301,false,"בדין אקסטרא בייבי 960 מ""ל*","יוניליוור ישראלשיווק בע""מ",,,יח,9.60,ל 100 גרם,false,1,15.90,1.66,false,1,
8690637971310,false,BADIN RC CONC LIQUID WHITE 16X960ML,"יוניליוור ישראלשיווק בע""מ",,,יח,96,"ל 100 ס""מ",false,1,15.90,0.17,false,1,
8690637976995,false,BADIN RC CONC LIQUID WHITE 16X960ML,"יוניליוור ישראלשיווק בע""מ",,,יח,96,"ל 100 ס""מ",false,1,15.90,0.17,false,1,
8690637989629,false,מגנום דאבל דולצ`ה,"גלידת שטראוס בע""מ",,,יח,0.85,ל 100 גרם,false,1,9.90,11.65,true,1,
8690758011025,false,צמר גפן לוקס 100 ג`*,פלסטו פוליש (ברקן)בעמ,,,יח,1,,false,1,3.90,3.90,false,1,
8690777206051,false,חציל קלוי 650ג ויליפוד*,ג.וילי פוד בעמ,,,יח,6.50,ל 100 גרם,false,1,10.90,1.68,false,1,
8690777221405,false,פלפל אדום קלוי 650ג ויליפוד*,ג.וילי פוד בעמ,,,יח,6.50,ל 100 גרם,false,1,10.90,1.68,false,1,
8690784516440,false,טואלט דאק נוזל לבנדר בודד,"דנשר (1963) בע,מ",,,יח,7.50,"ל 100 מ""ל",false,1,10.90,1.45,true,1,
8690784614665,false,דאק סבון ניקוי לאסלה ניחוח ים,"דנשר (1963) בע,מ",,,יח,3,"ל 100 מ""ל",false,1,6.90,2.30,true,1,
8690784614771,false,דאק סבון ניקוי לאסלה ניחוח רינו,"דנשר (1963) בע,מ",,,יח,3,"ל 100 מ""ל",false,1,6.90,2.30,true,1,
8690784616775,false,דאק סבון מ וצק אקווה בלו 4ב-1,"דנשר (1963) בע,מ",,,יח,3,"ל 100 מ""ל",false,1,10.90,3.63,false,1,
8691913500170,false,מתלה כביסה מתכת 17.5,צעצועי דניאל בעמ,,,יח,1,,false,1,89.90,89.90,false,1,
8691913500194,false,מייבש כביסה מלניום איכותי,סקטור אפיקים בעמ,,,יח,1,,false,1,64.90,64.90,false,1,
8693323085100,false,יוגטה שטיחים חמוצים 100 גר`,ליימן שליסל בעמ,,,יח,1,ל 100 גרם,false,1,4.90,4.90,false,1,
8698996001280,false,נייר טואלט*ultra Berrak *32,שונים,,,יח,32,יח,false,1,27.90,0.87,false,1,
8710502064814,false,עוגיות שוקוצי פס,ש.שסטוביץ בעמ,,,יח,1.75,ל 100 גרם,false,1,8.90,5.09,false,1,
8710502139017,false,עוגיות מצופות שוקולד,ש.שסטוביץ בעמ,,,יח,1,,false,1,8.90,8.90,false,1,
8710502231018,false,מרבה עוגיות שוקולד צ`יפס,ש.שסטוביץ בעמ,,,יח,1.75,ל 100 גרם,false,1,9.90,5.66,false,1,
8710502279010,false,עוגיות שוקוצי פס מצופות שוקולד,ש.שסטוביץ בעמ,,,יח,2.25,ל 100 גרם,false,1,8.90,3.96,false,1,
8710502405204,false,עוגיות שוקולד צ`יפס ק,ש.שסטוביץ בעמ,,,יח,1.75,ל 100 גרם,false,1,8.90,5.09,false,1,
8710502470028,false,עוגיות שוקול נוגטלי,ש.שסטוביץ בעמ,,,יח,1.60,ל 100 גרם,false,1,8.90,5.56,false,1,
8710502470035,false,מרבה פסטרי עוגיות נוגטלי ק. אגוזים,ש.שסטוביץ בעמ,,,יח,2,ל 100 גרם,false,1,10.90,5.45,false,1,
8710552274614,false,וניש גולד לשטיחים,רקיט בנקיסר (ניר איסט),,,יח,6,"ל 100 מ""ל",false,1,29.90,4.98,false,1,
8710800961310,false,מנטוס תות 4 יח,ליימן שליסל בעמ,,,יח,1.50,ל 100 גרם,false,1,10.90,7.27,false,1,
8711327475663,false,מגנום פייט וניל,"גלידת שטראוס בע""מ",,,יח,2.60,ל 100 גרם,false,1,20.90,8.04,false,1,
8712000051099,false,היינקן שישיה 330-ללא אלכוהל 0%,טמפו משקאות בעמ,,,יח,15,"ל 100 מ""ל",false,1,29.90,1.87,true,1,
8712400802499,false,נוטרילון שלב 1 800 גר` ק,דיפלומט מפיצים {1968}בעמ,,,יח,8,ל 100 גרם,false,1,59.90,7.49,true,1,
8712400802512,false,נוטרילון שלב 2 800 גר`,דיפלומט מפיצים {1968}בעמ,,,יח,8,ל 100 גרם,false,1,59.90,7.49,true,1,
8712400802536,false,נוטרילון שלב 3 800 גר`,דיפלומט מפיצים {1968}בעמ,,,יח,8,ל 100 גרם,false,1,59.90,7.49,true,1,
8712561594608,false,DOVE BODY WASH FRESH TOUCH 12X750 ML,"יוניליוור ישראלשיווק בע""מ",,,יח,7.50,"ל 100 מ""ל",false,1,17.90,2.39,false,1,
8712561611411,false,DOVE BODY WASH FRESH TOUCH 12X750 ML,"יוניליוור ישראלשיווק בע""מ",,,יח,7.50,"ל 100 מ""ל",false,1,17.90,2.39,false,1,
8712561631570,false,DOVE BODY WASH FRESH TOUCH 12X750 ML,"יוניליוור ישראלשיווק בע""מ",,,יח,7.50,"ל 100 מ""ל",false,1,17.90,2.39,false,1,
8714599513835,false,ג`ייקובס נטול קופאין,דיפלומט מפיצים {1968}בעמ,,,יח,2,ל 100 גרם,false,1,33.90,16.95,false,1,
8714599513866,false,גיקובס קרוננג מיובש 200,דיפלומט מפיצים {1968}בעמ,,,יח,2,ל 100 גרם,false,1,21.90,10.95,true,1,
8714789177229,false,מברשות שיניים רבייעיה קולגייט,ש.שסטוביץ בעמ,,,יח,1,,false,1,9.90,9.90,false,1,
8714789402918,false,אג קס חגיגת פרחים אדום,ש.שסטוביץ בעמ,,,יח,15,"ל 100 מ""ל",false,1,19.90,1.33,true,1,
8714789402932,false,אג קס חגיגת פרחים ורוד,ש.שסטוביץ בעמ,,,יח,1.50,לליטר,false,1,19.90,13.27,true,1,
8714789529561,false,קולגיט סנסנטיב פרו ריליף הלבנה,ש.שסטוביץ בעמ,,,יח,0.75,ל 100 גרם,false,1,21.90,29.20,true,1,
8714789582764,false,"אג`קס טייגרים 750 מ""ל",ש.שסטוביץ בעמ,,,יח,7.50,לליטר,false,1,14.90,1.99,false,1,
8714789797786,false,פלמוליב אוקסי כתום 750,ש.שסטוביץ בעמ,,,יח,7.50,"ל 100 מ""ל",false,1,11.90,1.59,true,1,
8714789930848,false,"קולגיט משחת אופטיק וייט הלבנה 75 מ""",ש.שסטוביץ בעמ,,,יח,0.75,ל 100 גרם,false,1,19.90,26.53,true,1,
8715700110141,false,ממרח צנצנת היינץ 460 גר`,דיפלומט מפיצים {1968}בעמ,,,יח,4.60,ל 100 גרם,false,1,11.90,2.59,true,1,
8715700419732,false,קטשופ הינץ 700 גר`,דיפלומט מפיצים {1968}בעמ,,,יח,7,ל 100 גרם,false,1,9.90,1.41,true,1,
8717163607305,false,DOVE EXFOLATING BARS 4X100 LABELED,"יוניליוור ישראלשיווק בע""מ",,,יח,4,ל 100 גרם,false,1,13.90,3.48,false,1,
8717163647226,false,"אקס ספריי שחור בלאק 150 מ""ל*","יוניליוור ישראלשיווק בע""מ",,,יח,1,,false,1,11.90,11.90,false,1,
8717163647240,false,"אקס ספריי שחור שוקולד 150 מ""ל*","יוניליוור ישראלשיווק בע""מ",,,יח,1,,false,1,11.90,11.90,false,1,
8717163647264,false,AXE GOLD TEMPTATION BS 12X150ML,"יוניליוור ישראלשיווק בע""מ",,,יח,1.50,"ל 100 מ""ל",false,1,11.90,7.93,false,1,
8717163655825,false,רקסונה ספריי כותנה לאישה*,"יוניליוור ישראלשיווק בע""מ",,,יח,1.50,"ל 100 מ""ל",false,6,14.90,9.93,true,1,
8717163663493,false,"רקסונה ספריי קובלט דריי 150 מ""ל*","יוניליוור ישראלשיווק בע""מ",,,יח,1.50,"ל 100 מ""ל",false,6,14.90,9.93,true,1,
8717163714850,false,DOVE SPRAY ORIGINAL 2012B 12X169ML,"יוניליוור ישראלשיווק בע""מ",,,יח,1.50,"ל 100 מ""ל",false,1,14.90,9.93,false,1,
8717163859759,false,"רקסונה ספריי וורקאאוט 150 מ""ל","יוניליוור ישראלשיווק בע""מ",,,יח,1.50,ל 100 גרם,false,1,14.90,9.93,true,1,
8717644390566,false,DOVE BAR CUCUMBER GREEN 09 100*4,"יוניליוור ישראלשיווק בע""מ",,,יח,4,ל 100 גרם,false,1,13.90,3.48,false,1,
8717677336593,false,שוקולד חלב טוניסי שוקולוני,ליימן שליסל בעמ,,,יח,1.80,ל 100 גרם,false,1,18.90,10.50,false,1,
8717677338436,false,שוקולד חלב עם אגוזי לוז טוניסי שוקולו,ליימן שליסל בעמ,,,יח,1.80,ל 100 גרם,false,1,18.90,10.50,false,1,
8718951093331,false,מריגול מברשת שיניים זוג אקסטרא,ש.שסטוביץ בעמ,,,יח,1,יח,false,1,34.90,34.90,true,1,
8718951144064,false,מרידול מברשת שיניים זוג,ש.שסטוביץ בעמ,,,יח,1,,false,1,34.90,34.90,true,1,
8718951166288,false,קולגייט מקס פרש וייט,ש.שסטוביץ בעמ,,,יח,1.25,"ל 100 מ""ל",false,1,17.90,14.32,true,1,
8718951166561,false,קולגייט מקס פרש אנטי קלין,ש.שסטוביץ בעמ,,,יח,1.25,"ל 100 מ""ל",false,1,17.90,14.32,true,1,
8718951174153,false,אג` קס כלורון 1 ליטר לימון,ש.שסטוביץ בעמ,,,יח,1,לליטר,false,1,12.90,12.90,false,1,
8718951175600,false,"קולגייט טוטל קלין מינט 75 מ""ל",ש.שסטוביץ בעמ,,,יח,0.75,"ל 100 מ""ל",false,1,13.90,18.53,true,1,
8718951222779,false,"מרידול פור משחה 75 מ""ל",ש.שסטוביץ בעמ,,,יח,0.75,"ל 100 מ""ל",false,1,24.90,33.20,false,1,
8718951236790,false,קולגייט טוטל משחת שיניים ניקוי,ש.שסטוביץ בעמ,,,יח,1,"ל 100 מ""ל",false,1,16.90,16.90,true,1,
8718951236806,false,קולגייט טוטל משחת שיניים ניקוי,ש.שסטוביץ בעמ,,,יח,1,"ל 100 מ""ל",false,1,16.90,16.90,true,1,
8718951254527,false,קולגיט סנסנטיב פרו ריליף,ש.שסטוביץ בעמ,,,יח,0.75,ל 100 גרם,false,1,19.90,26.53,true,1,
8718951264618,false,קולגיט אופטיק וויט עם,ש.שסטוביץ בעמ,,,יח,0.75,ל 100 גרם,false,1,29.90,39.87,true,1,
8718951315303,false,קולגיט אדומה זוג,ש.שסטוביץ בעמ,,,יח,2,ל 100 גרם,false,1,19.90,9.95,false,1,
8718951345119,false,אג קס לניקוי כלל עוצמה 7,ש.שסטוביץ בעמ,,,יח,20,"ל 100 מ""ל",false,1,22.90,1.15,true,1,
8718951354807,false,אג קס חגיגת פרחים 1.5 ליטר,ש.שסטוביץ בעמ,,,יח,1.50,לליטר,false,1,19.90,13.27,true,1,
8718951382718,false,פלמוליב ג`ל רחצה חימר התחדשות,ש.שסטוביץ בעמ,,,יח,7.50,"ל 100 מ""ל",false,1,19.90,2.65,true,1,
8718951382787,false,קולגיט אופטיק וויט חימר ומינרלים,ש.שסטוביץ בעמ,,,יח,0.75,ל 100 גרם,false,1,29.90,39.87,true,1,
8718951385290,false,אג קס לניקוי כלל ק,ש.שסטוביץ בעמ,,,יח,20,"ל 100 מ""ל",false,1,22.90,1.15,true,1,
8718951409798,false,מברשת קולגייט פחם זוג,ש.שסטוביץ בעמ,,,יח,1,,false,1,24.90,24.90,false,1,
8718951433120,false,"קולגיט טוטאל ג`וניור 7-12 75 מ""ל",ש.שסטוביץ בעמ,,,יח,1,,false,1,16.90,16.90,true,1,
8719200998001,false,BLUE BAND WITHOUT SALT 60X200,דיפלומט מפיצים #,,,יח,2,ל 100 גרם,false,1,4.50,2.25,false,1,
8719200998018,false,BLUE-BAND MAHMAA 60X200G,דיפלומט מפיצים #,,,יח,2,ל 100 גרם,false,1,4.50,2.25,false,1,
8719200998094,false,MAZOLA BRICK NATURAL NO SALT 60X200GR,דיפלומט מפיצים #,,,יח,2,ל 100 גרם,false,1,6.60,3.30,false,1,
8720181046605,false,דאב ספריי א.פ אורגינל LLF*,"יוניליוור ישראלשיווק בע""מ",,,יח,1,,false,1,14.90,14.90,false,1,
8720181123955,false,"אקס ג`ל רחצה לגבר 400 מ""ל*","יוניליוור ישראלשיווק בע""מ",,,יח,4,"ל 100 מ""ל",false,12,11.90,2.98,false,1,
8723400756552,false,מנטוס רבעיה,ליימן שליסל בעמ,,,יח,1.48,ל 100 גרם,false,1,10.90,7.36,false,1,
8801055707966,false,נס קפה צ`ויס בריסטה,קבוצת אוסם סחר שותפות מוגבלת,,,יח,1.25,ל 100 גרם,false,1,33.90,27.12,false,1,
8801055709458,false,נס קפה קפוצ`ינו קרמל,קבוצת אוסם סחר שותפות מוגבלת,,,יח,1.70,ל 100 גרם,false,1,17.90,10.53,false,1,
8801055709465,false,נס קפה קפוצ`ינו וניל,קבוצת אוסם סחר שותפות מוגבלת,,,יח,1.85,ל 100 גרם,false,1,17.90,9.68,false,1,
8801055709472,false,נס קפה קפוצ`ינו קלאסיק,קבוצת אוסם סחר שותפות מוגבלת,,,יח,1.25,ל 100 גרם,false,1,17.90,14.32,false,1,
8801055709489,false,נס קפה קפוצ`ינו אגוזים,קבוצת אוסם סחר שותפות מוגבלת,,,יח,1.80,ל 100 גרם,false,1,17.90,9.94,false,1,
8801055709526,false,נס קפה קפוצ`ינו שוקולד לבן,קבוצת אוסם סחר שותפות מוגבלת,,,יח,1.70,ל 100 גרם,false,1,17.90,10.53,false,1,
8850180040028,false,טמפורה 500 גר`,מזרח ומערב יבוא ושיווק,,,יח,0.35,"ל 100 מ""ל",false,1,10.90,31.14,false,1,
8850206250592,false,רוטב צ`ילי סיראצ`ה 530 גר`,מזרח ומערב יבוא ושיווק,,,יח,5.30,"ל 100 מ""ל",false,1,19.90,3.75,false,1,
8850367990443,false,רוטב לסלט בסגנון אסייאתי,מזרח ומערב יבוא ושיווק,,,יח,2.85,ל 100 גרם,false,1,12.90,4.53,true,1,
8850389103159,false,מוגו מוגו ליצי עם חתיכות,טמפו משקאות בעמ,,,יח,10,"ל 100 מ""ל",false,1,6.90,0.66,true,1,
8850389104637,false,משקה אפרסק סאפי תפוח,טמפו משקאות בעמ,,,יח,3,"ל 100 מ""ל",false,1,7.90,2.53,true,1,
8850389105825,false,סאפה ענבים 1 ליטר,טמפו משקאות בעמ,,,יח,10,"ל 100 מ""ל",false,1,12.90,1.26,false,1,
8850389105832,false,סאפה תפוח 1 ליטר,טמפו משקאות בעמ,,,יח,10,"ל 100 מ""ל",false,1,12.90,1.26,false,1,
8850389105849,false,סאפה אפרסק 1 ליטר,טמפו משקאות בעמ,,,יח,10,"ל 100 מ""ל",false,1,12.90,1.26,false,1,
8850389111352,false,מוגו מוגו מלון עם חתיכות,טמפו משקאות בעמ,,,יח,10,"ל 100 מ""ל",false,1,6.90,0.66,true,1,
8850389115312,false,סאפה מלון 330 בקבוק,טמפו משקאות בעמ,,,יח,0.33,"ל 100 ס""מ",false,1,7.90,23.03,false,1,
8850389115336,false,סאפה מלון 1 ליטר,טמפו משקאות בעמ,,,יח,1,לליטר,false,1,12.90,12.90,false,1,
8850632604259,false,יוגטה ממתק חמוץ בצורת מקלות תות,ליימן שליסל בעמ,,,יח,1,,false,1,3.90,3.90,false,1,
8850632604266,false,יוגטה ממתק חמוץ בצורת מקלות קולה,ליימן שליסל בעמ,,,יח,1,,false,1,3.90,3.90,false,1,
8850632604372,false,יוגטה ממתק חמוץ בצורת שטיח תות,ליימן שליסל בעמ,,,יח,1,,false,1,3.90,3.90,false,1,
8850632604402,false,יוגטה ממתק חמוץ בצורת שטיח מעורב,ליימן שליסל בעמ,,,יח,1,,false,1,3.90,3.90,false,1,
8858271002887,false,"רוטב טרייאקי 250 מ""ל מקסצ`אפ",מזרח ומערב יבוא ושיווק,,,יח,2.50,"ל 100 מ""ל",false,1,12.90,5.16,true,1,
8858271003068,false,רוטב סויה מתוקה מקסצ`אפ,מזרח ומערב יבוא ושיווק,,,יח,2.50,"ל 100 מ""ל",false,1,12.90,5.16,true,1,
8858271003075,false,רוטב סויה מתוקה 700 גר` מקסצ`אפ,מזרח ומערב יבוא ושיווק,,,יח,7,"ל 100 מ""ל",false,1,17.90,2.56,false,1,
8858271003938,false,רוטב קארי ירוק מקסצ`אפ,מזרח ומערב יבוא ושיווק,,,יח,2.50,"ל 100 מ""ל",false,1,12.90,5.16,true,1,
8858271004126,false,רוטב חמוץ מתוק 700 גר` מקסצ`אפ,מזרח ומערב יבוא ושיווק,,,יח,7,"ל 100 מ""ל",false,1,14.90,2.13,false,1,
8858271004300,false,"רוטב טרייאקי 70 מ""ל מקסצ`אפ",מזרח ומערב יבוא ושיווק,,,יח,7,ל 100 גרם,false,1,21.90,3.13,false,1,
8888021200256,false,סוללות AA 5 MAX,"דנשר (1963) בע,מ",,,יח,1,,false,1,24.90,24.90,true,1,
8888021200720,false,סוללות אנג יזר 8 AAA,"דנשר (1963) בע,מ",,,יח,1,,false,1,24.90,24.90,true,1,
8888111555013,false,משקה קל מיץ אננס בודד,בני פוזי שמשום בעמ,,,יח,2.40,"ל 100 מ""ל",false,1,3.20,1.21,false,1,
8901537024014,false,"אורז בסמטי 1 ק""ג ויליפוד * ק",ג.וילי פוד בעמ,,,יח,1,"לק""ג",false,1,12.90,12.90,true,1,
9000100806657,false,פב רול און ספורט,"הנקל סוד בע""מ",,,יח,0.50,"ל 100 מ""ל",false,1,12.90,25.80,true,1,
9005835312718,false,קלרו פירמידה מלח אקולוגי,"יעקב יעקבי ובניו בע""מ",,,יח,1.25,"ל 100 מ""ל",false,1,14.90,11.92,true,1,
9044400851672,false,דמויות פז מתחלפות+ 3 מילויים,ר.ב מוצרי דגנים בעמ,,,יח,1,,false,1,11.90,11.90,false,1,
9120025834723,false,חטיף אוראו מצונן 120 גר,ג.וילי פוד בעמ,,,יח,1.20,ל 100 גרם,false,1,13.90,11.58,false,1,
9120025839896,false,חטיף מילקה מצונן 120 גר,ג.וילי פוד בעמ,,,יח,1.20,ל 100 גרם,false,1,13.90,11.58,false,1,
9322969000022,false,פריכיות תירס מ150 גר`עם סויה,"דנשר (1963) בע,מ",,,יח,1.50,ל 100 גרם,false,1,12.90,8.60,false,1,
9322969000039,false,פריכיות תירס 5סוגים,"דנשר (1963) בע,מ",,,יח,0.15,ל 100 גרם,false,1,12.90,86,false,1,
9322969000046,false,פריכיות תירס אורגני 150 גר`,"דנשר (1963) בע,מ",,,יח,1.50,ל 100 גרם,false,1,12.90,8.60,false,1,
9322969000053,false,פריכיות אורז מלא 150 גרק,"דנשר (1963) בע,מ",,,יח,1.50,ל 100 גרם,false,1,12.90,8.60,false,1,
9770793963004,false,עיתון משפחה-חרדי,תפוצה פתרונות שיווק בעמ,,,יח,1,,false,1,25.90,25.90,false,1,
9771565025005,false,מעריב שבת,ג`רוזלם פוסט בעמ,,,יח,1,,false,1,6,6,false,1,
9771565051035,false,ידיעות אחרונות שבת,ידיעות אחרונות בעמ,,,יח,1,,false,1,13.90,13.90,false,1,
72900112002129,true,קולון ג`ל 2.5 ל בניחוח מרענן,רקיט בנקיסר (ניר איסט),,,יח,25,"ל 100 מ""ל",false,1,24.90,1,true,1,
