code,internal_code,name,manufacturer_name,manufacture_country,manufacturer_item_description,unit_qty,quantity,unit_of_measure,weighted,qty_in_package,price,unit_of_measure_price,allow_discount,status,item_id
32147230,false,"מיץ לימון משומר 200 מ""ל",סידג,CH,מיץ לימון משומר,מיליליטרים,200.00,"100 מ""ל",false,0,6.30,3.15,true,1,
40084107,false,ביצת קינדר הפתעה 20 גרם,פררו אס.פי.אי,IT,ביצת הפתעה,גרמים,20.00,100 גרם,false,1,5.30,26.50,true,1,
40111216,false,חטיף באונטי 57 גרם,מרס,NL,חטיף באונטי,גרמים,57.00,100 גרם,false,0,3.90,6.84,true,1,
40434230,false,מברשת כלים 105 ק,המברשת רוחמה,IL,מברשת כלים,יחידה,1.00,יחידה,false,0,10.40,10.40,true,1,
40434407,false,מברשת ציפורניים 009 .,המברשת רוחמה,IL,מברשת ציפורניי,יחידה,1.00,יחידה,false,0,7.10,7.10,true,1,
40914152,false,גלייד מוצק ניחוח ים 184ג,ג'ונסון,GB,גלייד מטהר אוויר,גרמים,184.00,100 גרם,false,0,8.80,4.78,true,1,
42102021,false,מסטיק אורביט פרופשונל10י,ריגלי,PL,מסטיק אורביט,יחידה,1.00,יחידה,false,0,3.10,3.10,true,1,
42154662,false,אורביט בטעם ספירמינט 27ג,ריגלי,FR,מסטיק אורביט,גרמים,27.00,100 גרם,false,0,5.80,21.48,true,1,
42155034,false,אורביט מעטפה פירות27גרם,ריגלי,FR,מסטיק אורביט,גרמים,27.00,100 גרם,false,0,5.80,21.48,true,1,
42174479,false,אורביט מעטפה תות 27 גרם,ריגלי,FR,אורביט מעטפה,גרמים,27.00,100 גרם,false,1,5.80,21.48,true,1,
42182085,false,5 בטעם פירות טרופיים31גר,ריגלי,FR,5 פירות טרופיים,גרמים,31.00,100 גרם,false,0,6.80,21.94,true,1,
42182108,false,5 בטעם מנטה 31 גרם,ריגלי,FR,5 בטעם מנטה,גרמים,31.00,100 גרם,false,0,6.80,21.94,true,1,
42188889,false,מסטיק 5 בטעם אבטיח 31גרם,ריגלי,FR,מסטיק 5 אבטיח,גרמים,31.00,100 גרם,false,0,6.80,21.94,true,1,
42247388,false,אורביט בליסטר באבל מינט,ריגלי,PL,אורביט בליסטר,גרמים,14.00,100 גרם,false,0,3.10,22.14,true,1,
42247555,false,מסטיק 5 אוכמניות רימון31,ריגלי,FR,מסטיק 5 אוכמניות,גרמים,31.00,100 גרם,false,0,6.80,21.94,true,1,
42247821,false,פייב אסנשיאל מנטה19גרם,ריגלי,FR,מסטיק פייב,גרמים,19.00,100 גרם,false,0,5.00,26.32,true,1,
42268086,false,אורביט סקיני תות 31 גרם,ריגלי,FR,אורביט סקיני,גרמים,31.00,100 גרם,false,0,5.70,18.39,true,1,
42268222,false,מסטיק 5 פירות יער 31 גרם,ריגלי,FR,מסטיק 5 פירות,גרמים,31.00,100 גרם,false,1,6.80,21.94,true,1,
46129338,false,מסטיק 5 בלאק 29 גרם,ריגלי,FR,מסטיק 5 בלאק,גרמים,29.00,100 גרם,false,1,6.80,23.45,true,1,
50204649,false,גלייד מוצק לבנדר 150גרם,ג'ונסון,GB,גלייד מטהר מוצק,גרמים,150.00,100 גרם,false,0,8.80,5.87,true,1,
54051157,false,אלפרו מעדן ט.שוקו125X4גר,אלפרו,BE,אלפרו מעדן ט.שוקו125X4גר,גרמים,500.00,100 גרם,false,0,18.70,3.74,true,1,
72917275,false,ופל טורטית 40 גרם,עלית,IL,וופל טורטית,גרמים,40.00,100 גרם,false,0,3.90,9.75,true,1,
72917367,false,חטיף טעמי 40 גרם,עלית,IL,חטיף טעמי,גרמים,40.00,100 גרם,false,0,3.90,9.75,true,1,
72917893,false,וופל פסק זמן חלב 45 גרם,עלית,IL,פסק זמן חלב,גרמים,45.00,100 גרם,false,0,4.90,10.89,true,1,
72918388,false,חטיף טויסט 28 גרם,עלית,IL,חטיף טוויסט,גרמים,28.00,100 גרם,false,0,3.90,13.93,true,1,
72940754,false,"מילקי בטעם וניל 170 מ""ל",שטראוס,IL,מילקי טעם וניל,מיליליטרים,170.00,"100 מ""ל",false,0,2.80,1.65,true,1,
72940761,false,"מילקי בטעם שוקולד 170מ""ל",שטראוס,IL,מילקי טעם שוקולד,מיליליטרים,170.00,"100 מ""ל",false,0,2.80,1.65,true,1,
72940952,false,"מילקי אקסטרה קצפת 170מ""ל",שטראוס,IL,מילקי אקסטרה,מיליליטרים,170.00,"100 מ""ל",false,0,3.90,2.29,true,1,
72945308,false,קוביות שמרים לחים אפיה50,פאקא,IL,קוביות שמרים,גרמים,50.00,100 גרם,false,0,3.20,6.40,true,1,
72961506,false,פרילי תות 1.5% 125 גרם,תנובה,IL,פרילי תות,גרמים,125.00,100 גרם,false,0,3.50,2.80,true,1,
72961513,false,"פרילי משמש 125 מ""ל",תנובה,IL,פרילי משמש,מיליליטרים,125.00,"100 מ""ל",false,0,3.50,2.80,true,1,
72961520,false,פרילי אננס 1.5% 125 גרם,תנובה,IL,פרילי אננס 1.5%,גרמים,125.00,100 גרם,false,0,3.50,2.80,true,1,
72961544,false,באדי תות 3% 125 גרם,תנובה,IL,מעדן באדי תות 3%,גרמים,125.00,100 גרם,false,0,2.80,2.24,true,1,
72963104,false,חמאה 100 גרם,תנובה,IL,חמאה,גרמים,100.00,100 גרם,false,0,3.92,3.92,true,1,
72963753,false,שמ.של פעם חמוצה27% 200ג,תנובה,IL,שמנת חמוצה תנובה,גרמים,200.00,100 גרם,false,0,4.00,2.00,true,1,
72963920,false,דנובה גביע 200 גרם,תנובה,IL,יוגורט דנובה,גרמים,200.00,100 גרם,false,0,3.40,1.70,true,1,
72964132,false,פרילי טבע גרנולה 200 גרם,תנובה,IL,פרילי טבע גרנולה,גרמים,200.00,100 גרם,false,0,4.50,2.25,true,1,
72964422,false,"יוגורט תנובה 4.5% 200מ""ל",תנובה,IL,יוגורט תנובה4.5%,מיליליטרים,200.00,"100 מ""ל",false,0,2.50,1.25,true,1,
72983225,false,מעדן מילקי הפוך 11% 170מ,שטראוס,IL,מעדן מילקי הפוך,מיליליטרים,170.00,"100 מ""ל",false,0,3.90,2.29,true,1,
72983416,false,ל.מ. בלו ארוך בוקס חפ,פיליפ מוריס,,ל.מ בלו חפ.,יחידה,1.00,יחידה,false,0,31.50,31.50,false,1,
72991374,false,טיים RED יחידה,,IL,טיים RED יחידה,יחידה,1.00,יחידה,false,0,28.00,28.00,false,1,
72991381,false,טיים RED 100,,IL,טיים RED 100,יחידה,1.00,יחידה,false,0,28.00,28.00,false,1,
72991398,false,טיים BLUE יחיד,,IL,טיים BLUE יחיד,יחידה,1.00,יחידה,false,0,28.00,28.00,false,1,
72991466,false,גולף GOLD 100,,IL,גולף GOLD 100,יחידה,1.00,יחידה,false,0,29.00,29.00,false,1,
72993637,false,דני שוקולד 1.5% 125 גרם,שטראוס,IL,דני שוקולד 1.5%,גרמים,125.00,100 גרם,false,0,2.60,2.08,true,1,
72993781,false,פסק זמן גלילית לבן 40גרם,עלית,IL,פסק זמן גלילית,גרמים,40.00,100 גרם,false,0,4.90,12.25,true,1,
72994306,false,רויאל אדום חפיסה,,IL,רויאל אדום חפיסה,יחידה,1.00,יחידה,false,0,22.50,22.50,false,1,
72994313,false,רויאל כחול חפיסה,,IL,רויאל כחול חפיסה,יחידה,1.00,יחידה,false,0,22.50,22.50,false,1,
80042556,false,עגבניות מרוסקות,,,עגבניות מרוסקות,גרמים,400.00,100 גרם,false,0,6.00,1.50,true,1,
80042563,false,רסק עגבניות,,,רסק עגבניות,גרמים,700.00,100 גרם,false,0,12.30,1.76,true,1,
80050124,false,טיק טק סוכריות מנטה16גרם,פררו - אלבה,EC,סוכריות טיק טק,גרמים,16.00,100 גרם,false,0,3.30,20.63,true,1,
80052760,false,קינדר בואנו 2 * 21.5 גרם,פררו - אלבה,IT,קינדר בואנו זוג,גרמים,43.00,100 גרם,false,0,4.90,11.40,true,1,
80176732,false,הפי היפו בודד 20.7 גרם,פררו - אלבה,DE,הפי היפו בודד,גרמים,20.00,100 גרם,false,0,3.50,17.50,true,1,
80176800,false,נוטלה ממרח שוקולד 750 גר,פררו - אלבה,PL,ממרח נוטלה,גרמים,750.00,100 גרם,false,0,23.90,3.19,true,1,
80177173,false,ממרח נוטלה 350 גרם,פררו - אלבה,IT,ממרח נוטלה,גרמים,350.00,100 גרם,false,0,14.00,4.00,true,1,
80177609,false,אצבעות שוקולד קינדר50גרם,פררו - אלבה,IT,אצבעות קינדר,גרמים,50.00,100 גרם,false,0,4.30,8.60,true,1,
80177616,false,אצבעות שוקולד קינדר100גר,פררו - אלבה,IT,שוקולד קינדר,גרמים,100.00,100 גרם,false,0,7.80,7.80,true,1,
80239321,false,ביסקוויט מצופ.שוקולד100ג,קסיני אס.אר.אל,IT,ביסקוויט מצופה,גרמים,100.00,100 גרם,false,1,7.80,7.80,true,1,
80239338,false,ביסקוויט קרמל מצופה 90גר,קסיני אס.אר.אל,IT,ביסקוויט מצופה,גרמים,90.00,100 גרם,false,1,7.80,8.67,true,1,
80273561,false,פלפל שחור במטחנה 45 גרם,דרוגריה ואלימנטרי,IT,פלפל שחור,גרמים,45.00,100 גרם,false,0,12.80,28.44,true,1,
80761761,false,קינדר בואנו לבן 19.5*2גר,פררו - אלבה,,קינדר בואנו לבן,גרמים,39.00,100 גרם,false,0,4.90,12.56,true,1,
80765790,false,מסטיק מנטוס3D אניגמה33ג,פרפטי ואן מלה,TR,מסטיק מנטוס 3D,גרמים,33.00,100 גרם,false,0,6.90,20.91,true,1,
80768258,false,ביצת קינדר ג'וי ורוד20גר,פררו - אלבה,PL,קינדר ג'וי ורוד,גרמים,20.00,100 גרם,false,0,5.90,29.50,true,1,
80769699,false,מנטוס וויט פירות מנטה60ג,פרפטי ואן מלה,TR,מנטוס וויט,גרמים,60.00,100 גרם,false,0,9.90,16.50,true,1,
80791324,false,מסטיק מנטוס בבל פרש 90 ג,פרפטי ואן מלה,TR,מסטיק מנטוס,גרמים,90.00,100 גרם,false,0,17.10,19.00,true,1,
80828174,false,מנטוס וויט מנטה מתוקה60ג,פרפטי ואן מלה,TR,מנטוס וויט,גרמים,60.00,100 גרם,false,0,9.90,16.50,true,1,
80828266,false,מסטיק מנטוס מנטה 90 גרם,פרפטי ואן מלה,TR,מסטיק מנטוס,גרמים,90.00,100 גרם,false,0,17.10,19.00,true,1,
80869580,false,מסטיק מנטוס ספירמינט90ג,פרפטי ואן מלה,TR,מסטיק מנטוס,גרמים,90.00,100 גרם,false,0,17.10,19.00,true,1,
80923480,false,מסטיק מנטוס מנטה 28 גרם,פרפטי ואן מלה,TR,מסטיק מנטוס מנטה,גרמים,28.00,100 גרם,false,0,5.40,19.29,true,1,
80936848,false,סוכריות טיק טק תות שדה16,פררו - אלבה,EC,טיק טק תות שדה,גרמים,16.00,100 גרם,false,0,3.30,20.63,true,1,
80974482,false,ביצת קינדר ג'וי כחול20גר,פררו - אלבה,PL,ביצת הפתעה קינדר,גרמים,20.00,100 גרם,false,0,5.90,29.50,true,1,
87108651,false,מנטוס מנטה 4יח37.5X'גרם,פרפטי ואן מלה ברדה,NL,מנטוס מנטה 4 יח',גרמים,150.00,100 גרם,false,0,10.90,7.27,true,1,
87108712,false,מנטוס טעם פירות4יח37.5Xג,פרפטי ואן מלה ברדה,NL,מנטוס פירות 4,גרמים,150.00,100 גרם,false,0,10.90,7.27,true,1,
87304770,false,סוכריות מנטוס BOX מנטה64,פרפטי ואן מלה ברדה,NL,סוכריות מנטוס,גרמים,64.00,100 גרם,false,0,6.40,10.00,true,1,
87304787,false,מנטוס BOX פירות 64 גרם,פרפטי ואן מלה ברדה,NL,סוכריות מנטוס,גרמים,64.00,100 גרם,false,0,6.40,10.00,true,1,
87311396,false,מנטוס ריינבאו גליל 37.50,פרפטי ואן מלה ברדה,NL,מנטוס ריינבאו,גרמים,37.00,100 גרם,false,0,3.30,8.92,true,1,
90162602,true,רד בול משקה אנרגיה פח250,רד בול,AT,רד בול,מיליליטרים,250.00,"100 מ""ל",false,0,8.10,3.24,true,1,
11210000032,false,רוטב טבסקו,,IL,רוטב טבסקו,מיליליטרים,360.00,"100 מ""ל",false,0,57.30,15.92,true,1,
11210000094,false,"רוטב טבסקו 60 מ""ל",ניצן,US,רוטב טבסקו,מיליליטרים,60.00,"100 מ""ל",false,0,10.90,18.17,true,1,
11210006508,false,"טבסקו אקסטרה חריף 60 מ""ל",ניצן,US,טבסקו אקסטרה,מיליליטרים,60.00,"100 מ""ל",false,0,15.70,26.17,true,1,
13495113506,false,קליק ביסקוויט 75 גרם,יוניליוור,IL,קליק ביסקוויט,גרמים,75.00,100 גרם,false,0,5.90,7.87,true,1,
13495113513,false,קליק שוקולד חלב 75 גרם,יוניליוור,IL,קליק שוקולד,גרמים,75.00,100 גרם,false,0,5.90,7.87,true,1,
13495113537,false,קליק חום לבן מעורב 75 גר,יוניליוור,IL,קליק מעורב,גרמים,75.00,100 גרם,false,0,5.90,7.87,true,1,
16000177710,false,נייצ'ר וואלי פירות+שקד5י,ג'נרל מילס,US,חטיף נייצ'ר ואלי,גרמים,175.00,100 גרם,false,0,17.90,10.23,true,1,
16000423534,false,קראנצי שיבולת ושוקולד5יח,ג'נרל מילס,US,חטיף נייצ'ר ואלי,גרמים,210.00,100 גרם,false,0,19.90,9.48,true,1,
16000548404,false,חטיף נייטשר ואלי ש.שועל5,ג'נרל מילס,US,חטיף נייטשר ואלי,גרמים,210.00,100 גרם,false,0,19.90,9.48,true,1,
16000548503,false,נייטשר וואלי מייפל 5יח,ג'נרל מילס,US,חטיף נייטשר ואלי,גרמים,210.00,100 גרם,false,0,19.90,9.48,true,1,
18000701223,false,תערובת לעוגת שוקולד500גר,ג'נרל מילס,IL,תערובת לעוגה,גרמים,500.00,100 גרם,false,0,17.90,3.58,true,1,
18000703494,false,תערובת לעוגת וניל 500גרם,ג'נרל מילס,IL,תערובת לעוגה,גרמים,500.00,100 גרם,false,0,17.90,3.58,true,1,
18000766413,false,תערובת לעוגה בראוניס550ג,ג'נרל מילס,IL,תערובת לעוגה,גרמים,550.00,100 גרם,false,0,17.90,3.25,true,1,
23100100876,false,"ויסקס אורגינל 2.72 ק""ג",מרס,US,"ויסקס אורגינל 2.72 ק""ג",קילוגרמים,2.72,"ק""ג",false,0,78.80,28.97,true,1,
24000154617,false,אננס שלם בסירופ,,,אננס שלם בסירופ,גרמים,825.00,100 גרם,false,0,9.70,1.18,true,1,
24000170013,false,אננס חתוך,,,אננס חתוך,גרמים,825.00,100 גרם,false,0,9.50,1.15,true,1,
25675120006,false,חמצוצים 4 צבעים 100 גרם,גורי,NL,חמצוצים,גרמים,100.00,100 גרם,false,0,7.90,7.90,true,1,
25675120020,false,םרג 100 לטפ םעטב םיצוצמח,ירוג,BE,חמצוצים פטל,גרמים,100.00,100 גרם,false,0,8.40,8.40,true,1,
25675120044,false,םרג100 חופת םעטב םיצוצמח,ירוג,IL,חמצוצים טעם תפוח,גרמים,100.00,100 גרם,false,0,8.40,8.40,true,1,
27000609040,false,רוטב היקורי מעושן 510גרם,קונגרה,US,רוטב ברביקיו,גרמים,510.00,100 גרם,false,0,13.70,2.69,true,1,
28200145109,false,ל.מ. סילבר לייבל 10 יח,פיליפ מוריס,,ל.מ. סילבר ליי,יחידה,1.00,יחידה,false,0,299.90,299.90,false,1,
34000124138,false,ממרח בוטנים וקקאו 368גרם,הרשי שוקולד,US,ממרח בוטנים/קקאו,גרמים,368.00,100 גרם,false,1,19.70,5.35,true,1,
34000146208,false,נטיפי שוקולד לאפייה283גר,הרשי שוקולד,US,נטיפי שוקולד,גרמים,283.00,100 גרם,false,1,18.70,6.61,true,1,
34000442652,false,טבלת XL ריזס 120 גרם,הרשי שוקולד,US,טבלת ריזס XL,גרמים,120.00,100 גרם,false,1,9.80,8.17,true,1,
35000764522,false,משחה קולגייט מקס פרש100מ,קולגייט-פלמוליב,PL,משחת שיניים,מיליליטרים,100.00,"100 מ""ל",false,0,19.90,19.90,true,1,
36000258295,false,קלינקס לושן,,IL,קלינקס לושן,יחידה,1.00,יחידה,false,0,10.80,10.80,true,1,
36000258660,false,קלינקס לושן,,IL,קלינקס לושן,יחידה,1.00,יחידה,false,0,14.90,14.90,true,1,
37600207188,false,חמאת בוטנים קלאסי 462גרם,הורמל,US,חמאת בוטנים,גרמים,462.00,100 גרם,false,0,23.50,5.09,true,1,
37600207256,false,חמאת בוטנים+שברי בוטנ462,הורמל,US,חמאת בוטנים,גרמים,462.00,100 גרם,false,0,23.50,5.09,true,1,
37977050059,false,זוג מוצצים,,HU,זוג מוצצים,יחידה,1.00,יחידה,false,0,31.90,31.90,true,1,
38000844966,false,חטיף פרינגלס אורגינל161ג,פרוקטר & גמבל,IL,חטיף פרינגלס,גרמים,161.00,100 גרם,false,0,9.90,6.15,true,1,
38000845000,false,פרינגלס שמנת בצל 169 גר,פרוקטר & גמבל,US,פרינגלס שמנת בצל,גרמים,169.00,100 גרם,false,0,9.90,5.86,true,1,
38000845017,false,חטיף פרינגלס חלפינו169,פרוקטר & גמבל,US,חטיף פרינגלס,גרמים,169.00,100 גרם,false,0,9.90,5.86,true,1,
38000845024,false,פרינגלס פיצה 169 גרם,פרוקטר & גמבל,IL,פרינגלס פיצה,גרמים,169.00,100 גרם,false,0,9.90,5.86,true,1,
38000845512,false,פרינגלס מיני אורגינל37ג,פרוקטר & גמבל,US,פרינגלס מיני,גרמים,37.00,100 גרם,false,0,4.50,12.16,true,1,
38000845529,false,פרינגלס מיני שמנת בצל37ג,פרוקטר & גמבל,US,פרינגלס מיני,גרמים,37.00,100 גרם,false,0,4.50,12.16,true,1,
38527591053,false,דגנים מרובעים קינמון412ג,קואקר אוטס,,דגנים מרובעים קינמון412ג,גרמים,412.00,100 גרם,false,0,19.90,4.83,true,1,
38527591145,false,דגנים קפטן בוטנים355גרם,קואקר אוטס,,קפטן דגנים,גרמים,355.00,100 גרם,false,0,19.90,5.61,true,1,
41390000904,false,"רוטב סויה קיקומן 444 מ""ל",קיקומן פודז אינק,US,רוטב סויה קיקומן,מיליליטרים,444.00,"100 מ""ל",false,0,18.90,4.26,true,1,
46214731552,false,עוגיות שוקולד צ'יפס225גר,מרבה,NL,עוגיות ש.צ'יפס,גרמים,225.00,100 גרם,false,0,10.90,4.84,true,1,
48256222203,false,אסטוניש משחה,,IL,אסטוניש משחה,גרמים,500.00,100 גרם,false,0,13.90,2.78,true,1,
50000100316,false,פריסקיז מעדן לחתול2.86קג,נסטלה פורינה,US,פריסקיז לחתול,קילוגרמים,2.86,"ק""ג",false,0,55.00,19.23,true,1,
50000421541,false,פריסקיז מיקס גריל 156גרם,נסטלה פורינה,US,פריסקיז לחתול,גרמים,156.00,100 גרם,false,0,6.20,3.97,true,1,
50000424948,false,פריסקיז דגי אוקינוס 156ג,נסטלה פורינה,US,פריסקיז לחתול,גרמים,156.00,100 גרם,false,0,6.20,3.97,true,1,
50000429042,false,פנסי פיסט כבד ועוף 85גרם,נסטלה פורינה,US,פנסי פיסט חתול,גרמים,85.00,100 גרם,false,0,5.90,6.94,true,1,
50000429448,false,פנסי פיסט סלמון לחתול85ג,נסטלה פורינה,US,פנסי פיסט לחתול,גרמים,85.00,100 גרם,false,0,5.90,6.94,true,1,
50000429646,false,פנסי פיסט דג אוקיאנוס85ג,נסטלה פורינה,US,פנסי פיסט לחתול,גרמים,85.00,100 גרם,false,0,5.90,6.94,true,1,
50000429844,false,פנסי פיסט הודו ועוף 85גר,נסטלה פורינה,US,פנסי פיסט לחתול,גרמים,85.00,100 גרם,false,0,5.90,6.94,true,1,
51000002846,false,"V8 מיץ ירקות 946 מ""ל",אדיר,IL,V8 מיץ ירקות,מיליליטרים,946.00,"100 מ""ל",false,0,17.90,1.89,true,1,
52100070865,false,"תמצית וניל טהור 29 מ""ל",מקורמיק האנט ואלי,US,תמצית וניל,מיליליטרים,29.00,"100 מ""ל",false,0,24.00,82.76,true,1,
55369900904,false,"מחית תפו""ע לא ממותק113*4",ליהי אורצ'רד אינק,CA,"מחית תפו""ע 4יח",גרמים,452.00,100 גרם,false,0,15.80,3.50,true,1,
55500012046,false,כלורקס מרסס,,US,כלורקס מרסס,מיליליטרים,946.00,"100 מ""ל",false,0,15.70,1.66,true,1,
64144090013,false,תרסיס שמן טעם חמאה 141גר,קונגרה,IL,תרסיס שמן,גרמים,141.00,100 גרם,false,0,19.20,13.62,true,1,
64144090020,false,תרסיס שמן זית 141 גרם,קונגרה,IL,תרסיס שמן זית,גרמים,141.00,100 גרם,false,0,19.20,13.62,true,1,
64144090051,false,"תרסיס שמן קנולה 148 מ""ל",קונגרה,US,תרסיס שמן קנולה,מיליליטרים,148.00,"100 מ""ל",false,0,19.20,12.97,true,1,
70450020873,false,שזיפים סנסוויט 500גרם,סנסוויט גרוורס אינק,US,שזיפים סנסוויט,גרמים,500.00,100 גרם,false,0,32.60,6.52,true,1,
77245110597,false,סוכריות מאסט לימון 80גרם,עלית,PL,סוכריות מאסט,גרמים,80.00,100 גרם,false,0,7.50,9.38,true,1,
77245110610,false,סוכריות מאסט מנטה 80 גרם,עלית,PL,סוכריות מאסט,גרמים,80.00,100 גרם,false,0,7.50,9.38,true,1,
77245111136,false,סוכ.מאסט ריבת חלב 80 גרם,עלית,PL,סוכריות מאסט,גרמים,80.00,100 גרם,false,0,7.50,9.38,true,1,
77975088210,false,שברי בייגל גבינת צ'דר340,סניידרס,US,שברי בייגל,גרמים,340.00,100 גרם,false,0,12.90,3.79,true,1,
77975091784,false,טורטיות צ'יפס תירס צ354ג,סניידרס,US,טורטיות צ'יפס,גרמים,354.00,100 גרם,false,1,12.90,3.64,true,1,
77975091791,false,טורטיות צ'יפס מסעדות354ג,סניידרס,US,טורטיות צ'יפס,גרמים,354.00,100 גרם,false,1,12.90,3.64,true,1,
80432400432,false,וויסקי שיבס 1 ליטר,שיבס ריגל,GB,וויסקי שיבס,ליטרים,1.00,ליטר,false,0,197.30,197.30,true,1,
84213017420,false,מיזלי אגוז/צימ.אורגני500,מסטמאכר,DE,מיזלי אורגני,גרמים,500.00,100 גרם,false,0,19.30,3.86,true,1,
84213017499,false,מיסלי פ.יער אורגני 500גר,מסטמאכר,DE,מיסלי אורגני,גרמים,500.00,100 גרם,false,0,19.20,3.84,true,1,
480010064153,false,חמאת בוטנים+שברי בוטנ462,הובמל,US,חמאת בוטנים,גרמים,462.00,100 גרם,false,1,23.50,5.09,true,1,
639138513238,false,פילה הרינג,,DE,פילה הרינג,גרמים,190.00,100 גרם,false,0,12.40,6.53,true,1,
728229123590,false,צ'יפס אורגינל 110 גרם,גלובל פרודאכט,IL,צ'יפס,גרמים,110.00,100 גרם,false,0,13.80,12.55,true,1,
728229123811,false,צ'יפס מתובל 110 גרם,גלובל פרודאכט,US,צ'יפס מתובל,גרמים,110.00,100 גרם,false,0,13.80,12.55,true,1,
728229130154,false,צ'יפס בטטה סלק 110 גרם,גלובל פרודאכט,US,צ'יפס בטטה סלק,גרמים,110.00,100 גרם,false,0,13.80,12.55,true,1,
801541500055,false,חליטת טולסי,,IN,חליטת טולסי,גרמים,30.00,100 גרם,false,0,16.90,56.33,true,1,
835811004936,false,כף חד פעמי מוכסף 20יחי,.,CN,"כף ח""פ מוכסף",יחידה,1.00,יחידה,false,1,5.90,5.90,true,1,
835811005018,false,50 כוסות קריסטל יהלום,.,IL,כוסות קריסטל,יחידה,1.00,יחידה,false,0,11.90,11.90,true,1,
835811008231,false,ספוג מג'יק,הנמל,DE,ספוג מג'יק,יחידה,1.00,יחידה,false,0,9.90,9.90,true,1,
835811008248,false,טחינה גולמית ירושלמית500,הנמל,IL,טחינה ירושלים,גרמים,500.00,100 גרם,false,0,15.80,3.16,true,1,
835811008347,false,גפרורים ענקיים,הנמל,IN,גפרורים ענקיים,יחידה,1.00,יחידה,false,0,6.80,6.80,true,1,
835811008361,false,"שעועית 1 ק""ג",הנמל,IL,שעועית,קילוגרמים,1.00,"ק""ג",false,0,11.80,11.80,true,1,
835811009238,false,שיפודי במבוק ענקיים 25יח,הנמל,IL,שיפודים ענקיים,יחידה,1.00,יחידה,false,0,6.80,6.80,true,1,
835811009771,false,סכין חד פעמי מוכסף 20יחי,.,CN,"סכין ח""פ מוכסף",יחידה,1.00,יחידה,false,1,5.90,5.90,true,1,
835811009788,false,מזלג חד פעמי מוכסף 20יחי,.,CN,"מזלג ח""פ מוכסף",יחידה,1.00,יחידה,false,1,5.90,5.90,true,1,
839762000641,false,נקטר מנגו איילנד 1 ליטר,אדיר,EG,נקטר איילנד,ליטרים,1.00,ליטר,false,0,9.50,9.50,true,1,
839762000658,false,נקטר גויאבה איילנד 1 ל',אדיר,EG,נקטר איילנד,ליטרים,1.00,ליטר,false,0,9.50,9.50,true,1,
856591000062,false,עוגיות מזרחיות מלח400גרם,עבאדי,IL,עוגיות מזרחיות,גרמים,400.00,100 גרם,false,0,17.40,4.35,true,1,
856591000109,false,עוגיות מזרחיות פריכות400,עבאדי,IL,עוגיות מזרחיות,גרמים,400.00,100 גרם,false,0,17.40,4.35,true,1,
856591000116,false,עוגיות מזרחיות שומשום350,עבאדי,IL,עוגיות מזרחיות,גרמים,350.00,100 גרם,false,1,13.80,3.94,true,1,
856591000123,false,עוגיות מזרחיות עבאדי700ג,עבאדי,IL,עוגיות מזרחיות עבאדי700ג,גרמים,700.00,100 גרם,false,0,19.90,2.84,true,1,
856591000444,false,מיני מזרח.חריף בקטנה200ג,עבאדי,IL,עוגיות מזרחיות,גרמים,200.00,100 גרם,false,0,10.80,5.40,true,1,
856591000451,false,מיני מזרח.מעורב ירושלמי,עבאדי,IL,עוגיות מזרחיות,גרמים,200.00,100 גרם,false,0,10.80,5.40,true,1,
856591000550,false,מיני מזרחיות טבעי 200גרם,עבאדי,IL,עוגיות מזרחיות,גרמים,200.00,100 גרם,false,1,10.80,5.40,true,1,
856591000819,false,קרקר'ס חיטה 140 גרם,עבאדי,,קרקר'ס חיטה,גרמים,140.00,100 גרם,false,0,9.90,7.07,true,1,
884912032171,false,האני באנצ'ס פקאן 411 גרם,פוסט,US,האני באנצ'ס,גרמים,411.00,100 גרם,false,0,16.50,4.01,true,1,
884912103703,false,פוסט וופל קריספ 325 גרם,פוסט,,פוסט וופל קריספ 325 גרם,גרמים,325.00,100 גרם,false,0,21.70,6.68,true,1,
884912129741,false,פוסט פרוטי פבלס 425 גרם,פוסט,US,פוסט פרוטי פבלס 425 גרם,גרמים,425.00,100 גרם,false,0,21.70,5.11,true,1,
3014260022730,false,2מברשות אדוונטג' מדיום40,פרוקטר & גמבל,IL,זוג מברשות,יחידה,1.00,יחידה,false,0,19.90,19.90,true,1,
3014260262709,false,סכיני גילוח ונוס 4 יח',פרוקטר & גמבל,US,סכיני גילוח ונ,יחידה,1.00,יחידה,false,0,47.20,47.20,true,1,
3014260842062,false,2 מברשות דליקייט וויט,פרוקטר & גמבל,IN,2 מברשות שיניים,יחידה,1.00,יחידה,false,0,19.70,19.70,true,1,
3045140105502,false,שוקולד חלב מילקה 100 גרם,מונדלייז,DE,שוקולד חלב מילקה,גרמים,100.00,100 גרם,false,0,8.40,8.40,true,1,
3045140280902,false,שוק.אגוז/צימוק מילקה100ג,מונדלייז,DE,שוקולד מילקה,גרמים,100.00,100 גרם,false,0,8.40,8.40,true,1,
3046920028752,false,שוק.לינדט אקסלנס נענע100,לינדט ושפרונגלי קילשברג,FR,שוקולד לינדט,גרמים,100.00,100 גרם,false,0,16.00,16.00,true,1,
3059940007768,false,אירויק ספריי וניל 240 מל,רקיט בנקיזר,GB,אירויק ספריי,מיליליטרים,240.00,"100 מ""ל",false,0,9.90,4.13,true,1,
3059943015104,false,אירוויק נטול גז פרסיה345,רקיט בנקיזר,PL,אירוויק מבשם,מיליליטרים,345.00,"100 מ""ל",false,0,10.00,2.90,true,1,
3059943015128,false,אירוויק נטול גז לבנדר345,רקיט בנקיזר,PL,אירוויק נטול גז לבנדר345,מיליליטרים,345.00,"100 מ""ל",false,0,10.00,2.90,true,1,
3059943016507,false,אירויק ספריי לבנדר 240מל,רקיט בנקיזר,GB,אירויק ספריי,מיליליטרים,240.00,"100 מ""ל",false,0,9.90,4.13,true,1,
3073780828628,false,גבינה בייבי בל אדום 120ג,נטו,FR,גבינה בייבי בל אדום 120ג,גרמים,120.00,100 גרם,false,0,16.00,13.33,true,1,
3139420008161,false,רושס אדט לגבר 100 מל,,IL,רושס אדט לגבר 100 מל,מיליליטרים,100.00,"100 מ""ל",false,0,515.00,515.00,true,1,
3355991002319,false,סילבר סנט אדט לגבר 100מל,,,סילבר סנט אדט לגבר 100מל,מיליליטרים,100.00,"100 מ""ל",false,0,403.00,403.00,true,1,
3387390320244,false,דגני בוקר פיטנס+פירות375,נסטלה,FR,דגני פיטנס,גרמים,375.00,100 גרם,false,0,20.90,5.57,true,1,
3387390525960,false,קראנץ' דגני בוקר 500 גרם,נסטלה,FR,קראנץ דגני בוקר,גרמים,500.00,100 גרם,false,0,17.90,3.58,true,1,
3387390730852,false,דגני בוקר פיטנס 375 גרם,נסטלה,FR,דגני בוקר פיטנס 375 גרם,גרמים,375.00,100 גרם,false,0,20.90,5.57,true,1,
3414206000608,false,"יופ א.ד.ט לגבר 125 מ""ל",,FR,"יופ א.ד.ט לגבר 125 מ""ל",מיליליטרים,125.00,"100 מ""ל",false,0,456.70,365.36,true,1,
3574660239829,false,קרם ידיים ניוטרוג'ינה 75,ג'ונסון,FR,קרם ידיים קליל,מיליליטרים,75.00,"100 מ""ל",false,0,19.90,26.53,true,1,
3574660239973,false,32או בה פרוקומפורט נורמל,ג'ונסון,DE,טמפוני או בה,יחידה,1.00,יחידה,false,0,32.90,32.90,true,1,
3574660292794,false,שמן לתינוק ג'ונסון 500מל,ג'ונסון,IL,שמן לתינוק,מיליליטרים,500.00,"100 מ""ל",false,0,29.80,5.96,true,1,
3574660322576,false,קרפרי רגיל 58 יחידות,ג'ונסון,IT,קרפרי רגיל 58 יחידות,יחידה,1.00,יחידה,false,0,20.20,20.20,true,1,
3574660322651,false,קרפרי רגיל טנגה לבן 58יח,ג'ונסון,IT,קרפרי רגיל טנגה לבן 58יח,יחידה,1.00,יחידה,false,0,20.20,20.20,true,1,
3574660464337,false,76 קרפרי מבושם מגה פאק,ג'ונסון,IT,76 קרפרי מבושם מגה פאק,יחידה,1.00,יחידה,false,0,22.50,22.50,true,1,
3574660464399,false,64 קרפרי מגה פאק מקסי L,ג'ונסון,IT,מגן תחתון קרפרי,יחידה,1.00,יחידה,false,0,22.50,22.50,true,1,
3574660464429,false,76 קרפרי אוורירי מגה פאק,ג'ונסון,IT,76 קרפרי אוורירי מגה פאק,יחידה,1.00,יחידה,false,0,22.50,22.50,true,1,
3574660620436,false,אלסב.ג'ונסון לפני שינ750,ג'ונסון,IT,אל סבון ג'ונסון,מיליליטרים,750.00,"100 מ""ל",false,0,22.00,2.93,true,1,
3574660696028,false,ק.ידיים ניוטרוג'ינה 50מל,ג'ונסון,FR,קרם ידיים,מיליליטרים,50.00,"100 מ""ל",false,0,19.90,39.80,true,1,
3600010017707,false,מי פנים רגיל אסנשיאל200מ,לוריאל,PL,מי פנים,מיליליטרים,200.00,"100 מ""ל",false,0,25.00,12.50,true,1,
3600521825617,false,שמפו אלביב טוטאל ריפר400,kozmetik canan,FR,שמפו אלביב,מיליליטרים,400.00,"100 מ""ל",false,0,9.00,2.25,true,1,
3600522022848,false,אקסלנס חום מהגוני אד4.56,ליברמו,BE,אקסלנס,יחידה,1.00,יחידה,false,0,31.90,31.90,true,1,
3600522164623,false,שמפו אלביב ארג'נין 400 מ,kozmetik canan,FR,שמפו אלביב,מיליליטרים,100.00,"100 מ""ל",false,0,9.00,9.00,true,1,
3600522301875,false,דאודורנט רול אינביזיבל50,קוסמופול,PL,דאו.גרנייה,מיליליטרים,50.00,"100 מ""ל",false,0,15.80,31.60,true,1,
3600522344155,false,מסכת אלביב ארג'נין 300 מ,kozmetik canan,IL,מסכת אלביב,מיליליטרים,300.00,"100 מ""ל",false,0,19.90,6.63,true,1,
3600522713210,false,שמפו אלביב 6 שמנים 400 מ,קוסמטיקס,TR,שמפו אלביב,מיליליטרים,400.00,"100 מ""ל",false,1,9.00,2.25,true,1,
3600522713364,false,מרכך אלביב 6 שמנים 400 מ,קוסמטיקס,TR,מרכך אלביב,מיליליטרים,400.00,"100 מ""ל",false,1,9.00,2.25,true,1,
3600523136155,false,"מסכה אלביב 6 שמנים300מ""ל",קוסמטיקס,TR,מסכה אלביב,מיליליטרים,300.00,"100 מ""ל",false,1,19.90,6.63,true,1,
3600523154777,false,"שמפו אלביב ארג'נין600מ""ל",קוסמטיקס,TR,שמפו אלביב,מיליליטרים,600.00,"100 מ""ל",false,1,18.70,3.12,true,1,
3600523154784,false,שמפו אלביב טוטל ריפר 600,קוסמטיקס,TR,שמפו אלביב,מיליליטרים,600.00,"100 מ""ל",false,1,18.70,3.12,true,1,
3600523154838,false,שמפו אלביב קולור פרופ600,קוסמטיקס,TR,שמפו אלביב,מיליליטרים,600.00,"100 מ""ל",false,1,18.70,3.12,true,1,
3600523154852,false,שמפו אלביב אנטי ברקא600,קוסמטיקס,TR,שמפו אלביב אנטי ברקא600,מיליליטרים,600.00,"100 מ""ל",false,1,18.70,3.12,true,1,
3600523165742,false,שמפו אלביב 6 שמנים 600מל,קוסמטיקס,TR,שמפו אלביב,מיליליטרים,600.00,"100 מ""ל",false,1,18.70,3.12,true,1,
3600523171040,false,מרכך אלביב 6 שמנים 600מל,קוסמטיקס,TR,מרכך אלביב,מיליליטרים,600.00,"100 מ""ל",false,1,18.70,3.12,true,1,
3600540006165,false,חלב פנים רג.אסנשיאל200מל,קוסמופול,PL,חלב פנים,מיליליטרים,200.00,"100 מ""ל",false,0,25.00,12.50,true,1,
3600540308603,false,צבע קולור נטורלס שחור 1,קוסמופול,PL,צבע לשיער גרנייה,יחידה,1.00,יחידה,false,0,21.60,21.60,true,1,
3600540308627,false,צבע קולור נטורלס חום 4,קוסמופול,PL,צבע לשיער גרנייה,יחידה,1.00,יחידה,false,0,21.60,21.60,true,1,
3600540308634,false,צבע קולור נטורל חום 5,קוסמופול,PL,צבע לשיער גרנייה,יחידה,1.00,יחידה,false,0,21.60,21.60,true,1,
3600540308641,false,צבע קולור נטורלס בלונד 6,קוסמופול,PL,צבע לשיער גרנייה,יחידה,1.00,יחידה,false,0,21.60,21.60,true,1,
3600540308658,false,צבע קולור נטורלס בלונד 7,קוסמופול,PL,צבע לשיער גרניה,יחידה,1.00,יחידה,false,0,21.60,21.60,true,1,
3600540308665,false,צבע קולור נטורלס בלונד 8,קוסמופול,PL,צבע לשיער גרנייה,יחידה,1.00,יחידה,false,0,21.60,21.60,true,1,
3600540308689,false,קולור נטורלס בלונד 10,קוסמופול,PL,צבע לשיער גרנייה,יחידה,1.00,יחידה,false,0,21.60,21.60,true,1,
3600540308757,false,צבע קולור נטורלס 4.26,קוסמופול,FR,צבע לשיער גרנייה,יחידה,1.00,יחידה,false,0,21.60,21.60,true,1,
3600540308788,false,צבע קולור נטורלס חום 5.3,קוסמופול,PL,צבע לשיער גרנייה,יחידה,1.00,יחידה,false,0,21.60,21.60,true,1,
3600540308801,false,צבע קולור נטורלס 7.3,קוסמופול,PL,צבע לשיער גרנייה,יחידה,1.00,יחידה,false,0,21.60,21.60,true,1,
3600540308900,false,צבע קולור נטורלס 111,קוסמופול,FR,צבע ש.גרנייה,יחידה,1.00,יחידה,false,0,21.60,21.60,true,1,
3600540308917,false,צבע קולור נטורלס 6.34,קוסמופול,PL,צבע לשיער גרנייה,יחידה,1.00,יחידה,false,0,21.60,21.60,true,1,
3600541022065,false,קרם גוף גרנייה אלוורה400,קוסמופול,PL,קרם גוף גרנייה אלוורה400,מיליליטרים,400.00,"100 מ""ל",false,0,15.00,3.75,true,1,
3600541032804,false,"דאודורנט רול קאלם 50 מ""ל",קוסמופול,PL,דאודורנט גרנייה,מיליליטרים,50.00,"100 מ""ל",false,0,15.80,31.60,true,1,
3600541205482,false,פיור אנרגי גרגירים 150מל,סופרויאל,FR,פיור אנרגי גרגירים 150מל,מיליליטרים,150.00,"100 מ""ל",false,0,29.70,19.80,true,1,
3600541253667,false,דאודורנט אינביזיבל150מ,סופרוקוס,IL,דאו.גרנייה,מיליליטרים,150.00,"100 מ""ל",false,0,13.90,9.27,true,1,
3600541265806,false,פיור פחם ג'ל גרגירים50מל,סופרויאל,DE,ג'יל גרגירים,גרמים,50.00,100 גרם,false,0,35.00,70.00,true,1,
3600541295308,false,"פיור פחם ג'ל ניקוי 50מ""ל",סופרויאל,FR,ג'יל ניקוי פיור,גרמים,50.00,100 גרם,false,0,35.00,70.00,true,1,
3600541382930,false,תמיסת מיסלר מסיר איפור,קוסמופול,IL,מסיר איפור,מיליליטרים,400.00,"100 מ""ל",false,0,31.90,7.98,true,1,
3600541466265,false,דאודורנט פרו5 ורוד150מ,סופרוקוס,FR,דאו.גרנייה,מיליליטרים,150.00,"100 מ""ל",false,1,13.90,9.27,true,1,
3607346373873,false,"נאוטיקה וואיז ספרי150מ""ל",קוטי,ES,נאוטיקה ספריי,מיליליטרים,150.00,"100 מ""ל",false,1,24.70,16.47,true,1,
3661163934983,false,דאו.סטיק אדידס טים פורס,COTY,GB,דאודורנט אדידס,גרמים,51.00,100 גרם,false,0,17.90,35.10,true,1,
3661163970448,false,דאו.אדידס A3 פרש לגבר200,COLEPCCL,PT,דאודורנט אדידס,מיליליטרים,200.00,"100 מ""ל",false,0,17.90,8.95,true,1,
3661163990781,false,דאו.אדידס A3 פרולול 200מ,COLEPCCL,GB,דאו.אדידס A3 פרולול 200מ,מיליליטרים,200.00,"100 מ""ל",false,0,17.90,8.95,true,1,
3661163991580,false,דאו.אדידס קול אנד קר150מ,COLEPCCL,IL,דאודורנט אדידס,מיליליטרים,150.00,"100 מ""ל",false,0,17.90,11.93,true,1,
4000417019004,false,שוקולד ריטר חלב אגוז100ג,ריטר,DE,שוקולד ריטר,גרמים,100.00,100 גרם,false,0,9.30,9.30,true,1,
4000508037351,false,קפה קרונונג פילטר 250גרם,מונדלייז,DE,קפה קרונונג,גרמים,250.00,100 גרם,false,0,12.90,5.16,true,1,
4001518102961,false,פת חיטה 250 גרם,גריסון,DE,פת חיטה,גרמים,250.00,100 גרם,false,0,11.10,4.44,true,1,
4001518108642,false,עוג.סנדוויץ וניל180גרם,גריסון,AT,עוגיות סנדוויץ,גרמים,180.00,100 גרם,false,1,7.90,4.39,true,1,
4002448017684,false,"סיליט באנג ספריי 750 מ""ל",רקיט בנקיזר,IL,סיליט באנג ספריי,מיליליטרים,750.00,"100 מ""ל",false,0,10.00,1.33,true,1,
4002448019480,false,סיליט באנג מסיר שומן750מ,רקיט בנקיזר,IT,סיליט באנג,מיליליטרים,750.00,"100 מ""ל",false,0,10.00,1.33,true,1,
4003790703591,false,סט וילדה יעה+מטאטא,וילדה,DE,סט יעה+מטאטא,יחידה,1.00,יחידה,false,0,20.10,20.10,true,1,
4005808817726,false,ניוואה קרם גילוח לגבר100,ביירסדורץ,DE,קרם גילוח לגבר,מיליליטרים,100.00,"100 מ""ל",false,0,13.10,13.10,true,1,
4005808850716,false,שפתון לבלו,,,שפתון לבלו,יחידה,1.00,יחידה,false,0,14.10,14.10,true,1,
4005808890507,false,"ניוואה סופט 200 מ""ל",ביירסדורץ,ES,קרם ניוואה סופ,מיליליטרים,200.00,"100 מ""ל",false,0,29.50,14.75,true,1,
4006952005779,false,עוג.סנדוויץ ממולא ל.ג300,קופרנט פיינבק ג'י אם בי,DE,עוגיות סנדוויץ,גרמים,300.00,100 גרם,false,1,13.90,4.63,true,1,
4008400221021,false,קינדר מקסי 10יח210('גרם),פררו - אלבה,IT,קינדר מקסי,גרמים,210.00,100 גרם,false,0,17.90,8.52,true,1,
4009300522935,false,תה ירוק לימונית+לואיזה20,טייקנה,DE,תה ירוק לימונית+לואיזה20,גרמים,30.00,100 גרם,false,0,14.90,49.67,true,1,
4009300524588,false,חליטת פירות יער3גרם20Xשק,טייקנה,IL,חליטת פירות יער,גרמים,60.00,100 גרם,false,0,17.60,29.33,true,1,
4009900013581,false,מארז סטיקס ספירמינט 5 יח,ריגלי,FR,מארז אורביט,גרמים,65.00,100 גרם,false,0,9.90,15.23,true,1,
4009900360937,false,איירווייז מיני אקליפטו42,ריגלי,PL,איירווייז מיני,גרמים,42.00,100 גרם,false,0,5.70,13.57,true,1,
4009900376600,false,איירווייז מיני אוכמניו42,ריגלי,PL,איירווייז מיני,גרמים,42.00,100 גרם,false,0,5.70,13.57,true,1,
4009900385824,false,מארז סטיקס פפרמינט 5 יח',ריגלי,FR,מארז אורביט,גרמים,65.00,100 גרם,false,0,9.90,15.23,true,1,
4009900387101,false,אורביט פרופשיונל מנטה3יח,ריגלי,PL,אורביט שלישיה,גרמים,42.00,100 גרם,false,0,8.90,21.19,true,1,
4009900405713,false,איירווייז מיני אניס+מנ42,ריגלי,PL,איירווייז מיני,גרמים,42.00,100 גרם,false,0,5.70,13.57,true,1,
4009900420303,false,אורביט פרופשנ.ספירמינ3יח,ריגלי,PL,אורביט שלישייה,גרמים,42.00,100 גרם,false,0,8.90,21.19,true,1,
4009900444743,false,אורביט פפרמינט מעטפה3X27,ריגלי,FR,מארז אורביט,גרמים,81.00,100 גרם,false,0,14.80,18.27,true,1,
4009900455299,false,סוכריות סקיטלס פירות174ג,ריגלי,CZ,סוכריות סקיטלס,גרמים,174.00,100 גרם,false,0,8.80,5.06,true,1,
4009900465304,false,סוכריות סקיטלס חמוץ174גר,ריגלי,CZ,סוכריות סקיטלס,גרמים,174.00,100 גרם,false,0,8.80,5.06,true,1,
4009900484060,false,אורביט בקבוק M פפרמינט 8,ריגלי,PL,אורביט בקבוק,גרמים,84.00,100 גרם,false,0,13.90,16.55,true,1,
4009900484091,false,אורביט בקבוק M ספירמינ84,ריגלי,PL,אורביט בקבוק,גרמים,84.00,100 גרם,false,0,13.90,16.55,true,1,
4009900484305,false,אורביט בקבוקMסוויטמינט84,ריגלי,PL,אורביט בקבוק,גרמים,84.00,100 גרם,false,0,13.90,16.55,true,1,
4009900487283,false,אורביט סטיקס פירות 5יח',ריגלי,FR,מארז אורביט,גרמים,65.00,100 גרם,false,0,9.90,15.23,true,1,
4009900503952,false,אורביט בבלמינט grab&go,ריגלי,PL,מסטיק אורביט,גרמים,56.00,100 גרם,false,1,10.90,19.46,true,1,
4009900504126,false,אורביט פפרמינט grab&go,ריגלי,PL,מסטיק אורביט,גרמים,56.00,100 גרם,false,1,10.90,19.46,true,1,
4011100001220,false,מיני מרס בשקית 403 גרם,לינדט ושפרונגלי קילשברג,IL,מיני מרס,גרמים,403.00,100 גרם,false,0,24.70,6.13,true,1,
4011800251253,false,קונפיטורה פטל 340 גרם,Schwartauer,IL,קונפיטורה פטל,גרמים,340.00,100 גרם,false,0,18.50,5.44,true,1,
4011800628512,false,קורני חט.דגנים+שוקולד6יח,Schwartauer,DE,קורני חטיף דגנים,גרמים,150.00,100 גרם,false,0,15.90,10.60,true,1,
4011800630515,false,קורני 6חט.דגנים+שוק+בננה,Schwartauer,DE,קורני חטיף דגנים,גרמים,150.00,100 גרם,false,0,15.90,10.60,true,1,
4011800633516,false,6קורני+שוק.מריר58% קקאו,Schwartauer,IL,קורני חטיף דגנים,גרמים,138.00,100 גרם,false,0,15.90,11.52,true,1,
4011800636517,false,קורני FREE שוקולד חלב6יח,Schwartauer,IL,קורני חטיף דגנים,גרמים,120.00,100 גרם,false,0,15.90,13.25,true,1,
4014400907902,false,סוכ.וורטר ל.סוכר בוקס42ג,שטורק,DE,סוכריות וורטר,גרמים,42.00,100 גרם,false,0,6.20,14.76,true,1,
4014400910063,false,סוכריות חמאה וורטר135גרם,שטורק,DE,סוכריות וורטר,גרמים,135.00,100 גרם,false,0,8.00,5.93,true,1,
4014400914696,false,סוכ.חמאה וורטר ל.סוכר80ג,שטורק,DE,סוכריות וורטר,גרמים,80.00,100 גרם,false,0,8.50,10.63,true,1,
4014400914924,false,סוכ.וורטר ללא סוכר קפה80,שטורק,DE,סוכריות וורטר,גרמים,80.00,100 גרם,false,0,8.50,10.63,true,1,
4015000280372,false,דאו.רול און FA פור מא50מ,הנקל סוד,DE,דאודורנט FA,מיליליטרים,50.00,"100 מ""ל",false,0,10.90,21.80,true,1,
4015000615891,false,דאו.ספריי FA אקווה 200מל,הנקל סוד,DE,דאודורנט FA,מיליליטרים,200.00,"100 מ""ל",false,0,10.90,5.45,true,1,
4015000941013,false,מסיכה גליס אולטימייטריפר,הנקל סוד,DE,מסיכה גליס,מיליליטרים,200.00,"100 מ""ל",false,0,24.90,12.45,true,1,
4015001011371,false,"פה ספריי פרש&דריי 200מ""ל",הנקל סוד,DE,דאודורנט פה,מיליליטרים,200.00,"100 מ""ל",false,1,10.90,5.45,true,1,
4015400057369,false,12 אולוויז עבה לילה,פרוקטר & גמבל,DE,תחבושות אולוויז,יחידה,1.00,יחידה,false,0,14.40,14.40,true,1,
4015400264491,false,43 פמפרס ניו בייבי שלב1,פרוקטר & גמבל,PL,חיתולי פמפרס,יחידה,1.00,יחידה,false,0,32.40,32.40,true,1,
4015400428657,false,15 אולוויז עבה לונג+,פרוקטר & גמבל,DE,15 אולוויז עבה לונג+,יחידה,1.00,יחידה,false,0,14.40,14.40,true,1,
4015400562788,false,100 מגני תח.אולוייז מגה,פרוקטר & גמבל,IL,מגן תחתון אולויז,יחידה,1.00,יחידה,false,0,22.90,22.90,true,1,
4015400564034,false,מגן תח.אולוייז מגה פק +L,פרוקטר & גמבל,IL,מגן תחתון אולויז,יחידה,1.00,יחידה,false,0,22.90,22.90,true,1,
4015400603412,false,9 אולוויז אינפיניטי לונג,פרוקטר & גמבל,IL,תחבושות אולוויז,יחידה,1.00,יחידה,false,0,15.90,15.90,true,1,
4015400655268,false,60 אולוויז טוויטס מגה L,פרוקטר & גמבל,IL,מגן תחתון אולויז,יחידה,1.00,יחידה,false,0,19.90,19.90,true,1,
4015400655305,false,אולוויז אינפינ.דואו נורמ,פרוקטר & גמבל,IL,תחבושות אולוויז,יחידה,1.00,יחידה,false,0,39.70,39.70,true,1,
4015400657149,false,72אולוויז טוויטס מגה N,פרוקטר & גמבל,IL,מגן תחתון אולויז,יחידה,1.00,יחידה,false,0,19.90,19.90,true,1,
4015400669036,false,44 מגן תח.אולוייז דואו L,פרוקטר & גמבל,DE,מגן תחתון אולויז,יחידה,1.00,יחידה,false,1,19.70,19.70,true,1,
4015400669098,false,52 מגן תח.אולוייז דואו N,פרוקטר & גמבל,DE,מגן תחתון אולויז,יחידה,1.00,יחידה,false,1,19.70,19.70,true,1,
4015400699811,false,28תח.אולוייז דואו נורמל+,,,תחבושות אולוייז,יחידה,1.00,יחידה,false,0,22.90,22.90,true,1,
4015400699958,false,32 תח.אולוייז משי נורמל,,,תחבושות אולוייז,יחידה,1.00,יחידה,false,0,22.90,22.90,true,1,
4015400700111,false,24 תח.אולוייז דואו לונג,,,תחבושות אולוייז,יחידה,1.00,יחידה,false,0,22.90,22.90,true,1,
4015400700272,false,20 תח.אולוייז דואו לילה,,,תחבושות אולוייז,יחידה,1.00,יחידה,false,0,22.90,22.90,true,1,
4015400737032,false,108פמפרס אקטיב בייב שלב3,פרוקטר & גמבל,PL,חיתולי פמפרס,יחידה,1.00,יחידה,false,1,81.90,81.90,true,1,
4015400737070,false,90פמפרס אקטיב בייבי שלב4,פרוקטר & גמבל,PL,חיתולי פמפרס,יחידה,1.00,יחידה,false,1,81.90,81.90,true,1,
4015400737117,false,78פמפרס אקטיב בייבי שלב5,פרוקטר & גמבל,PL,חיתולי פמפרס,יחידה,1.00,יחידה,false,1,81.90,81.90,true,1,
4015400737315,false,96פמפרס אקטיב בייב שלב+4,פרוקטר & גמבל,PL,חיתולי פמפרס,יחידה,1.00,יחידה,false,1,81.90,81.90,true,1,
4015400742913,false,מגן תחתון אולויז,,,מגן תחתון אולויז,יחידה,1.00,יחידה,false,0,22.90,22.90,true,1,
4015400745334,false,72 פמפרס מכנסונים מידה 4,פרוקטר & גמבל,PL,מכנסוני פמפרס,יחידה,1.00,יחידה,false,1,81.90,81.90,true,1,
4015600515492,false,פיירי פלטינום לימון720מל,פרוקטר & גמבל,CZ,נוזל לכלים פיירי,מיליליטרים,720.00,"100 מ""ל",false,0,9.80,1.36,true,1,
4015600515614,false,פיירי פלטינום נוזל 720מל,פרוקטר & גמבל,CZ,פיירי נוזל לכלים,מיליליטרים,720.00,"100 מ""ל",false,0,9.80,1.36,true,1,
4015600581992,false,65טבליות פיירי הכל ב1,פרוקטר & גמבל,GB,טבליות למדיח,יחידה,1.00,יחידה,false,0,45.90,45.90,true,1,
4015600582319,false,50טבליות פיירי פלטינום,פרוקטר & גמבל,GB,טבליות למדיח,יחידה,1.00,יחידה,false,0,54.40,54.40,true,1,
4015600763251,false,שמפו הד&שולדרס קלאסי 600,פרוקטר & גמבל,IL,שמפו הד&שולדרס קלאסי 600,מיליליטרים,600.00,"100 מ""ל",false,0,23.90,3.98,true,1,
4015600763299,false,"הד&שולדרס 2ב1- 600 מ""ל",פרוקטר & גמבל,IL,שמפו הד&שולדרס,מיליליטרים,600.00,"100 מ""ל",false,0,23.90,3.98,true,1,
4015600768966,false,הד&שולדרס עם לחות 600מ,פרוקטר & גמבל,IL,שמפו הד&שולדרס,מיליליטרים,600.00,"100 מ""ל",false,0,23.90,3.98,true,1,
4015600770228,false,פנטן שמפו שמן משקם 600 מ,פרוקטר & גמבל,FR,שמפו פנטן שמן,מיליליטרים,600.00,"100 מ""ל",false,0,21.90,3.65,true,1,
4015600815233,false,פנטן שמפו לחות מוגברת600,פרוקטר & גמבל,IL,פנטן שמפו,מיליליטרים,600.00,"100 מ""ל",false,0,21.90,3.65,true,1,
4015600815516,false,שמפ.פנטן נוסחה קלאסית600,פרוקטר & גמבל,FR,שמפו פנטן,מיליליטרים,600.00,"100 מ""ל",false,0,21.90,3.65,true,1,
4015600830328,false,מרכך הד&שולדרס לחות 400,פרוקטר & גמבל,FR,מרכך הד&שולדרס,מיליליטרים,400.00,"100 מ""ל",false,0,20.90,5.23,true,1,
4015600889333,false,סרום פנטן שמן משקם 100מל,פרוקטר & גמבל,IL,סרום שמן משקם,מיליליטרים,100.00,"100 מ""ל",false,0,32.70,32.70,true,1,
4017100198151,false,עוג.סנדוויץ היט וניל220ג,באלסן,PL,עוגיות סנדוויץ,גרמים,220.00,100 גרם,false,1,8.90,4.05,true,1,
4017100364112,false,עוג.סנדוויץ היט קקאו220ג,באלסן,PL,עוגיות סנדוויץ,גרמים,220.00,100 גרם,false,1,8.90,4.05,true,1,
4025700001023,false,שוקולד אגוזים מילקה100גר,מונדלייז,DE,שוקולד מילקה,גרמים,100.00,100 גרם,false,0,8.40,8.40,true,1,
4033100014499,false,אל די כחול חפיסה,jti,TR,אל די כחול חפיסה,יחידה,1.00,יחידה,false,0,26.50,26.50,false,1,
4033100014529,false,אל די סלימס חפיסה,jti,TR,אל די סלימס חפ.,יחידה,1.00,יחידה,false,0,26.50,26.50,false,1,
4043041008686,false,סוכ.דרופס לימון מנטה33גר,ריגלי,CZ,דרופס לימון מנטה,גרמים,33.00,100 גרם,false,0,4.90,14.85,true,1,
4043041008716,false,סוכ.דרופס פירות יער 33גר,ריגלי,CZ,דרופס פירות יער,גרמים,33.00,100 גרם,false,0,4.90,14.85,true,1,
4043400522020,false,מברשת רולר,המברשת רוחמה,IL,מברשת רולר,יחידה,1.00,יחידה,false,0,11.00,11.00,true,1,
4045787068467,false,פרוטאין קולור מס7',הנקל סוד,DE,פרוטאין קולור,יחידה,1.00,יחידה,false,0,25.20,25.20,true,1,
4046234767650,false,קפה צ'יבו גולד סלקשין200,צ'יבו,PL,קפה צ'יבו,גרמים,200.00,100 גרם,false,1,19.80,9.90,true,1,
4046234794885,false,קפה צ'יבו בלאק נוויט200ג,צ'יבו,PL,קפה צ'יבו,גרמים,200.00,100 גרם,false,1,19.80,9.90,true,1,
4052197000925,false,"בירה בנדיקטינר כהה500מ""ל",בנדיקטינר וויצבראו,DE,"בירה בנדיקטינר כהה500מ""ל",מיליליטרים,500.00,"100 מ""ל",false,0,11.80,2.36,true,1,
4056800943739,false,"חמצן וולה 6% 60 מ""ל",פרוקטר & גמבל,FR,חמצן וולה 6%,מיליליטרים,60.00,"100 מ""ל",false,0,5.10,8.50,true,1,
4084500078758,false,אריאל פודס קפסולות 28 יח,פרוקטר & גמבל,IL,אריאל פודס,יחידה,1.00,יחידה,false,0,39.90,39.90,true,1,
4084500078796,false,אריאל פודס קולור 28 יח,פרוקטר & גמבל,IL,אריאל פודס קולור,יחידה,1.00,יחידה,false,0,39.90,39.90,true,1,
4084500088917,false,פיירי לכלים לימון650מל,פרוקטר & גמבל,IL,פיירי נוזל לכלים,מיליליטרים,650.00,"100 מ""ל",false,0,10.90,1.68,true,1,
4084500149526,false,טייד ג'ל כביסה 2.48 ליטר,פרוקטר & גמבל,IL,טייד ג'ל,ליטרים,2.48,ליטר,false,0,24.90,10.04,true,1,
4084500178199,false,טייד ג'ל קולור 2.48 ליטר,פרוקטר & גמבל,IL,טייד ג'ל קולור 2.48 ליטר,ליטרים,2.48,ליטר,false,0,24.90,10.04,true,1,
4084500264397,false,שמפו הד&שולדרס 2ב1- 600,פרוקטר & גמבל,IL,שמפו הד&שולדרס,מיליליטרים,600.00,"100 מ""ל",false,1,23.90,3.98,true,1,
4084500371422,false,"אבקת כביסה אריאל 8 ק""ג",פרוקטר & גמבל,IL,אריאל שושן צחור,קילוגרמים,8.00,"ק""ג",false,0,64.90,8.11,true,1,
4084500371453,false,"אבקת כביסה טייד 8 ק""ג",פרוקטר & גמבל,CH,"אבקת כביסה טייד 8 ק""ג",קילוגרמים,8.00,"ק""ג",false,0,51.90,6.49,true,1,
4084500513570,false,אריאל נח.הרים2.47ל,פרוקטר & גמבל,IL,אריאל ג'ל,ליטרים,2.47,ליטר,false,0,33.60,13.60,true,1,
4084500513723,false,אריאל ג'ל נח.מרענן2.47ל,פרוקטר & גמבל,IL,אריאל ג'ל נח.מרענן2.47ל,ליטרים,2.47,ליטר,false,0,33.60,13.60,true,1,
4084500513792,false,אריאל ג'ל סנסטיב 2.47 לי,פרוקטר & גמבל,IL,אריאל ג'ל סנסטיב,ליטרים,2.47,ליטר,false,1,33.60,13.60,true,1,
4084500514027,false,אריאל ג'ל נח.הרים 3.95ל,פרוקטר & גמבל,IL,אריאל ג'ל נח.הרים 3.95ל,ליטרים,3.95,ליטר,false,0,39.90,10.10,true,1,
4084500627826,false,פיירי לכלים לימון 385מל,פרוקטר & גמבל,GB,פיירי לימון,מיליליטרים,385.00,"100 מ""ל",false,1,6.50,1.69,true,1,
4084500853553,false,פיירי אורגינל 650מל,פרוקטר & גמבל,GB,נוזל כלים פיירי,מיליליטרים,650.00,"100 מ""ל",false,1,10.90,1.68,true,1,
4084500853690,false,פיירי תפוז 650מל,פרוקטר & גמבל,GB,נוזל כלים פיירי,מיליליטרים,650.00,"100 מ""ל",false,1,10.90,1.68,true,1,
4084500853836,false,"פיירי ורדים ומשי 515 מ""ל",פרוקטר & גמבל,GB,פיירי נוזל לכלים,מיליליטרים,515.00,"100 מ""ל",false,1,10.90,2.12,true,1,
4084500853898,false,פיירי אלוורה/מלפפונים515,פרוקטר & גמבל,GB,פיירי נוזל לכלים,מיליליטרים,515.00,"100 מ""ל",false,1,10.90,2.12,true,1,
4084500854048,false,פיירי לימון 1.24ל,פרוקטר & גמבל,GB,נוזל כלים פיירי,ליטרים,1.24,ליטר,false,1,15.90,12.82,true,1,
4084500920880,false,פיירי קלאסי 1.24ל,פרוקטר & גמבל,GB,נוזל כלים פיירי,ליטרים,1.24,ליטר,false,1,15.90,12.82,true,1,
4600659010854,false,"וודקה סטוליצ'ניה 700 מ""ל",אס פי איי,RU,וודקה סטוליצ'ניה,מיליליטרים,700.00,"100 מ""ל",false,0,88.20,12.60,true,1,
4603400000043,false,וודקה רוסקי,,,וודקה רוסקי,מיליליטרים,700.00,"100 מ""ל",false,0,64.90,9.27,true,1,
4607026530212,false,כוסמת,,,כוסמת,גרמים,900.00,100 גרם,false,0,18.20,2.02,true,1,
4800888148957,false,דאו.רקסונה רול און טלק50,יוניליוור,PH,דאודורנט רקסונה,מיליליטרים,50.00,"100 מ""ל",false,0,18.70,37.40,true,1,
4801234145118,false,מטהר אוויר גלייד,,,מטהר אוויר גלייד,מיליליטרים,400.00,"100 מ""ל",false,0,12.90,3.23,true,1,
4801234145125,false,גלייד נ.גז אושן בריז400מ,ג'ונסון,IL,מטהר אוויר גלייד,מיליליטרים,400.00,"100 מ""ל",false,0,12.90,3.23,true,1,
4801234145132,false,גלייד נטול גז חבצלות400מ,ג'ונסון,IL,מטהר אוויר גלייד,מיליליטרים,400.00,"100 מ""ל",false,0,12.90,3.23,true,1,
4823085705075,false,שוק.ממולא עם אגוזים120גר,איי.וי.קיי,UA,שוקולד ממולא,גרמים,120.00,100 גרם,false,1,7.90,6.58,true,1,
4891228430092,false,4סכינ.גילוח אקסטרים3 אשה,שיק,CN,סכיני גילוח,יחידה,1.00,יחידה,false,0,19.90,19.90,true,1,
4903001904192,false,"רוטב סויה יאמאסה 500 מ""ל",יאמאסה,JP,רוטב סויה יאמאסה,מיליליטרים,500.00,"100 מ""ל",false,0,28.40,5.68,true,1,
5000146401568,false,וולייט 10 דפים שומרי צבע,רקיט בנקיזר,US,וולייט דפים,יחידה,1.00,יחידה,false,0,14.90,14.90,true,1,
5000159376655,false,סוכריות סקיטלס פירות38ג,ריגלי,CZ,סוכריות סקיטלס,גרמים,38.00,100 גרם,false,0,2.90,7.63,true,1,
5000159376792,false,סוכריות סקיטלס חמוץ 38 ג,ריגלי,CZ,סוכריות סקיטלס,גרמים,38.00,100 גרם,false,0,2.90,7.63,true,1,
5000159407236,false,חטיף מרס 51 גרם,מרס,NL,חטיף מרס,גרמים,51.00,100 גרם,false,0,3.90,7.65,true,1,
5000159409179,false,מיני סניקרס בשקית 403 גר,מרס,DE,מיני סניקרס,גרמים,403.00,100 גרם,false,0,24.70,6.13,true,1,
5000159452977,false,מיני מיקס בשקית 400 גרם,מרס,DE,מיני מיקס,גרמים,400.00,100 גרם,false,0,24.70,6.18,true,1,
5000159459228,false,חטיף טוויקס 50 גרם,מרס,NL,חטיף טוויקס,גרמים,50.00,100 גרם,false,0,3.90,7.80,true,1,
5000204657913,false,קיווי משחה שחורה50מל,ג'ונסון,FR,קיווי משחה בשחור,מיליליטרים,50.00,"100 מ""ל",false,0,5.90,11.80,true,1,
5000204658125,false,קיווי נוזל נעליים חום75מ,ג'ונסון,FR,קיווי נוזל,מיליליטרים,75.00,"100 מ""ל",false,0,14.90,19.87,true,1,
5000204658187,false,קיווי נוזל נעליים שחור75,ג'ונסון,FR,קיווי נוזל,מיליליטרים,75.00,"100 מ""ל",false,0,14.90,19.87,true,1,
5000219009295,false,פאל מאל ארוך אדום 10יח,bat,TR,פאל מאל ארוך,יחידה,1.00,יחידה,false,0,259.90,259.90,false,1,
5000267024233,false,ויסקי ג'וני ווקר,,IL,ויסקי ג'וני ווקר,מיליליטרים,700.00,"100 מ""ל",false,0,114.90,16.41,true,1,
5000394058019,false,8 סוללות דורסל AA,פרוקטר & גמבל,IL,8 סוללות דורסל,יחידה,1.00,יחידה,false,0,31.70,31.70,true,1,
5000394203389,false,סוללות דורסל AAA 12 יח',פרוקטר & גמבל,BE,סוללות דורסל,יחידה,1.00,יחידה,false,0,29.90,29.90,true,1,
5010182997338,false,ט.דאק ג'ל אסלה ירוק55מל,DEOFLOR,GB,דאק ג'ל נוזלי,מיליליטרים,55.00,"100 מ""ל",false,0,8.90,16.18,true,1,
5010182997918,false,ט.דאק ג'ל אסלה נ.ים 55מל,DEOFLOR,IT,טואלט דאק ג'ל,מיליליטרים,55.00,"100 מ""ל",false,0,8.90,16.18,true,1,
5010677551397,false,"בקרדי לימון ליים 275מ""ל","בקרדי בע""מ",DE,בקרדי בריזר,מיליליטרים,275.00,"100 מ""ל",false,1,13.90,5.05,true,1,
5010677552387,false,"בקרדי בריזר אננס 275 מ""ל","בקרדי בע""מ",DE,בקרדי בריזר,מיליליטרים,275.00,"100 מ""ל",false,0,13.90,5.05,true,1,
5010677554398,false,"בקרדי בריזר אבטיח 275מ""ל","בקרדי בע""מ",DE,בקרדי בריזר,מיליליטרים,275.00,"100 מ""ל",false,0,13.90,5.05,true,1,
5010852000917,false,וויסקי בארקלייז,,GB,וויסקי בארקלייז,מיליליטרים,700.00,"100 מ""ל",false,0,69.90,9.99,true,1,
5011408027976,false,אלנט ספריי לשיער רגיל400,kozmetik canan,BE,אלנט ספריי לשיער,מיליליטרים,400.00,"100 מ""ל",false,0,29.60,7.40,true,1,
5011417540916,false,פיניש קואנטום 20טבליות,רקיט בנקיזר,PL,פיניש קואנטום 20טבליות,יחידה,1.00,יחידה,false,0,29.60,29.60,true,1,
5011417552247,false,אירוויק נטול גז לילך345מ,רקיט בנקיזר,PL,אירוויק מבשם,מיליליטרים,345.00,"100 מ""ל",false,0,10.00,2.90,true,1,
5011417556832,false,"מבשם בדים לבנדר 345מ""ל",רקיט בנקיזר,PL,מבשם בדים לבנדר,מיליליטרים,345.00,"100 מ""ל",false,0,10.00,2.90,true,1,
5013965747656,false,מרכך הד&שולדרס קלאסי400מ,פרוקטר & גמבל,IL,מרכך הד&שולדרס,מיליליטרים,400.00,"100 מ""ל",false,0,20.90,5.23,true,1,
5014271300429,false,מעד.משמש ל.תוספת סוכר284,סאן דלפור - שמבור,IL,מעדן מישמש,גרמים,284.00,100 גרם,false,0,14.90,5.25,true,1,
5014271350424,false,מעדן ארבעה פירות 284 גרם,סאן דלפור - שמבור,FR,מעדן 4 פירות,גרמים,284.00,100 גרם,false,0,14.90,5.25,true,1,
5014271360423,false,מעד.תפוז ללא תוס.סוכר284,סאן דלפור - שמבור,FR,מעדן תפוזים,גרמים,284.00,100 גרם,false,0,14.90,5.25,true,1,
5014271370422,false,מעדן אפרסק 284 גרם,סאן דלפור - שמבור,FR,מעדן אפרסק 284 גרם,גרמים,284.00,100 גרם,false,0,14.90,5.25,true,1,
5014271400426,false,מעדן תות שדה 284 גרם,סאן דלפור - שמבור,FR,מעדן תות שדה 284 גרם,גרמים,284.00,100 גרם,false,0,14.90,5.25,true,1,
5014271560427,false,מעדן תפוז+ג'ינג'ר 284גרם,סאן דלפור - שמבור,FR,מעדן תפוז+ג'ינג'ר 284גרם,גרמים,284.00,100 גרם,false,0,14.90,5.25,true,1,
5029053000619,false,ממחטות אולטרה סופט טו גו,חוגלה קימברלי,IT,ממחטות אולטרה,יחידה,1.00,יחידה,false,0,8.50,8.50,true,1,
5029053510811,false,28 תח.קוטקס נורמל כנפיים,חוגלה קימברלי,IL,תחבושות קוטקס,יחידה,1.00,יחידה,false,0,17.90,17.90,true,1,
5029053510828,false,24 תח.קוטקס אולטרא סופר,חוגלה קימברלי,IL,תחבושות קוטקס,יחידה,1.00,יחידה,false,0,17.90,17.90,true,1,
5029053523446,false,20 תח.קוטקס אולטרא נייט,חוגלה קימברלי,IL,תחבושות קוטקס,יחידה,1.00,יחידה,false,0,17.90,17.90,true,1,
5029053527574,false,10תח.ספיגה לילה בנים4-7,חוגלה קימברלי,IL,10 תחתוני ספיגה,יחידה,1.00,יחידה,false,0,38.00,38.00,true,1,
5029053531250,false,14פול אפס יום בנות מידה5,חוגלה קימברלי,IL,האגיס פול אפס,יחידה,1.00,יחידה,false,0,39.00,39.00,true,1,
5029053531267,false,14תח.גמילה בנים מידה 5,חוגלה קימברלי,IL,האגיס פול אפס,יחידה,1.00,יחידה,false,0,39.00,39.00,true,1,
5029053534589,false,32 טמפוני קוטקס מיני,חוגלה קימברלי,CZ,טמפוני קוטקס,יחידה,1.00,יחידה,false,0,29.00,29.00,true,1,
5029053535234,false,16טמפונ.קוטקס מוליך סופר,חוגלה קימברלי,,טמפוני קוטקס,יחידה,1.00,יחידה,false,0,22.90,22.90,true,1,
5035766044772,false,סיידר תפוח 4 יח,,BE,סיידר תפוח 4 יח,ליטרים,1.32,ליטר,false,0,29.60,22.42,true,1,
5050083559761,false,קוקו פופס שוקוס קלוג500',קלוג'ס,DE,קוקו פופס קלוג'ס,גרמים,500.00,100 גרם,false,0,23.70,4.74,true,1,
5099864004205,false,סימילאק אדבנס+שלב 1 400ג,אבוט,IE,סימילאק אדבנס,גרמים,400.00,100 גרם,false,0,41.10,10.28,true,1,
5099864004991,false,סימילאק טופ 3 א.חסכון900,אבוט,IE,סימילאק טופ 3,גרמים,900.00,100 גרם,false,0,75.70,8.41,true,1,
5099864005202,false,סימילאק אדבנס+שלב 3 400ג,אבוט,IE,סימילאק אדבנס,גרמים,400.00,100 גרם,false,0,41.10,10.28,true,1,
5099864006384,false,סימילאק שלב 2 מהדרין900ג,אבוט,IE,סימילאק שלב 2,גרמים,900.00,100 גרם,false,0,79.20,8.80,true,1,
5099864006704,false,סימילאק אדבנס+שלב 1 900ג,אבוט,IE,סימילאק אדבנס,גרמים,900.00,100 גרם,false,0,76.90,8.54,true,1,
5099864006711,false,סימילאק אדבנס+שלב 2 900ג,אבוט,IE,סימילאק אדבנס,גרמים,900.00,100 גרם,false,0,76.90,8.54,true,1,
5200351240017,false,גליליות קרם אגוז+קקאו400,גולדן ברייק,GR,גליליות קרם אגוז,גרמים,400.00,100 גרם,false,0,17.70,4.43,true,1,
5200351290210,false,גליליות וופל אגוז/קקא150,גולדן ברייק,GR,גליליות וופל,גרמים,150.00,100 גרם,false,0,6.80,4.53,true,1,
5201178801054,false,"קרם ניוואה 250 מ""ל",ביירסדורץ,,ניוואה קרם לחות,מיליליטרים,250.00,"100 מ""ל",false,0,29.60,11.84,true,1,
5201940010110,false,זיתים שחורים קלמטה454גרם,,,זיתים שחורים קלמטה454גרם,גרמים,454.00,100 גרם,false,0,15.10,3.33,true,1,
5202300014472,false,"וולפלקס ספריי חזק 250מ""ל",פרוקטר & גמבל,DE,וולהפלקס ספריי,מיליליטרים,250.00,"100 מ""ל",false,0,35.40,14.16,true,1,
5202300043144,false,קולסטון 2000 בלונד בהיר,פרוקטר & גמבל,DE,קולסטון 2000,יחידה,1.00,יחידה,false,0,20.90,20.90,true,1,
5202300043151,false,קולסטון 2000 בלונד בהיר,פרוקטר & גמבל,DE,קולסטון 2000,יחידה,1.00,יחידה,false,0,20.90,20.90,true,1,
5202300043434,false,קולסטון 2000 חום בלונד,פרוקטר & גמבל,DE,קולסטון 2000,יחידה,1.00,יחידה,false,0,20.90,20.90,true,1,
5202300045834,false,קולסטון 2000 בלונד פלטין,פרוקטר & גמבל,DE,קולסטון בלונד,יחידה,1.00,יחידה,false,0,20.90,20.90,true,1,
5410076379378,false,אבקת טייד קולור 5קג,פרוקטר & גמבל,TR,אבקת טייד קולור,קילוגרמים,5.00,"ק""ג",false,1,39.90,7.98,true,1,
5410076379606,false,אבקת כביסה טייד קולור6ק,פרוקטר & גמבל,TR,אב.כביסה טייד,קילוגרמים,6.00,"ק""ג",false,0,54.40,9.07,true,1,
5410076518784,false,משחת אורל בי מנטה 100מל,פרוקטר & גמבל,IL,משחת אורל בי,מיליליטרים,100.00,"100 מ""ל",false,0,21.80,21.80,true,1,
5410076518814,false,משחת אורל בי רעננות 100מ,פרוקטר & גמבל,IL,משחת אורל בי,מיליליטרים,100.00,"100 מ""ל",false,0,21.80,21.80,true,1,
5410076933129,false,אריאל שושן צחור 3קג,פרוקטר & גמבל,IL,אריאל שושן צחור,קילוגרמים,3.00,"ק""ג",false,0,44.50,14.83,true,1,
5410076951628,false,"אבקת כביסה אריאל 8 ק""ג",פרוקטר & גמבל,IL,אריאל שושן צחור,קילוגרמים,8.00,"ק""ג",false,0,64.90,8.11,true,1,
5410103161518,false,קרם לחות פעולה משולשת50מ,קלסרואה,DE,קרם לחות פעולה משולשת50מ,מיליליטרים,50.00,"100 מ""ל",false,0,55.00,110.00,true,1,
5410126004007,false,ביסקויט דינוזאור שוקו225,לוטוס ביקרי,BE,ביסקוויט לוטוס,גרמים,225.00,100 גרם,false,1,13.90,6.18,true,1,
5410126004601,false,ביסקוויט דינוזאור דגנ175,לוטוס ביקרי,BE,ביסקוויט לוטוס,גרמים,175.00,100 גרם,false,1,11.90,6.80,true,1,
5410126006087,false,ביסקוויט בטעם קרמל 700 ג,לוטוס ביקרי,BE,ביסקוויט לוטוס,גרמים,700.00,100 גרם,false,0,26.90,3.84,true,1,
5410126006339,false,ביסקוויט לוטוס קרמל124ג,לוטוס ביקרי,BE,ביסקוויט לוטוס,גרמים,124.00,100 גרם,false,0,7.80,6.29,true,1,
5410126106183,false,ביסקוויט לוטוס ארוז 50יח,לוטוס ביקרי,BE,ביסקוויט לוטוס,גרמים,312.00,100 גרם,false,0,12.90,4.13,true,1,
5410126116953,false,ממרח ביסקוויט לוטוס 400ג,לוטוס ביקרי,BE,ממרח ביסקוויט,גרמים,400.00,100 גרם,false,0,22.00,5.50,true,1,
5410126716016,false,ביסקוויט לוטוס ט.קרמל250,לוטוס ביקרי,BE,ביסקויט לוטוס,גרמים,250.00,100 גרם,false,0,11.80,4.72,true,1,
5410173210055,false,קפה לפילטר,,IL,קפה לפילטר,גרמים,70.00,100 גרם,false,0,18.90,27.00,true,1,
5410316994019,false,וודקה סמירנוף,,GB,וודקה סמירנוף,מיליליטרים,700.00,"100 מ""ל",false,0,79.90,11.41,true,1,
5411188080268,false,אלפרו סויה אורגני 1 ליטר,אלפרו,IL,אלפרו סויה אורגנ,ליטרים,1.00,ליטר,false,0,16.10,16.10,true,1,
5411188081852,false,אלפרו סויה וניל 1 ליטר,אלפרו,IL,אלפרו סויה וניל,ליטרים,1.00,ליטר,false,0,16.10,16.10,true,1,
5411188094159,false,אלפרו מעדן ט.שוקולד125X4,אלפרו,IL,מעדן סויה 4יח',גרמים,500.00,100 גרם,false,0,18.70,3.74,true,1,
5411188106159,false,אלפרו סויה לייט טבעי 1 ל,אלפרו,IL,אלפרו סויה לייט,ליטרים,1.00,ליטר,false,0,12.90,12.90,true,1,
5411188110002,false,מעדן סויה עוגיות 4י125*ג,אלפרו,BE,מעדן סויה 4 יח,גרמים,500.00,100 גרם,false,0,18.70,3.74,true,1,
5411188110835,false,אלפרו משקה שקדים 1 ליטר,אלפרו,BE,אלפרו משקה שקדים 1 ליטר,ליטרים,1.00,ליטר,false,0,15.80,15.80,true,1,
5411188111375,false,משקה אורז וניל 1 ליטר,אלפרו,IL,משקה אורז וניל,ליטרים,1.00,ליטר,false,0,15.80,15.80,true,1,
5411188112709,false,"אלפרו משקה שקדים לל""ס 1ל",אלפרו,BE,"אלפרו משקה שקדים לל""ס 1ל",ליטרים,1.00,ליטר,false,0,15.80,15.80,true,1,
5411188115366,false,אלפרו משקה שיבולת שועל 1,אלפרו,BE,משקה אלפרו,מיליליטרים,1000.00,"100 מ""ל",false,0,15.80,1.58,true,1,
5411188116592,false,אלפרו משקה קוקוס 1 ליטר,אלפרו,BE,אלפרו משקה קוקוס,מיליליטרים,1000.00,"100 מ""ל",false,0,15.80,1.58,true,1,
5411188300328,false,אלפרו סויה שוקו 1 ליטר,אלפרו,IL,אלפרו סויה שוקו,ליטרים,1.00,ליטר,false,0,16.10,16.10,true,1,
5413121350056,false,בונ.צדפים שוקולד בלגי65ג,בי סי ג'י אולן,BE,בונבוניירה צדפים,גרמים,65.00,100 גרם,false,0,12.80,19.69,true,1,
5413149695986,false,"אבקת תינוקלין 1.25 ק""ג",פרוקטר & גמבל,CH,אבקת כביסה,קילוגרמים,1.25,"ק""ג",false,0,22.10,17.68,true,1,
5413149712737,false,"אבקת טייד אלפיין 6 ק""ג",פרוקטר & גמבל,TR,"אבקת טייד אלפיין 6 ק""ג",קילוגרמים,6.00,"ק""ג",false,0,54.40,9.07,true,1,
5413149922907,false,א.כ אריאל קולור וסטייל5ק,פרוקטר & גמבל,TR,"אריאל קולור 5ק""ג",קילוגרמים,5.00,"ק""ג",false,1,47.90,9.58,true,1,
5413149922938,false,אבקת אריאל שושן צחור 5קג,פרוקטר & גמבל,TR,אבקת כביסה אריאל,קילוגרמים,5.00,"ק""ג",false,1,47.90,9.58,true,1,
5413548280189,false,קינדר שוקובון 125 גרם,פררו - אלבה,BE,קינדר שוקובון,גרמים,125.00,100 גרם,false,0,12.60,10.08,true,1,
5600395030719,false,סרדין בשמן זית נפטון115ג,קלנג מקנאן,PT,סרדין בשמן זית,גרמים,115.00,100 גרם,false,0,7.00,6.09,true,1,
5600395030818,false,סרדין בשמן סויה נפטון115,קלנג מקנאן,PT,סרדין בשמן,גרמים,115.00,100 גרם,false,0,7.00,6.09,true,1,
5600395033246,false,סרדינים ברוטב עגבניות120,קלנג מקנאן,PT,סרדינים ברוטב,גרמים,120.00,100 גרם,false,0,7.00,5.83,true,1,
5600395033284,false,סרדינים קטנים בשמן זית,קלנג מקנאן,PT,סרדינים קטנים,גרמים,120.00,100 גרם,false,0,7.80,6.50,true,1,
5601008200444,false,עוג.גודיס שוקולד חלב150ג,מרבה,NL,עוגיות גודיס,גרמים,150.00,100 גרם,false,0,8.80,5.87,true,1,
5601008200451,false,עוגיות גודיס שוק.מריר150,מרבה,NL,עוגיות גודיס,גרמים,150.00,100 גרם,false,0,8.80,5.87,true,1,
5601008200468,false,עוגי.גודיס שוקולד לבן150,מרבה,PT,עוגיות גודיס,גרמים,150.00,100 גרם,false,0,8.80,5.87,true,1,
5601036205534,false,אקסלנס שחור מס1',ליברמו,BE,צבע לשיער אקסלנס,יחידה,1.00,יחידה,false,0,31.90,31.90,true,1,
5601036205589,false,אקסלנס חום טבעי מס5',ליברמו,BE,צבע לשיער אקסלנס,יחידה,1.00,יחידה,false,0,31.90,31.90,true,1,
5701051000012,false,עוגיות טעם חמאה,,DK,עוגיות טעם חמאה,גרמים,340.00,100 גרם,false,0,14.80,4.35,true,1,
5701932026964,false,הוט פופ טעם מלוח 100X6גר,פופז,IL,פופקורן הוט פופ,גרמים,600.00,100 גרם,false,0,14.90,2.48,true,1,
5701932026971,false,הוט פופ טעם חמאה 100X6גר,פופז,US,פופקורן הוטפופ,גרמים,600.00,100 גרם,false,0,14.90,2.48,true,1,
5701932026995,false,פופקורן לייט הוט פופ510ג,פופז,IL,פופקורן למיקרו,גרמים,510.00,100 גרם,false,0,14.90,2.92,true,1,
5706516031358,false,הוטפופ 100קל' לאריזה160ג,פופז,US,הוט פופ 100 קל',גרמים,160.00,100 גרם,false,0,14.90,9.31,true,1,
5740900401556,false,ממרח חמאה לייט+ש.זית 250,ארלה,DK,ממרח חמאה לייט,גרמים,250.00,100 גרם,false,1,13.90,5.56,true,1,
5900020015174,false,פיטנס חטיף דגנים שוק6.יח,נסטלה,PL,חטיפי פיטנס 6 יח,גרמים,141.00,100 גרם,false,0,16.90,11.99,true,1,
5900020018182,false,פיטנס חט.דגנים טרמיסו6יח,נסטלה,PL,חטיפי פיטנס,גרמים,141.00,100 גרם,false,0,16.90,11.99,true,1,
5900020018908,false,פיטנס חט.דגנים ק.עוגיות6,נסטלה,PL,חטיפי פיטנס 6 יח,גרמים,141.00,100 גרם,false,0,16.90,11.99,true,1,
5900020020741,false,נסקוויק בר שוקו-שוקו25*6,נסטלה,PL,נסקוויק בר,גרמים,150.00,100 גרם,false,0,15.80,10.53,true,1,
5900020022325,false,חטיף דגנים סיני מיניס6יח,נסטלה,PL,חטיפי סיני מיניס,גרמים,150.00,100 גרם,false,0,15.80,10.53,true,1,
5900020024770,false,חט.דגנ.בר דליס שוק.אגוז,.סי.פי,PL,חטיף דגנים פיטנס,גרמים,135.00,100 גרם,false,1,16.90,12.52,true,1,
5900020024817,false,חט.דגנים בר דליס שוק.לבן,.סי.פי,PL,חטיף דגנים פיטנס,גרמים,135.00,100 גרם,false,1,16.90,12.52,true,1,
5900020024848,false,חט.דגנים בר דליס שוק22*6,.סי.פי,PL,חטיף דגנים פיטנס,גרמים,135.00,100 גרם,false,1,16.90,12.52,true,1,
5900020025647,false,חט.דגנים בר דליס שוק.חלב,.סי.פי,PL,חטיף דגנים פיטנס,גרמים,135.00,100 גרם,false,1,16.90,12.52,true,1,
5900020025807,false,סיני מיניס 375 גרם,סי.פי.פולין,PL,סיני מיניס,גרמים,375.00,100 גרם,false,1,13.90,3.71,true,1,
5900627027020,false,ויט ק.מקלחת עור רגיל150מ,רקיט בנקיזר,FR,קרם להסרת שיער,מיליליטרים,150.00,"100 מ""ל",false,0,44.50,29.67,true,1,
5901414200411,false,היט מיניס שוקו 130 גרם,באלסן,DE,היט מיניס שוקו,גרמים,130.00,100 גרם,false,0,6.30,4.85,true,1,
5901480000519,false,קפה נמס ג'קובס קרוננג200,מונדלייז,DE,קפה נמס ג'קובס,גרמים,200.00,100 גרם,false,1,29.90,14.95,true,1,
5901588017792,false,שוק.חלב קרם בראוניז 290ג,וודל,PL,שוקולד בראוניז,גרמים,290.00,100 גרם,false,1,14.80,5.10,true,1,
5904941751302,false,"משקה אנרגיה בלו 250 מ""ל",אקו ביט,PL,משקה אנרגיה,מיליליטרים,250.00,"100 מ""ל",false,0,3.30,1.32,true,1,
5906485301012,false,משקה אנרגיה XL,,IL,משקה אנרגיה XL,מיליליטרים,250.00,"100 מ""ל",false,0,3.80,1.52,true,1,
5906485301067,false,משקה אנרגיה 6 יח,,IL,משקה אנרגיה 6 יח,ליטרים,1.50,ליטר,false,0,16.50,11.00,true,1,
5906485301098,false,משקה אנרגיה,,IL,משקה אנרגיה,מיליליטרים,250.00,"100 מ""ל",false,0,3.80,1.52,true,1,
5906485301326,false,משקה אנרגיה,,IL,משקה אנרגיה,מיליליטרים,250.00,"100 מ""ל",false,0,3.80,1.52,true,1,
5906485301470,false,משקה אנרגיה,,IL,משקה אנרגיה,מיליליטרים,250.00,"100 מ""ל",false,0,3.80,1.52,true,1,
5908310148014,false,וודקה סובייסקי,,PL,וודקה סובייסקי,מיליליטרים,700.00,"100 מ""ל",false,0,64.40,9.20,true,1,
5948935001714,false,ריגוטוני מקמח תירס500גרם,רנדי,IL,ריגוטוני,גרמים,500.00,100 גרם,false,0,9.80,1.96,true,1,
6001067017530,false,מברשת ילדים 2-5 ספיידרמן,קולגייט-פלמוליב,IL,מברשת לילדים,יחידה,1.00,יחידה,false,0,10.00,10.00,true,1,
6001067025122,false,קולגייט מקס פרש וויט100מ,קולגייט-פלמוליב,BR,משחת שיניים,מיליליטרים,100.00,"100 מ""ל",false,0,19.90,19.90,true,1,
6001202126400,false,פריסקיז טונה וסלמון 85גר,נסטלה פורינה,ZA,פריסקיז פאוץ',גרמים,85.00,100 גרם,false,0,5.50,6.47,true,1,
6001202126509,false,פריסקיז בקר וכבד 85גר,נסטלה פורינה,ZA,פריסקיז פאוץ',גרמים,85.00,100 גרם,false,0,5.50,6.47,true,1,
6001202126608,false,פריסקיז עוף וברווז 85גר,נסטלה פורינה,ZA,פריסקיז פאוץ',גרמים,85.00,100 גרם,false,0,5.50,6.47,true,1,
6001298987930,false,גלייד לבנדר מילוי 269מל,vaill aerosol coster,IL,גלייד מילוי,מיליליטרים,269.00,"100 מ""ל",false,0,15.00,5.58,true,1,
6487111125343,false,אדממה טבעי קלוי 100גרם,שונות,CN,אדממה טבעי קלוי,גרמים,100.00,100 גרם,false,0,8.80,8.80,true,1,
6487111125374,false,אדממה בנגיעות צילי 100גר,שונות,CN,אדממה צילי,גרמים,100.00,100 גרם,false,0,8.80,8.80,true,1,
6924421202017,false,פטריות שי-מג'י -יחידה,חוות פטריות תקוע,IL,פטריות שי מגי יח,יחידה,1.00,יחידה,false,0,12.00,12.00,true,1,
6928740700544,false,חטיף תפוחונים,,CN,חטיף תפוחונים,גרמים,22.00,100 גרם,false,0,4.50,20.45,true,1,
6957666225220,false,תירס צעיר חתוך 400 גרם,פוג'יאן גואנג טונג פוד,Cn,תירס צעיר חתוך,גרמים,400.00,100 גרם,false,0,4.90,1.23,true,1,
7271730901261,false,ארוחת אטריות,,IL,ארוחת אטריות,גרמים,156.00,100 גרם,false,0,10.20,6.54,true,1,
7290000000022,true,עגבניות חממה,קטיף,IL,עגבניות חממה,קילוגרמים,0.00,"ק""ג",true,0,7.90,7.90,true,1,
7290000000046,true,מלפפונים,קטיף,IL,מלפפונים,קילוגרמים,0.00,"ק""ג",true,0,6.90,6.90,true,1,
7290000000053,true,קשואים,קטיף,IL,קשואים,קילוגרמים,0.00,"ק""ג",true,0,8.90,8.90,true,1,
7290000000091,true,פלפל אדום,קטיף,IL,פלפל אדום,קילוגרמים,0.00,"ק""ג",true,0,9.90,9.90,true,1,
7290000000114,true,חצילים,קטיף,IL,חצילים,קילוגרמים,0.00,"ק""ג",true,0,8.90,8.90,true,1,
7290000000121,true,גזר ארוז,קטיף,IL,גזר ארוז,קילוגרמים,0.00,"ק""ג",true,0,4.90,4.90,true,1,
7290000000138,true,כרוב לבן,קטיף,IL,כרוב לבן,קילוגרמים,0.00,"ק""ג",true,0,6.90,6.90,true,1,
7290000000145,true,כרוב אדום,קטיף,IL,כרוב אדום,קילוגרמים,0.00,"ק""ג",true,0,7.90,7.90,true,1,
7290000000169,true,כרוב סיני-יח',קטיף,IL,כרוב סיני-יח',יחידה,1.00,יחידה,false,0,5.90,5.90,true,1,
7290000000176,true,כרובית,קטיף,IL,כרובית,קילוגרמים,0.00,"ק""ג",true,0,7.90,7.90,true,1,
7290000000220,true,קולורבי,קטיף,IL,קולורבי,קילוגרמים,0.00,"ק""ג",true,0,8.90,8.90,true,1,
7290000000282,true,חסה ערבית-יח',קטיף,IL,חסה ערבית-יח',יחידה,1.00,יחידה,false,0,4.90,4.90,true,1,
7290000000299,true,חסה עגולה-יח',קטיף,IL,חסה עגולה-יח',יחידה,1.00,יחידה,false,0,6.50,6.50,true,1,
7290000000350,true,פזיל-יח',קטיף,IL,פזיל-יח',יחידה,1.00,יחידה,false,0,5.00,5.00,true,1,
7290000000374,true,שמפניון-יח',קטיף,IL,שמפניון-יח',יחידה,1.00,יחידה,false,0,9.00,9.00,true,1,
7290000000411,true,שום - רביעייה במארז,קטיף,XX,שום - רביעייה במארז,יחידה,1.00,יחידה,false,0,7.90,7.90,true,1,
7290000000428,true,בטטות מובחר,קטיף,IL,בטטות מובחר,קילוגרמים,0.00,"ק""ג",true,0,8.90,8.90,true,1,
7290000000435,true,סלרי עלים -יח',קטיף,IL,סלרי עלים -יח',יחידה,1.00,יחידה,false,0,5.90,5.90,true,1,
7290000000442,true,נבטים סיניים-יח',קטיף,IL,נבטים סיניים-יח',יחידה,1.00,יחידה,false,0,6.00,6.00,true,1,
7290000000466,true,בצל ירוק יח',קטיף,IL,בצל ירוק-יח',יחידה,1.00,יחידה,false,0,5.50,5.50,true,1,
7290000000480,true,בצל יבש,קטיף,IL,בצל יבש,קילוגרמים,0.00,"ק""ג",true,0,3.90,3.90,true,1,
7290000000503,true,תפוח אדמה קטן ארוז,קטיף,IL,תפוח אדמה קטן ארוז,קילוגרמים,0.00,"ק""ג",true,0,2.90,2.90,true,1,
7290000000510,true,פטרוזיליה יח',קטיף,IL,פטרוזיליה-יח',יחידה,1.00,יחידה,false,0,3.90,3.90,true,1,
7290000000534,true,סלרי ראש יח',קטיף,IL,סלרי ראש-יח',יחידה,1.00,יחידה,false,0,5.90,5.90,true,1,
7290000000541,true,שורש יח',קטיף,IL,שורש יח',יחידה,1.00,יחידה,false,0,5.90,5.90,true,1,
7290000000558,true,כוסברה יח',קטיף,IL,כוסברה יח',יחידה,1.00,יחידה,false,0,3.90,3.90,true,1,
7290000000565,true,נענע יח',קטיף,IL,נענע יח',יחידה,1.00,יחידה,false,0,3.90,3.90,true,1,
7290000000572,true,שומר,קטיף,IL,שומר,קילוגרמים,0.00,"ק""ג",true,0,6.90,6.90,true,1,
7290000000626,true,ברוקולי,קטיף,IL,ברוקולי,קילוגרמים,0.00,"ק""ג",true,0,14.90,14.90,true,1,
7290000000732,true,דלורית,קטיף,IL,דלורית,קילוגרמים,0.00,"ק""ג",true,0,7.90,7.90,true,1,
7290000000855,true,פלפל צהוב,קטיף,IL,פלפל צהוב,קילוגרמים,0.00,"ק""ג",true,0,9.90,9.90,true,1,
7290000001036,true,בצל יבש אדום,קטיף,XX,בצל יבש אדום,קילוגרמים,0.00,"ק""ג",true,0,4.90,4.90,true,1,
7290000001050,true,בזילקום-יח',קטיף,IL,בזילקום-יח',יחידה,1.00,יחידה,false,0,5.00,5.00,true,1,
7290000001692,true,תפוח אדמה אדום ארוז,קטיף,IL,תפוח אדמה אדום ארוז,קילוגרמים,0.00,"ק""ג",true,0,4.90,4.90,true,1,
7290000001715,true,תפוא לבן ארוז,קטיף,IL,תפוא לבן ארוז,קילוגרמים,0.00,"ק""ג",true,0,3.90,3.90,true,1,
7290000002026,true,לחם אחיד 750 גרם,מאפית ברמן,IL,לחם אחיד 750 גרם,גרמים,750.00,100 גרם,false,0,4.90,0.65,true,1,
7290000002040,true,חלה רגילה 500 גרם,מאפית ברמן,IL,חלה רגילה,גרמים,500.00,100 גרם,false,0,5.00,1.00,true,1,
7290000023007,false,"ברנדי שטוק 84 750 מ""ל",יקבי ברקן,IL,ברנדי שטוק 84,מיליליטרים,750.00,"100 מ""ל",false,0,84.90,11.32,true,1,
7290000023083,false,ערק אשקלון,,IL,ערק אשקלון,מיליליטרים,700.00,"100 מ""ל",false,0,69.30,9.90,true,1,
7290000023809,false,"ברקן קלאסיק קברנה 750מ""ל",יקבי ברקן,IL,קברנה קלאסיק,מיליליטרים,750.00,"100 מ""ל",false,0,31.80,4.24,true,1,
7290000023953,false,יין פטיט סירה קלאסיק750מ,יקבי ברקן,IL,פטיט סירה קלאס,מיליליטרים,750.00,"100 מ""ל",false,0,31.80,4.24,true,1,
7290000023977,false,"ברקן קלאסיק מרלו 750 מ""ל",יקבי ברקן,IL,מרלו קלאסיק,מיליליטרים,750.00,"100 מ""ל",false,0,31.80,4.24,true,1,
7290000024202,false,"ברקן רזרב קברנה 750 מ""ל",יקבי ברקן,IL,ברקן רזרב,מיליליטרים,750.00,"100 מ""ל",false,0,49.90,6.65,true,1,
7290000024264,false,"ברקן רזרב מרלו 750 מ""ל",יקבי ברקן,IL,מרלו רזרב,מיליליטרים,750.00,"100 מ""ל",false,0,49.90,6.65,true,1,
7290000024523,false,תירוש של סגל 1 ליטר,יינות סגל,IL,תירוש של סגל,ליטרים,1.00,ליטר,false,0,12.50,12.50,true,1,
7290000034256,false,ביסקוויט תירוש 175 גרם,מגדנית הדר,IL,ביסקוויט תירוש,גרמים,175.00,100 גרם,false,0,6.90,3.94,true,1,
7290000040042,false,יוגורט יופלה תות3% 150גר,תנובה,IL,יופלה תות 3%,גרמים,150.00,100 גרם,false,0,5.00,3.33,true,1,
7290000040066,false,יופלה דובדבן3% 150 גרם,תנובה,IL,יופלה דובדבן3%,גרמים,150.00,100 גרם,false,0,5.00,3.33,true,1,
7290000040080,false,יוגורט יופלה אפרסק3% 150,תנובה,IL,יופלה אפרסק3%,גרמים,150.00,100 גרם,false,0,5.00,3.33,true,1,
7290000040301,false,עין גדי קממבר24% 125 גר,תנובה,IL,עין גדי קממבר,גרמים,125.00,100 גרם,false,0,17.90,14.32,true,1,
7290000040974,false,חלב טרי 2% דל לקטוז 1 ל,תנובה,IL,חלב טרי דל לקטוז,ליטרים,1.00,ליטר,false,0,7.20,7.20,true,1,
7290000041858,false,שמנת חמוצה15% מועשרת200,יטבתה,IL,שמנת חמוצה יטבתה,מיליליטרים,200.00,"100 מ""ל",false,0,2.40,1.20,true,1,
7290000041872,false,"לבן יטבתה 3% 200 מ""ל",יטבתה,IL,לבן יטבתה 3%,מיליליטרים,200.00,"100 מ""ל",false,0,2.00,1.00,true,1,
7290000042015,false,חלב 3% מהדרין שקית 1 ל',תנובה,IL,חלב 3% שקית,ליטרים,1.00,ליטר,false,0,5.00,5.00,true,1,
7290000042022,false,חלב על הבוקר1%קרט+.פקק1ל,תנובה,IL,חלב על הבוקר 1%,ליטרים,1.00,ליטר,false,0,9.10,9.10,true,1,
7290000042244,false,חלב 3% שומן בכד 2 ליטר,תנובה,IL,חלב 3% כד 2 ליטר,ליטרים,2.00,ליטר,false,0,11.80,5.90,true,1,
7290000042404,false,חלב מועשר3% יטבתה שקית1ל,יטבתה,IL,חלב 3% בשקית,ליטרים,1.00,ליטר,false,0,5.90,5.90,true,1,
7290000042435,false,חלב מפוסטר 1% בקרטון 1 ל,תנובה,IL,חלב %1 בקרטון,ליטרים,1.00,ליטר,false,0,5.55,5.55,true,1,
7290000042442,false,חלב מפוסטר 3% בקרטון 1 ל,תנובה,IL,חלב תנובה 3%,ליטרים,1.00,ליטר,false,0,5.90,5.90,true,1,
7290000042466,false,חלב מועשר 1% בקרטון 1 ל',תנובה,IL,חלב מועשר בקרטון,ליטרים,1.00,ליטר,false,0,9.00,9.00,true,1,
7290000042503,false,חלב עמיד הומוגני 3% 1 ל',תנובה,IL,חלב עמיד הומוגני 3% 1 ל',ליטרים,1.00,ליטר,false,0,6.70,6.70,true,1,
7290000042640,false,"חלב עמיד 3% שומן 250 מ""ל",תנובה,IL,חלב עמיד 3% שומן,מיליליטרים,250.00,"100 מ""ל",false,0,2.60,1.04,true,1,
7290000043012,false,"שוקו שוק עמיד 250 מ""ל",תנובה,IL,שוקו עמיד,מיליליטרים,250.00,"100 מ""ל",false,0,4.30,1.72,true,1,
7290000043111,false,חמאה 200 גרם,תנובה,IL,חמאה תנובה,גרמים,200.00,100 גרם,false,0,7.84,3.92,true,1,
7290000043159,false,חמאה מלוחה 200 גרם,תנובה,IL,חמאה מלוחה תנובה,גרמים,200.00,100 גרם,false,0,9.10,4.55,true,1,
7290000043814,false,שמנת עמידה לקצפת38% 250מ,תנובה,IL,שמנת עמידה לקצפת,מיליליטרים,250.00,"100 מ""ל",false,0,6.20,2.48,true,1,
7290000043890,false,רויון 1.5% בקרטון 1ל,תנובה,IL,רויון בקרטון1.5%,ליטרים,1.00,ליטר,false,0,10.90,10.90,true,1,
7290000043944,false,יוגורט בכד 4% 1.5 ל',תנובה,IL,יוגורט בכד 4%,ליטרים,1.50,ליטר,false,0,15.40,10.27,true,1,
7290000044088,false,שלי קלאסיק 3%שומן 200 ג,תנובה,IL,שלי קלאסיק 3%לבן,גרמים,200.00,100 גרם,false,0,2.90,1.45,true,1,
7290000044248,false,רויון בקרטון 1.5% 500מ',תנובה,IL,רויון בקרטון,מיליליטרים,500.00,"100 מ""ל",false,0,6.00,1.20,true,1,
7290000044712,false,פרילי+תות שדה1.5% 500ג,תנובה,IL,פרילי תות-שדה,גרמים,500.00,100 גרם,false,0,10.30,2.06,true,1,
7290000044880,false,באדי מעדן תות 3% 500 גרם,תנובה,IL,מעדן באדי תות 3%,גרמים,500.00,100 גרם,false,0,8.40,1.68,true,1,
7290000045580,false,גב.נעמה חורש מותכת 240ג,תנובה,IL,גבינת נעמה מותכת,גרמים,240.00,100 גרם,false,0,16.30,6.79,true,1,
7290000045771,false,יוגורט בכד 4.5% 3 ל',תנובה,IL,יוגורט בכד4.5%,ליטרים,3.00,ליטר,false,0,28.70,9.57,true,1,
7290000045917,false,גב.קולאז פרומעז 23% 200ג,תנובה,IL,גבינת פרומעז,גרמים,200.00,100 גרם,false,0,25.70,12.85,true,1,
7290000046303,false,גב.גוש חלב פרוסה 200 גר,תנובה,IL,גבינת גוש חלב,גרמים,200.00,100 גרם,false,0,13.60,6.80,true,1,
7290000046327,false,גב.גלבוע פרוסות22% 200גר,תנובה,IL,גבינת גלבוע פרוס,גרמים,200.00,100 גרם,false,0,12.60,6.30,true,1,
7290000047546,false,גב.כנען 5% 500 גרם,תנובה,IL,גבינת כנען 5%,גרמים,500.00,100 גרם,false,0,23.00,4.60,true,1,
7290000048185,false,גב.לבנה רכה 5% שומן 250ג,תנובה,IL,גבינה לבנה 5%,גרמים,250.00,100 גרם,false,0,4.80,1.92,true,1,
7290000048192,false,גב.לבנה רכה 9% 250 גרם,תנובה,IL,גבינה לבנה 9%,גרמים,250.00,100 גרם,false,0,4.80,1.92,true,1,
7290000048307,false,קוטג' 5% עם זיתים 250 גר,תנובה,IL,קוטג' עם זיתים5%,גרמים,250.00,100 גרם,false,0,5.80,2.32,true,1,
7290000048413,false,גב.חמד פיראוס16% 250 גר,תנובה,IL,גבינה מלוחה 16%,גרמים,250.00,100 גרם,false,0,17.60,7.04,true,1,
7290000048437,false,גבי. צפתית פיראוס5% 200ג,תנובה,IL,גבינה צפתית 5%,גרמים,200.00,100 גרם,false,0,11.90,5.95,true,1,
7290000049458,false,פטה עיזים פיראוס16% 250ג,תנובה,IL,פטה עיזים פיראוס,גרמים,250.00,100 גרם,false,0,26.50,10.60,true,1,
7290000050065,false,"יופלה 360 קלאסי 100*6מ""ל",תנובה,IL,יופלה 360 קלאסי,מיליליטרים,600.00,"100 מ""ל",false,0,10.00,1.67,true,1,
7290000050072,false,"יופלה 360 תות 100*6 מ""ל",תנובה,IL,יופלה 360 תות,מיליליטרים,600.00,"100 מ""ל",false,0,10.00,1.67,true,1,
7290000050270,false,פיראוס צפתית עיזים5% 200,תנובה,IL,פיראוס צפתית 5%,גרמים,200.00,100 גרם,false,0,18.50,9.25,true,1,
7290000050447,false,יופלה תות 500 גרם,תנובה,IL,יופלה תות,גרמים,500.00,100 גרם,false,0,13.40,2.68,true,1,
7290000050454,false,יופלה אפרסק 500 גרם,תנובה,IL,יופלה אפרסק,גרמים,500.00,100 גרם,false,0,13.40,2.68,true,1,
7290000051024,false,יופלה שטוזים תות 100*4גר,תנובה,IL,יופלה שטוזים 4יח,גרמים,400.00,100 גרם,false,0,9.90,2.48,true,1,
7290000051352,false,חלב של פעם מלא3.6%-4% 1ל,תנובה,IL,חלב של פעם מלא,ליטרים,1.00,ליטר,false,0,7.50,7.50,true,1,
7290000051376,false,יופלה דיאט אננס 0% 150גר,תנובה,IL,יופלה דיאט אננס,גרמים,150.00,100 גרם,false,0,5.00,3.33,true,1,
7290000051710,false,לבנה+שמן זית וזעתר 263גר,תנובה,IL,לאבנה פיראוס,גרמים,263.00,100 גרם,false,0,13.30,5.06,true,1,
7290000052298,false,משקה מוקה בקבוק 1 ליטר,תנובה,,משקה מוקה בקבוק,מיליליטרים,1000.00,"100 מ""ל",false,0,10.00,1.00,true,1,
7290000052311,false,עמק 15% פרוס בקופסא 200,תנובה,IL,עמק 15% פרוס,גרמים,200.00,100 גרם,false,0,14.90,7.45,true,1,
7290000052649,false,פיראוס לבנה 5% 500 גרם,תנובה,IL,פיראוס לבנה 5%,גרמים,500.00,100 גרם,false,0,19.50,3.90,true,1,
7290000052717,false,קוטג' +שום שמיר,,IL,קוטג' +שום שמיר,גרמים,250.00,100 גרם,false,0,5.80,2.32,true,1,
7290000054513,false,שטוזים בטעמים 100*8ג,תנובה,IL,יופלה שטוזים 8יח,גרמים,800.00,100 גרם,false,0,15.90,1.99,true,1,
7290000054995,false,יוגורט עיזים פיראוס 500מ,תנובה,IL,יוגורט עיזים,מיליליטרים,500.00,"100 מ""ל",false,0,11.80,2.36,true,1,
7290000055015,false,פיראוס פטה כבשים 5% 250ג,תנובה,IL,פיראוס פטה כבשים,גרמים,250.00,100 גרם,false,0,25.90,10.36,true,1,
7290000055329,false,משקה יוגורט תות-מלון250ג,תנובה,IL,משקה יוגורט,גרמים,250.00,100 גרם,false,0,5.30,2.12,true,1,
7290000055336,false,משקה יוגורט בננ.אפרסק250,תנובה,IL,משקה יוגורט,גרמים,250.00,100 גרם,false,0,5.30,2.12,true,1,
7290000055343,false,משקה יוגורט טרופי 250גרם,תנובה,IL,משקה יוגורט,גרמים,250.00,100 גרם,false,0,5.30,2.12,true,1,
7290000056081,false,פרילי טבע 6 * 200גרם,תנובה,IL,מארז פרילי טבע,קילוגרמים,1.20,"ק""ג",false,0,21.60,18.00,true,1,
7290000056845,false,חלב טרי הומוגני3% 1.5ל',תנובה,,חלב תנובה 3%,ליטרים,1.50,ליטר,false,0,8.85,5.90,true,1,
7290000056890,false,יופלה אננס/דובד%0 150*8ג,תנובה,IL,יופלה 0% 8 יח,קילוגרמים,1.20,"ק""ג",false,0,29.60,24.67,true,1,
7290000056906,false,יופלה לבן 1.5% 150*8גרם,תנובה,IL,יופלה לבן 1.5%,קילוגרמים,1.20,"ק""ג",false,0,17.70,14.75,true,1,
7290000056951,false,שמנת לבישול 15%,,,שמנת לבישול 15%,מיליליטרים,500.00,"100 מ""ל",false,0,15.90,3.18,true,1,
7290000056968,false,שמנת38%,,,שמנת38%,מיליליטרים,500.00,"100 מ""ל",false,0,12.40,2.48,true,1,
7290000057088,false,גבינת עמק דק 28% 200 גרם,תנובה,IL,גבינת עמק דק 28%,גרמים,200.00,100 גרם,false,0,14.90,7.45,true,1,
7290000057118,false,גבינת עמק פרוסה,,,גבינת עמק פרוסה,גרמים,400.00,100 גרם,false,0,21.40,5.35,true,1,
7290000057132,false,יוגורט תנובה1.5%,,,יוגורט תנובה1.5%,גרמים,200.00,100 גרם,false,0,3.00,1.50,true,1,
7290000057149,false,יוגורט תנובה 3% 200 גרם,תנובה,,יוגורט תנובה 3%,גרמים,200.00,100 גרם,false,0,3.00,1.50,true,1,
7290000057552,false,יופלה עוגת גבינה,,IL,יופלה עוגת גבינה,גרמים,150.00,100 גרם,false,0,5.00,3.33,true,1,
7290000057651,false,גבינת קרם שמנת+5%בצל200ג,תנובה,IL,גבינת קרם שמנת,גרמים,200.00,100 גרם,false,0,10.80,5.40,true,1,
7290000058283,false,גבינת עיזים 5%,,,גבינת עיזים 5%,גרמים,240.00,100 גרם,false,0,14.40,6.00,true,1,
7290000060071,false,חטיפ.פריכונים ט.טבעי80גר,"פרח תעשיות מזון בע""מ",IL,חטיפי פריכונים,גרמים,80.00,100 גרם,false,0,7.30,9.13,true,1,
7290000060088,false,בייגלה מקלות מלוחים400גר,אסם,IL,בייגלה מקלות,גרמים,400.00,100 גרם,false,0,7.50,1.88,true,1,
7290000060163,false,אטריות דקות 400 גרם,אסם,IL,אטריות דקות,גרמים,400.00,100 גרם,false,0,6.90,1.73,true,1,
7290000060200,false,פתיתים אפויים קוסקוס500ג,אסם,IL,פתיתים אפויים,גרמים,500.00,100 גרם,false,0,6.90,1.38,true,1,
7290000060217,false,פסטה מקרוני 7 500 גרם,זארה,IT,פסטה מקרוני 7,גרמים,500.00,100 גרם,false,0,5.40,1.08,true,1,
7290000060248,false,פסטה אסם תלתלים 500 גרם,זארה,IT,פסטה תלתלים,גרמים,500.00,100 גרם,false,0,5.40,1.08,true,1,
7290000060316,false,ספגטי פרפקטו 500 גרם,זארה,IT,ספגטי פרפקטו,גרמים,500.00,100 גרם,false,0,7.60,1.52,true,1,
7290000060323,false,ספגטיני פרפקטו 500 גרם,זארה,IT,ספגטיני פרפקטו,גרמים,500.00,100 גרם,false,0,7.60,1.52,true,1,
7290000060330,false,ספירלי פרפקטו 500 גרם,זארה,IT,ספירלי פרפקטו,גרמים,500.00,100 גרם,false,0,7.60,1.52,true,1,
7290000060408,false,פתיתים טבעות 500 גרם,אסם,IL,פתיתים טבעות,גרמים,500.00,100 גרם,false,0,6.90,1.38,true,1,
7290000060415,false,לזניה פרפקטו 500 גרם,פסטה לנסי,IT,לזניה פרפקטו,גרמים,500.00,100 גרם,false,0,14.40,2.88,true,1,
7290000060538,false,פרפקטו צדפים 500 גרם,זארה,IT,פרפקטו צדפים,גרמים,500.00,100 גרם,false,0,7.60,1.52,true,1,
7290000060576,false,"פתיתים אפויים""כוכבים500""",אסם,IL,פתיתים אפויים,גרמים,500.00,100 גרם,false,0,6.90,1.38,true,1,
7290000060781,false,פסטה מסולסלת אסם 500 גרם,זארה,IT,פסטה מסולסלת,גרמים,500.00,100 גרם,false,0,5.40,1.08,true,1,
7290000060828,false,פסטה קרניים בינוניות500ג,זארה,IT,פסטה קרניים,גרמים,500.00,100 גרם,false,0,5.40,1.08,true,1,
7290000060842,false,פסטה צדפים גדולים 500 גר,זארה,IT,פסטה צדפים אסם,גרמים,500.00,100 גרם,false,0,5.40,1.08,true,1,
7290000060859,false,פסטה צדפים אסם 500 גרם,זארה,IT,פסטה צדפים,גרמים,500.00,100 גרם,false,0,5.40,1.08,true,1,
7290000060880,false,פסטה ספגטי מס 8 אסם 500ג,זארה,IT,ספגטי מס' 8,גרמים,500.00,100 גרם,false,0,5.40,1.08,true,1,
7290000060903,false,פתיתים אפויים אורז 500 ג,אסם,IL,פתיתים אפויים,גרמים,500.00,100 גרם,false,0,6.90,1.38,true,1,
7290000060958,false,אטריות בינוניות 400 גרם,אסם,IL,אטריות בינוניות,גרמים,400.00,100 גרם,false,0,6.90,1.73,true,1,
7290000060965,false,אטריות רחבות 400 גרם,אסם,IL,אטריות רחבות,גרמים,400.00,100 גרם,false,0,6.90,1.73,true,1,
7290000060972,false,אטריות דקיקות אסם 400 גר,זארה,IT,אטריות דקיקות,גרמים,400.00,100 גרם,false,0,6.90,1.73,true,1,
7290000061085,false,"רוטב צ'ילי מתוק 290 מ""ל",אסם,IL,רוטב צ'ילי אסם,מיליליטרים,290.00,"100 מ""ל",false,0,11.00,3.79,true,1,
7290000061108,false,"רוטב טריאקי אסם 290 מ""ל",אסם,IL,רוטב טריאקי,מיליליטרים,290.00,"100 מ""ל",false,0,11.00,3.79,true,1,
7290000061245,false,עוג.שוקוצ'יפס ממולאות220,אסם,IL,עוגיות ש.צ'יפס,גרמים,220.00,100 גרם,false,0,10.60,4.82,true,1,
7290000061283,false,שקדי מרק 400 גרם25%+חינם,אסם,IL,שקדי מרק,גרמים,500.00,100 גרם,false,0,10.00,2.00,true,1,
7290000061450,false,פתיתים אפויים 3צבעים500ג,אסם,IL,פתיתים אפויים,גרמים,500.00,100 גרם,false,0,6.90,1.38,true,1,
7290000061764,false,נסקפה רד מאג 200 גרם,נסטלה,ES,נסקפה רד מאג,גרמים,200.00,100 גרם,false,0,19.90,9.95,true,1,
7290000062242,false,דובונים שמנת בצל 40 גרם,אסם,IL,דובונים שמנת בצל,גרמים,40.00,100 גרם,false,0,4.30,10.75,true,1,
7290000062952,false,מיני קרוטונים מתובל 250ג,עינת,IL,מיני קרוטונים,גרמים,250.00,100 גרם,false,0,13.90,5.56,true,1,
7290000063027,false,"לחמית ללא גלוטן 1 ק""ג",אסם,IL,לחמית ללא גלוטן,קילוגרמים,1.00,"ק""ג",false,0,39.20,39.20,true,1,
7290000063096,false,קטשופ בקב.לחיץ 750*2 גרם,אסם,IL,קטשופ זוג,קילוגרמים,1.50,"ק""ג",false,0,19.30,12.87,true,1,
7290000063102,false,קמח תופח מאליו 350 גרם,אסם,IL,קמח תופח מאליו,גרמים,350.00,100 גרם,false,0,4.90,1.40,true,1,
7290000063133,false,שקדי מרק רכיבים טבעי100ג,אסם,IL,שקדי מרק אסם,גרמים,100.00,100 גרם,false,0,5.40,5.40,true,1,
7290000063140,false,שקדי מרק רכיבים טבעי400ג,אסם,IL,שקדי מרק אסם,גרמים,400.00,100 גרם,false,0,10.00,2.50,true,1,
7290000063157,false,"קמח תופח מאליו 1 ק""ג",אסם,IL,קמח תופח מאליו,קילוגרמים,1.00,"ק""ג",false,0,8.50,8.50,true,1,
7290000064321,false,תבשיל מג'דרה 145 גרם,אסם,IL,תבשיל מג'דרה,גרמים,145.00,100 גרם,false,0,10.70,7.38,true,1,
7290000064505,false,תבשיל פתיתים+ירקות 130גר,אסם,IL,תבשיל פתיתים,גרמים,130.00,100 גרם,false,0,10.70,8.23,true,1,
7290000064758,false,קוסקוס בינוני 350 גרם,קוסקוס מזון,IL,קוסקוס בינוני,גרמים,350.00,100 גרם,false,0,7.90,2.26,true,1,
7290000064871,false,מנה חמה פירה בצל 56 גרם,אסם,IL,מנה חמה פירה,גרמים,56.00,100 גרם,false,0,5.90,10.54,true,1,
7290000065267,false,קראנץ רולס 450 גרם,אסם,IL,קראנץ רולס,גרמים,450.00,100 גרם,false,0,17.90,3.98,true,1,
7290000065335,false,מנה חמה פירה עם ירקות55ג,אסם,IL,מנה חמה פירה,גרמים,55.00,100 גרם,false,0,5.90,10.73,true,1,
7290000065557,false,מ.חמה קוסקוס עם ירקות 84,אסם,IL,מנה חמה קוסקוס,גרמים,84.00,100 גרם,false,0,5.90,7.02,true,1,
7290000065724,false,סירופ ויטמינצ'יק לימון1ל,בית השיטה,IL,ויטמינצ'יק לימון,ליטרים,1.00,ליטר,false,0,12.90,12.90,true,1,
7290000065748,false,סירופ ויטמינצ'יק אננס 1ל,בית השיטה,IL,ויטמינצ'יק אננס,ליטרים,1.00,ליטר,false,0,12.90,12.90,true,1,
7290000066134,false,ביסלי פלאפל 70 גרם,אסם,IL,ביסלי פלאפל,גרמים,70.00,100 גרם,false,0,4.20,6.00,true,1,
7290000066141,false,ביסלי גריל 70 גרם,אסם,IL,ביסלי גריל,גרמים,70.00,100 גרם,false,0,4.20,6.00,true,1,
7290000066158,false,ביסלי בצל 67 גרם,אסם,IL,ביסלי בטעם בצל,גרמים,67.00,100 גרם,false,0,4.20,6.27,true,1,
7290000066165,false,ביסלי ברביקיו 67 גרם,אסם,IL,ביסלי ברביקיו,גרמים,67.00,100 גרם,false,0,4.20,6.27,true,1,
7290000066172,false,ביסלי פיצה 70 גרם,אסם,IL,ביסלי פיצה,גרמים,70.00,100 גרם,false,0,4.20,6.00,true,1,
7290000066196,false,ביסלי גריל 200 גרם,אסם,IL,ביסלי גריל,גרמים,200.00,100 גרם,false,0,6.90,3.45,true,1,
7290000066202,false,ביסלי בצל 190 גרם,אסם,IL,ביסלי בטעם בצל,גרמים,190.00,100 גרם,false,0,6.90,3.63,true,1,
7290000066219,false,ביסלי ברביקיו 190 גרם,אסם,IL,ביסלי ברביקיו,גרמים,190.00,100 גרם,false,0,6.90,3.63,true,1,
7290000066226,false,ביסלי פיצה 200 גרם,אסם,IL,ביסלי בטעם פיצה,גרמים,200.00,100 גרם,false,0,6.90,3.45,true,1,
7290000066264,false,דובונים-חטיפים מלוחים40ג,אסם,IL,חטיפי דובונים,גרמים,40.00,100 גרם,false,0,4.30,10.75,true,1,
7290000066295,false,במבה מתוקה 30 גרם,אסם,IL,במבה מתוקה,גרמים,30.00,100 גרם,false,0,2.60,8.67,true,1,
7290000066332,false,אפרופו 50 גרם,אסם,IL,חטיף אפרופו,גרמים,50.00,100 גרם,false,0,5.10,10.20,true,1,
7290000066349,false,אפרופו 100 גרם,אסם,IL,אפרופו חטיף תירס,גרמים,100.00,100 גרם,false,0,8.30,8.30,true,1,
7290000066431,false,פופקו בטעם חמאה ודבש80גר,אסם,IL,חטיף פופקו,גרמים,80.00,100 גרם,false,0,5.40,6.75,true,1,
7290000066943,false,סירופ ויטמינצ'יק ענבים1ל,בית השיטה,IL,ויטמינצ'יק ענבים,ליטרים,1.00,ליטר,false,0,12.90,12.90,true,1,
7290000066950,false,"ויטמינצ'יק סירופ תפו""ע1ל",בית השיטה,IL,"ויטמינצ'יק תפו""ע",ליטרים,1.00,ליטר,false,0,12.90,12.90,true,1,
7290000067070,false,עוג.מיני ממולא.שוקולד300,אסם,IL,עוגיות ממולאות,גרמים,300.00,100 גרם,false,0,11.40,3.80,true,1,
7290000067544,false,פירורית זהב 200 גרם,עינת,IL,פירורית זהב,גרמים,200.00,100 גרם,false,0,6.00,3.00,true,1,
7290000067599,false,מנה חמה ספגטי בולונז 65ג,אסם,IL,מנה חמה בולונז,גרמים,65.00,100 גרם,false,0,5.90,9.08,true,1,
7290000067735,false,"ניוקי תפו""א 500 גרם",איטלניוקי,IT,ניוקי פרפקטו,גרמים,500.00,100 גרם,false,0,11.00,2.20,true,1,
7290000068138,false,אינסטנט פודינג וניל 80גר,אסם,IL,אינסטנט פודינג,גרמים,80.00,100 גרם,false,0,5.20,6.50,true,1,
7290000068169,false,אינסטנט פודינג שוקולד95ג,אסם,IL,אינסטנט פודינג,גרמים,95.00,100 גרם,false,0,5.20,5.47,true,1,
7290000068190,false,ג'לי בטעם תות 90 גרם,אסם,IL,ג'לי בטעם תות,גרמים,90.00,100 גרם,false,0,6.40,7.11,true,1,
7290000068343,false,פריכונים מאורז מלא 140גר,"פרח תעשיות מזון בע""מ",IL,פריכונים מאורז,גרמים,140.00,100 גרם,false,0,6.80,4.86,true,1,
7290000068787,false,"במבה יום הולדת 25ג בד""צ",אסם,IL,"במבה יום הולדת 25ג בד""צ",גרמים,25.00,100 גרם,false,0,2.20,8.80,true,1,
7290000068893,false,במבה נוגט 60*4 גרם,אסם,IL,במבה נוגט 4 יח',גרמים,240.00,100 גרם,false,0,17.00,7.08,true,1,
7290000069258,false,פנה ריגאטה פרפקטו 500 גר,זארה,IT,פנה ריגאטה,גרמים,500.00,100 גרם,false,0,7.60,1.52,true,1,
7290000069562,false,פריכונ.דקים חיטה+שבול130,הרטו,BE,פריכונים דקים,גרמים,130.00,100 גרם,false,0,8.50,6.54,true,1,
7290000070124,false,ספגטי 500*4 גרם,זארה,IT,ספגטי מארז 4 יח',קילוגרמים,2.00,"ק""ג",false,0,19.80,9.90,true,1,
7290000070308,false,מרק עוף אמיתי 400 גרם,אסם,IL,מרק עוף אמיתי,גרמים,400.00,100 גרם,false,0,15.90,3.98,true,1,
7290000070322,false,מרק פטריות ר.טבעיים400גר,אסם,IL,מרק פטריות אסם,גרמים,400.00,100 גרם,false,0,25.60,6.40,true,1,
7290000070353,false,מרק בצל רכיבים טבעיים400,אסם,IL,מרק בצל אסם,גרמים,400.00,100 גרם,false,0,25.60,6.40,true,1,
7290000071008,false,בייגלה שטוח מלח 60 גרם,אסם,IL,בייגלה שטוחים,גרמים,60.00,100 גרם,false,0,2.90,4.83,true,1,
7290000072081,false,פירורית זהב 350*2 גרם,עינת,IL,פירורית זהב 2 יח,גרמים,700.00,100 גרם,false,0,11.90,1.70,true,1,
7290000072203,false,רוטב אלף האיים אסם 290מל,אסם,IL,רוטב אלף האיים,מיליליטרים,290.00,"100 מ""ל",false,0,10.90,3.76,true,1,
7290000072227,false,"רוטב סויה סיני 290 מ""ל",אסם,IL,רוטב סויה,מיליליטרים,290.00,"100 מ""ל",false,0,9.90,3.41,true,1,
7290000072241,false,"רוטב פיצה 290 מ""ל",אסם,IL,רוטב לפיצה אסם,מיליליטרים,290.00,"100 מ""ל",false,0,11.00,3.79,true,1,
7290000072623,false,קטשופ בקבוק לחיץ 750 גרם,אסם,IL,קטשופ בקבוק לחיץ,גרמים,750.00,100 גרם,false,0,10.90,1.45,true,1,
7290000072630,false,קטשופ חריף 750 גרם,אסם,IL,קטשופ חריף,גרמים,750.00,100 גרם,false,0,13.80,1.84,true,1,
7290000072753,false,נסקפה טסטר'ס צ'ויס200ג,נסטלה,KR,נסקפה טסטרס צויס,גרמים,200.00,100 גרם,false,0,34.90,17.45,true,1,
7290000072777,false,טסטרס צ'ויס נט.קפאין200,נסטלה,KR,קפה טסטרס צויס,גרמים,200.00,100 גרם,false,0,37.90,18.95,true,1,
7290000072784,false,טסטרס צ'ויס נט.קפאין100ג,נסטלה,KR,קפה טסטרס צויס,גרמים,100.00,100 גרם,false,0,29.60,29.60,true,1,
7290000072791,false,נסקפה גולד בלנד 200 גר,נסטלה,CH,נסקפה גולד בלנד,גרמים,200.00,100 גרם,false,0,45.90,22.95,true,1,
7290000072814,false,נסקפה גולד אספרסו 200ג,נסטלה,FR,נסקפה גולד,גרמים,200.00,100 גרם,false,0,45.90,22.95,true,1,
7290000072890,false,רוטב אלף האיים 2% 290ג,אסם,IL,רוטב אלף האיים,מיליליטרים,290.00,"100 מ""ל",false,0,10.90,3.76,true,1,
7290000072913,false,"רוטב שום 2% שומן 290 מ""ל",אסם,IL,רוטב שום לייט,מיליליטרים,290.00,"100 מ""ל",false,0,10.90,3.76,true,1,
7290000072968,false,סיני מיניס 500 גרם,נסטלה,PL,דגני נסטלה,גרמים,500.00,100 גרם,false,0,17.90,3.58,true,1,
7290000073125,false,מ.חמה פסטה ברוטב עגבניות,אסם,IL,מנה חמה פסטה,גרמים,62.00,100 גרם,false,0,5.90,9.52,true,1,
7290000073415,false,מ.חמה פסטה ברוטב פיצה,אסם,IL,מנה חמה פסטה,גרמים,61.00,100 גרם,false,0,5.90,9.67,true,1,
7290000073699,false,סלט חומוס צבר 150 גרם,צבר,IL,סלט חומוס צבר,גרמים,150.00,100 גרם,false,0,4.90,3.27,true,1,
7290000073750,false,מ.חמה נודלס טעם עוף70גרם,טאי רזידנט,TH,מנה חמה נודלס,גרמים,70.00,100 גרם,false,0,6.90,9.86,true,1,
7290000073767,false,מ.חמה נודלס טעם בקר70ג,טאי רזידנט,TH,מנה חמה נודלס,גרמים,70.00,100 גרם,false,0,6.90,9.86,true,1,
7290000073774,false,מ.חמה נודלס פיקנטי 70גרם,טאי רזידנט,TH,מנה חמה נודלס,גרמים,70.00,100 גרם,false,0,6.90,9.86,true,1,
7290000073835,false,צ'יפסי 4 * 50 גרם,אסם,IL,צ'יפסי 4 יחידות,גרמים,200.00,100 גרם,false,0,10.90,5.45,true,1,
7290000074153,false,פתי בר בטעם שוקולד500גרם,אסם,IL,פתי בר שוקו,גרמים,500.00,100 גרם,false,0,13.30,2.66,true,1,
7290000074184,false,ביסקוויט פתי בר 500 גרם,אסם,IL,ביסקוויט פתי בר,גרמים,500.00,100 גרם,false,0,10.90,2.18,true,1,
7290000074245,false,קרם קרקר 250 גרם,אסם,IL,קרם קרקר אסם,גרמים,250.00,100 גרם,false,0,9.80,3.92,true,1,
7290000074252,false,קרקר שומשום 250 גרם,אסם,IL,קרקר שומשום אסם,גרמים,250.00,100 גרם,false,0,9.50,3.80,true,1,
7290000074290,false,לחמית סובין 230 גרם,אסם,IL,לחמית אסם,גרמים,230.00,100 גרם,false,0,8.90,3.87,true,1,
7290000074337,false,לחמית ח.מלאה דל נתרן250ג,אסם,IL,לחמית דל נתרן,גרמים,250.00,100 גרם,false,0,9.00,3.60,true,1,
7290000074375,false,קרקר זהב 150 גרם,אסם,IL,קרקר זהב אסם,גרמים,150.00,100 גרם,false,0,7.00,4.67,true,1,
7290000074641,false,סלט כרוב אדום צבר 140 גר,צבר,IL,כרוב אדום צבר,גרמים,140.00,100 גרם,false,0,5.90,4.21,true,1,
7290000074658,false,"ביסקוויט פתי בר 1 ק""ג",אסם,IL,ביסקוויט פתי בר,קילוגרמים,1.00,"ק""ג",false,0,18.70,18.70,true,1,
7290000074696,false,"קרם קרקר 1 ק""ג",אסם,IL,קרם קרקר,קילוגרמים,1.00,"ק""ג",false,0,28.70,28.70,true,1,
7290000074740,false,"לחמית חיטה מלאה 1 ק""ג",אסם,IL,לחמית חיטה מלאה,קילוגרמים,1.00,"ק""ג",false,0,21.70,21.70,true,1,
7290000074962,false,עוג.מיני שוקוצ'יפס 225גר,כרמית,IL,עוגיות שוקוצ'יפס,גרמים,225.00,100 גרם,false,0,9.80,4.36,true,1,
7290000075143,false,עוג. שוקוצ'יפס קלאסי200ג,אסם,IL,עוגיות שוקוצ'יפס,גרמים,200.00,100 גרם,false,0,10.80,5.40,true,1,
7290000075204,false,לחמית חיטה מלאה 250 גרם,אסם,IL,לחמית חיטה מלאה,גרמים,250.00,100 גרם,false,0,8.90,3.56,true,1,
7290000075693,false,עוגת שמרים בריוש שוקו360,אסם,IL,עוגת בריוש,גרמים,360.00,100 גרם,false,0,16.80,4.67,true,1,
7290000076126,false,בייגלה שמיניות קטנות80גר,אסם,IL,בייגלה שמיניות,גרמים,80.00,100 גרם,false,0,3.30,4.13,true,1,
7290000076133,false,בייגלה שמיניות קטנות400ג,אסם,IL,בייגלה שמיניות,גרמים,400.00,100 גרם,false,0,7.50,1.88,true,1,
7290000076157,false,נסקוויק אבקה להכ.שוקו450,אסם,IL,נסקוויק שוקו,גרמים,450.00,100 גרם,false,0,13.90,3.09,true,1,
7290000076645,false,טוסטעים חיטה מלאה 100גרם,ון דר מולן,NL,טוסטעיםחיטה מלאה,גרמים,100.00,100 גרם,false,0,10.50,10.50,true,1,
7290000076775,false,מאגדת לייט יוגורט חמוציו,נסטלה,IL,מאגדת לייט יוגורט חמוציו,גרמים,258.00,100 גרם,false,0,24.90,9.65,true,1,
7290000077017,false,קרמוגית ממולא שוקו200.גר,אסם,IL,קרמוגית שוקולד,גרמים,200.00,100 גרם,false,0,10.90,5.45,true,1,
7290000077253,false,לחמית כפרית 190 גרם,אסם,IL,לחמית כפרית,גרמים,190.00,100 גרם,false,0,9.00,4.74,true,1,
7290000077925,false,טוסטעים צנימים עגולים125,ון דר מולן,NL,טוסטעים צנימים,גרמים,125.00,100 גרם,false,0,10.50,8.40,true,1,
7290000078212,false,קרוטונים מתובלים 250גרם,עינת,IL,קרוטונים מתובל,גרמים,250.00,100 גרם,false,0,13.90,5.56,true,1,
7290000078762,false,חטיפי פריכונים עם דבש80ג,הרטו,BE,חטיפי פריכונים,גרמים,80.00,100 גרם,false,0,7.30,9.13,true,1,
7290000079875,false,"גל.גויה מייפל פקאן 500מ""",נסטלה,IL,"גל.גויה מייפל פקאן 500מ""",מיליליטרים,500.00,"100 מ""ל",false,0,19.70,3.94,true,1,
7290000080512,false,"סלט תפו""א ר.כהן כשל""פ400",צבר,IL,"סלט תפו""א",גרמים,400.00,100 גרם,false,0,15.90,3.98,true,1,
7290000080529,false,קישוא+בצל מטוגן רפי400גר,צבר,IL,סלט קישואים,גרמים,400.00,100 גרם,false,0,15.90,3.98,true,1,
7290000080536,false,חציל טעם כבד רפי כהן400ג,צבר,IL,חציל טעם כבד תבר,גרמים,400.00,100 גרם,false,0,15.90,3.98,true,1,
7290000080758,false,טוסטעים פת קלויה 100 גרם,ון דר מולן,NL,טוסטעים פת קלוי,גרמים,100.00,100 גרם,false,0,10.50,10.50,true,1,
7290000080765,false,טוסטעים פת קלוי+שומשו100,ון דר מולן,NL,טוסטעים +שומשו,גרמים,100.00,100 גרם,false,0,10.50,10.50,true,1,
7290000081168,false,חטיף צ'יפסי מלוח 50 גרם,אסם,IL,חטיף צ'יפסי,גרמים,50.00,100 גרם,false,0,3.40,6.80,true,1,
7290000081663,false,בייגלה טבעות שומשום300גר,אסם,IL,בייגלה טבעות,גרמים,300.00,100 גרם,false,0,7.50,2.50,true,1,
7290000103341,false,מרק עגבניות 644גרם,סנפרוסט,IL,מרק עגבניות,גרמים,644.00,100 גרם,false,0,17.90,2.78,true,1,
7290000103365,false,מרק ירקות עשיר 560גרם,סנפרוסט,IL,מרק ירקות,גרמים,560.00,100 גרם,false,0,17.90,3.20,true,1,
7290000103419,false,אורז מג'דרה 700גרם,סנפרוסט,IL,אורז מג'דרה,גרמים,700.00,100 גרם,false,0,16.40,2.34,true,1,
7290000103426,false,אורז עם אפונה וגזר 700גר,סנפרוסט,IL,אורז עם אפונה וגזר 700גר,גרמים,700.00,100 גרם,false,0,16.40,2.34,true,1,
7290000103815,false,לקט להקפצה תאילנדי 800גר,סנפרוסט,IL,לקט להקפצה תאילנדי 800גר,גרמים,800.00,100 גרם,false,0,24.90,3.11,true,1,
7290000103822,false,לקט לעוף 800גרם,סנפרוסט,IL,לקט לעוף 800גרם,גרמים,800.00,100 גרם,false,0,23.00,2.88,true,1,
7290000103839,false,מרק כתום 572גרם,סנפרוסט,IL,מרק כתום,גרמים,572.00,100 גרם,false,0,17.90,3.13,true,1,
7290000103846,false,מרק אפונה 572גרם,סנפרוסט,IL,מרק אפונה,גרמים,572.00,100 גרם,false,0,17.90,3.13,true,1,
7290000103877,false,מרק שעועית 644גרם,סנפרוסט,IL,מרק שעועית,גרמים,644.00,100 גרם,false,0,17.90,2.78,true,1,
7290000104072,false,עדשים ירוקות מבושלות 800,סנפרוסט,IL,עדשים ירוקות מבושלות 800,גרמים,800.00,100 גרם,false,0,18.70,2.34,true,1,
7290000104201,false,אפונה עדינה 600 גרם,סנפרוסט,IL,אפונה עדינה 600 גרם,גרמים,600.00,100 גרם,false,0,17.90,2.98,true,1,
7290000104218,false,במיה מוקפאת 600 גרם,סנפרוסט,IL,במיה מוקפאת,גרמים,600.00,100 גרם,false,0,15.80,2.63,true,1,
7290000104676,false,אפונה ירוקה מוקפאת 800גר,סנפרוסט,IL,אפונה ירוקה מוקפאת 800גר,גרמים,800.00,100 גרם,false,0,18.90,2.36,true,1,
7290000104683,false,שעועית שלמה מוקפאת 800 ג,סנפרוסט,IL,שעועית שלמה מוקפאת 800 ג,גרמים,800.00,100 גרם,false,0,19.90,2.49,true,1,
7290000104690,false,תירס גרעינים מוקפא 800 ג,סנפרוסט,IL,גרעיני תירס קפוא,גרמים,800.00,100 גרם,false,0,17.70,2.21,true,1,
7290000104706,false,גזר גמדי מוקפא 800 גרם,סנפרוסט,IL,גזר גמדי מוקפא,גרמים,800.00,100 גרם,false,0,17.60,2.20,true,1,
7290000104713,false,פול ירוק מוקפא 800 גרם,סנפרוסט,IL,פול ירוק מוקפא,גרמים,800.00,100 גרם,false,0,22.70,2.84,true,1,
7290000104720,false,שעועית ירוקה חתוכה 800 ג,סנפרוסט,IL,שעועית ירוקה חתוכה 800 ג,גרמים,800.00,100 גרם,false,0,18.70,2.34,true,1,
7290000104737,false,שעועית צהובה חתוכה 800 ג,סנפרוסט,IL,שעועית צהובה,גרמים,800.00,100 גרם,false,0,19.00,2.38,true,1,
7290000104799,false,שעועית לבנה מבושלת 800גר,סנפרוסט,IL,שעועית לבנה,גרמים,800.00,100 גרם,false,0,19.80,2.48,true,1,
7290000104805,false,גרגרי חומוס מבושל 800גרם,סנפרוסט,IL,גרגרי חומוס מבושל 800גרם,גרמים,800.00,100 גרם,false,0,19.70,2.46,true,1,
7290000104829,false,"קלחוני תירס 1 ק""ג",סנפרוסט,IL,"קלחוני תירס 1 ק""ג",קילוגרמים,1.00,"ק""ג",false,0,19.70,19.70,true,1,
7290000104836,false,שעועית עדינה שלמה 600גרם,סנפרוסט,IL,שעועית שלמה קפוא,גרמים,600.00,100 גרם,false,0,22.90,3.82,true,1,
7290000104881,false,אפונה וגזר 800 גרם,סנפרוסט,IL,אפונה וגזר 800 גרם,גרמים,800.00,100 גרם,false,0,17.00,2.13,true,1,
7290000107165,false,חטיף פולי סויה 400 גרם,סנפרוסט,IL,חטיף פולי סויה 400 גרם,גרמים,400.00,100 גרם,false,0,14.10,3.53,true,1,
7290000107189,false,ארטישוק תחתיות 400 גרם,סנפרוסט,IL,תחתיות ארטישוק,גרמים,400.00,100 גרם,false,0,21.70,5.43,true,1,
7290000107295,false,תפרחות ברוקולי 800 גרם,סנפרוסט,IL,ברוקולי מוקפא,גרמים,800.00,100 גרם,false,0,25.70,3.21,true,1,
7290000107677,false,שעועית צהובה עדינה 600גר,סנפרוסט,IL,שעועית צהובה עדינה 600גר,גרמים,600.00,100 גרם,false,0,23.80,3.97,true,1,
7290000110059,false,מרגרינה בלי מלח 200 גרם,יוניליוור,IL,מרגרינה בלו-בנד,גרמים,200.00,100 גרם,false,0,4.50,2.25,true,1,
7290000110073,false,מרגרינה בטעם חמאה 200גר,יוניליוור,IL,מחמאה מרגרינה,גרמים,200.00,100 גרם,false,0,4.80,2.40,true,1,
7290000110844,false,כיפלי גריל 70 גרם,יוניליוור,IL,כיפלי בטעם גריל,גרמים,60.00,100 גרם,false,0,5.60,9.33,true,1,
7290000110851,false,כיפלי בצל 70 גרם,יוניליוור,IL,כיפלי בטעם בצל,גרמים,70.00,100 גרם,false,0,5.60,8.00,true,1,
7290000111063,false,מיונז תלמה אמיתי250 גרם,יוניליוור,IL,מיונז אמיתי תלמה,גרמים,250.00,100 גרם,false,0,6.40,2.56,true,1,
7290000111117,false,מרכך כביסה בדין לבן 4 לי,יוניליוור,IL,מרכך כביסה בדין,ליטרים,4.00,ליטר,false,0,21.90,5.48,true,1,
7290000111186,false,מיונז תלמה אמיתי 500 גרם,יוניליוור,IL,מיונז אמיתי,גרמים,500.00,100 גרם,false,0,9.50,1.90,true,1,
7290000111353,false,"מיונז אמיתי תלמה 1 ק""ג",יוניליוור,IL,מיונז אמיתי תלמה,קילוגרמים,1.00,"ק""ג",false,0,15.90,15.90,true,1,
7290000111360,false,חרדל אמיתי תלמה 250 גרם,יוניליוור,IL,חרדל אמיתי תלמה,גרמים,250.00,100 גרם,false,0,6.40,2.56,true,1,
7290000111384,false,חרדל אמיתי תלמה 550 גרם,יוניליוור,IL,חרדל אמיתי תלמה,גרמים,550.00,100 גרם,false,0,8.40,1.53,true,1,
7290000112220,false,טחינה גולמית 100% 500 גר,רושדי תעשיות מזון,IL,טחינה גולמית,גרמים,500.00,100 גרם,false,0,14.90,2.98,true,1,
7290000112237,false,"טחינה גולמית 100% 1 ק""ג",רושדי תעשיות מזון,IL,טחינה גולמית,קילוגרמים,1.00,"ק""ג",false,0,27.70,27.70,true,1,
7290000112497,false,מ.עשיר עוף איטר.קנור68גר,יוניליוור,IL,מרק עוף איטריות,גרמים,68.00,100 גרם,false,0,8.80,12.94,true,1,
7290000112619,false,מרק עוף קנור 400 גרם,יוניליוור,IL,מרק עוף אמיתי,גרמים,400.00,100 גרם,false,0,16.90,4.23,true,1,
7290000112770,false,מרק עשיר אפונה קנור117גר,יוניליוור,IL,מרק אפונה קנור,גרמים,117.00,100 גרם,false,0,8.80,7.52,true,1,
7290000113654,false,נמס בכוס לייט ירקות17*2ג,יוניליוור,IL,נמס בכוס לייט,גרמים,34.00,100 גרם,false,0,6.90,20.29,true,1,
7290000114897,false,קורנפלקס 750 גרם,יוניליוור,IL,קורנפלקס תלמה,גרמים,750.00,100 גרם,false,0,14.90,1.99,true,1,
7290000116136,false,דאב קרם ידיים עור יבש100,יוניליוור,IL,דאב קרם ידיים,מיליליטרים,100.00,"100 מ""ל",false,0,9.00,9.00,true,1,
7290000116204,false,מרק דגש טעם עוף שקית 1קג,יוניליוור,IL,מרק דגש טעם עוף,קילוגרמים,1.00,"ק""ג",false,0,14.90,14.90,true,1,
7290000116945,false,"רוטב סויה קנור 300 מ""ל",יוניליוור,IL,רוטב סויה קלאסי,מיליליטרים,300.00,"100 מ""ל",false,0,10.90,3.63,true,1,
7290000117386,false,מארז 8 חטיפי דגנים שוגי,יוניליוור,IL,חטיפי דגנים 8 יח,גרמים,208.00,100 גרם,false,0,14.90,7.16,true,1,
7290000117393,false,חט.דגנים שוקו שוגי 26X8ג,יוניליוור,IL,חטיפי דגנים 8 יח,גרמים,208.00,100 גרם,false,0,14.90,7.16,true,1,
7290000117430,false,חטיפי דגנים קוקומן 21X8ג,יוניליוור,IL,חטיפי דגנים 8 יח,גרמים,168.00,100 גרם,false,0,14.90,8.87,true,1,
7290000117720,false,מרק נמס בכוס פטריות 43גר,יוניליוור,IL,מרק נמס בכוס,גרמים,43.00,100 גרם,false,0,6.90,16.05,true,1,
7290000117799,false,מרק נמס בכוס ברוקולי42גר,יוניליוור,IL,מרק נמס בכוס,גרמים,42.00,100 גרם,false,0,6.90,16.43,true,1,
7290000118277,false,קניידלך כופתאות מצה65*2ג,יוניליוור,IL,אבקה לקניידלך,גרמים,130.00,100 גרם,false,0,9.80,7.54,true,1,
7290000120836,false,מיונז הלמנס 394 גרם,יוניליוור,US,מיונז הלמנס,גרמים,394.00,100 גרם,false,0,9.90,2.51,true,1,
7290000120874,false,מיונז הלמנס לייט 424 גרם,יוניליוור,US,מיונז הלמנס,גרמים,424.00,100 גרם,false,0,9.90,2.33,true,1,
7290000121093,false,גב.מון בלן ט.שויצרי 120ג,נטו,IL,גב.מון בלן ט.שויצרי 120ג,גרמים,120.00,100 גרם,false,0,11.60,9.67,true,1,
7290000121109,false,גבינה מון בלאן+זיתים120ג,נטו,IL,גבינה מון בלאן+זיתים120ג,גרמים,120.00,100 גרם,false,0,11.80,9.83,true,1,
7290000121154,false,מון בלאן לייט +סלמון120ג,נטו,IL,מון בלאן לייט +סלמון120ג,גרמים,120.00,100 גרם,false,0,11.90,9.92,true,1,
7290000121369,false,קונפ778. תות שדה לייט300,יוניליוור,IL,קונפיטורה 778,גרמים,300.00,100 גרם,false,0,11.70,3.90,true,1,
7290000122175,false,"תמצית וניל אפיכל 50 מ""ל",יוניליוור,IL,תמצית וניל,מיליליטרים,50.00,"100 מ""ל",false,0,4.40,8.80,true,1,
7290000122700,false,סירופ מייפל 600 גרם,יוניליוור,IL,סירופ מייפל,גרמים,600.00,100 גרם,false,0,13.10,2.18,true,1,
7290000123158,false,מזולה טעם חמאה 250 גרם,יוניליוור,IL,מזולה טעם חמאה,גרמים,250.00,100 גרם,false,0,10.40,4.16,true,1,
7290000123172,false,מזולה בגביע טעם טבעי250ג,יוניליוור,IL,מזולה בגביע,גרמים,250.00,100 גרם,false,0,9.20,3.68,true,1,
7290000123257,false,מזולה לייט+שמן זית 250גר,יוניליוור,IL,מזולה לייט,גרמים,250.00,100 גרם,false,0,10.40,4.16,true,1,
7290000124841,false,"שוקולד חלב בד""צ 100*3 גר",יוניליוור,IL,שוקולד חלב 3 יח',גרמים,300.00,100 גרם,false,0,13.90,4.63,true,1,
7290000125251,false,בדין שמפו לכביסה עדינה2ל,יוניליוור,IL,בדין שמפו לכביסה,ליטרים,2.00,ליטר,false,0,22.90,11.45,true,1,
7290000127224,false,קונפיטורה תות 778 340גרם,יוניליוור,IL,קונפיטורת תות,גרמים,340.00,100 גרם,false,0,12.00,3.53,true,1,
7290000127651,false,קונפיטור778. פובידל 340ג,יוניליוור,IL,קונפיטורה 778,גרמים,340.00,100 גרם,false,0,12.00,3.53,true,1,
7290000127705,false,שוק.מריר פרווה 100*6 גרם,יוניליוור,IL,שוקולד מריר 6 יח,גרמים,600.00,100 גרם,false,0,17.90,2.98,true,1,
7290000129099,false,תיבוליות עשבי תיבול 72גר,יוניליוור,IL,תיבוליות,גרמים,72.00,100 גרם,false,0,7.90,10.97,true,1,
7290000129457,false,רוטב פטריות 28 גרם,יוניליוור,IL,רוטב פטריות,גרמים,28.00,100 גרם,false,0,3.90,13.93,true,1,
7290000129785,false,מרכך כביסה בדין ירוק 4 ל,יוניליוור,IL,מרכך כביסה בדין,ליטרים,4.00,ליטר,false,0,21.90,5.48,true,1,
7290000130125,false,מצות אביב 400 גרם חמץ,מצות אביב,IL,מצות אביב,גרמים,400.00,100 גרם,false,0,12.40,3.10,true,1,
7290000130248,false,קמח מצה חמץ 500 גרם,מצות אביב,IL,קמח מצה חמץ,גרמים,500.00,100 גרם,false,0,6.40,1.28,true,1,
7290000133645,false,מ.ש.אורביטול סודה145*3ג,קוסמופארם,,משחת שיניים 3 יח,גרמים,435.00,100 גרם,false,0,17.70,4.07,true,1,
7290000133904,false,דואו פרש פסיפלור.תפוז300,סנו,IL,סנו דואו פרש,מיליליטרים,300.00,"100 מ""ל",false,0,10.90,3.63,true,1,
7290000134123,false,פלפל שחור טחון 40 גרם,תבליני טעם וריח,IL,פלפל שחור טחון,גרמים,40.00,100 גרם,false,0,10.80,27.00,true,1,
7290000134307,false,קינמון טחון 50 גרם,תבליני טעם וריח,IL,קינמון טחון,גרמים,50.00,100 גרם,false,0,6.80,13.60,true,1,
7290000134376,false,פפריקה מתוקה בשמן 90 גרם,תבליני טעם וריח,IL,פפריקה מתוקה,גרמים,90.00,100 גרם,false,0,11.80,13.11,true,1,
7290000134550,false,עלי דפנה 20 גרם בשקית,תבליני טעם וריח,IL,עלי דפנה בשקית,גרמים,20.00,100 גרם,false,0,8.80,44.00,true,1,
7290000134833,false,כמון טחון 100 גרם,תבליני טעם וריח,IL,כמון טחון,גרמים,100.00,100 גרם,false,0,11.80,11.80,true,1,
7290000134857,false,פפריקה מתוקה במיכל100גרם,תבליני טעם וריח,IL,פפריקה במיכל,גרמים,100.00,100 גרם,false,0,11.80,11.80,true,1,
7290000134864,false,פפריקה חריפה במיכל100גרם,תבליני טעם וריח,IL,פפריקה במיכל,גרמים,100.00,100 גרם,false,0,11.80,11.80,true,1,
7290000136721,false,ג'אמפ תפוזים 1.5 ליטר,טמפו,IL,ג'אמפ תפוזים,ליטרים,1.50,ליטר,false,0,5.90,3.93,true,1,
7290000136738,false,ג'אמפ אשכוליות 1.5 ליטר,טמפו,IL,ג'אמפ אשכוליות,ליטרים,1.50,ליטר,false,0,5.90,3.93,true,1,
7290000136745,false,ג'אמפ תות בננה 1.5 ליטר,טמפו,IL,ג'אמפ תות בננה,ליטרים,1.50,ליטר,false,0,5.90,3.93,true,1,
7290000137643,false,8יח טעמקור משפחתיות 50 ג,שטראוס,IL,8יח טעמקור משפחתיות 50 ג,גרמים,400.00,100 גרם,false,0,39.00,9.75,true,1,
7290000139104,false,שלווה בשקית 230 גרם,שופרסל,IL,שלווה בשקית,גרמים,230.00,100 גרם,false,0,8.30,3.61,true,1,
7290000139227,false,דגן תפוח ממותק,,IL,דגן תפוח ממותק,גרמים,150.00,100 גרם,false,0,8.30,5.53,true,1,
7290000139258,false,שלווה טבע + סוכר חום200ג,שופרסל,IL,שלווה טבע,גרמים,200.00,100 גרם,false,0,8.30,4.15,true,1,
7290000143187,false,"שמפו הוואי לגבר 700 מ""ל",טרופיקל דגיל,IL,שמפו הוואי לגבר,מיליליטרים,700.00,"100 מ""ל",false,0,9.00,1.29,true,1,
7290000143217,false,שמפו הוואי שיער יבש 700מ,טרופיקל דגיל,IL,שמפו הוואי,מיליליטרים,700.00,"100 מ""ל",false,0,9.00,1.29,true,1,
7290000143255,false,"שמפו הוואי ירוק 700 מ""ל",טרופיקל דגיל,IL,"שמפו הוואי ירוק 700 מ""ל",מיליליטרים,700.00,"100 מ""ל",false,0,9.00,1.29,true,1,
7290000143262,false,"הוואי שמפו לילדים 700מ""ל",טרופיקל דגיל,IL,"הוואי שמפו לילדים 700מ""ל",מיליליטרים,700.00,"100 מ""ל",false,0,9.00,1.29,true,1,
7290000143279,false,"הוואי שמפו אדום 700 מ""ל",טרופיקל דגיל,IL,"הוואי שמפו אדום 700 מ""ל",מיליליטרים,700.00,"100 מ""ל",false,0,9.00,1.29,true,1,
7290000143286,false,"הוואי מרכך ירוק 700 מ""ל",טרופיקל דגיל,IL,"הוואי מרכך ירוק 700 מ""ל",מיליליטרים,700.00,"100 מ""ל",false,0,9.00,1.29,true,1,
7290000144160,false,שמן זית בטעם מודגש 750מל,שמן תעשיות,IL,שמן זית מודגש,מיליליטרים,750.00,"100 מ""ל",false,0,33.90,4.52,true,1,
7290000144467,false,שמן חמניות+נוגדי חמצון1ל,שמן תעשיות,IL,שמן חמניות,ליטרים,1.00,ליטר,false,0,16.40,16.40,true,1,
7290000144474,false,שמן קנולה מועשר 1 ליטר,שמן תעשיות,IL,שמן קנולה מועשר 1 ליטר,ליטרים,1.00,ליטר,false,0,15.00,15.00,true,1,
7290000144825,false,שמן קנולה פלוס אומגה9 1ל,שמן תעשיות,IL,שמן קנולה מועשר,ליטרים,1.00,ליטר,false,0,15.80,15.80,true,1,
7290000145358,false,פרסיל קולור 30 טבליות,הנקל סוד,DE,פרסיל טבליות,יחידה,1.00,יחידה,false,1,29.60,29.60,true,1,
7290000146645,false,סבון הוואי שחור 100*4גרם,טרופיקל דגיל,IL,סבון הוואי 4 יח,גרמים,400.00,100 גרם,false,0,14.10,3.53,true,1,
7290000146652,false,סבון הוואי ורוד 100*4גרם,טרופיקל דגיל,IL,סבון הוואי 4 יח,גרמים,400.00,100 גרם,false,0,14.10,3.53,true,1,
7290000146676,false,סבון הוואי לגבר 100*4גרם,טרופיקל דגיל,PL,סבון הוואי 4 יח,גרמים,400.00,100 גרם,false,0,14.10,3.53,true,1,
7290000146683,false,סבון הוואי לבן 100*4 גרם,טרופיקל דגיל,PL,סבון הוואי 4 יח,גרמים,400.00,100 גרם,false,0,14.10,3.53,true,1,
7290000146713,false,סבון הוואי לגונה 100*4 ג,טרופיקל דגיל,IL,סבון הוואי 4 יח,גרמים,400.00,100 גרם,false,0,14.10,3.53,true,1,
7290000146997,false,משחת טום וג'רי מסטיק 50מ,טרופיקל דגיל,IL,משחת טום וג'רי מסטיק 50מ,מיליליטרים,50.00,"100 מ""ל",false,0,6.90,13.80,true,1,
7290000149578,false,סופטקר אל סבון 1 ליטר,נקה,IL,תחליב לחות לרחצה,ליטרים,1.00,ליטר,false,0,13.90,13.90,true,1,
7290000149851,false,סינטבון כפול לנקיון 460ג,נקה,IL,סינטבון נקה כפול,גרמים,460.00,100 גרם,false,0,9.60,2.09,true,1,
7290000149905,false,טקסטיל נוזל לכביסה 1ליטר,נקה,IL,נוזל כביס טקסטיל,ליטרים,1.00,ליטר,false,0,14.10,14.10,true,1,
7290000151182,false,כתף בקר פרוסות דקות140ג,עוף טוב,IL,כתף בקר פרוס דק,גרמים,140.00,100 גרם,false,0,14.80,10.57,true,1,
7290000151281,false,חזה עוף ברביקיו 300 גרם,עוף טוב,IL,חזה עוף ברביקיו,גרמים,300.00,100 גרם,false,0,24.90,8.30,true,1,
7290000151328,false,חזה הודו מעושן 300 גרם,עוף טוב,IL,חזה הודו מעושן,גרמים,300.00,100 גרם,false,0,24.90,8.30,true,1,
7290000151472,false,פסטרמה אמריקאית 300 גרם,עוף טוב,IL,פסטרמה אמריקאית,גרמים,300.00,100 גרם,false,0,24.90,8.30,true,1,
7290000151601,false,פסטרמה בדבש 300 גרם,עוף טוב,IL,פסטרמה בדבש,גרמים,300.00,100 גרם,false,0,24.90,8.30,true,1,
7290000152288,false,נקניקיות עוף 400 גרם,עוף טוב,IL,נקניקיות עוף,גרמים,400.00,100 גרם,false,0,15.00,3.75,true,1,
7290000152943,false,פסטרמה + סלמי 2 יח350Xגר,עוף טוב,IL,פסטרמה + סלמי,גרמים,700.00,100 גרם,false,0,28.40,4.06,true,1,
7290000153292,false,פסטרמ.ברביקיו פרוס דק140,עוף טוב,IL,פסטרמה ברביקיו,גרמים,140.00,100 גרם,false,0,14.80,10.57,true,1,
7290000153445,false,קציצות בקר מתובלות 500גר,עוף טוב,IL,קציצות בקר,גרמים,500.00,100 גרם,false,0,28.90,5.78,true,1,
7290000156545,false,פסטרמה מקסיקנית 300גרם,עוף טוב,IL,פסטרמה מקסיקנית,גרמים,300.00,100 גרם,false,0,24.90,8.30,true,1,
7290000158105,false,שניצל דינוזאור 700גרם,עוף טוב,IL,שניצל דינוזאור 700גרם,גרמים,700.00,100 גרם,false,0,37.00,5.29,true,1,
7290000158211,false,שניצל דק ענק 700גרם,עוף טוב,,שניצל דק ענק,גרמים,700.00,100 גרם,false,0,37.60,5.37,true,1,
7290000158235,false,שניצל ע.דק בציפוי 700גרם,עוף טוב,IL,שניצל דק בציפוי,גרמים,700.00,100 גרם,false,0,37.60,5.37,true,1,
7290000158273,false,שניצל אמיתי מעודן 700גרם,עוף טוב,IL,שניצל אמיתי מעודן 700גרם,גרמים,0.00,100 גרם,false,0,44.50,44.50,true,1,
7290000159034,false,שניצל אמיתי קריספי 700גר,עוף טוב,IL,שניצל אמיתי קריספי 700גר,גרמים,0.00,100 גרם,false,0,46.00,46.00,true,1,
7290000160252,false,דאב תרחיץ פנים רגיל180מל,יוניליוור,IL,דאב תרחיץ פנים,מיליליטרים,180.00,"100 מ""ל",false,0,10.00,5.56,true,1,
7290000160269,false,דאב תרחיץ פנים רגיש180מל,יוניליוור,IL,דאב תרחיץ פנים,מיליליטרים,180.00,"100 מ""ל",false,0,10.00,5.56,true,1,
7290000160467,false,עוף ולתנור גריל 49 גרם,יוניליוור,IL,עוף ולתנור גריל,גרמים,49.00,100 גרם,false,0,6.30,12.86,true,1,
7290000160771,false,"כריות וניל בד""צ 750 גרם",יוניליוור,,כריות וניל,גרמים,750.00,100 גרם,false,0,27.90,3.72,true,1,
7290000161150,false,גולדבנד גביע 250 גרם,יוניליוור,IL,מרגרינה גולדבנד,גרמים,250.00,100 גרם,false,0,9.20,3.68,true,1,
7290000161167,false,מחמאה גביע 250 גרם,יוניליוור,IL,מחמאה,גרמים,250.00,100 גרם,false,0,8.60,3.44,true,1,
7290000161358,false,מיונז משמן קנולה 500 גרם,יוניליוור,IL,מיונז אמיתי תלמה,גרמים,500.00,100 גרם,false,0,13.80,2.76,true,1,
7290000162386,false,רוטב שום לסלט 300 גרם,יוניליוור,IL,רוטב שום לסלט,גרמים,300.00,100 גרם,false,0,9.90,3.30,true,1,
7290000162515,false,"קורנפלקס וניל בד""צ500גרם",יוניליוור,,קורנפלקס וניל,גרמים,500.00,100 גרם,false,0,19.50,3.90,true,1,
7290000162560,false,"קורנפלקס דבש בד""צ 500גרם",יוניליוור,,קורנפלקס דבש,גרמים,500.00,100 גרם,false,0,18.70,3.74,true,1,
7290000162805,false,בדין אקסטרה סגול חדש 960,יוניליוור,TR,מרכך בדין960מ,מיליליטרים,960.00,"100 מ""ל",false,0,18.90,1.97,true,1,
7290000164632,false,בדין אקסטרה בייבי 960 מל,יוניליוור,TR,בדין אקסטרה,מיליליטרים,960.00,"100 מ""ל",false,0,19.90,2.07,true,1,
7290000165509,false,תחליב רח.פינוק קמומיל700,יוניליוור,IL,תחליב רחצה פינוק,מיליליטרים,700.00,"100 מ""ל",false,0,12.80,1.83,true,1,
7290000165684,false,"שמפו שמן אבוקדו 700 מ""ל",יוניליוור,IL,שמפו שמן אבוקדו,מיליליטרים,700.00,"100 מ""ל",false,0,10.00,1.43,true,1,
7290000165691,false,"מרכך שמן אבוקדו 700 מ""ל",יוניליוור,IL,מרכך שמן אבוקדו,מיליליטרים,700.00,"100 מ""ל",false,0,10.00,1.43,true,1,
7290000166414,false,מזולה לאפיה ללא מלח200ג,יוניליוור,IL,מזולה ללא מלח,גרמים,200.00,100 גרם,false,0,6.20,3.10,true,1,
7290000166711,false,שוגי 20% פחות סוכר 500גר,יוניליוור,IL,שוגי מופחת סוכר,גרמים,500.00,100 גרם,false,0,15.90,3.18,true,1,
7290000167756,false,קינמונים 500 גרם,דליסר,IL,קינמונים,גרמים,500.00,100 גרם,false,0,20.00,4.00,true,1,
7290000167923,false,ג'ל רחצה דאב מן פרש400,יוניליוור,IL,ג'ל רחצה דאב מן,מיליליטרים,400.00,"100 מ""ל",false,0,10.00,2.50,true,1,
7290000167947,false,ג'ל רחצה דאב מן קלין400מ,יוניליוור,IL,ג'ל רחצה דאב מן,מיליליטרים,400.00,"100 מ""ל",false,0,10.00,2.50,true,1,
7290000167985,false,"דאו.דאב מן קלין 150 מ""ל",יוניליוור,IL,דאודורנט דאב מן,מיליליטרים,150.00,"100 מ""ל",false,0,22.90,15.27,true,1,
7290000168173,false,ברנפלקס קרנצ'ים 375 גרם,יוניליוור,IL,ברנפלקס קרנצ'ים,גרמים,375.00,100 גרם,false,0,17.90,4.77,true,1,
7290000168289,false,שמפו פינוק שמן מרוקאי700,יוניליוור,IL,שמפו פינוק,מיליליטרים,700.00,"100 מ""ל",false,0,10.00,1.43,true,1,
7290000168302,false,תחליב פינוק שמן מרוקא700,יוניליוור,IL,תחליב רחצה פינוק,מיליליטרים,700.00,"100 מ""ל",false,0,10.00,1.43,true,1,
7290000168418,false,רוטב סויה סיני 25% פחות,יוניליוור,IL,רוטב סויה סיני,מיליליטרים,300.00,"100 מ""ל",false,0,10.80,3.60,true,1,
7290000168425,false,רוטב צ'ילי מתוק 50% פחות,יוניליוור,IL,רוטב צ'ילי מתוק,מיליליטרים,300.00,"100 מ""ל",false,0,10.80,3.60,true,1,
7290000168739,false,קורנפלקס קקאו 500 גרם,יוניליוור,IL,קורנפלקס קקאו,גרמים,500.00,100 גרם,false,0,19.50,3.90,true,1,
7290000168838,false,כריות וניל עוגיות 750גרם,יוניליוור,IL,כריות וניל עוגיו,גרמים,750.00,100 גרם,false,0,27.90,3.72,true,1,
7290000169071,false,מרק גורמה בטעם בטטה82ג,יוניליוור,IL,מרק גורמה קנור,גרמים,82.00,100 גרם,false,0,9.80,11.95,true,1,
7290000169712,false,קורנפלקס מלא 500 גרם,יוניליוור,IL,קורנפלקס מלא,גרמים,500.00,100 גרם,false,0,18.70,3.74,true,1,
7290000169903,false,דאו.רקסונה טלק ספריי 150,קוסטר,IL,דאו.רקסונה,מיליליטרים,150.00,"100 מ""ל",false,0,17.70,11.80,true,1,
7290000169927,false,רקסונה ספריי לינן דר150,קוסטר,TR,דאו.רקסונה,מיליליטרים,150.00,"100 מ""ל",false,0,17.70,11.80,true,1,
7290000170053,false,שוקולד פרה חלב 100 גרם,עלית,IL,שוקולד פרה חלב,גרמים,100.00,100 גרם,false,0,5.50,5.50,true,1,
7290000170077,false,שוק.מריר 100 גרם,עלית,IL,שוקולד מריר,גרמים,100.00,100 גרם,false,0,5.50,5.50,true,1,
7290000170275,false,שוקולד ממולא קרם נוגט100,עלית,IL,שוקולד ממולא,גרמים,100.00,100 גרם,false,0,5.50,5.50,true,1,
7290000171470,false,כיף כף 45 גרם,עלית,IL,כיף כף,גרמים,45.00,100 גרם,false,0,3.90,8.67,true,1,
7290000174037,false,בפלות בטעם לימון 500 גרם,עלית,IL,בפלות בטעם לימון,גרמים,500.00,100 גרם,false,0,12.40,2.48,true,1,
7290000174044,false,"בפלות בטעם שוקולד 1 ק""ג",עלית,IL,בפלות טעם שוקולד,קילוגרמים,1.00,"ק""ג",false,0,18.40,18.40,true,1,
7290000174099,false,בפלות בטעם שוקולד 500 גר,עלית,IL,בפלות שוקולד,גרמים,500.00,100 גרם,false,0,12.40,2.48,true,1,
7290000174723,false,שוקולית בפחית עלית 500גר,עלית,IL,שוקולית,גרמים,500.00,100 גרם,false,0,12.90,2.58,true,1,
7290000176062,false,קפה טורקי בצלופן 100 גרם,עלית,IL,קפה טורקי בצלופן,גרמים,100.00,100 גרם,false,0,8.50,8.50,true,1,
7290000176079,false,קפה טורקי עם הל 100 גרם,עלית,IL,קפה טורקי עם הל,גרמים,100.00,100 גרם,false,0,8.60,8.60,true,1,
7290000176192,false,קפה טורקי האג ואקום200גר,עלית,IL,קפה טורקי האג,גרמים,200.00,100 גרם,false,0,27.10,13.55,true,1,
7290000176413,false,קפה נמס 50 גרם,עלית,IL,קפה נמס,גרמים,50.00,100 גרם,false,0,9.60,19.20,true,1,
7290000176420,false,קפה נמס 200 גרם,עלית,IL,קפה נמס,גרמים,200.00,100 גרם,false,0,19.90,9.95,true,1,
7290000176475,false,האג נטול קופאין 200 גרם,עלית,IL,קפה נמס האג,גרמים,200.00,100 גרם,false,0,33.50,16.75,true,1,
7290000176857,false,שוקולד לבן 100 גרם,עלית,IL,שוקולד לבן,גרמים,100.00,100 גרם,false,0,5.50,5.50,true,1,
7290000177694,false,קפה טורקי ואקום 200 גרם,עלית,IL,קפה טורקי ואקום,גרמים,200.00,100 גרם,false,0,18.90,9.45,true,1,
7290000178660,false,בפלות מצופים שוקולד 500ג,עלית,IL,בפלות מצופים,גרמים,500.00,100 גרם,false,0,15.50,3.10,true,1,
7290000178707,false,תפוציפס מלוח 50 גרם,עלית,IL,חטיף תפוצ'יפס,גרמים,50.00,100 גרם,false,0,3.80,7.60,true,1,
7290000178721,false,תפוציפס מלוח 200 גרם,עלית,IL,חטיף תפוצ'יפס,גרמים,200.00,100 גרם,false,0,10.00,5.00,true,1,
7290000179445,false,בזוקה בשקית 180 גרם,עלית,IL,בזוקה בשקית,גרמים,180.00,100 גרם,false,0,6.90,3.83,true,1,
7290000180212,false,שוקולד מריר אגוז 100 גרם,עלית,IL,שוקולד מריר,גרמים,100.00,100 גרם,false,0,5.50,5.50,true,1,
7290000181103,false,ביסקויט בשוקולד חלב 200ג,עלית,IL,ביסקויט מצופה,גרמים,200.00,100 גרם,false,0,12.90,6.45,true,1,
7290000184708,false,"בפלות טעם שוק.ללת""ס500גר",עלית,IL,"בפלות ללת""ס",גרמים,500.00,100 גרם,false,0,19.70,3.94,true,1,
7290000185224,false,סילאן בבקבוק לחיץ 650 גר,כינרת,IL,סילאן בקבוק לחיץ,גרמים,650.00,100 גרם,false,0,14.80,2.28,true,1,
7290000186177,false,משולש קרצוף,,IL,משולש קרצוף,יחידה,1.00,יחידה,false,0,14.30,14.30,true,1,
7290000186535,false,נ.טואלט לילי,,IL,נ.טואלט לילי,מטרים,537.00,100 מטר,false,0,46.50,8.66,true,1,
7290000186733,false,מטלית חכמה ניקול,,IL,מטלית חכמה ניקול,יחידה,1.00,יחידה,false,0,9.70,9.70,true,1,
7290000186740,false,מטלית חכמה ניקול,,IL,מטלית חכמה ניקול,יחידה,1.00,יחידה,false,0,21.90,21.90,true,1,
7290000186931,false,כריות קרצוף,,IL,כריות קרצוף,יחידה,1.00,יחידה,false,0,9.00,9.00,true,1,
7290000187662,false,נייר טואלט לילי,,IL,נייר טואלט לילי,מטרים,662.00,מטר,false,0,43.30,0.07,true,1,
7290000187709,false,נ.טואלט לילי קלאסיק 48גל,חוגלה קימברלי,IL,נייר טואלט לילי,מטרים,883.00,100 מטר,false,0,51.90,5.88,true,1,
7290000187860,false,40מגבוני נייר טואלט לילי,חוגלה קימברלי,IL,מגבוני נ.טואלט,יחידה,1.00,יחידה,false,0,7.80,7.80,true,1,
7290000187907,false,מגבוני נ.טואלט,,IL,מגבוני נ.טואלט,יחידה,1.00,יחידה,false,0,19.70,19.70,true,1,
7290000187921,false,נ.טואלט לילי קלאסיק 32גל,חוגלה קימברלי,IL,נייר טואלט לילי,מטרים,588.00,100 מטר,false,0,36.90,6.28,true,1,
7290000187938,false,נ.טואלט לילי פסטל 32 גלי,חוגלה קימברלי,IL,נייר טואלט,מטרים,588.00,100 מטר,false,0,36.90,6.28,true,1,
7290000188355,false,מגבות נייר ניקול 6גלילים,חוגלה קימברלי,IL,מגבות ניקול,מטרים,65.00,מטר,false,0,9.00,0.14,true,1,
7290000188553,false,60מגני תחתון קוטקס סילקN,חוגלה קימברלי,CN,מגן תחתון קוטקס,יחידה,1.00,יחידה,false,0,17.90,17.90,true,1,
7290000188560,false,52מגני תחתון קוטקס סילקL,חוגלה קימברלי,CN,מגן תחתון קוטקס,יחידה,1.00,יחידה,false,0,17.90,17.90,true,1,
7290000188591,false,60מגני תחתון קוטקס סילקY,חוגלה קימברלי,CN,מגן תחתון קוטקס,יחידה,1.00,יחידה,false,0,17.90,17.90,true,1,
7290000188850,false,מגבוני האגיס3יח,,IL,מגבוני האגיס3יח,יחידה,1.00,יחידה,false,0,9.80,9.80,true,1,
7290000188973,false,23 תח.קוטקס דיזיין +N,חוגלה קימברלי,IL,תחבושות קוטקס,יחידה,1.00,יחידה,false,0,17.90,17.90,true,1,
7290000188980,false,תחבושות קוטקס,,IL,תחבושות קוטקס,יחידה,1.00,יחידה,false,0,17.90,17.90,true,1,
7290000189079,false,תבניות אינגליש קייק 6יח',.,IL,תבניות אינגליש,יחידה,1.00,יחידה,false,0,11.90,11.90,true,1,
7290000189192,false,סופר מטלית ניקול 64 יח',חוגלה קימברלי,,מטליות נייר,מטרים,18.00,מטר,false,0,16.70,0.93,true,1,
7290000189208,false,מטלית הקסם למשטחים 1 יח',חוגלה קימברלי,CN,מטלית הקסם,יחידה,1.00,יחידה,false,0,6.90,6.90,true,1,
7290000189215,false,מטלית הקסם לרצפה ניקול,חוגלה קימברלי,IL,מטלית הקסם לרצפה ניקול,יחידה,1.00,יחידה,false,0,9.00,9.00,true,1,
7290000189246,false,תבניות מאפינס 7יח',.,IL,תבניות מאפינס,יחידה,1.00,יחידה,false,0,11.90,11.90,true,1,
7290000189260,false,תבניות מלבניות 5יח',.,IL,תבניות מלבניות,יחידה,1.00,יחידה,false,0,11.90,11.90,true,1,
7290000189277,false,3 תבניות מלבן גדול עמוק,.,IL,3 תבניות מלבן גדול עמוק,יחידה,1.00,יחידה,false,0,11.90,11.90,true,1,
7290000189444,false,מטליות לניקוי,,IL,מטליות לניקוי,יחידה,1.00,יחידה,false,0,9.00,9.00,true,1,
7290000189482,false,4 תבניות קרטון מרובעות,חוגלה קימברלי,IL,תבניות קרטון,יחידה,1.00,יחידה,false,0,9.90,9.90,true,1,
7290000189505,false,5 תבניות קרטון אינגליש,חוגלה קימברלי,IL,תבניות קרטון,יחידה,1.00,יחידה,false,0,9.90,9.90,true,1,
7290000189550,false,אשפתון מתכלה ניקול10*2יח,חוגלה קימברלי,IL,זוג אשפתון ענק,יחידה,1.00,יחידה,false,0,24.90,24.90,true,1,
7290000189598,false,"50 מטליות ניקול רב""ש",חוגלה קימברלי,IL,מטליות ניקול,יחידה,1.00,יחידה,false,0,10.90,10.90,true,1,
7290000189659,false,10מטליות רצפה לחות ניקול,חוגלה קימברלי,IL,מטליות רצפה לחות,יחידה,1.00,יחידה,false,0,10.80,10.80,true,1,
7290000189741,false,מ.תחתון קוטקס,,IL,מ.תחתון קוטקס,יחידה,1.00,יחידה,false,0,17.90,17.90,true,1,
7290000189758,false,מגן תחתון,,IL,מגן תחתון,יחידה,1.00,יחידה,false,0,17.90,17.90,true,1,
7290000189871,false,אשפתון מתכלה ניקול60יח,חוגלה קימברלי,IL,שק. אשפה מתכלות,יחידה,1.00,יחידה,false,0,23.20,23.20,true,1,
7290000189949,false,נייר טואלט בצבע,,IL,נייר טואלט בצבע,מטרים,537.00,מטר,false,0,29.60,0.06,true,1,
7290000190150,false,מפיות תלת שכבתי מודפס 20,חוגלה קימברלי,IL,מפיות תלת שכבתי,יחידה,1.00,יחידה,false,0,8.90,8.90,true,1,
7290000190174,false,מפיות חד שכבתי זוג 85 יח,חוגלה קימברלי,IL,מפיות חד שכבתי,יחידה,1.00,יחידה,false,0,11.90,11.90,true,1,
7290000190198,false,מטליות ניקוי,,IL,מטליות ניקוי,יחידה,1.00,יחידה,false,0,10.90,10.90,true,1,
7290000190235,false,נייר טואלט בצבע,,IL,נייר טואלט בצבע,מטרים,537.00,מטר,false,0,29.60,0.06,true,1,
7290000190532,false,מפיות דו שכבתי מודפס 50,חוגלה קימברלי,,מפיות דו שכבתי,יחידה,1.00,יחידה,false,0,6.80,6.80,true,1,
7290000190563,false,מפיות חד שכבתי מודפס זוג,חוגלה קימברלי,,מפיות ניקול זוג,יחידה,1.00,יחידה,false,0,11.90,11.90,true,1,
7290000191140,false,נייר טואלט לח 3*,,IL,נייר טואלט לח 3*,יחידה,1.00,יחידה,false,0,19.70,19.70,true,1,
7290000191225,false,46האגיס ליטל בייביס שלב2,חוגלה קימברלי,IL,האגיס ליטל בייבי,יחידה,1.00,יחידה,false,1,34.60,34.60,true,1,
7290000191539,false,לילי צבעוני 100*5 יחידות,חוגלה קימברלי,IL,מגבוני לילי 100,יחידה,1.00,יחידה,false,0,11.90,11.90,true,1,
7290000191546,false,לילי צבעוני 100*3 יחידות,חוגלה קימברלי,IL,לילי צבעוני100*3,יחידה,1.00,יחידה,false,0,7.90,7.90,true,1,
7290000191560,false,מגבות נייר 3 גל,,IL,מגבות נייר 3 גל,מטרים,65.00,מטר,false,0,9.00,0.14,true,1,
7290000191645,false,36האגיס ניו בורן עד 4 קג,חוגלה קימברלי,IL,חיתולי האגיס,יחידה,1.00,יחידה,false,0,30.90,30.90,true,1,
7290000191652,false,קלינקס מעוצב 90*3 יחידות,חוגלה קימברלי,,קלינקס מעוצב 3יח,יחידה,1.00,יחידה,false,0,7.90,7.90,true,1,
7290000193014,false,פדים לילי אינטרלוד 50 יח,חוגלה קימברלי,IL,לילי פדים,יחידה,1.00,יחידה,false,0,9.90,9.90,true,1,
7290000193083,false,תחבושות נובה לי 28 יח',חוגלה קימברלי,IL,תחבושות נובה לי,יחידה,1.00,יחידה,false,0,9.70,9.70,true,1,
7290000193205,false,20 תחבושות לילי ללילה,חוגלה קימברלי,,תחבושות לילי,יחידה,1.00,יחידה,false,0,16.00,16.00,true,1,
7290000193472,false,60פדיות לילי נטורל נורמל,חוגלה קימברלי,IL,פדיות לילי,יחידה,1.00,יחידה,false,0,16.00,16.00,true,1,
7290000193540,false,52 פדיות לילי נטורל LONG,חוגלה קימברלי,IL,פדיות לילי,יחידה,1.00,יחידה,false,0,16.00,16.00,true,1,
7290000193649,false,24 תחבושות לילי נורמל+,חוגלה קימברלי,IL,תחבושות לילי,יחידה,1.00,יחידה,false,0,16.00,16.00,true,1,
7290000193656,false,24 לילי נטורל אולט.סופר+,חוגלה קימברלי,IL,תחבושות לילי,יחידה,1.00,יחידה,false,0,16.00,16.00,true,1,
7290000193793,false,24 לילי נטורל נורמל,חוגלה קימברלי,IL,תחבושות לילי,יחידה,1.00,יחידה,false,0,16.00,16.00,true,1,
7290000194837,false,שקיות מזון,,IL,שקיות מזון,יחידה,1.00,יחידה,false,0,12.80,12.80,true,1,
7290000195216,false,נייר אפיה,,IL,נייר אפיה,יחידה,1.00,יחידה,false,0,10.90,10.90,true,1,
7290000195537,false,מגב.האגיס ללא בישום 72*4,חוגלה קימברלי,IL,מגבוני האגיס 4יח,יחידה,1.00,יחידה,false,0,23.90,23.90,true,1,
7290000195544,false,מגב.האגיס בישום עדין72*4,חוגלה קימברלי,IL,מגב.האגיס בישום עדין72*4,יחידה,1.00,יחידה,false,0,23.90,23.90,true,1,
7290000195766,false,מגבוני האגיס דיספנסר64*4,חוגלה קימברלי,IL,מגבוני האגיס 4יח,יחידה,1.00,יחידה,false,0,29.90,29.90,true,1,
7290000195773,false,מגבוני האגיס אלוורה 72*4,חוגלה קימברלי,IL,מגבוני האגיס 4יח,יחידה,1.00,יחידה,false,0,23.90,23.90,true,1,
7290000196763,false,השקית החזקה לאשפה 40יח,חוגלה קימברלי,,שקיות אשפה,יחידה,1.00,יחידה,false,0,25.90,25.90,true,1,
7290000197197,false,84 האגיס מגה פק שלב4,חוגלה קימברלי,IL,84 האגיס מגה פק שלב4,יחידה,1.00,יחידה,false,0,76.90,76.90,true,1,
7290000197210,false,76 האגיס מגה פק שלב+4,חוגלה קימברלי,IL,76 האגיס מגה פק שלב+4,יחידה,1.00,יחידה,false,0,76.90,76.90,true,1,
7290000197227,false,72 האגיס מגה פק שלב5,חוגלה קימברלי,IL,חיתולי האגיס,יחידה,1.00,יחידה,false,0,76.90,76.90,true,1,
7290000197326,false,זוג רדיד.אלומינ0.3*7.5.מ,חוגלה קימברלי,IL,זוג רדיד.אלומינ0.3*7.5.מ,מטרים,15.00,מטר,false,0,9.00,0.60,true,1,
7290000197395,false,כיסוי מגן לכיריים 4יח,חוגלה קימברלי,IL,כיסוי לכיריים,יחידה,1.00,יחידה,false,1,19.90,19.90,true,1,
7290000197432,false,סנדויצ'ון 150*2 יח,חוגלה קימברלי,IL,סנדוויצ'ון זוג,יחידה,1.00,יחידה,false,0,13.40,13.40,true,1,
7290000197456,false,44האגיס פרידום דריי שלב4,חוגלה קימברלי,IL,חיתולי האגיס,יחידה,1.00,יחידה,false,0,42.90,42.90,true,1,
7290000197463,false,42האגיס פרידום דרי שלב+4,חוגלה קימברלי,IL,חיתולי האגיס,יחידה,1.00,יחידה,false,0,42.90,42.90,true,1,
7290000197548,false,38האגיס פרידום דריי שלב5,חוגלה קימברלי,IL,חיתולי האגיס,יחידה,1.00,יחידה,false,0,42.90,42.90,true,1,
7290000197654,false,ניקול50 אשפתון 70X90ענק,חוגלה קימברלי,IL,אשפתון ניקול,יחידה,1.00,יחידה,false,0,21.80,21.80,true,1,
7290000197678,false,34האגיס פרידום דריי שלב6,חוגלה קימברלי,IL,חיתולי האגיס,יחידה,1.00,יחידה,false,0,42.90,42.90,true,1,
7290000197883,false,4 מגשית 100 מוכספת ניקול,חוגלה קימברלי,IL,4 מגשית 100 מוכספת ניקול,יחידה,1.00,יחידה,false,0,9.70,9.70,true,1,
7290000197951,false,מגשית 200 מוכספת ניקול,חוגלה קימברלי,IL,מגשית 200 מוכספת ניקול,יחידה,1.00,יחידה,false,0,9.70,9.70,true,1,
7290000199313,false,קוטקס יאנג 28 יחידות,חוגלה קימברלי,IL,קוטקס תחבושות,יחידה,1.00,יחידה,false,0,17.90,17.90,true,1,
7290000201849,false,42 טיטולים פרימיום שלב 4,חוגלה קימברלי,IL,טיטולים פרימיום,יחידה,1.00,יחידה,false,1,33.60,33.60,true,1,
7290000201856,false,40 טיטולים פרימיום שלב+4,חוגלה קימברלי,IL,טיטולים פרימיום,יחידה,1.00,יחידה,false,1,33.60,33.60,true,1,
7290000201863,false,36 טיטולים פרימיום שלב 5,חוגלה קימברלי,IL,טיטולים פרימיום,יחידה,1.00,יחידה,false,1,33.60,33.60,true,1,
7290000201870,false,34 טיטולים פרימיום שלב 6,חוגלה קימברלי,IL,טיטולים פרימיום,יחידה,1.00,יחידה,false,1,33.60,33.60,true,1,
7290000203188,false,נייר טואלט לילי,,IL,נייר טואלט לילי,מטרים,588.00,100 מטר,false,0,38.80,6.60,true,1,
7290000204215,false,כריות יפניות ניקול 6יח',חוגלה קימברלי,IL,כריות יפניות,יחידה,1.00,יחידה,false,0,10.80,10.80,true,1,
7290000204253,false,9 מטליות רב שימושי.ניקול,חוגלה קימברלי,IL,מטליות ניקול,יחידה,1.00,יחידה,false,0,9.00,9.00,true,1,
7290000204307,false,"40מטלית רב""ש ניקול בגליל",חוגלה קימברלי,IL,מטליות ניקול,יחידה,1.00,יחידה,false,0,21.50,21.50,true,1,
7290000204611,false,ניקול ספוגיות הקסם 6 יח,חוגלה קימברלי,IL,ניקול ספוגיות,יחידה,1.00,יחידה,false,0,9.00,9.00,true,1,
7290000205526,false,פיסגה שטיפת רצפות 2 ליטר,סנו,IL,פיסגה ניקוי רצפה,ליטרים,2.00,ליטר,false,0,9.00,4.50,true,1,
7290000207063,false,רסק עגבניות פריכוז260גרם,זנלכל,IL,רסק עגבניות פריכוז260גרם,גרמים,260.00,100 גרם,false,0,4.10,1.58,true,1,
7290000207162,false,רסק עגבניות 100 גרם,זנלכל,IL,רסק עגבניות,גרמים,100.00,100 גרם,false,0,1.90,1.90,true,1,
7290000207438,false,עגבניות קוביות 800 גרם,זנלכל,IL,עגבניות קוביות 800 גרם,גרמים,800.00,100 גרם,false,0,6.80,0.85,true,1,
7290000208022,false,עגבניות מרוסקות 800 גרם,זנלכל,IL,עגבניות מרוסקות 800 גרם,גרמים,800.00,100 גרם,false,0,6.80,0.85,true,1,
7290000208084,false,אפונה בינונית 550ג' יכין,זנלכל,IL,אפונת גינה,גרמים,550.00,100 גרם,false,0,7.20,1.31,true,1,
7290000208091,false,אפונת גינה קטנה 550 גרם,זנלכל,IL,אפונת גינה קטנה,גרמים,550.00,100 גרם,false,0,6.40,1.16,true,1,
7290000208114,false,אפונת גינה וגזר 550 גרם,זנלכל,IL,אפונת גינה וגז,גרמים,550.00,100 גרם,false,0,6.50,1.18,true,1,
7290000208145,false,תירס לייט יכין 550 גרם,זנלכל,IL,תירס לייט יכין,גרמים,550.00,100 גרם,false,0,7.10,1.29,true,1,
7290000208213,false,שעוע.אפויה+רוטב עגב580גר,זנלכל,IL,שעועית ברוטב,גרמים,580.00,100 גרם,false,0,6.60,1.14,true,1,
7290000208312,false,תירס ואקום 340 גרם יכין,זנלכל,IL,תירס ואקום,גרמים,340.00,100 גרם,false,0,5.40,1.59,true,1,
7290000208329,false,גרעיני תירס מתוק 550 גרם,זנלכל,IL,גרעיני תירס מתוק,גרמים,550.00,100 גרם,false,0,6.50,1.18,true,1,
7290000208336,false,רסק עגבניות יכין 260 גרם,זנלכל,IL,רסק עגבניות יכין 260 גרם,גרמים,260.00,100 גרם,false,0,4.20,1.62,true,1,
7290000208404,false,פול מצרי 550 גרם,זנלכל,IL,פול מצרי,גרמים,550.00,100 גרם,false,0,5.40,0.98,true,1,
7290000208428,false,חומוס שלם יכין 550 גרם,זנלכל,IL,חומוס שלם,גרמים,560.00,100 גרם,false,0,5.70,1.02,true,1,
7290000208855,false,רוטב פסטה 260 גרם,זנלכל,IL,רוטב פסטה,גרמים,260.00,100 גרם,false,0,4.70,1.81,true,1,
7290000208947,false,עגבניות מרוסקות 260 גרם,זנלכל,IL,עגבניות מרוסקות,גרמים,260.00,100 גרם,false,0,4.70,1.81,true,1,
7290000208978,false,רסק פריכוז 28% 100 גרם,זנלכל,IL,רסק פריכוז,גרמים,100.00,100 גרם,false,0,2.10,2.10,true,1,
7290000209173,false,חומץ סינטטי 5% 1 ליטר,זנלכל,IL,חומץ סינטטי 5% 1 ליטר,ליטרים,1.00,ליטר,false,0,4.70,4.70,true,1,
7290000209708,false,עגבנ.מרוסקות בזיליקום260,זנלכל,IL,עגבניות מרוסקות,גרמים,260.00,100 גרם,false,0,4.70,1.81,true,1,
7290000209722,false,ת.עגבניות פריכוז30%-28%,זנלכל,IL,תרכיז עגבניות,גרמים,580.00,100 גרם,false,0,7.50,1.29,true,1,
7290000209944,false,בסיס לשקשוקה 260גרם,זנלכל,IL,בסיס לשקשוקה,גרמים,260.00,100 גרם,false,0,4.70,1.81,true,1,
7290000209951,false,רוטב עגבניות לפיצה260גרם,זנלכל,IL,רוטב עגבניות,גרמים,260.00,100 גרם,false,0,4.70,1.81,true,1,
7290000210896,false,רוטב בולונז 260 גרם,זנלכל,IL,רוטב בולונז 260 גרם,גרמים,260.00,100 גרם,false,0,4.70,1.81,true,1,
7290000211169,false,"אורז תאילנדי 1 ק""ג",סוגת,IL,"אורז תאילנדי 1 ק""ג",קילוגרמים,1.00,"ק""ג",false,0,5.90,5.90,true,1,
7290000211312,false,"אורז מלא ארוך ""סוגת"" 1קג",סוגת,IL,אורז מלא ארוך,קילוגרמים,1.00,"ק""ג",false,0,8.90,8.90,true,1,
7290000211374,false,"קמח חיטה מלא סוגת 1 ק""ג",סוגת,IL,קמח חיטה מלא,קילוגרמים,1.00,"ק""ג",false,0,7.80,7.80,true,1,
7290000211381,false,"סוכר חום כהה סוגת 1 ק""ג",סוגת,IL,סוכר חום כהה,קילוגרמים,1.00,"ק""ג",false,0,10.50,10.50,true,1,
7290000211442,false,"אורז פרסי קלאסי 1ק""ג",סוגת,IL,אורז פרסי קלאסי,קילוגרמים,1.00,"ק""ג",false,0,8.50,8.50,true,1,
7290000211985,false,"אורז עגול 1 ק""ג",סוגת,IL,אורז עגול סוגת,קילוגרמים,1.00,"ק""ג",false,0,8.80,8.80,true,1,
7290000212579,false,ופלים מצופים 20גר40Xיח',מנעמים,IL,ופלים מצופים,גרמים,800.00,100 גרם,false,0,15.70,1.96,true,1,
7290000214115,false,מרק עוף בצנצנת ויטה400גר,פרי גליל,IL,מרק עוף צנצנת,גרמים,400.00,100 גרם,false,0,10.90,2.73,true,1,
7290000238029,false,"בצק עלים 1 ק""ג","מעדנות בע""מ",IL,בצק עלים מרודד,קילוגרמים,1.00,"ק""ג",false,0,21.70,21.70,true,1,
7290000238036,false,מלווח מעדנות 700 גרם,"מעדנות בע""מ",IL,מלווח מעדנות 700 גרם,גרמים,700.00,100 גרם,false,0,16.80,2.40,true,1,
7290000238173,false,בורקס גבינה 800 גרם,"מעדנות בע""מ",IL,בורקס גבינה 800 גרם,גרמים,800.00,100 גרם,false,0,19.70,2.46,true,1,
7290000238180,false,"בורקס תפו""א 800 גרם","מעדנות בע""מ",IL,"בורקס תפו""א קפוא",גרמים,800.00,100 גרם,false,0,19.70,2.46,true,1,
7290000240541,false,ריבועי בצק עלים 800 גרם,"מעדנות בע""מ",IL,ריבועי בצק עלים,גרמים,800.00,100 גרם,false,0,24.80,3.10,true,1,
7290000244761,false,"קרם ידיים ולווטה 100 מ""ל",טרופיקל דגיל,IL,"קרם ידיים ולווטה 100 מ""ל",מיליליטרים,100.00,"100 מ""ל",false,0,6.90,6.90,true,1,
7290000245157,false,מרכך סוד סנסיישן 4 ל',הנקל סוד,IL,מרכך סוד סנסיישן 4 ל',ליטרים,4.00,ליטר,false,0,17.40,4.35,true,1,
7290000245478,false,קומפקט סוד בייבי 1.25 קג,הנקל סוד,IL,אבקת כביסה בייבי,קילוגרמים,1.25,"ק""ג",false,0,16.80,13.44,true,1,
7290000245775,false,פרסיל ג'ל לכביסה ירוק 3ל,הנקל סוד,IL,פרסיל ג'ל 3 ליטר,ליטרים,3.00,ליטר,false,0,29.90,9.97,true,1,
7290000245782,false,מרכך כביסה סוד ורוד 4 ל',הנקל סוד,IL,מרכך כביסה סוד ורוד 4 ל',ליטרים,4.00,ליטר,false,0,17.40,4.35,true,1,
7290000245799,false,מרכך כביסה סוד כחול 4 ל',הנקל סוד,IL,מרכך כביסה סוד כחול 4 ל',ליטרים,4.00,ליטר,false,0,17.40,4.35,true,1,
7290000253220,false,שוקולד צ'יפס חום 300 גרם,אופנהיימר,IL,שוקולד צ'יפס,גרמים,300.00,100 גרם,false,0,10.80,3.60,true,1,
7290000253251,false,שוקולד צ'יפס לבן 300 גרם,אופנהיימר,IL,שוקו צ'יפס לבן,גרמים,300.00,100 גרם,false,0,10.80,3.60,true,1,
7290000254807,false,צ'יטוס גבינה 100 גרם,עלית,IL,צ'יטוס גבינה,גרמים,100.00,100 גרם,false,0,6.40,6.40,true,1,
7290000256207,false,ופלים מצופים עדין 20*25ג,עדין,IL,ופל מצופה 25 יח,גרמים,500.00,100 גרם,false,0,15.30,3.06,true,1,
7290000256269,false,פיצפוצית,,IL,פיצפוצית,גרמים,450.00,100 גרם,false,0,18.40,4.09,true,1,
7290000260839,false,ספרינג משקה תפוזים 1.5ל',יפאורה שותפות מובגלת לשיווק,IL,ספרינג תפוזים,ליטרים,1.50,ליטר,false,0,6.20,4.13,true,1,
7290000260853,false,ספרינג משקה מנגו 1.5 ל',יפאורה שותפות מובגלת לשיווק,IL,ספרינג מנגו,ליטרים,1.50,ליטר,false,0,6.20,4.13,true,1,
7290000260860,false,ספרינג משקה אפרסק 1.5 ל',יפאורה שותפות מובגלת לשיווק,IL,ספרינג אפרסק,ליטרים,1.50,ליטר,false,0,6.20,4.13,true,1,
7290000260969,false,משקה ספרינג דיאט אשכו1.5,יפאורה שותפות מובגלת לשיווק,IL,ספרינג דיאט,ליטרים,1.50,ליטר,false,0,6.20,4.13,true,1,
7290000262239,false,נייר טואלט מולט 48גלילים,חוגלה קימברלי,,נייר טואלט מולט,מטרים,843.00,100 מטר,false,0,35.90,4.26,true,1,
7290000262413,false,34האגיס אקסטרה קר מידה5,חוגלה קימברלי,IL,חיתולי האגיס,יחידה,1.00,יחידה,false,1,54.90,54.90,true,1,
7290000262499,false,מגבוני נייר לח קידס48*3י,חוגלה קימברלי,IL,מגבוני נ.טואלט,יחידה,1.00,יחידה,false,0,15.90,15.90,true,1,
7290000263359,false,40 האגיס ליטל בייביס,חוגלה קימברלי,IL,חיתולי האגיס,יחידה,1.00,יחידה,false,0,34.90,34.90,true,1,
7290000267012,false,שקד מולבן שלם100ג'שקדיה,שקדיה,IL,שקד מולבן שלם,גרמים,100.00,100 גרם,false,0,12.80,12.80,true,1,
7290000267036,false,שקד מולבן משובב100גשקדיה,שקדיה,IL,שקד מולבן משובב,גרמים,100.00,100 גרם,false,0,12.80,12.80,true,1,
7290000267043,false,שקד מולבן פרוס100ג'שקדיה,שקדיה,IL,שקד מולבן פרוס,גרמים,100.00,100 גרם,false,0,12.80,12.80,true,1,
7290000267104,false,שקד טבעי גרוס100ג'שקדיה,שקדיה,IL,שקד טבעי גרוס,גרמים,100.00,100 גרם,false,0,12.80,12.80,true,1,
7290000267500,false,קליפות הדר בשוקולד200גרם,שקדיה,IL,קליפות הדר בשוק,גרמים,200.00,100 גרם,false,0,14.80,7.40,true,1,
7290000267548,false,אגוז מלך טחון100ג'שקדיה,שקדיה,IL,אגוז מלך טחון,גרמים,100.00,100 גרם,false,0,12.80,12.80,true,1,
7290000267555,false,בוטנים גרוסים 100ג'שקדיה,שקדיה,IL,בוטנים גרוסים,גרמים,100.00,100 גרם,false,0,5.90,5.90,true,1,
7290000267609,false,פיסטוק חלבי קלוף 150גרם,שקדיה,IL,פיסטוק חלבי קלוף,גרמים,150.00,100 גרם,false,0,28.70,19.13,true,1,
7290000267616,false,צנובר 100גרם,שקדיה,IL,צנובר 100 גרם,גרמים,100.00,100 גרם,false,0,28.70,28.70,true,1,
7290000267777,false,אננס מיובש 200גרם,שקדיה,IL,אננס מיובש,גרמים,200.00,100 גרם,false,0,13.80,6.90,true,1,
7290000267784,false,מנגו מיובש 200גרם-שקדיה,שקדיה,IL,200 מנגו מיובש,גרמים,200.00,100 גרם,false,0,13.80,6.90,true,1,
7290000272443,false,סירופ תפוז דיאט 1 ליטר,בית השיטה,IL,סירופ דיאט תפוז,ליטרים,1.00,ליטר,false,0,10.40,10.40,true,1,
7290000272696,false,מיץ לימון משומר-עסיס 1ל',בית השיטה,IL,מיץ לימון משומר,ליטרים,1.00,ליטר,false,0,8.90,8.90,true,1,
7290000272726,false,חומץ 5% 1 ליטר,בית השיטה,IL,חומץ 5%,ליטרים,1.00,ליטר,false,0,6.70,6.70,true,1,
7290000275970,false,מלך החומוס+גרגירים 400גר,צבר,IL,מלך החומוס צבר,גרמים,400.00,100 גרם,false,1,12.30,3.08,true,1,
7290000284316,false,קוקה קולה בקבוק 1.5 ליטר,החברה המרכזית לייצור משקאות,IL,קוקה קולה,ליטרים,1.50,ליטר,false,0,6.20,4.13,true,1,
7290000284361,false,קולה דיאט בקבוק 1.5 ל',החברה המרכזית לייצור משקאות,IL,קוקה קולה דיאט,ליטרים,1.50,ליטר,false,0,6.20,4.13,true,1,
7290000284743,false,דיאט קולה נ.קופאין 1.5 ל,החברה המרכזית לייצור משקאות,IL,דיאט קולה,ליטרים,1.50,ליטר,false,0,6.80,4.53,true,1,
7290000285849,false,שוופס מי סודה 1.5 ליטר,יפאורה שותפות מובגלת לשיווק,IL,שוופס מי סודה,ליטרים,1.50,ליטר,false,0,3.30,2.20,true,1,
7290000286228,false,סנו סושי 6 כריות יפניות,סנו,IL,ספוגי סנו סושי,יחידה,1.00,יחידה,false,0,10.00,10.00,true,1,
7290000286297,false,סנו אנטיקאלק מסיר אבן700,סנו,IL,סנו מסיר אבן,מיליליטרים,700.00,"100 מ""ל",false,0,6.90,0.99,true,1,
7290000286488,false,ספוג כיף פיראט 1 יחידה,קוסמופארם,IL,ספוג כיף פיראט,יחידה,1.00,יחידה,false,0,10.90,10.90,true,1,
7290000286549,false,מטליות רב שימוש 9 יח',סנו,IL,מטליות רב שימוש 9 יח',יחידה,1.00,יחידה,false,0,8.90,8.90,true,1,
7290000286594,false,סנוX- לימון 600 גרם,סנו,IL,סנוX- קרם לניק,גרמים,600.00,100 גרם,false,0,9.90,1.65,true,1,
7290000286761,false,ניילון נצמד 30*2 מטר,סנו,IL,צמד ניילון נצמד,מטרים,60.00,מטר,false,0,9.90,0.17,true,1,
7290000286891,false,סנו מגן קריסטל לרצפות1לי,סנו,IL,סנו מגן קריסטל,ליטרים,1.00,ליטר,false,0,28.00,28.00,true,1,
7290000286945,false,"סנו רהיט מרסס 500 מ""ל",סנו,IL,סנו רהיט מרסס,מיליליטרים,500.00,"100 מ""ל",false,0,27.00,5.40,true,1,
7290000287102,false,סנו שמפו לשטיחים 540 גרם,סנו,IL,סנו שמפו לשטיחים,גרמים,540.00,100 גרם,false,0,18.70,3.46,true,1,
7290000287492,false,סנובון נוזלי לימון 750מל,סנו,IL,סנובון נוזלי,מיליליטרים,750.00,"100 מ""ל",false,0,11.80,1.57,true,1,
7290000287621,false,סנו אנטי קאלק לאסלות750מ,סנו,IL,סנו מנקה אסלות,מיליליטרים,750.00,"100 מ""ל",false,0,9.00,1.20,true,1,
7290000287799,false,סנופרש ענק פלורל ירוק375,סנו,IL,סנו פרש ענק,מיליליטרים,375.00,"100 מ""ל",false,0,9.80,2.61,true,1,
7290000288017,false,סנו ג'אוול לימון 1 ליטר,סנו,IL,סנו JAVEL,ליטרים,1.00,ליטר,false,0,7.70,7.70,true,1,
7290000288024,false,סנו ג'אוול לימון 4 ליטר,סנו,IL,סנו JAVEL אקונומ,ליטרים,4.00,ליטר,false,0,14.90,3.73,true,1,
7290000288031,false,סנו אקונמיקה 4 ליטר,סנו,IL,סנו אקונמיקה,ליטרים,4.00,ליטר,false,0,10.60,2.65,true,1,
7290000288048,false,סנו ג'אוול מרסס לבנדר 1ל,סנו,IL,סנו ג'אוול לבנדר,ליטרים,1.00,ליטר,false,0,17.70,17.70,true,1,
7290000288079,false,סנו ג'אוול לימון 2 ליטר,סנו,IL,סנו JAVEL מלבין,ליטרים,2.00,ליטר,false,0,11.80,5.90,true,1,
7290000288352,false,300-K קוטל חרק/.זוחל630מ,סנו,IL,300-K קוטל חרק,מיליליטרים,630.00,"100 מ""ל",false,0,19.70,3.13,true,1,
7290000288383,false,500-K תרס.נגד נמלים 400מ,סנו,IL,סנו 500-K תרסיס,מיליליטרים,400.00,"100 מ""ל",false,0,21.70,5.43,true,1,
7290000288642,false,מרכך מקסימה סנסטיב 4 ל',סנו,IL,מרכך כביסה,ליטרים,4.00,ליטר,false,0,19.90,4.98,true,1,
7290000289069,false,סנו ג'אוול מרסס לימון 1ל,סנו,IL,סנו ג'אוול מרסס,ליטרים,1.00,ליטר,false,0,17.70,17.70,true,1,
7290000289472,false,סושי 50 שקיות אשפה HD,סנו,IL,50 שקיות אשפה,יחידה,1.00,יחידה,false,0,19.70,19.70,true,1,
7290000289496,false,ג'אוול ג'ל קרם לימון750מ,סנו,IL,ג'אוול ג'ל קרם,מיליליטרים,750.00,"100 מ""ל",false,0,10.90,1.45,true,1,
7290000289595,false,אורביטול קיד תות 145 גרם,קוסמופארם,IL,משחת שיניים,גרמים,145.00,100 גרם,false,0,7.40,5.10,true,1,
7290000289601,false,סנו ג'אוול לבנדר 2 ליטר,סנו,IL,סנו ג'אוול לבנדר 2 ליטר,ליטרים,2.00,ליטר,false,0,11.80,5.90,true,1,
7290000289748,false,"סנו פורטה פלוס 750 מ""ל",סנו,IL,סנו פורטה פלוס,מיליליטרים,750.00,"100 מ""ל",false,0,13.80,1.84,true,1,
7290000289885,false,סנופרש ענק אושן כחול375מ,סנו,IL,מטהר סנופרש ענק,מיליליטרים,375.00,"100 מ""ל",false,0,9.80,2.61,true,1,
7290000291932,false,סנובון נוזלי לבנדר 750מל,סנו,IL,סנובון נוזלי,מיליליטרים,750.00,"100 מ""ל",false,0,11.80,1.57,true,1,
7290000292137,false,"סנו לניקוי עור 500 מ""ל",סנו,IL,סנו לניקוי עור,מיליליטרים,500.00,"100 מ""ל",false,0,32.60,6.52,true,1,
7290000292311,false,פוליויקס סחלבים 2 ליטר,סנו,IL,סנו פוליויקס,ליטרים,2.00,ליטר,false,0,21.90,10.95,true,1,
7290000292557,false,סנומט נוזלי45לילות-מילוי,סנו,IL,נוזל מילוי סנו,מיליליטרים,35.00,"100 מ""ל",false,0,16.90,48.29,true,1,
7290000292564,false,"2000-K אינסקטל 750 מ""ל",סנו,IL,סנו 2000-K תרסיס,מיליליטרים,750.00,"100 מ""ל",false,0,31.60,4.21,true,1,
7290000292687,false,סנובון כחול שלישיה55*3גר,סנו,IL,סנובון כחול 3 יח,גרמים,165.00,100 גרם,false,0,14.90,9.03,true,1,
7290000292915,false,"סנו רסס ונגב מרסס 750מ""ל",סנו,IL,סנו רסס נגב מרסס,מיליליטרים,750.00,"100 מ""ל",false,0,9.00,1.20,true,1,
7290000293073,false,מרכך כביסה מקסימה ביו4ל',סנו,IL,מרכך כביסה,ליטרים,4.00,ליטר,false,0,19.90,4.98,true,1,
7290000293943,false,סנו אנטי קאלק מרסס 1 ל',סנו,IL,סנו אנטי קאלק,ליטרים,1.00,ליטר,false,0,15.80,15.80,true,1,
7290000294391,false,סנו ג'ט לניקווי כללי 4ל,סנו,IL,סנו ג'ט,ליטרים,4.00,ליטר,false,0,15.00,3.75,true,1,
7290000294575,false,רב מגבת סנו סושי 63 דפים,סנו,IL,רב מגבת סנו סושי,מטרים,14.00,מטר,false,0,14.90,1.06,true,1,
7290000294773,false,סנו ג'אוול לבנדר 4 ליטר,סנו,IL,סנו ג'אוול 4 ליט,ליטרים,4.00,ליטר,false,0,14.90,3.73,true,1,
7290000294780,false,סנו ג'אול אקונומ.סמיכה4ל,סנו,IL,סנו ג'אוול 4 ל,ליטרים,4.00,ליטר,false,0,14.90,3.73,true,1,
7290000295299,false,כריות הפלא 4 יח סנו סושי,סנו,IL,סנו סושי 4 כריות,יחידה,1.00,יחידה,false,0,9.70,9.70,true,1,
7290000295367,false,אבקת מקסימה ג'אוול 2.5קג,סנו,IL,אבקת כביסה,קילוגרמים,2.50,"ק""ג",false,0,27.70,11.08,true,1,
7290000295404,false,סושי60שקיות אשפה כחולות,סנו,IL,שקיות אשפה,יחידה,1.00,יחידה,false,0,21.60,21.60,true,1,
7290000295503,false,סושי זוג שקיות אוכל150*2,סנו,IL,שקיות אוכל צמד,יחידה,1.00,יחידה,false,0,12.90,12.90,true,1,
7290000295541,false,סנו סושי 75רב מגבת ג'מבו,סנו,IL,סנו סושי רב מגבת,מטרים,21.00,מטר,false,0,15.80,0.75,true,1,
7290000295558,false,2רדידי אלומיניום0.3*7.5מ,סנו,IL,צמד רדידי אלומינ,מטרים,15.00,מטר,false,0,10.00,0.67,true,1,
7290000295572,false,"מנקה אסלות ""00"" 750*2מל",סנו,IL,צמד מנקה אסלות,ליטרים,1.50,ליטר,false,0,16.40,10.93,true,1,
7290000295749,false,ספוג כיף סאקי מסאז' 1 יח,קוסמופארם,IL,ספוג סאקי מסג',יחידה,1.00,יחידה,false,0,14.00,14.00,true,1,
7290000300115,false,שניצל מן הצומח 1 קג,טבעול,IL,שניצל מן הצומח 1 קג,גרמים,1000.00,100 גרם,false,0,39.90,3.99,true,1,
7290000300139,false,המבורגר מן הצומח 750 גרם,טבעול,IL,המבורגר מן הצומח 750 גרם,גרמים,750.00,100 גרם,false,0,34.60,4.61,true,1,
7290000300689,false,שניצל ברוקולי 750 גרם,טבעול,IL,שניצל ברוקולי 750 גרם,גרמים,750.00,100 גרם,false,0,31.70,4.23,true,1,
7290000301501,false,נקנקיות קוקטיל 750 גרם,טבעול,IL,נקנקיות קוקטיל 750 גרם,גרמים,750.00,100 גרם,false,0,28.90,3.85,true,1,
7290000301662,false,שניצל מןהצומח %5שומן 750,טבעול,IL,שניצל מןהצומח %5שומן 750,גרמים,750.00,100 גרם,false,0,33.90,4.52,true,1,
7290000302027,false,טיים RED 10 יח',"דובק בע""מ",IL,טיים RED חבילה,יחידה,1.00,יחידה,false,0,264.90,264.90,false,1,
7290000302201,false,נלסון 10 יח',"דובק בע""מ",IL,נלסון חבילה,יחידה,1.00,יחידה,false,0,264.90,264.90,false,1,
7290000302294,false,גולף GOLD 100 10 יח',"דובק בע""מ",IL,גולף 100 חבילה,יחידה,1.00,יחידה,false,0,274.90,274.90,false,1,
7290000302515,false,מוסטנג רד 10 יח',"דובק בע""מ",IL,מוסטנג רד,יחידה,1.00,יחידה,false,0,224.90,224.90,false,1,
7290000303598,false,שעועית אפויה+רוטב 570 גר,פרי גליל,IL,שעועית ברוטב,גרמים,570.00,100 גרם,false,0,8.20,1.44,true,1,
7290000303604,false,חומוס שלם 550 גרם,פרי גליל,IL,חומוס שלם,גרמים,550.00,100 גרם,false,0,6.20,1.13,true,1,
7290000304526,false,ממרח סלמון 100 גרם,סטארקיסט,IL,ממרח סלמון,גרמים,100.00,100 גרם,false,0,7.40,7.40,true,1,
7290000304663,false,"סלט טונה פיקנטי""נון160""ג",סטארקיסט,IL,סלט טונה פיקנט,גרמים,160.00,100 גרם,false,0,6.80,4.25,true,1,
7290000305042,false,סרדין סטאר 2-5 120 גרם,.אל.גי.אם.סי,IL,סרדין סטאר,גרמים,120.00,100 גרם,false,0,6.00,5.00,true,1,
7290000305066,false,סרדין סטאר בשמן זית 120ג,.אל.גי.אם.סי,IL,סרדין סטאר,גרמים,120.00,100 גרם,false,0,6.40,5.33,true,1,
7290000307015,false,אפונת גינה גדולה 550 גר',פרי גליל,IL,אפונת גינה,גרמים,550.00,100 גרם,false,0,6.80,1.24,true,1,
7290000307046,false,אפונת גינה וגזר 550 גרם,פרי גליל,IL,אפונת גינה וגזר,גרמים,550.00,100 גרם,false,0,6.50,1.18,true,1,
7290000307237,false,גרעיני תירס מתוק 550 גרם,פרי גליל,IL,גרעיני תירס,גרמים,550.00,100 גרם,false,0,6.40,1.16,true,1,
7290000307343,false,שעועית ירוקה חתוכה 550 ג,פרי גליל,IL,שעועית ירוקה,גרמים,550.00,100 גרם,false,0,6.90,1.25,true,1,
7290000309156,false,מגב רצפה גומי עם מקל,המברשת רוחמה,IL,מגב רצפה עם מקל,יחידה,1.00,יחידה,false,0,33.30,33.30,true,1,
7290000311203,false,ופלים מן בטעם שוקולד200ג,רוקחמן,IL,ופלים טעם שוקולד,גרמים,200.00,100 גרם,false,0,4.40,2.20,true,1,
7290000311425,false,ופלים מצופים כחול 22*10ג,רוקחמן,IL,ופלים מצופים,גרמים,220.00,100 גרם,false,0,6.90,3.14,true,1,
7290000313184,false,עוג.גן חיות וניל 250 גרם,אסם,IL,עוגיות גן חיות,גרמים,250.00,100 גרם,false,0,7.60,3.04,true,1,
7290000313290,false,נודלס אטריות מסולסל200גר,טאי רזידנט,TH,אטריות נודלס,גרמים,200.00,100 גרם,false,0,11.00,5.50,true,1,
7290000315157,false,מיונז אמיתי לחיץ 385 גרם,בסט פודס,IL,מיונז אמיתי לחיץ,גרמים,385.00,100 גרם,false,0,14.80,3.84,true,1,
7290000315324,false,רקסונה ספריי שאוור 150מ,קוסטר,TR,דאו.רקסונה,מיליליטרים,150.00,"100 מ""ל",false,0,17.70,11.80,true,1,
7290000316444,false,"ברנפלקס ללא סוכר בד""ץ500",יוניליוור,IL,ברנפלקס ללא סוכר,גרמים,500.00,100 גרם,false,0,24.70,4.94,true,1,
7290000316833,false,נשנושי ברנפלקס 375 גרם,יוניליוור,IL,נשנושי ברנפלקס,גרמים,375.00,100 גרם,false,0,17.90,4.77,true,1,
7290000318127,false,"נקניקיות ""ביס"" 380 גרם",מעדני יחיעם,IL,"נקניקיות ""ביס""",גרמים,380.00,100 גרם,false,0,10.80,2.84,true,1,
7290000318479,false,פרושוטו עגל 100 גרם,מעדני יחיעם,IL,פרושוטו,גרמים,100.00,100 גרם,false,0,27.10,27.10,true,1,
7290000318677,false,סלמי סרוולט 150 גרם,מעדני יחיעם,IL,סלמי סרוולט,גרמים,150.00,100 גרם,false,0,21.70,14.47,true,1,
7290000319124,false,סלמי סרוולט 250 גרם,מעדני יחיעם,IL,סלמי סרוולט,גרמים,250.00,100 גרם,false,0,32.60,13.04,true,1,
7290000319186,false,קבנוס קלאסי דק דק 125גרם,מעדני יחיעם,IL,קבנוס דק דק,גרמים,125.00,100 גרם,false,0,12.80,10.24,true,1,
7290000319377,false,נקניקיות עגל שויצריות450,מעדני יחיעם,IL,נקניקיות עגל,גרמים,450.00,100 גרם,false,0,20.80,4.62,true,1,
7290000319520,false,סלמי צרפתי 100 גרם,מעדני יחיעם,IL,סלמי צרפתי,גרמים,100.00,100 גרם,false,0,19.00,19.00,true,1,
7290000319926,false,פסטרמה עוף על גחלים 300ג,מעדני יחיעם,IL,פסטרמה עוף,גרמים,300.00,100 גרם,false,0,23.60,7.87,true,1,
7290000327440,false,ג'אמפ מנגו פסיפלורה 1.5ל,טמפו,IL,ג'אמפ מנגו,ליטרים,1.50,ליטר,false,0,5.90,3.93,true,1,
7290000327532,false,פפסי קולה 1.5*6 ליטר,טמפו,IL,פפסי קולה 6 יח,ליטרים,9.00,ליטר,false,0,24.70,2.74,true,1,
7290000327624,false,מי סודה 1.5 ליטר,טמפו,IL,מי סודה,ליטרים,1.50,ליטר,false,0,3.20,2.13,true,1,
7290000327716,false,סודה אננס,,IL,סודה אננס,ליטרים,1.50,ליטר,false,0,4.00,2.67,true,1,
7290000327778,false,סודה בטעם אבטיח,,IL,סודה בטעם אבטיח,ליטרים,1.50,ליטר,false,0,4.00,2.67,true,1,
7290000334165,false,תפוגן מובחר 700 גרם,תפוגן,IL,תפוגן מובחר,גרמים,700.00,100 גרם,false,0,16.80,2.40,true,1,
7290000334400,false,שניצל מן הצומח 750 גרם,תפוגן,IL,שניצל מן הצומח 750 גרם,גרמים,750.00,100 גרם,false,0,19.70,2.63,true,1,
7290000334424,false,שניצל ירקות 750 גרם,תפוגן,IL,שניצל ירקות,גרמים,750.00,100 גרם,false,0,22.70,3.03,true,1,
7290000334431,false,שניצל תירס 750 גרם,תפוגן,IL,שניצל תירס 750 גרם,גרמים,750.00,100 גרם,false,0,19.70,2.63,true,1,
7290000334554,false,חטיפי תירס 600 גרם,תפוגן,IL,חטיפי תירס,גרמים,600.00,100 גרם,false,0,19.70,3.28,true,1,
7290000334684,false,טבעות בצל לתנור 700 גרם,תפוגן,IL,טבעות בצל לתנור,גרמים,700.00,100 גרם,false,0,16.80,2.40,true,1,
7290000334745,false,"אמריקן צ'יפס 1.5 ק""ג",תפוגן,IL,"אמריקן צ'יפס 1.5 ק""ג",קילוגרמים,1.50,"ק""ג",false,0,26.40,17.60,true,1,
7290000334981,false,"אמריקן צ'יפס 1,2,3 750גר",תפוגן,IL,אמריקן צ'יפס,גרמים,750.00,100 גרם,false,0,23.30,3.11,true,1,
7290000339191,false,רן אבקת הלבנה 350 גרם,זוהר דליה,IL,רן אבקת הלבנה,גרמים,350.00,100 גרם,false,0,18.60,5.31,true,1,
7290000339566,false,מרכך כביסה בדין ורוד 4 ל,יוניליוור,IL,מרכך כביסה בדין,ליטרים,4.00,ליטר,false,0,21.90,5.48,true,1,
7290000339597,false,חומצת מלח לאסלה/כיורים1ל,קליר כימיקלים,IL,חומצת מלח לאסל,ליטרים,1.00,ליטר,false,0,11.80,11.80,true,1,
7290000341071,false,מרכך כביסה בדין בייבי 2ל,יוניליוור,IL,מרכך כביסה בייבי,ליטרים,2.00,ליטר,false,0,17.90,8.95,true,1,
7290000342832,false,מרכך כביסה בדין צהוב 4 ל,יוניליוור,IL,מרכך כביסה בדין,ליטרים,4.00,ליטר,false,0,21.90,5.48,true,1,
7290000342856,false,מרכך כביסה בדין כחול 4 ל,יוניליוור,IL,מרכך כביסה בדין,ליטרים,4.00,ליטר,false,0,21.90,5.48,true,1,
7290000345055,false,ארל גריי תה עלים 100 גרם,ויסוצקי,IL,ארל גריי תה עלים 100 גרם,גרמים,100.00,100 גרם,false,0,14.00,14.00,true,1,
7290000345147,false,תה ארל גריי בפח 200 גרם,ויסוצקי,IL,תה ארל גריי בפח,גרמים,200.00,100 גרם,false,0,31.20,15.60,true,1,
7290000345215,false,תה ויסוצקי כחול 100שק1*ג,ויסוצקי,IL,תה ויסוצקי כחול 100שק1*ג,גרמים,100.00,100 גרם,false,0,15.90,15.90,true,1,
7290000345260,false,תה ויסוצקי 25שק1.5*גרם,ויסוצקי,IL,תה ויסוצקי 25שק1.5*גרם,גרמים,37.00,100 גרם,false,0,6.90,18.65,true,1,
7290000345277,false,תה ויסוצקי 50שק1.5* גרם,ויסוצקי,IL,תה ויסוצקי 50שק1.5* גרם,גרמים,75.00,100 גרם,false,0,12.90,17.20,true,1,
7290000345284,false,תה קלאסיק 100שק1.5*גרם,ויסוצקי,IL,תה ויסוצקי ירוק,גרמים,150.00,100 גרם,false,0,17.90,11.93,true,1,
7290000345291,false,תה ארל גריי 25שק1.5*גרם,ויסוצקי,IL,תה ארל גריי 25שק1.5*גרם,גרמים,37.00,100 גרם,false,0,15.80,42.70,true,1,
7290000345307,false,תה ארל גריי 50 שק1.5*גרם,ויסוצקי,IL,תה ארל גריי 50שק,גרמים,75.00,100 גרם,false,0,29.90,39.87,true,1,
7290000345536,false,תה נענע 25 שקX. 1.5 גרם,ויסוצקי,IL,תה נענע 25 שקX. 1.5 גרם,גרמים,37.00,100 גרם,false,0,16.50,44.59,true,1,
7290000346120,false,חליטת קסם הקינמון2.5X25ג,ויסוצקי,IL,חליטת קינמון,גרמים,62.00,100 גרם,false,0,13.90,22.42,true,1,
7290000346137,false,הילולי פירות הגן 2.5X25ג,ויסוצקי,IL,חליטת פירות,גרמים,62.00,100 גרם,false,0,13.90,22.42,true,1,
7290000346168,false,חליטת שומר 25 שק1.5X'ג,ויסוצקי,IL,חליטת שומר,גרמים,37.00,100 גרם,false,0,13.90,37.57,true,1,
7290000346199,false,תה פירות יער 25שק2.7Xג,ויסוצקי,IL,חליטת פירות היער,גרמים,67.00,100 גרם,false,0,13.90,20.75,true,1,
7290000346205,false,חל.קמומיל-גן קסום1.5ג25X,ויסוצקי,IL,חליטת קמומיל,גרמים,37.00,100 גרם,false,0,13.90,37.57,true,1,
7290000346229,false,חליטת ורד הבר והיביס4X25,ויסוצקי,IL,חליטת ורד הבר,גרמים,75.00,100 גרם,false,0,13.90,18.53,true,1,
7290000346236,false,תה לואיזה גן קסום25י2Xגר,ויסוצקי,IL,תה לואיזה וורבנה,גרמים,50.00,100 גרם,false,0,13.90,27.80,true,1,
7290000347738,false,תה ירוק עם נענע 25ש1.5Xג,ויסוצקי,IL,תה ירוק נענע,גרמים,37.00,100 גרם,false,0,21.90,59.19,true,1,
7290000347752,false,תה ירוק+לימונ.ולואיזה25ש,ויסוצקי,IL,תה ירוק לימונית,גרמים,37.00,100 גרם,false,0,21.90,59.19,true,1,
7290000355382,false,עגב.מרוסקות עם בזיל800.ג,מילוז,IL,עגב.מרוסקות עם בזיל800.ג,גרמים,800.00,100 גרם,false,0,7.30,0.91,true,1,
7290000355412,false,עגבנ.מרוסקות עם שום 800ג,מילוז,IL,עגבנ.מרוסקות עם שום 800ג,גרמים,800.00,100 גרם,false,0,7.30,0.91,true,1,
7290000355511,false,רכז עגבניות 28% 580 גרם,מילוז,IL,רכז עגבניות 28%,גרמים,580.00,100 גרם,false,0,6.50,1.12,true,1,
7290000355757,false,עגבנ.מרוסקות טל וטרי800ג,מילוז,IL,עגבניות מרוסקות,גרמים,800.00,100 גרם,false,0,7.60,0.95,true,1,
7290000356631,false,עגבנ.מרוסק.טל וטרי300X2ג,מילוז,IL,עגבנ.מרוסקות 2יח,גרמים,600.00,100 גרם,false,0,9.60,1.60,true,1,
7290000356648,false,עגבנ.מרוסק.עם שום300X2ג,מילוז,IL,עגבנ.מרוסקות 2יח,גרמים,600.00,100 גרם,false,0,9.60,1.60,true,1,
7290000356730,false,רסק עגבניות 330X2 גרם,מילוז,IL,רסק עגבניות,גרמים,660.00,100 גרם,false,0,10.30,1.56,true,1,
7290000357386,false,פילה מרלוזה קפוא מחיר לפ,דלידג - נטו,AR,פילה מרלוזה,קילוגרמים,0.00,"ק""ג",true,0,29.90,29.90,true,1,
7290000359472,false,נקטר אפרסק פרימור 1 ליטר,גניר,IL,נקטר אפרסק,ליטרים,1.00,ליטר,false,0,5.20,5.20,true,1,
7290000364261,false,סלסולי כתף בקר 120 גרם,טירת צבי,IL,דקניקים כתף בקר,גרמים,120.00,100 גרם,false,0,15.30,12.75,true,1,
7290000364285,false,סלסולי פסטרמה הודו 120גר,טירת צבי,IL,דקניקים פסטרמה,גרמים,120.00,100 גרם,false,0,15.30,12.75,true,1,
7290000364292,false,סלסולי פסטרמה גחלים 120ג,טירת צבי,IL,דקמיקים פסטרמה,גרמים,120.00,100 גרם,false,0,15.30,12.75,true,1,
7290000364759,false,נקניקיות קרנץ וינר 500גר,טירת צבי,IL,נקניקיות וינר,גרמים,500.00,100 גרם,false,0,14.20,2.84,true,1,
7290000364773,false,נקניקיות עוף תפזורת משקל,טירת צבי,IL,נקניקיות עוף,קילוגרמים,0.00,"ק""ג",true,0,23.70,23.70,true,1,
7290000364803,false,נקנ. אמריקאיות/קרנץ 500ג,טירת צבי,IL,נקניקיות בקר,גרמים,500.00,100 גרם,false,0,26.90,5.38,true,1,
7290000364858,false,"נקניקיות עוף בואקום 1ק""ג",טירת צבי,IL,נקניקיות עוף,קילוגרמים,1.00,"ק""ג",false,0,29.90,29.90,true,1,
7290000364872,false,נקניקיות עוף 400 גרם,טירת צבי,IL,נקניקיות עוף,גרמים,400.00,100 גרם,false,0,14.10,3.53,true,1,
7290000367590,false,פסטרמה כפרית+סלמי 400*2ג,טירת צבי,IL,צמד כפרי נקניקים,גרמים,800.00,100 גרם,false,0,34.90,4.36,true,1,
7290000379142,false,לחם עינן פרוס וארוז 750ג,מאפיית שלמה א. אנג'ל,IL,לחם עינן פרוס וארוז 750ג,גרמים,750.00,100 גרם,false,0,14.90,1.99,true,1,
7290000379203,false,לחם עינן קל 500 גרם,מאפיית שלמה א. אנג'ל,IL,לחם עינן קל 500 גרם,גרמים,500.00,100 גרם,false,0,14.80,2.96,true,1,
7290000408316,false,יוגורט ביו 3% דנונה 200ג,שטראוס,IL,יוגורט ביו 3%,גרמים,200.00,100 גרם,false,0,3.60,1.80,true,1,
7290000408354,false,דנונה בר פצפוצים 173 גרם,שטראוס,IL,דנונה בר פצפוצים,גרמים,173.00,100 גרם,false,0,4.50,2.60,true,1,
7290000412139,false,ריצפז אורנים 3 ליטר,סנו,IL,ריצפז אורנים,ליטרים,3.00,ליטר,false,0,14.80,4.93,true,1,
7290000412481,false,"מנקה אסלות ""00"" 1 ליטר",סנו,IL,"מנקה אסלות 00""",ליטרים,1.00,ליטר,false,0,5.90,5.90,true,1,
7290000416021,false,ממרח בטעם שוקולד 500גר,השחר,IL,ממרח השחר,גרמים,500.00,100 גרם,false,0,11.90,2.38,true,1,
7290000416045,false,ממרח מובחר מריחה השחר1קג,השחר,IL,ממרח מובחר מריחה השחר1קג,קילוגרמים,1.00,"ק""ג",false,0,22.70,22.70,true,1,
7290000416076,false,צימקאו שוקולד לבישול400ג,השחר,IL,צימקאו שוקולד לבישול400ג,גרמים,400.00,100 גרם,false,0,11.90,2.98,true,1,
7290000416168,false,קרם למריחה בשפופרת330ג,השחר,IL,קרם למריחה,גרמים,330.00,100 גרם,false,0,9.90,3.00,true,1,
7290000416618,false,"ממרח טעם שוקולד בד""ץ400ג",השחר,IL,ממרח בטעם שוקולד,גרמים,400.00,100 גרם,false,0,10.90,2.73,true,1,
7290000416632,false,ממרח טעם שוקולד פרווה1קג,השחר,IL,ממרח שוקולד השחר,קילוגרמים,1.00,"ק""ג",false,0,22.90,22.90,true,1,
7290000416854,false,קקאו 150 גרם,השחר,IL,קקאו השחר העולה,גרמים,150.00,100 גרם,false,0,9.90,6.60,true,1,
7290000418155,false,טופ פד ס.פלוס 16 תחבושות,מוצרי נייר עמיר,IL,תחבושות טופ פד,יחידה,1.00,יחידה,false,0,6.70,6.70,true,1,
7290000419114,false,קפה טחון טורקי לנדור200ג,קפה לנדוור,IL,קפה שחור לנדוור,גרמים,200.00,100 גרם,false,0,15.80,7.90,true,1,
7290000419893,false,קפה לנדור לבוקר טחון100ג,קפה לנדוור,IL,קפה לנדור לבוקר טחון100ג,גרמים,100.00,100 גרם,false,0,7.90,7.90,true,1,
7290000419909,false,קפה לנדוור אספרסו טחו100,קפה לנדוור,IL,קפה בטעם אספרסו,גרמים,100.00,100 גרם,false,0,7.90,7.90,true,1,
7290000420325,false,גרע.תירס טבעי-מיקרו100*5,פרסטון פארמס,US,גרע.תירס טבעי-מיקרו100*5,גרמים,500.00,100 גרם,false,0,15.50,3.10,true,1,
7290000420417,false,גלילונית עם שרוך 65*52סמ,אשפלסט,IL,גלילונית שרוך,יחידה,1.00,יחידה,false,0,17.90,17.90,true,1,
7290000432144,false,נרות שבת אקספורט,,IL,נרות שבת אקספורט,יחידה,1.00,יחידה,false,0,26.20,26.20,true,1,
7290000432182,false,נר נשמה בכוס,,IL,נר נשמה בכוס,יחידה,1.00,יחידה,false,0,4.00,4.00,true,1,
7290000432205,false,נר נשמה בכוס,,IL,נר נשמה בכוס,יחידה,1.00,יחידה,false,0,5.60,5.60,true,1,
7290000432335,false,נר נשמה בכוס,,IL,נר נשמה בכוס,יחידה,1.00,יחידה,false,0,6.90,6.90,true,1,
7290000432632,false,נרות שבת,,IL,נרות שבת,יחידה,1.00,יחידה,false,0,4.10,4.10,true,1,
7290000432649,false,נרות שבת,,IL,נרות שבת,יחידה,1.00,יחידה,false,0,4.10,4.10,true,1,
7290000432656,false,נרות שבת,,IL,נרות שבת,יחידה,1.00,יחידה,false,0,4.10,4.10,true,1,
7290000432663,false,נרות שבת,,IL,נרות שבת,יחידה,1.00,יחידה,false,0,4.10,4.10,true,1,
7290000432687,false,נרות שבת,,IL,נרות שבת,יחידה,1.00,יחידה,false,0,4.10,4.10,true,1,
7290000432694,false,נרות שבת,,IL,נרות שבת,יחידה,1.00,יחידה,false,0,4.10,4.10,true,1,
7290000432922,false,נריות,,IL,נריות,יחידה,1.00,יחידה,false,0,21.10,21.10,true,1,
7290000433684,false,פפסי קולה 1.5 ליטר,טמפו,IL,פפסי קולה,ליטרים,1.50,ליטר,false,0,5.30,3.53,true,1,
7290000433714,false,סבן אפ 1.5 ליטר,טמפו,IL,סבן אפ,ליטרים,1.50,ליטר,false,0,5.90,3.93,true,1,
7290000433745,false,מירינדה 1.5 ליטר,טמפו,IL,מירינדה תפוזים,ליטרים,1.50,ליטר,false,0,5.90,3.93,true,1,
7290000433974,false,פפסי מקס 1.5 ליטר,טמפו,IL,פפסי מקס,ליטרים,1.50,ליטר,false,0,5.90,3.93,true,1,
7290000442310,false,"בייבי סקין משחה 100 מ""ל",כצט,IL,בייבי-סקין משחה,מיליליטרים,100.00,"100 מ""ל",false,0,11.90,11.90,true,1,
7290000442587,false,גינקו קרם רב שימושי 220מ,כצט,IL,קרם רב שימושי,מיליליטרים,250.00,"100 מ""ל",false,0,20.60,8.24,true,1,
7290000446462,false,קליפות הדר מסוכר 200גרם,קטיף,IL,קליפות הדר מסוכר,גרמים,200.00,100 גרם,false,0,12.80,6.40,true,1,
7290000446608,false,תפוז סיני מסוכר 200גרם,קטיף,IL,תפוז סיני מסוכר,גרמים,200.00,100 גרם,false,0,12.80,6.40,true,1,
7290000446615,false,אתרוג מסוכר 150גרם,קטיף,IL,150 אתרוג מסוכר,גרמים,150.00,100 גרם,false,0,12.80,8.53,true,1,
7290000453019,false,שמרית-שמרים לחים 50 גרם,פאקא,IL,שמרית-שמרים טרי,גרמים,50.00,100 גרם,false,0,4.20,8.40,true,1,
7290000453125,false,שמרית+משפר אפיה ביתית100,פאקא,IL,שמרית+ משפר אפיה,גרמים,100.00,100 גרם,false,0,7.40,7.40,true,1,
7290000461625,false,בייגלה שמיניות מלוח400גר,יוניליוור,IL,בייגלה שמיניות,גרמים,400.00,100 גרם,false,0,7.90,1.98,true,1,
7290000461656,false,בייגל אחד אחד 400 גרם,יוניליוור,IL,בייגלה מקלות,גרמים,400.00,100 גרם,false,0,7.90,1.98,true,1,
7290000461700,false,בייגלה שמינ.גדול.מלוח400,יוניליוור,IL,בייגלה גדול,גרמים,400.00,100 גרם,false,0,13.80,3.45,true,1,
7290000461724,false,בייגלה שמינ.גדול+שומש400,יוניליוור,IL,בייגלה שמיניות,גרמים,400.00,100 גרם,false,0,15.10,3.78,true,1,
7290000461793,false,בייגל ארוך ארוך 150 גרם,יוניליוור,IL,בייגל ארוך ארוך,גרמים,150.00,100 גרם,false,0,5.90,3.93,true,1,
7290000461861,false,דג דג חטיף מלוח 400 גרם,גוצ'מולר,IL,דג דג חטיף מלוח,גרמים,400.00,100 גרם,false,0,12.90,3.23,true,1,
7290000462103,false,סחוג זהבי אדום 150 גרם,זהבי הכרם,IL,סחוג זהבי אדום,גרמים,150.00,100 גרם,false,0,7.40,4.93,true,1,
7290000462172,false,סחוג זהבי ירוק 150 גרם,זהבי הכרם,IL,סחוג זהבי ירוק,גרמים,150.00,100 גרם,false,0,7.40,4.93,true,1,
7290000465494,false,זית סורי מבוקע 560 גרם,בית השיטה,IL,זית סורי מבוקע,גרמים,560.00,100 גרם,false,0,11.10,1.98,true,1,
7290000466163,false,מלפ.גולן מלח 7-9 560 גרם,בית השיטה,IL,מלפפונים במלח,גרמים,560.00,100 גרם,false,0,5.90,1.05,true,1,
7290000466170,false,מלפ.גלעד 12-10מלח 560גרם,בית השיטה,IL,מלפפונים במלח,גרמים,560.00,100 גרם,false,0,6.50,1.16,true,1,
7290000466187,false,מלפפונים במלח 13-17 560ג,בית השיטה,IL,מלפפונים במלח,גרמים,560.00,100 גרם,false,0,9.20,1.64,true,1,
7290000466194,false,מלפפונ.במלח18-25 560 גרם,בית השיטה,IL,מלפפונים במלח,גרמים,560.00,100 גרם,false,0,11.50,2.05,true,1,
7290000467153,false,מלך החומוס סמיר הגדול400,צבר,IL,חומוס סמיר הגדול,גרמים,400.00,100 גרם,false,0,12.30,3.08,true,1,
7290000467177,false,מלפפון 12-10 בחומץ 560גר,בית השיטה,IL,מלפפונים בחומץ,גרמים,560.00,100 גרם,false,0,6.50,1.16,true,1,
7290000467184,false,מלפפון חומץ קטן13-17 560,בית השיטה,IL,מלפפונים בחומץ,גרמים,560.00,100 גרם,false,0,9.20,1.64,true,1,
7290000467320,false,מלך חומוס אבו מרוואן400ג,צבר,IL,מלך החומוס צבר,גרמים,400.00,100 גרם,false,0,12.30,3.08,true,1,
7290000474021,false,חלב מפוסטר שקית 3% 1 ל',טרה,IL,חלב טרה שקית 3%3,ליטרים,1.00,ליטר,false,0,4.80,4.80,true,1,
7290000474373,false,"שמנת חמוצה15% 200 מ""ל",טרה,IL,שמנת חמוצה15%,מיליליטרים,200.00,"100 מ""ל",false,0,2.28,1.14,true,1,
7290000474410,false,חמאה 100 גרם,טרה,IL,חמאה טרה,גרמים,100.00,100 גרם,false,0,3.92,3.92,true,1,
7290000474502,false,גבינה לבנה 5% טרה 250 גר,טרה,IL,גבינה לבנה 5%,גרמים,250.00,100 גרם,false,0,4.80,1.92,true,1,
7290000474540,false,גבי. טוב טעם 3% 250גרם,טרה,IL,גבינת טוב טעם3%,גרמים,250.00,100 גרם,false,0,10.80,4.32,true,1,
7290000480107,false,קואקר ש.שועל פח 500גרם,קואקר אוטס,GB,קואקר שיבולת,גרמים,500.00,100 גרם,false,0,13.40,2.68,true,1,
7290000480329,false,הרמזית 800 טבליות,הרמס סוויטנרס,CH,ממתיק הרמזית,גרמים,9.00,100 גרם,false,0,24.70,274.44,true,1,
7290000480442,false,קואקר באריזת אלומינ500גר,קואקר אוטס,GB,קואקר,גרמים,500.00,100 גרם,false,0,12.80,2.56,true,1,
7290000482071,false,קוקי שקיות אפיה 20 יחי,ש.שסטוביץ,IL,קוקי שקיות אפיה,יחידה,1.00,יחידה,false,0,21.60,21.60,true,1,
7290000484501,false,"אלוף הארק 750 מ""ל",יקב הגליל יוסף גולד ובניו,IL,אלוף הארק,מיליליטרים,750.00,"100 מ""ל",false,0,89.10,11.88,true,1,
7290000484525,false,"עלית הארק 750 מ""ל",יקב הגליל יוסף גולד ובניו,IL,עלית הארק,מיליליטרים,750.00,"100 מ""ל",false,0,64.20,8.56,true,1,
7290000493176,false,רוטב צלי לבשר בשקית22ג,אסם,IL,רוטב צלי לבשר,גרמים,22.00,100 גרם,false,0,3.60,16.36,true,1,
7290000493183,false,רוטב פטריות לבשר-אבקה30ג,אסם,IL,רוטב פטריות,גרמים,30.00,100 גרם,false,0,4.00,13.33,true,1,
7290000493787,false,עוגיות תפוז פיטנס 25*6גר,אסם,IL,עוגיות פיטנס 6יח,גרמים,150.00,100 גרם,false,0,13.80,9.20,true,1,
7290000497044,false,לחם ברמן אקטיב 750 גרם,מאפית ברמן,IL,לחם ברמן אקטיב 750 גרם,גרמים,750.00,100 גרם,false,0,9.90,1.32,true,1,
7290000497204,false,פיתות בשקית 100 גרם X 5,מאפית ברמן,IL,פיתות בשקית 100 גרם X 5,גרמים,500.00,100 גרם,false,0,7.80,1.56,true,1,
7290000497228,false,6 לחמניות רגילות בשקית,מאפית ברמן,IL,6 לחמניות רגילות בשקית,גרמים,450.00,100 גרם,false,0,7.90,1.76,true,1,
7290000497303,false,6 לחמניות מקמח מלא בשקית,מאפית ברמן,IL,6 לחמניות מקמח מלא בשקית,גרמים,450.00,100 גרם,false,0,7.90,1.76,true,1,
7290000497426,false,לחם ברמן קל לענין 500גרם,מאפית ברמן,IL,לחם ברמן קל לענין 500גרם,גרמים,500.00,100 גרם,false,0,13.80,2.76,true,1,
7290000497457,false,לחם דגנים 750 גרם,מאפית ברמן,IL,לחם דגנים 750 גרם,גרמים,750.00,100 גרם,false,0,13.80,1.84,true,1,
7290000497532,false,לחם ברמן לענין 750 גרם,מאפית ברמן,IL,לחם ברמן לענין 750 גרם,גרמים,750.00,100 גרם,false,0,14.30,1.91,true,1,
7290000497570,false,לחם דגני קלות פרוס 500גר,מאפית ברמן,IL,לחם דגני קלות פרוס 500גר,גרמים,500.00,100 גרם,false,0,13.80,2.76,true,1,
7290000504049,false,סוכרזית 1200 טבליות,"ביסקול בע""מ",IL,סוכרזית טבליות,גרמים,98.00,100 גרם,false,0,20.90,21.33,true,1,
7290000504209,false,"נוזל של סוכרזית 220 מ""ל","ביסקול בע""מ",IL,נוזל של סוכרזית,מיליליטרים,220.00,"100 מ""ל",false,0,16.90,7.68,true,1,
7290000504278,false,סוכרזית פטנט 700 טבליות,"ביסקול בע""מ",IL,סוכרזית טבליות,גרמים,57.00,100 גרם,false,0,16.90,29.65,true,1,
7290000518169,false,מתוק וקל 1000 טבליות,מתוק וקל,IL,מתוק וקל,גרמים,80.00,100 גרם,false,0,8.80,11.00,true,1,
7290000518176,false,מתוק וקל ענק 250 שקיות,למפדוס,IL,מתוק וקל ענק 250 שקיות,גרמים,250.00,100 גרם,false,0,17.90,7.16,true,1,
7290000518251,false,מתוק וקל זהב 100 שקיות,למפדוס,IL,מתוק וקל זהב 100 שקיות,יחידה,1.00,יחידה,false,0,11.80,11.80,true,1,
7290000521008,false,יין אדום יבש של סגל750מל,יינות סגל,IL,יין סגל אדום,מיליליטרים,750.00,"100 מ""ל",false,0,19.90,2.65,true,1,
7290000521015,false,"יין לבן יבש של סגל750מ""ל",יינות סגל,IL,יין לבן של סגל,מיליליטרים,750.00,"100 מ""ל",false,0,19.90,2.65,true,1,
7290000521367,false,"זני של סגל מרלו 750 מ""ל",יינות סגל,IL,יין מרלו של סגל,מיליליטרים,750.00,"100 מ""ל",false,0,24.70,3.29,true,1,
7290000522241,false,רוטב פטריות שמנת15% 450מ,מחלבות רמת הגולן,IL,רוטב פטריות שמנת,מיליליטרים,450.00,"100 מ""ל",false,1,17.70,3.93,true,1,
7290000523118,false,"מלח ים יבש 1 ק""ג",תעשיות מלח לישראל,IL,"מלח ים יבש 1 ק""ג",קילוגרמים,1.00,"ק""ג",false,0,6.70,6.70,true,1,
7290000523125,false,מלח ים יבש 250 גרם,תעשיות מלח לישראל,IL,מלח ים יבש,גרמים,250.00,100 גרם,false,0,5.90,2.36,true,1,
7290000523224,false,מלח ים יבש 500 גרם,תעשיות מלח לישראל,IL,מלח ים שולחני,גרמים,500.00,100 גרם,false,0,7.30,1.46,true,1,
7290000523804,false,"מלח הארץ עדין צנצנת 1ק""ג",תעשיות מלח לישראל,,"מלח הארץ עדין צנצנת 1ק""ג",קילוגרמים,1.00,"ק""ג",false,0,6.80,6.80,true,1,
7290000523811,false,"מלח הארץ גס צנצנת 1 ק""ג",תעשיות מלח לישראל,IL,"מלח הארץ גס צנצנת 1 ק""ג",קילוגרמים,1.00,"ק""ג",false,0,6.80,6.80,true,1,
7290000525938,false,נקטר תפוזים פרימור 1 ל',גניר,IL,נקטר תפוזים,ליטרים,1.00,ליטר,false,0,5.20,5.20,true,1,
7290000525952,false,"נקטר תפו""ע פרימור 1 ליטר",גניר,IL,"נקטר תפו""ע",ליטרים,1.00,ליטר,false,0,5.20,5.20,true,1,
7290000525969,false,מיץ תפוזים סחוט 1 ליטר,גניר,IL,מיץ תפוזים סחוט 1 ליטר,ליטרים,1.00,ליטר,false,0,10.00,10.00,true,1,
7290000530086,false,נקניק מעושן7000- 600 גרם,זוגלובק,IL,נקניק מעושן,גרמים,600.00,100 גרם,false,0,34.00,5.67,true,1,
7290000530109,false,קבנוס בואקום 180X2 גרם,זוגלובק,IL,זוג קבנוס בואקום,גרמים,360.00,100 גרם,false,0,27.10,7.53,true,1,
7290000530413,false,המבורגר זהב 400 גרם,זוגלובק,IL,המבורגר זהב,גרמים,400.00,100 גרם,false,0,19.70,4.93,true,1,
7290000530468,false,"נקניקיות וינר 1 ק""ג",זוגלובק,IL,נקניקיות וינר,קילוגרמים,1.00,"ק""ג",false,0,32.00,32.00,true,1,
7290000530703,false,פסטרמה חרמון+תה 400+400ג,זוגלובק,IL,מארז חרמון+תה,גרמים,800.00,100 גרם,false,0,32.40,4.05,true,1,
7290000531601,false,סטייק בורגר 400גר',זוגלובק,IL,סטייק בורגר 00,גרמים,400.00,100 גרם,false,0,20.70,5.18,true,1,
7290000531977,false,בורקס גבינה 800 גרם,זוגלובק,IL,בורקס גבינה,גרמים,800.00,100 גרם,false,0,17.70,2.21,true,1,
7290000533353,false,"בצק עלים 1 ק""ג",זוגלובק,IL,בצק עלים,גרמים,1000.00,100 גרם,false,0,13.80,1.38,true,1,
7290000536316,false,שניצל מן הצומח 1 קג,זוגלובק,IL,שניצל מן הצומח,גרמים,1000.00,100 גרם,false,0,28.50,2.85,true,1,
7290000536743,false,מקלוני תירס 500גרם,זוגלובק,IL,מקלוני תירס,גרמים,500.00,100 גרם,false,0,18.70,3.74,true,1,
7290000536750,false,מקלוני גזר ובטטה 500גרם,זוגלובק,IL,מקלוני גזר ובטטה,גרמים,500.00,100 גרם,false,0,18.70,3.74,true,1,
7290000537603,false,"נקניקיות עוף טריות 1 ק""ג",זוגלובק,IL,נקניקיות עוף,קילוגרמים,1.00,"ק""ג",false,0,29.20,29.20,true,1,
7290000540160,false,עוג.ללא סוכ.חיטה מלאה500,האחים,IL,עוגיות ללא סוכר,גרמים,500.00,100 גרם,false,0,20.50,4.10,true,1,
7290000540764,false,עוגיות בטעם וניל בדלי600,האחים יצרני חטיפים,IL,עוגיות בדלי,גרמים,250.00,100 גרם,false,1,13.80,5.52,true,1,
7290000540771,false,עוגיות שיבולת שועל 600גר,האחים יצרני חטיפים,IL,עוגיות שבולת,גרמים,600.00,100 גרם,false,1,13.80,2.30,true,1,
7290000540924,false,עוג.שוקו צ'יפס בדלי600גר,האחים יצרני חטיפים,IL,עוגיות בדלי,גרמים,600.00,100 גרם,false,1,13.80,2.30,true,1,
7290000551074,false,פילה מדומה מס6' מוכשר קפ,שונות,XX,פ.מדומה מוכשר,גרמים,0.00,"ק""ג",true,0,49.50,49.50,true,1,
7290000551098,false,בשר זרוע מס8' מוכשר קג,שונות,XX,בשר זרוע מוכשר,קילוגרמים,0.00,"ק""ג",true,0,44.90,44.90,true,1,
7290000552194,false,קישקע 500 גרם,טיבון ויל - נטו,IL,קישקע,גרמים,500.00,100 גרם,false,0,14.80,2.96,true,1,
7290000552569,false,סטייק בורגר 400 גרם,טיבון ויל - נטו,IL,סטייק בורגר,גרמים,400.00,100 גרם,false,0,20.70,5.18,true,1,
7290000552927,false,טחון עוף 500 גרם,טיבון ויל - נטו,IL,טחון עוף,גרמים,500.00,100 גרם,false,0,14.80,2.96,true,1,
7290000552934,false,טחון הודו 500 גרם,טיבון ויל - נטו,IL,טחון הודו 500גרם,גרמים,500.00,100 גרם,false,0,14.40,2.88,true,1,
7290000554402,false,מלבי 160 גרם,מחלבות גד,IL,מלבי,גרמים,160.00,100 גרם,false,0,5.20,3.25,true,1,
7290000554457,false,גבינה צפתית5% שומן 350ג,מחלבות גד,IL,גבינה צפתית5%,גרמים,350.00,100 גרם,false,0,16.90,4.83,true,1,
7290000554471,false,גבינת מוצרלה 22% 180 גרם,מחלבות גד,IL,גבינת מוצרלה 22%,גרמים,180.00,100 גרם,false,0,14.90,8.28,true,1,
7290000554532,false,גב.צפתית מעודנת5% 200גרם,מחלבות גד,IL,צפתית מעודנת 5%,גרמים,200.00,100 גרם,false,0,14.40,7.20,true,1,
7290000554624,false,ירח מתוק מעד.חלב+אורז150,מחלבות גד,IL,מעדן חלב ואורז,גרמים,150.00,100 גרם,false,0,5.40,3.60,true,1,
7290000554686,false,לבנה בשמן זית+זעתר5% 250,מחלבות גד,IL,לאבנה בשמן זית5%,גרמים,250.00,100 גרם,false,0,10.00,4.00,true,1,
7290000554822,false,ריקוטה גד 5% שומן 250 גר,מחלבות גד,IL,גבינת ריקוטה 5%,גרמים,250.00,100 גרם,false,0,13.80,5.52,true,1,
7290000554839,false,גבינה מסקרפונה 40% 250 ג,מחלבות גד,IL,גבינה מסקרפונה,גרמים,250.00,100 גרם,false,0,19.80,7.92,true,1,
7290000560540,false,אדג' פרו ג'ל רגיש 200 מל,אנרג'ייזר,US,אדג' ג'ל לגילוח,מיליליטרים,200.00,"100 מ""ל",false,0,17.90,8.95,true,1,
7290000572628,false,"ח.חלווה לייט ללת""ס25*11ג","אחדות בע""מ א.ת. ברקן",IL,חטיף חלווה לייט,גרמים,275.00,100 גרם,false,0,12.90,4.69,true,1,
7290000604022,false,ביצים ארוזות L 12 יחידות,תנובה,,ביצים L 12 יח',יחידה,1.00,יחידה,false,0,12.00,12.00,true,1,
7290000606873,false,"תמרים לחים בד""ץ 500גרם",הדיקלאים,IL,תמרים לחים500ג,גרמים,500.00,100 גרם,false,0,9.90,1.98,true,1,
7290000630076,false,עוף קפוא מס' 2 עטרה מחיר,עטרה,IL,עוף קפוא מס' 2 עטרה מחיר,קילוגרמים,0.00,"ק""ג",true,0,24.70,24.70,true,1,
7290000631035,false,כבד עוף קפוא עטרה מחיר ל,שונות,IL,כבד עוף קפוא עטרה מחיר ל,קילוגרמים,0.00,"ק""ג",true,0,35.60,35.60,true,1,
7290000631271,false,לבבות עוף קפוא עטרה מחיר,שונות,IL,לבבות עוף קפוא עטרה מחיר,קילוגרמים,0.00,"ק""ג",true,0,37.60,37.60,true,1,
7290000631295,false,לבבות עוף טרי ב.יוסף,שונות,IL,לבבות עוף טרי,קילוגרמים,0.00,"ק""ג",true,0,38.60,38.60,true,1,
7290000632209,false,חזה עוף קפוא עטרה מחיר ל,שונות,IL,חזה עוף קפוא,קילוגרמים,0.00,"ק""ג",true,0,34.60,34.60,true,1,
7290000632391,false,כרעיים עוף קפוא עטרה מחי,שונות,IL,כרעיים עוף קפוא עטרה מחי,קילוגרמים,0.00,"ק""ג",true,0,33.60,33.60,true,1,
7290000632599,false,ירכיים פטם קפוא עטרה מחי,שונות,IL,ירכיים פטם קפוא עטרה מחי,קילוגרמים,0.00,"ק""ג",true,0,33.60,33.60,true,1,
7290000632698,false,שוקיים עוף קפוא עטרה מחי,שונות,IL,שוקיים עוף קפוא עטרה מחי,קילוגרמים,0.00,"ק""ג",true,0,36.60,36.60,true,1,
7290000633800,false,כנפיים עוף קפוא עטרה מחי,עטרה,IL,כנפיים עוף קפוא עטרה מחי,קילוגרמים,0.00,"ק""ג",true,0,17.70,17.70,true,1,
7290000644783,false,מנות פילה סלמון קפוא קג,תנובה,IL,פילה סלמון מנות,קילוגרמים,0.00,"ק""ג",true,0,74.00,74.00,true,1,
7290000653570,false,שניצל דק טרי ארוז דיל,תנובה,IL,שניצל דק טרי,קילוגרמים,0.00,"ק""ג",true,1,39.90,39.90,true,1,
7290000659312,false,פילה סלמון ממותג קפוא קג,תנובה,IL,פילה סלמון ממותג קפוא קג,קילוגרמים,0.00,"ק""ג",true,0,68.30,68.30,true,1,
7290000679440,false,משחה לתינוק קמיל בלו100ג,פישר מעבדות פרמצבטיות,IL,משחה לתינוק,גרמים,100.00,100 גרם,false,0,12.90,12.90,true,1,
7290000688374,false,"מי עדן בייבי 250*6 מ""ל",מי עדן,IL,מי עדן בייבי 6יח,ליטרים,1.50,ליטר,false,0,15.00,10.00,true,1,
7290000688381,false,"מי עדן אישי 500*6 מ""ל",מי עדן,IL,מי עדן מארז,ליטרים,3.00,ליטר,false,0,11.90,3.97,true,1,
7290000688503,false,מי עדן ספורטאים 750*6 מל,מי עדן,IL,מי עדן ספורטאים,ליטרים,4.50,ליטר,false,0,14.90,3.31,true,1,
7290000688732,false,מי עדן 6 * 1.5 ליטר,מי עדן,IL,מי עדן 6 יח,ליטרים,9.00,ליטר,false,0,11.00,1.22,true,1,
7290000692135,false,דאו.ספיד סטיק לגבר 51 גר,קולגייט-פלמוליב,US,דאודורנט סטיק,גרמים,51.00,100 גרם,false,0,19.70,38.63,true,1,
7290000692210,false,אג'קס נוזל כללי לבנדר 2ל,קולגייט-פלמוליב,GR,אג'קס ניקוי כללי,ליטרים,2.00,ליטר,false,0,19.90,9.95,true,1,
7290000692227,false,פלמוליב לשטיפת כלים 1 ל',קולגייט-פלמוליב,GR,פלמוליב לכלים,ליטרים,1.00,ליטר,false,0,12.70,12.70,true,1,
7290000692302,false,אג'קס נוז.נ.כללי כחול 2ל,קולגייט-פלמוליב,GR,אג'קס ניקוי כללי,ליטרים,2.00,ליטר,false,0,19.90,9.95,true,1,
7290000692456,false,אג'קס חלונות750*2מל,קולגייט-פלמוליב,GR,אג'קס לחלונות,ליטרים,1.50,ליטר,false,0,22.70,15.13,true,1,
7290000802909,false,עדינול משחה לתינוק 100גר,אמיליה קוסמטיקס,IL,עדינול לתינוק,גרמים,100.00,100 גרם,false,0,13.40,13.40,true,1,
7290000803067,false,"משחת אלמקס ילדים 75 מ""ל",קולגייט-פלמוליב,DE,משחת שיניים,מיליליטרים,75.00,"100 מ""ל",false,0,10.00,13.33,true,1,
7290000803180,false,שטיפה דנטלית מרידול 400מ,גאבה,CH,שטיפה מרידול,מיליליטרים,400.00,"100 מ""ל",false,0,19.90,4.98,true,1,
7290000910406,true,"פילה עוף טרי ת עצמי ק""ג",שונות,IL,פילה עוף טרי,קילוגרמים,0.00,"ק""ג",true,0,32.90,32.90,true,1,
7290000919218,true,טחון בקר עטרה )עצמי(,שונות,IL,טחון בקר עטרה,קילוגרמים,0.00,"ק""ג",true,0,49.50,49.50,true,1,
7290000922591,true,עוף שלם טרי תפזורת עצמי,שונות,IL,עוף שלם טרי,קילוגרמים,0.00,"ק""ג",true,0,18.90,18.90,true,1,
7290000926360,true,גרון/גב עוף טרי עטרה(עצמ,שונות,IL,גרון/גב עוף טרי עטרה(עצמ,קילוגרמים,0.00,"ק""ג",true,0,6.80,6.80,true,1,
7290000928241,true,סלמון פרוס לא מעובד שופר,שונות,IL,סלמון פרוס,קילוגרמים,0.00,"ק""ג",true,0,59.90,59.90,true,1,
7290000928265,true,פילה סלמון קפוא שופרסל,נטו,IL,פילהה סלמון קפוא,קילוגרמים,0.00,"ק""ג",true,0,59.90,59.90,true,1,
7290000928388,true,צלי כתף טרי)עצמי( מחיר ל,שונות,IL,צלי כתף טרי)עצמי( מחיר ל,קילוגרמים,0.00,"ק""ג",true,0,99.90,99.90,true,1,
7290000928401,true,כתף בשר טרי)עצמי( מחיר ל,שונות,IL,בשר כתף טרי,קילוגרמים,0.00,"ק""ג",true,0,94.90,94.90,true,1,
7290000928470,true,שריר טרי )עצמי( מחיר לפי,שונות,IL,שריר טרי )עצמי( מחיר לפי,קילוגרמים,0.00,"ק""ג",true,0,84.20,84.20,true,1,
7290000928586,true,וייס ברטן טרי )עצמי( מחי,שונות,IL,וייס ברטן טרי )עצמי( מחי,קילוגרמים,0.00,"ק""ג",true,0,118.90,118.90,true,1,
7290000928630,true,כבד בקר לצלייה במשקל,שונות,IL,כבד בקר לצלייה,קילוגרמים,0.00,"ק""ג",true,0,37.60,37.60,true,1,
7290000929415,true,חזה הודו נ.טרי ת עצמי לק,שופרסל,IL,חזה הודו טרי,קילוגרמים,0.00,"ק""ג",true,0,29.90,29.90,true,1,
7290000929422,true,שוארמה הודו נ.טרי תפזורת,שונות,IL,שוארמה הודו טרי,קילוגרמים,0.00,"ק""ג",true,0,54.90,54.90,true,1,
7290000929439,true,נתחי הודו טרי ת עצמי לקג,שונות,IL,נתחי הודו טרי,קילוגרמים,0.00,"ק""ג",true,0,27.90,27.90,true,1,
7290000929453,true,שוק הודו נ.טרי ת.עצמי לק,שונות,IL,שוק הודו טרי,קילוגרמים,0.00,"ק""ג",true,0,28.90,28.90,true,1,
7290000929484,true,כנף הודו נ.טרי ת.עצמי קג,שונות,IL,כנף הודו טרי,קילוגרמים,0.00,"ק""ג",true,0,17.90,17.90,true,1,
7290000929507,true,קורקבן הודו טרי ת עצמי ל,שונות,IL,קורקן הודו טרי,קילוגרמים,0.00,"ק""ג",true,0,11.90,11.90,true,1,
7290000929514,true,גרון הודו נ.טרי ת.עצמי ל,שונות,IL,גרון הודו טרי,קילוגרמים,0.00,"ק""ג",true,0,23.90,23.90,true,1,
7290000929521,true,זנב הודו טרי תפזורת עצמי,שונות,IL,זנב הודו טרי,קילוגרמים,0.00,"ק""ג",true,0,4.90,4.90,true,1,
7290000961552,true,פלפל כתום,קטיף,IL,פלפל כתום,קילוגרמים,0.00,"ק""ג",true,0,9.90,9.90,true,1,
7290000961606,true,שורש ג'ינגר במשקל,קטיף,XX,שורש גינגר במשקל,קילוגרמים,0.00,"ק""ג",true,0,35.90,35.90,true,1,
7290000961804,true,דלעת ארוזה,קטיף,IL,דלעת ארוזה,קילוגרמים,0.00,"ק""ג",true,0,8.90,8.90,true,1,
7290000962535,true,רוזמרין יח',קטיף,IL,רוזמרין-יח',יחידה,1.00,יחידה,false,0,5.00,5.00,true,1,
7290000962559,true,קורנית יח',קטיף,IL,קורנית יח',יחידה,1.00,יחידה,false,0,5.00,5.00,true,1,
7290000963136,true,תפוח עץ מוזהב 65,קטיף,XX,תפוח עץ מוזהב,קילוגרמים,0.00,"ק""ג",true,0,8.90,8.90,true,1,
7290000963174,true,תפוח עץ יונתן יבוא,קטיף,XX,תפוח עץ יונתן,קילוגרמים,0.00,"ק""ג",true,0,10.90,10.90,true,1,
7290000963297,true,תפוח עץ סטרקינג 65,קטיף,XX,"ת""ע סטרקינג",קילוגרמים,0.00,"ק""ג",true,0,8.90,8.90,true,1,
7290000963310,true,"תפו""ע קנזי",קטיף,XX,"תפו""ע קנזי",קילוגרמים,0.00,"ק""ג",true,0,11.90,11.90,true,1,
7290000963365,true,תפוח עץ פינקריספי 65,קטיף,XX,"תפו""ע פינקריספי",קילוגרמים,0.00,"ק""ג",true,0,11.90,11.90,true,1,
7290000963563,true,תפוח עץ סמיט65,קטיף,XX,תפוח עץ סמיט65,קילוגרמים,0.00,"ק""ג",true,0,8.90,8.90,true,1,
7290000963686,true,תפוח עץ גאלה יבוא,קטיף,XX,תפוח עץ גאלה,קילוגרמים,0.00,"ק""ג",true,0,9.90,9.90,true,1,
7290000964300,true,תפוז,קטיף,IL,תפוז,קילוגרמים,0.00,"ק""ג",true,0,5.90,5.90,true,1,
7290000964348,true,תפוז ברשת למיץ,קטיף,IL,תפוז ברשת למיץ,קילוגרמים,0.00,"ק""ג",true,0,3.90,3.90,true,1,
7290000964362,true,פומלה לבנה,קטיף,IL,פומלה לבנה,קילוגרמים,0.00,"ק""ג",true,0,7.90,7.90,true,1,
7290000964379,true,אשכולית לבנה,קטיף,IL,אשכולית לבנה,קילוגרמים,0.00,"ק""ג",true,0,5.90,5.90,true,1,
7290000964461,true,פומלית,קטיף,IL,פומלית,קילוגרמים,0.00,"ק""ג",true,0,5.90,5.90,true,1,
7290000964492,true,לימון תפזורת,קטיף,IL,לימון,קילוגרמים,0.00,"ק""ג",true,0,6.90,6.90,true,1,
7290000964560,true,קלמנטינה,קטיף,IL,קלמנטינה,קילוגרמים,0.00,"ק""ג",true,0,5.90,5.90,true,1,
7290000964775,true,בננות,קטיף,IL,בננות,קילוגרמים,0.00,"ק""ג",true,0,7.90,7.90,true,1,
7290000964836,true,אגס ספדונה גודל 60,קטיף,IL,אגס ספדונה,קילוגרמים,0.00,"ק""ג",true,0,9.90,9.90,true,1,
7290000964980,true,אבוקדו,קטיף,IL,אבוקדו,קילוגרמים,0.00,"ק""ג",true,0,10.90,10.90,true,1,
7290000966328,true,אפרסמון סיני65,קטיף,IL,אפרסמון סיני,קילוגרמים,0.00,"ק""ג",true,0,12.90,12.90,true,1,
7290000966564,true,רימון,קטיף,IL,רימון,קילוגרמים,0.00,"ק""ג",true,0,5.90,5.90,true,1,
7290000966663,true,קיווי,קטיף,IL,קיווי,קילוגרמים,0.00,"ק""ג",true,0,13.90,13.90,true,1,
7290000966779,true,תות שדה 500גרם,קטיף,IL,תות שדה יח,יחידה,1.00,יחידה,false,0,23.90,23.90,true,1,
7290000982939,true,לוף פרסה-יחידה,קטיף,IL,לוף פרסה-יחידה,יחידה,1.00,יחידה,false,0,7.90,7.90,true,1,
7290000987071,true,שום בתפזורת,קטיף,XX,שום בתפזורת,קילוגרמים,0.00,"ק""ג",true,0,30.00,30.00,true,1,
7290000998220,true,חסה ארוזה יח,קטיף,IL,חסה ארוזה,יחידה,1.00,יחידה,false,0,5.00,5.00,true,1,
7290001012123,false,פרש וואנס קייר כחול 72*4,על בד,IL,פרש וואנס,יחידה,1.00,יחידה,false,0,17.90,17.90,true,1,
7290001045220,false,מיץ תפוזים סחוט 2 ליטר,גניר,IL,מיץ תפוזים סחוט 2 ליטר,ליטרים,2.00,ליטר,false,0,23.90,11.95,true,1,
7290001045237,false,משקה לימון עם נענע 2ליטר,גניר,IL,משקה לימון נענע,ליטרים,2.00,ליטר,false,0,23.90,11.95,true,1,
7290001121788,false,נקניקיות עוף טבעיות400גר,מעדני יחיעם,IL,נקניקיות עוף,גרמים,400.00,100 גרם,false,0,14.90,3.73,true,1,
7290001121849,false,פסטרמה100% טבעית 250גרם,מעדני יחיעם,IL,פסטרמה טבעית,גרמים,250.00,100 גרם,false,0,28.00,11.20,true,1,
7290001121979,false,סלמי הרץ 150 גרם,מעדני יחיעם,IL,סלמי הרץ,גרמים,150.00,100 גרם,false,0,21.90,14.60,true,1,
7290001123058,false,פילה מדומה מס6' חלק קפוא,שונות,IL,פ.מדומה מס6',קילוגרמים,0.00,"ק""ג",true,0,49.50,49.50,true,1,
7290001124611,false,שומן כבש 200 גרם,טיבון ויל - נטו,IL,שומן כבש 200גרם,גרמים,200.00,100 גרם,false,0,19.70,9.85,true,1,
7290001124680,false,לשון קפוא טאק טורו קג,נטו,PY,לשון בקר קפוא,קילוגרמים,0.00,"ק""ג",true,0,59.40,59.40,true,1,
7290001126165,false,סטייק עין 800 גרם,טיבון ויל - נטו,IL,סטייק עין 800ג,גרמים,800.00,100 גרם,false,0,80.70,10.09,true,1,
7290001128183,false,קציצות דג 700 גרם,דלידג - נטו,IL,קציצות דג 700גרם,גרמים,700.00,100 גרם,false,0,24.70,3.53,true,1,
7290001136287,false,"שמפו נקה 7 רגיל 750 מ""ל",אמיליה קוסמטיקס,IL,שמפו נקה 7,מיליליטרים,750.00,"100 מ""ל",false,0,9.90,1.32,true,1,
7290001136294,false,שמפו נקה 7 יבש/צבוע750מל,אמיליה קוסמטיקס,IL,שמפו נקה 7,מיליליטרים,750.00,"100 מ""ל",false,0,9.90,1.32,true,1,
7290001136683,false,"מרכך נקה 7 ס""ש 750 מ""ל",אמיליה קוסמטיקס,IL,קונדישינר נקה 7,מיליליטרים,750.00,"100 מ""ל",false,0,9.90,1.32,true,1,
7290001158500,false,כנפי עוף טרי תפזורת עצמי,שונות,IL,כנפיים עוף טרי,קילוגרמים,0.00,"ק""ג",true,0,11.90,11.90,true,1,
7290001158517,false,כרעי עוף טרי תפזורת עצמי,שופרסל,IL,כרעיים עוף טרי,קילוגרמים,0.00,"ק""ג",true,0,27.90,27.90,true,1,
7290001158524,false,"שניצל עוף טרי ת עצמי ק""ג",שונות,IL,שניצל עוף טרי,קילוגרמים,0.00,"ק""ג",true,0,34.90,34.90,true,1,
7290001158531,false,שוקי עוף טרי תפזורת עצמי,שונות,IL,שוקיים עוף טרי,קילוגרמים,0.00,"ק""ג",true,0,32.90,32.90,true,1,
7290001158562,false,גרון עוף טרי (עצמי) מחיר,שונות,IL,גרון עוף טרי (,קילוגרמים,0.00,"ק""ג",true,0,4.90,4.90,true,1,
7290001158593,false,בקר טחון מבשר קפוא)עצמי(,שונות,IL,בקר טחון מקפוא,קילוגרמים,0.00,"ק""ג",true,0,42.90,42.90,true,1,
7290001158661,false,"פרגיות עוף טרי ת עצמי ק""",שונות,IL,פרגיות עוף טרי,קילוגרמים,0.00,"ק""ג",true,0,54.90,54.90,true,1,
7290001158722,false,חזה עוף טרי תפזורת עצמי,שונות,IL,חזה עוף טרי,קילוגרמים,0.00,"ק""ג",true,0,31.90,31.90,true,1,
7290001209042,false,רוסטביף עגל רשת עטרה לקג,עטרה,IL,רוסטביף עגל רשת עטרה לקג,קילוגרמים,0.00,"ק""ג",true,0,59.40,59.40,true,1,
7290001209158,false,שניצל עוף פרוס עטרה קפוא,שונות,IL,שניצל עוף פרוס עטרה קפוא,קילוגרמים,0.00,"ק""ג",true,0,37.60,37.60,true,1,
7290001209349,false,עוף טרי ארוז עטרה,שונות,IL,עוף טרי עטרה,קילוגרמים,0.00,"ק""ג",true,0,28.70,28.70,true,1,
7290001209356,false,כרעיים עוף טרי ארוז עטרה,שונות,IL,כרעיים ע.טרי עטר,קילוגרמים,0.00,"ק""ג",true,0,39.60,39.60,true,1,
7290001209363,false,שניצל עוף טרי ארוז עטרה,שונות,IL,שניצל ע.טרי עטרה,קילוגרמים,0.00,"ק""ג",true,0,41.50,41.50,true,1,
7290001209387,false,שוקיים עוף טרי ארוז עטרה,שונות,IL,שוקיים עוף טרי ע,קילוגרמים,0.00,"ק""ג",true,0,38.60,38.60,true,1,
7290001209516,false,סטייק עין 800 גרם,עטרה,IL,סטייק עין 800 גרם,גרמים,800.00,100 גרם,false,0,60.00,7.50,true,1,
7290001216040,false,טחינה גולמית 500 גרם,אגס ירוק מסחר ושירותים,IL,טחינה גולמית 500 גרם,גרמים,500.00,100 גרם,false,0,15.90,3.18,true,1,
7290001216057,false,"טחינה גולמית 1ק""ג",אגס ירוק מסחר ושירותים,IL,"טחינה גולמית 1ק""ג",קילוגרמים,1.00,"ק""ג",false,0,31.60,31.60,true,1,
7290001216231,false,טחינה מלאה 500 גרם,אגס ירוק מסחר ושירותים,IL,טחינה מלאה 500 גרם,גרמים,500.00,100 גרם,false,0,17.90,3.58,true,1,
7290001230331,false,כאמל בוקס חפיסה,jti,CH,כאמל בוקס יח',יחידה,1.00,יחידה,false,0,30.50,30.50,false,1,
7290001231932,false,ווינסטון כחול בוקס חפ.,jti,CH,ווינסטון כחול,יחידה,1.00,יחידה,false,0,30.50,30.50,false,1,
7290001247006,false,גזוז בטעם קולה קריסטל 2ל,יפאורה שותפות מובגלת לשיווק,IL,קריסטל קולה,ליטרים,2.00,ליטר,false,0,3.60,1.80,true,1,
7290001247020,false,קריסטל אורנג' 2 ליטר,יפאורה שותפות מובגלת לשיווק,IL,קריסטל אורנג',ליטרים,2.00,ליטר,false,0,3.60,1.80,true,1,
7290001247037,false,גזוז בטעם מנטה קריסטל 2ל,יפאורה שותפות מובגלת לשיווק,IL,גזוז בטעם מנטה,ליטרים,2.00,ליטר,false,0,3.60,1.80,true,1,
7290001247044,false,קריסטל תות מוגז 2 ליטר,יפאורה שותפות מובגלת לשיווק,IL,קריסטל מוגז תות,ליטרים,2.00,ליטר,false,0,3.60,1.80,true,1,
7290001247051,false,קריסטל למון ליים 2 ליטר,יפאורה שותפות מובגלת לשיווק,IL,גזוז לימון ליים,ליטרים,2.00,ליטר,false,0,3.60,1.80,true,1,
7290001247068,false,נקטר ספרינג תות-בננה 1ל',יפאורה שותפות מובגלת לשיווק,IL,נקטר תות בננה,ליטרים,1.00,ליטר,false,0,4.90,4.90,true,1,
7290001247082,false,נקטר עגבניות ספרינג 1 ל',יפאורה שותפות מובגלת לשיווק,IL,נקטר עגבניות,ליטרים,1.00,ליטר,false,0,4.90,4.90,true,1,
7290001247099,false,נקטר ספרינג מנגו 1 ליטר,יפאורה שותפות מובגלת לשיווק,IL,נקטר ספרינג מנגו,ליטרים,1.00,ליטר,false,0,4.90,4.90,true,1,
7290001247112,false,נקטר ספרינג לימונענע 1ל',יפאורה שותפות מובגלת לשיווק,IL,משקה לימונענע,ליטרים,1.00,ליטר,false,0,4.90,4.90,true,1,
7290001247129,false,נקטר ספרינג תפוזים 1ליטר,יפאורה שותפות מובגלת לשיווק,IL,נקטר ספרינג תפוז,ליטרים,1.00,ליטר,false,0,4.90,4.90,true,1,
7290001247143,false,נקטר ספרינג תפוחים 1ליטר,יפאורה שותפות מובגלת לשיווק,IL,נקטר ספרינג תפוח,ליטרים,1.00,ליטר,false,0,4.90,4.90,true,1,
7290001247952,false,"תפוזינה משק""ל ענבים1.5ל",יפאורה שותפות מובגלת לשיווק,IL,תפוזינה ענבים,ליטרים,1.50,ליטר,false,0,5.90,3.93,true,1,
7290001265116,false,דייסת גם וגם קונפלור300ג,מטרנה מעבדות,IL,דייסת מטרנה,גרמים,300.00,100 גרם,false,0,18.90,6.30,true,1,
7290001265123,false,דייסת גם וגם 8דגנים300גר,נסטלה,IL,דייסת מטרנה,גרמים,300.00,100 גרם,false,0,18.90,6.30,true,1,
7290001265642,false,מעדני לה קט 400*3 גרם,SAS FIDELE,FR,מעדני לה קט 3 יח,קילוגרמים,1.20,"ק""ג",false,0,15.90,13.25,true,1,
7290001305058,false,סב.נוז.פלמול.חלב דבש500מ,קולגייט-פלמוליב,IT,סב.נוזלי פלמוליב,מיליליטרים,500.00,"100 מ""ל",false,0,14.90,2.98,true,1,
7290001327029,false,מאגדת מיקס 7 יחידות,שטראוס,IL,מאגדת מיקס 7 יחידות,גרמים,440.00,100 גרם,false,0,32.90,7.48,true,1,
7290001327180,false,קרמיסימו וניל צ'יפ 1.33ל,שטראוס,IL,קרמיסימו וניל צ'יפ 1.33ל,ליטרים,1.33,ליטר,false,0,18.90,14.21,true,1,
7290001327197,false,קרמיסימו שוקו וניל 1.33ל,שטראוס,IL,קרמיסימו שוקו וניל 1.33ל,ליטרים,1.33,ליטר,false,0,18.90,14.21,true,1,
7290001327227,false,קרמיסימו ריבת חלב 1.33ל',שטראוס,IL,קרמיסימו ריבת חלב 1.33ל',ליטרים,1.33,ליטר,false,0,18.90,14.21,true,1,
7290001327357,false,גל.קרמיסימו וניל 1.33ל',שטראוס,IL,גל.קרמיסימו וניל 1.33ל',ליטרים,1.33,ליטר,false,0,18.90,14.21,true,1,
7290001327791,false,גל.קרמיסימו עוגיות 1.33ל,שטראוס,IL,גל.קרמיסימו עוגיות 1.33ל,ליטרים,1.33,ליטר,false,0,18.90,14.21,true,1,
7290001327838,false,מאגדת מיני מגנום פולטיפק,שטראוס,IL,מאגדת מיני מגנום פולטיפק,גרמים,250.00,100 גרם,false,0,27.90,11.16,true,1,
7290001407509,false,טחינה שוואייה 500 גרם,רושדי תעשיות מזון,IL,טחינה שוואייה,גרמים,500.00,100 גרם,false,0,15.80,3.16,true,1,
7290001407547,false,טחינה שומשום פי6מלא 500ג,רושדי תעשיות מזון,IL,טחינה שומשום מלא,גרמים,500.00,100 גרם,false,1,15.80,3.16,true,1,
7290001407752,false,טחינה עם פטרוזיליה 500גר,רושדי תעשיות מזון,,טחינה גולמית,גרמים,500.00,100 גרם,false,0,15.80,3.16,true,1,
7290001407769,false,טחינה שומש.מלא בארכה500ג,רושדי תעשיות מזון,IL,טחינה שומשום,גרמים,500.00,100 גרם,false,0,15.80,3.16,true,1,
7290001462010,false,אריסה מרוקאית 250 גרם,נטו,IL,אריסה מרוקאית,גרמים,250.00,100 גרם,false,0,14.10,5.64,true,1,
7290001485019,false,גב.שמנת בטעם טבעי5% 200ג,טרה,IL,גבינת שמנת 5%,גרמים,200.00,100 גרם,false,0,10.80,5.40,true,1,
7290001485026,false,גב.שמנת עם זיתים 5% 200ג,טרה,IL,גבינת שמנת+זיתים,גרמים,200.00,100 גרם,false,0,10.80,5.40,true,1,
7290001491010,false,תה ירוק יסמין25שק1.5Xגרם,ויסוצקי,IL,תה ירוק יסמין25שק1.5Xגרם,גרמים,37.00,100 גרם,false,0,21.90,59.19,true,1,
7290001507056,false,וופל חרוב אורגני,,IL,וופל חרוב אורגני,גרמים,200.00,100 גרם,false,0,10.60,5.30,true,1,
7290001507063,false,פתי בר קמח מלא אורגני200,השדה מוצרים אורגניים,IL,פתי בר אורגני,גרמים,200.00,100 גרם,false,0,7.60,3.80,true,1,
7290001507162,false,אובלטים שומשום אורגני100,השדה מוצרים אורגניים,IL,אובלטים שומשום,גרמים,100.00,100 גרם,false,0,7.50,7.50,true,1,
7290001552049,false,קוסקוס מרוקאי 800גרם,מטעמי פאר,IL,קוסקוס מרוקאי 800גרם,גרמים,800.00,100 גרם,false,0,15.90,1.99,true,1,
7290001594568,false,"בירה קרלסברג בפחית500מ""ל",קרלסברג ישראל,IL,בירה קרלסברג פח,מיליליטרים,500.00,"100 מ""ל",false,0,8.80,1.76,true,1,
7290001594575,false,"בירה טובורג פחית 500 מ""ל",קרלסברג ישראל,IL,בירה טובורג פחית,מיליליטרים,500.00,"100 מ""ל",false,0,8.80,1.76,true,1,
7290001594865,false,"בירה קרלסברג בק330*6 מ""ל",קרלסברג ישראל,IL,בירה קרלסברג 6יח,ליטרים,1.98,ליטר,false,0,39.90,20.15,true,1,
7290001648643,false,קפה טורקי כתר 3 יח100X'ג,רוני רג'ואן ושות,IL,מארז טורקי כתר,גרמים,300.00,100 גרם,false,0,13.80,4.60,true,1,
7290001713853,false,אקונומיקה מבושמת 4 ליטר,קומפלקס כימיקלים,IL,אקונומיקה מבושמת,ליטרים,4.00,ליטר,false,0,9.90,2.48,true,1,
7290001723357,false,2מוצ.סיליקון אורט.בינוני,NX,DE,מוצץ סיליקון,יחידה,1.00,יחידה,false,0,19.90,19.90,true,1,
7290001727539,false,דלי 12 ליטר,המברשת רוחמה,IL,דלי 12 ליטר,יחידה,1.00,יחידה,false,0,13.30,13.30,true,1,
7290001791189,false,קרם גוף קרמה חלב ודבש500,קוסמופארם,IL,קרם גוף קרמה,מיליליטרים,500.00,"100 מ""ל",false,0,21.70,4.34,true,1,
7290001791349,false,פיסגה אקונומיקה ריחנית4ל,סנו,IL,אקונומיקה פיסגה,ליטרים,4.00,ליטר,false,0,9.00,2.25,true,1,
7290001791363,false,סנופרש אוטומטי וניל 250מ,סנו,IL,סנופרש אוטומטי,מיליליטרים,250.00,"100 מ""ל",false,0,16.90,6.76,true,1,
7290001813881,false,פתי בר בטעם חמאה 500 גרם,עלית,IL,פתי בר עלית,גרמים,500.00,100 גרם,false,0,9.90,1.98,true,1,
7290001814147,false,ממרח בטעם שוקולד פרה500ג,עלית,IL,ממרח בטעם שוקולד,גרמים,500.00,100 גרם,false,0,9.90,1.98,true,1,
7290001817377,false,ציטוס איקס עיגול פיצה60ג,עלית,IL,צ'יטוס איקס,גרמים,60.00,100 גרם,false,0,3.50,5.83,true,1,
7290001817582,false,צ'יטוס כאפה 15*10 גרם,עלית,IL,מארז צ'יטוס כאפה,גרמים,150.00,100 גרם,false,0,9.90,6.60,true,1,
7290001817728,false,צ'יטוס כאפה 55 גרם,עלית,IL,צ'יטוס כפאה,גרמים,55.00,100 גרם,false,0,3.50,6.36,true,1,
7290001865439,false,סבון פמלי לבן +משאבה 1ל',אינטרקוסמא,IL,סבון פמלי לבן +משאבה 1ל',ליטרים,1.00,ליטר,false,0,14.20,14.20,true,1,
7290001865453,false,סבון פמלי סגול+משאבה 1ל',אינטרקוסמא,IL,סבון נוזלי פמלי,ליטרים,1.00,ליטר,false,0,14.20,14.20,true,1,
7290001902110,false,לחם רוסי 485 גרם,גידרון,IL,לחם רוסי,גרמים,485.00,100 גרם,false,0,11.90,2.45,true,1,
7290001946404,false,שום כתוש 250 גרם,נטו,IL,שום כתוש,גרמים,250.00,100 גרם,false,0,14.10,5.64,true,1,
7290001985311,false,מאגדת מיני מגנום לבן+שקד,שטראוס,IL,מאגדת מיני מגנום לבן+שקד,גרמים,250.00,100 גרם,false,0,27.90,11.16,true,1,
7290001985953,false,קרחון לימון+אשכולית לייט,שטראוס,IL,קרחון לימון לייט,יחידה,1.00,יחידה,false,0,26.90,26.90,true,1,
7290001990094,false,"סוכר חום בצנצנת 1 ק""ג",סוגת,IL,"סוכר חום בצנצנת 1 ק""ג",קילוגרמים,1.00,"ק""ג",false,0,11.70,11.70,true,1,
7290001990148,false,"סוכר גולדן קלאסי 1 ק""ג",סוגת,IL,סוכר גולדן,קילוגרמים,1.00,"ק""ג",false,0,10.40,10.40,true,1,
7290001990261,false,"חומוס 1 ק""ג",סוגת,IL,חומוס,קילוגרמים,1.00,"ק""ג",false,0,12.60,12.60,true,1,
7290001990278,false,"שעועית לבנה 1 ק""ג",סוגת,IL,שעועית לבנה,קילוגרמים,1.00,"ק""ג",false,0,22.70,22.70,true,1,
7290001990391,false,"אפונה 1 ק""ג",סוגת,IL,אפונה,קילוגרמים,1.00,"ק""ג",false,0,9.40,9.40,true,1,
7290001990407,false,"עדשים ירוקות 1 ק""ג",סוגת,IL,עדשים ירוקות,קילוגרמים,1.00,"ק""ג",false,0,11.40,11.40,true,1,
7290001990414,false,"עדשים אדומות 1 ק""ג",סוגת,IL,עדשים אדומות,קילוגרמים,1.00,"ק""ג",false,0,11.40,11.40,true,1,
7290001990421,false,"פופקורן 1 ק""ג",סוגת,IL,"פופקורן 1 ק""ג",קילוגרמים,1.00,"ק""ג",false,0,9.80,9.80,true,1,
7290002000136,false,שעוות הדבש משי מיקרו500ג,ש.שוורץ,IL,שעוות הדבש משי מיקרו500ג,גרמים,500.00,100 גרם,false,0,17.60,3.52,true,1,
7290002000143,false,"פנג'ל קרם ידיים 100 מ""ל",אינטרקוסמא,IL,קרם ידיים פנג'ל,מיליליטרים,80.00,"100 מ""ל",false,0,8.00,10.00,true,1,
7290002002635,false,שעוות הדבש משי לפנים80גר,ש.שוורץ,IL,שעוות הדבש משי לפנים80גר,גרמים,80.00,100 גרם,false,0,17.80,22.25,true,1,
7290002002857,false,נייר שעווה 50 יחידות,אלסום ביגנדו,IL,נייר שעווה,יחידה,1.00,יחידה,false,0,16.80,16.80,true,1,
7290002003168,false,"קרם ידיים פנג'ל 80*3מ""ל",אינטרקוסמא,CH,קרם יד.פנג'ל 3יח,מיליליטרים,240.00,"100 מ""ל",false,0,14.80,6.17,true,1,
7290002007302,false,סוכ.צבעוניות לקישוט 100ג,הנמל,IL,סוכ.צבעוניות לקישוט 100ג,גרמים,100.00,100 גרם,false,0,5.70,5.70,true,1,
7290002007371,false,פירורי לחם 500 גרם,הנמל,IL,פירורי לחם,גרמים,500.00,100 גרם,false,0,4.90,0.98,true,1,
7290002007395,false,דובדבנים מסוכרים 100 גרם,הנמל,IL,דובדבנים מסוכרים,גרמים,100.00,100 גרם,false,0,5.90,5.90,true,1,
7290002007500,false,קיסמים שיניים במבוק500יח,הנמל,IL,קיסמי שיניים,יחידה,1.00,יחידה,false,0,3.00,3.00,true,1,
7290002008040,false,"מקלות לשיפודים30ס""מ100יח",הנמל,IL,מקלות לשיפודים,יחידה,1.00,יחידה,false,0,3.00,3.00,true,1,
7290002008224,false,מזרה עגול צבעוני צנצ100.,הנמל,IL,סוכריות לקישוט,גרמים,100.00,100 גרם,false,0,5.70,5.70,true,1,
7290002008354,false,מפת שולחן פלסטיק 8 יחידו,הנמל,IL,מפת שולחן פלסטיק,יחידה,1.00,יחידה,false,0,9.50,9.50,true,1,
7290002008934,false,סוכריות לקישוט 200 גרם,הנמל,IL,סוכריות לקישוט 200 גרם,גרמים,200.00,100 גרם,false,0,7.80,3.90,true,1,
7290002008941,false,עוג.מרוקאיות ללא סוכר400,הנמל,IL,עוגיות ללא סוכר,גרמים,400.00,100 גרם,false,0,18.50,4.63,true,1,
7290002008989,false,קישקשים בקופסא 225 יח',הנמל,IL,קישקשים בקופסא,יחידה,1.00,יחידה,false,0,5.90,5.90,true,1,
7290002019114,false,תרכיז עגבנ.פ.ניר28% 580ג,פרי ניר,IL,תרכיז עגבניות,גרמים,580.00,100 גרם,false,0,6.10,1.05,true,1,
7290002019787,false,רסק עגבניות 22% 260 גרם,פרי ניר,IL,רסק עגבניות,גרמים,260.00,100 גרם,false,0,3.40,1.31,true,1,
7290002019794,false,רסק עגבניות 22% 100 גרם,פרי ניר,IL,רסק עגבניות,גרמים,100.00,100 גרם,false,0,1.90,1.90,true,1,
7290002022046,false,מרשמלו ורוד לבן 180 גרם,כרמית,IL,מרשמלו ורוד לבן,גרמים,180.00,100 גרם,false,0,7.80,4.33,true,1,
7290002022923,false,לקקן פופ תות 50 יחידות,כרמית,IL,לקקן פופ תות,גרמים,450.00,100 גרם,false,0,16.00,3.56,true,1,
7290002040019,false,קוסקוס רגיל 350 גרם,קוסקוס מזון,IL,קוסקוס רגיל,גרמים,350.00,100 גרם,false,0,4.90,1.40,true,1,
7290002040064,false,קוסקוס דק 350 גרם,קוסקוס מזון,IL,קוסקוס דק,גרמים,350.00,100 גרם,false,0,4.90,1.40,true,1,
7290002040071,false,קוסקוס עבה 350 גרם,קוסקוס מזון,IL,קוסקוס עבה,גרמים,350.00,100 גרם,false,0,4.90,1.40,true,1,
7290002040088,false,קוסקוס מלא 350 גרם,קוסקוס מזון,IL,קוסקוס מלא,גרמים,350.00,100 גרם,false,0,6.30,1.80,true,1,
7290002053354,false,נודלס סיני אוריינט300גרם,אוריינט,IL,נודלס סיני אוריינט300גרם,גרמים,300.00,100 גרם,false,0,11.10,3.70,true,1,
7290002057031,false,זית מבוקע בשמן זית 540גר,קבוצת יבנה,IL,זית מבוקע בשמן,גרמים,540.00,100 גרם,false,0,7.70,1.43,true,1,
7290002057093,false,זית מנזנילו ירוק גדול540,קבוצת יבנה,IL,זית מנזנילו יר,גרמים,540.00,100 גרם,false,0,8.20,1.52,true,1,
7290002057123,false,מנזנילו ירוק ל.גלעין540ג,קבוצת יבנה,IL,זית ללא גלעין,גרמים,540.00,100 גרם,false,0,8.50,1.57,true,1,
7290002057130,false,מנזנילו ירוק ל.גלעין1250,קבוצת יבנה,IL,זית ללא גלעין,קילוגרמים,1.25,"ק""ג",false,0,20.70,16.56,true,1,
7290002057161,false,זית חתוך במרינד 540 גרם,קבוצת יבנה,IL,זית חתוך במרינד,גרמים,540.00,100 גרם,false,0,8.70,1.61,true,1,
7290002057185,false,טבעות זיתים ירוקים540גרם,קבוצת יבנה,IL,טבעות זיתים,גרמים,540.00,100 גרם,false,0,8.90,1.65,true,1,
7290002057321,false,מלפפונים 21-25 במלח 1.3ק,קבוצת יבנה,IL,מלפפונים במלח,קילוגרמים,1.30,"ק""ג",false,0,16.50,12.69,true,1,
7290002057352,false,מלפפונים 7-9 במלח 540גרם,קבוצת יבנה,IL,מלפפון במלח 7-9,גרמים,540.00,100 גרם,false,0,5.90,1.09,true,1,
7290002057369,false,מלפפון במלח 10-12 540גרם,קבוצת יבנה,IL,מלפפונים במלח,גרמים,540.00,100 גרם,false,0,6.50,1.20,true,1,
7290002057376,false,מלפ. במלח קטן13-17 540גר,קבוצת יבנה,IL,מלפפונים במלח,גרמים,540.00,100 גרם,false,0,8.80,1.63,true,1,
7290002057383,false,מלפפון במלח 18-25 540גרם,קבוצת יבנה,IL,מלפפונים במלח,גרמים,540.00,100 גרם,false,0,10.80,2.00,true,1,
7290002057451,false,מלפפונים בחומץ 7-9 540גר,קבוצת יבנה,IL,מלפפונים בחומץ,גרמים,540.00,100 גרם,false,0,5.90,1.09,true,1,
7290002057475,false,מלפ.בחומץ קטן13-17 540גר,קבוצת יבנה,IL,מלפפונים בחומץ,גרמים,540.00,100 גרם,false,0,8.80,1.63,true,1,
7290002057482,false,מלפפון בחומץ 18-25 540גר,קבוצת יבנה,IL,מלפפונים בחומץ,גרמים,540.00,100 גרם,false,0,10.80,2.00,true,1,
7290002057628,false,טבעות זיתים מושחרים540גר,קבוצת יבנה,IL,טבעות זיתים מושחרים540גר,גרמים,540.00,100 גרם,false,0,9.80,1.81,true,1,
7290002065616,false,לחם שיפון גרעינים 750גרם,מאפיית שלמה א. אנג'ל,IL,לחם שיפון גרעינים 750גרם,גרמים,750.00,100 גרם,false,0,10.90,1.45,true,1,
7290002065623,false,לחם שיפון כפרי 750 גרם,מאפיית שלמה א. אנג'ל,IL,לחם שיפון כפרי 750 גרם,גרמים,750.00,100 גרם,false,0,10.90,1.45,true,1,
7290002069041,false,חזה עוף טרי ארוז פלייש,שונות,IL,חזה עוף ארוז,קילוגרמים,0.00,"ק""ג",true,0,31.60,31.60,true,1,
7290002069065,false,כנפיים עוף טרי ארוז פליי,שונות,IL,כנפיים עוף ארוז,קילוגרמים,0.00,"ק""ג",true,0,11.90,11.90,true,1,
7290002069584,false,לבבות עוף טרי ארוז פלייש,שונות,IL,לבבות עוף ארוז,קילוגרמים,0.00,"ק""ג",true,0,23.70,23.70,true,1,
7290002077268,false,מיני קציצות דג לבישול 00,נטו,IL,קציצות דג,גרמים,500.00,100 גרם,false,0,21.70,4.34,true,1,
7290002077763,false,סטייק אנטריקוט מיושן אל,נטו,IL,סטייק אנטריקוט מיושן אל,קילוגרמים,0.00,"ק""ג",true,0,99.90,99.90,true,1,
7290002077824,false,שריר מיושן חלק אלגאוצ'ו,אלגרצ'ו,IL,שריר מיושן חלק אלגאוצ'ו,קילוגרמים,0.00,"ק""ג",true,0,54.40,54.40,true,1,
7290002079033,false,לחם דגנים לייט 500 גרם,מאפיית דוידוביץ,IL,לחם דגנים לייט,גרמים,500.00,100 גרם,false,0,13.80,2.76,true,1,
7290002079316,false,חלה רגילה פרוסה 500 גרם,מאפיית דוידוביץ,IL,חלה רגילה פרוסה,גרמים,500.00,100 גרם,false,0,8.50,1.70,true,1,
7290002079927,false,לחם דגנים מלא 750 גרם,מאפיית דוידוביץ,IL,לחם דגנים מלא,גרמים,750.00,100 גרם,false,0,14.80,1.97,true,1,
7290002079996,false,לחם אחיד פרוס קל 750 גרם,מאפיית דוידוביץ,IL,לחם אחיד פרוס קל,גרמים,750.00,100 גרם,false,0,13.80,1.84,true,1,
7290002107019,false,גב.צפתית מעודנת5% 250גרם,משק צוריאל תבור,IL,צפתית מעודנת5%,גרמים,250.00,100 גרם,false,0,12.90,5.16,true,1,
7290002107071,false,פטה עיזים מעודנת16% 200ג,משק צוריאל תבור,IL,גבינת פטה עיזים,גרמים,200.00,100 גרם,false,0,17.90,8.95,true,1,
7290002107491,false,גב.עיזים5% למריחה 250 גר,משק צוריאל תבור,IL,גבינת עיזים 5%,גרמים,250.00,100 גרם,false,0,10.00,4.00,true,1,
7290002109334,false,קציצות דג סלמון לבישול 0,דלידג - נטו,GB,קציצות דג,גרמים,750.00,100 גרם,false,0,30.60,4.08,true,1,
7290002109372,false,בורקס פילו גבינה בולגרית,"שגמור בע""מ",IL,בורקס פילו גבינה בולגרית,גרמים,700.00,100 גרם,false,0,20.70,2.96,true,1,
7290002109488,false,קבב אמיתי 100% 440גרם,טיבון ויל - נטו,IL,קבב אמיתי 440גרם,גרמים,440.00,100 גרם,false,0,19.70,4.48,true,1,
7290002121343,false,מוס ליצירת נפח השיער200מ,קרליין,IL,מוס לשיער,מיליליטרים,200.00,"100 מ""ל",false,0,19.70,9.85,true,1,
7290002130567,false,דבש טהור יד מרדכי 350גרם,יד מרדכי,IL,דבש טהור,גרמים,350.00,100 גרם,false,0,19.90,5.69,true,1,
7290002130574,false,דבש מפרחי בר יד מרדכי500,יד מרדכי,IL,דבש מפרחי בר יד מרדכי500,גרמים,500.00,100 גרם,false,0,24.70,4.94,true,1,
7290002130581,false,דבש בצנצנת יד מרדכי 1ק,יד מרדכי,IL,דבש טהור,קילוגרמים,1.00,"ק""ג",false,0,41.50,41.50,true,1,
7290002150107,false,קובה בשר 1קג,"אדריה בע""מ",IL,קובה בשר 1קג,גרמים,1000.00,100 גרם,false,0,27.20,2.72,true,1,
7290002150251,false,רביולי בטטה 800 גרם,"אדריה בע""מ",IL,רביולי בטטה,גרמים,800.00,100 גרם,false,0,26.00,3.25,true,1,
7290002150305,false,סיגר בשר 1קג,"אדריה בע""מ",IL,סיגר בשר 1קג,גרמים,1000.00,100 גרם,false,0,28.70,2.87,true,1,
7290002150336,false,פלאפל 800 גרם,"אדריה בע""מ",IL,פלאפל 800 גרם,גרמים,800.00,100 גרם,false,0,17.90,2.24,true,1,
7290002150404,false,"סיגר תפו""א 1קג","אדריה בע""מ",IL,"סיגר תפו""א 1קג",יחידה,1.00,יחידה,false,0,25.20,25.20,true,1,
7290002150503,false,אגרול סיני 1קג,"אדריה בע""מ",IL,אגרול סיני 1קג,גרמים,1000.00,100 גרם,false,0,26.20,2.62,true,1,
7290002150671,false,קרפלך במילוי בשר 1 ק'ג,"אדריה בע""מ",IL,קרפלך במילוי בשר 1 ק'ג,יחידה,1.00,יחידה,false,0,27.20,27.20,true,1,
7290002150688,false,קרפלך תפו'א 1קג,"אדריה בע""מ",IL,קרפלך תפו'א 1קג,יחידה,1.00,יחידה,false,0,26.20,26.20,true,1,
7290002150695,false,קובה למרק 1קג יח,"אדריה בע""מ",IL,קובה למרק 1קג יח,גרמים,1000.00,100 גרם,false,0,31.20,3.12,true,1,
7290002153665,false,קמח מצה חמץ,,IL,קמח מצה חמץ,גרמים,200.00,100 גרם,false,0,4.00,2.00,true,1,
7290002157328,false,אנטריקוט טרי עטרה מפולין,נטו,PL,אנטריקוט טרי,קילוגרמים,0.00,"ק""ג",true,1,89.90,89.90,true,1,
7290002157373,false,פילהמדומה טרי עטרה פולין,נטו,PL,פילה מדומה טרי,קילוגרמים,0.00,"ק""ג",true,1,59.90,59.90,true,1,
7290002157830,false,קוביות גולש עגל 100% 800,נטו,IL,קוביות גולש עגל,גרמים,800.00,100 גרם,false,1,34.90,4.36,true,1,
7290002253006,false,שום כתוש דורות 200 גרם,דורות,IL,שום כתוש דורות 200 גרם,גרמים,200.00,100 גרם,false,0,12.90,6.45,true,1,
7290002253105,false,שום במגשית 80 גרם,דורות,IL,שום כתוש קפוא,גרמים,80.00,100 גרם,false,0,10.40,13.00,true,1,
7290002253167,false,פטרוזיליה קצוצה קפואה70ג,דורות,IL,פטרוזיליה קצוצה קפואה70ג,גרמים,70.00,100 גרם,false,0,9.90,14.14,true,1,
7290002253181,false,כוסברה קצוצה מגשית 70 גר,דורות,IL,כוסברה קצוצה,גרמים,70.00,100 גרם,false,0,9.90,14.14,true,1,
7290002253266,false,דורות רוטב עגבניות ילדים,דורות,IL,רוטב עגבניות,גרמים,160.00,100 גרם,false,16,11.80,7.38,true,1,
7290002260806,false,ביסלי ברביקיו חמוץ חרי70,אסם,IL,ביסלי אקסטרים,גרמים,70.00,100 גרם,false,0,4.50,6.43,true,1,
7290002304210,false,קונפיטורה מישמש לייט600ג,ענבי ציון,IL,קונפיטורה מישמש,גרמים,600.00,100 גרם,false,0,23.70,3.95,true,1,
7290002304241,false,קונפ.פירות יער לייט600גר,ענבי ציון,IL,קונפ.פירות יער,גרמים,600.00,100 גרם,false,0,23.70,3.95,true,1,
7290002304609,false,קונפיטורה תות שדה 600גרם,ענבי ציון,IL,קונפ. תות שדה,גרמים,600.00,100 גרם,false,0,20.60,3.43,true,1,
7290002319054,false,פרג טחון 100 גרם,מיה,IL,פרג טחון,גרמים,100.00,100 גרם,false,0,4.90,4.90,true,1,
7290002323198,false,ספרינג מיץ תפוחים 1.5 ל',יפאורה שותפות מובגלת לשיווק,IL,ספרינג תפוחים,ליטרים,1.50,ליטר,false,0,6.20,4.13,true,1,
7290002323204,false,ספרינג תפוחים דיאט 1.5ל',יפאורה שותפות מובגלת לשיווק,IL,ספרינג תפוח דיאט,ליטרים,1.50,ליטר,false,0,6.20,4.13,true,1,
7290002323815,false,משקה קל תפוזים קריסטל 2ל,יפאורה שותפות מובגלת לשיווק,IL,משקה קל תפוזים,ליטרים,2.00,ליטר,false,0,3.60,1.80,true,1,
7290002323822,false,מיץ אשכוליות קריסטל2ליטר,יפאורה שותפות מובגלת לשיווק,IL,קריסטל אשכוליות,ליטרים,2.00,ליטר,false,0,3.60,1.80,true,1,
7290002323839,false,משקה קל ענבים קריסטל 2ל',יפאורה שותפות מובגלת לשיווק,IL,משקה קל ענבים,ליטרים,2.00,ליטר,false,0,3.60,1.80,true,1,
7290002323846,false,משקה קל מנגו 2 ליטר,יפאורה שותפות מובגלת לשיווק,IL,קריסטל מנגו,ליטרים,2.00,ליטר,false,0,3.60,1.80,true,1,
7290002327028,false,ג'חנון 650 גרם,אופרה,IL,ג'חנון 650 גרם,גרמים,650.00,100 גרם,false,0,17.60,2.71,true,1,
7290002327042,false,"בורקס תפו""א 800 גרם",אופרה,IL,"בורקס תפו""א 800 גרם",גרמים,800.00,100 גרם,false,0,20.00,2.50,true,1,
7290002327059,false,"בצק עלים 1 ק""ג",אופרה,IL,"בצק עלים 1 ק""ג",קילוגרמים,1.00,"ק""ג",false,0,20.70,20.70,true,1,
7290002327073,false,בורקס גבינה 800 גרם,אופרה,IL,בורקס גבינה 800 גרם,גרמים,800.00,100 גרם,false,0,21.90,2.74,true,1,
7290002327912,false,בורקס מיני גבינה 700 גרם,אופרה,IL,מיני בורקס גבינה,גרמים,700.00,100 גרם,false,0,25.10,3.59,true,1,
7290002327929,false,"בורקס תפו""א מיני 700 גרם",אופרה,IL,מיני בורקס תפוא,גרמים,700.00,100 גרם,false,0,23.10,3.30,true,1,
7290002331117,false,נביעות+טעם ענבים 1.5ליטר,נביעות טבע,IL,נביעות+ענבים,ליטרים,1.50,ליטר,false,0,7.30,4.87,true,1,
7290002331124,false,נביעות טעם תפוח עדין500מ,נביעות טבע,IL,נביעות תפוח,מיליליטרים,500.00,"100 מ""ל",false,0,5.70,1.14,true,1,
7290002331148,false,נביעות+טעם תפוח 1.5 ליטר,נביעות טבע,IL,נביעות+תפוח,ליטרים,1.50,ליטר,false,0,7.30,4.87,true,1,
7290002331179,false,נביעות+טעם אפרסק 1.5ליטר,נביעות טבע,IL,נביעות+אפרסק,ליטרים,1.50,ליטר,false,0,7.30,4.87,true,1,
7290002331322,false,מים מינרל.נביעות 1.5*6ל,נביעות טבע,IL,מים נביעות 6 יח,ליטרים,9.00,ליטר,false,0,10.90,1.21,true,1,
7290002331360,false,נביעות פקק טו גו 6 500*מ,נביעות טבע,IL,נביעות ספורט 6יח,ליטרים,3.00,ליטר,false,0,11.90,3.97,true,1,
7290002331421,false,נביעות פקק טוגו 6 755*מ,נביעות טבע,IL,נביעות פקק טוגו,ליטרים,4.53,ליטר,false,0,17.50,3.86,true,1,
7290002331490,false,נביעות מים מינרלים 1 ל,נביעות טבע,IL,מים נביעות,ליטרים,1.00,ליטר,false,0,3.30,3.30,true,1,
7290002332220,false,פילה אמנון ישראלי קפוא ג,דגת הארץ,IL,פילה אמנון ג'מבו,קילוגרמים,0.00,"ק""ג",true,0,44.50,44.50,true,1,
7290002332251,false,פילה אמנון ישראלי קפוא ר,דגת הארץ,IL,פילה אמנון רמבו,קילוגרמים,0.00,"ק""ג",true,0,44.50,44.50,true,1,
7290002348573,false,מקלוני אורז 300 גרם,ליאונג טונג,TH,מקלוני אורז,גרמים,300.00,100 גרם,false,0,4.70,1.57,true,1,
7290002353324,false,עוג.אוראו 176 גרם,מונדלייז,ES,עוגיות אוראו,גרמים,176.00,100 גרם,false,0,8.90,5.06,true,1,
7290002353836,false,סרדינ.בשמן זית רוברט125ג,נטו,PT,סרדינים בשמן זית,גרמים,115.00,100 גרם,false,0,6.80,5.91,true,1,
7290002360278,false,תה צמחים מנטה 20שק2.25Xג,טייקנה,IL,חליטת מנטה,גרמים,45.00,100 גרם,false,0,17.60,39.11,true,1,
7290002363798,false,יין לקידוש עונג שבת750מל,הכורמים,IL,יין לקידוש עונג שבת750מל,מיליליטרים,750.00,"100 מ""ל",false,0,15.40,2.05,true,1,
7290002363811,false,"יין המלכים אדום 750 מ""ל",הכורמים,IL,יין המלכים,מיליליטרים,750.00,"100 מ""ל",false,0,17.80,2.37,true,1,
7290002371854,false,"נקניקיות עוף חריפות 1ק""ג",טירת צבי,IL,נקניקיות עוף,קילוגרמים,1.00,"ק""ג",false,0,31.10,31.10,true,1,
7290002374640,false,שמן קנולה פלוס אומגה3 1ל,שמן תעשיות,IL,שמן קנולה פלוס אומגה3 1ל,ליטרים,1.00,ליטר,false,0,15.80,15.80,true,1,
7290002410836,false,זנב עגל פרוס לקג,.,IL,זנב עגל פרוס לקג,קילוגרמים,0.00,"ק""ג",true,1,59.90,59.90,true,1,
7290002439066,false,פיצה משפחתית גבינה 350גר,נטו,IL,פיצה משפחתית,גרמים,350.00,100 גרם,false,1,13.80,3.94,true,1,
7290002439073,false,זוג פיצה משפ.מרג.גבינה,נטו,IL,זוג פיצה משפ.מרג.גבינה,גרמים,1000.00,100 גרם,false,6,29.90,2.99,true,1,
7290002439080,false,פיצה ביס 100%גבינה 700גר,נטו,IL,פיצה ביס 100%גבי,גרמים,700.00,100 גרם,false,8,26.70,3.81,true,1,
7290002439097,false,זוג פיצה משפ.זתים 2X500,נטו,IL,זוג פיצה משפ.זתי,גרמים,1000.00,100 גרם,false,6,33.00,3.30,true,1,
7290002439189,false,ג.צהובה מגורד27%עלמה500ג,מלקפול אלוורטוסקה,PL,גבינה עלמה מגורד,גרמים,500.00,100 גרם,false,1,19.50,3.90,true,1,
7290002439226,false,רולדה ריבת חלב ריצ450'ג,סהרון,IL,רולדה ריבת חלב,גרמים,450.00,100 גרם,false,1,25.00,5.56,true,1,
7290002439233,false,רולדת שוקולד ריצ' 450גרם,סהרון,IL,רולדת שוקולד ריצ,גרמים,450.00,100 גרם,false,1,25.00,5.56,true,1,
7290002439400,false,פיצה ביס גבינה+זיתים 700,נטו,IL,פיצה ביס זיתים,גרמים,700.00,100 גרם,false,8,27.70,3.96,true,1,
7290002439424,false,פיצה אישית 100%גבינה800ג,נטו,IL,פיצה אישית 100%גבינה800ג,גרמים,800.00,100 גרם,false,6,26.70,3.34,true,1,
7290002439998,false,קלאסיקו קבב בקר וכבש אלג,אלגרצ'ו,IL,קלאסיקו קבב,גרמים,400.00,100 גרם,false,1,25.70,6.43,true,1,
7290002479109,false,"דבש מפרחי בר 1 ק""ג",מכוורת עמק חפר,IL,דבש מפרחי בר,גרמים,1000.00,100 גרם,false,0,41.20,4.12,true,1,
7290002479352,false,דבש מפרחי בר 350 גרם,מכוורת עמק חפר,IL,דבש מפרחי בר,גרמים,350.00,100 גרם,false,0,17.10,4.89,true,1,
7290002479925,false,דבש לחיץ מפרחי בר 350גרם,מכוורת עמק חפר,IL,דבש לחיץ,גרמים,350.00,100 גרם,false,0,21.90,6.26,true,1,
7290002485001,false,חומוס מסעדות אהרוני 250ג,סלטי שמיר,IL,סלט חומוס,גרמים,250.00,100 גרם,false,0,8.30,3.32,true,1,
7290002485100,false,חציל+בצל+אגוזים אהרונ250,סלטי שמיר,IL,סלט חציל עם בצל,גרמים,250.00,100 גרם,false,0,13.80,5.52,true,1,
7290002485148,false,חציל קוביות+טחינה אהרוני,סלטי שמיר,IL,סלט חציל בטחינה,גרמים,280.00,100 גרם,false,0,13.80,4.93,true,1,
7290002485353,false,טונה טוניסאית אהרוני250ג,סלטי שמיר,IL,טונה טוניסאית,גרמים,250.00,100 גרם,false,0,13.80,5.52,true,1,
7290002487739,false,עוג.אוראו פאדג שוק.חל246,מונדלייז,ES,עוג.אוראו פאדג שוק.חל246,גרמים,246.00,100 גרם,false,0,19.40,7.89,true,1,
7290002487746,false,עוג.אוראו פאדג שוק.לב246,מונדלייז,ES,עוגיות אוראו,גרמים,246.00,100 גרם,false,0,19.40,7.89,true,1,
7290002515371,false,קמיל בלו אל סבון נוזלי1ל,פישר מעבדות פרמצבטיות,IL,קמיל בלו לתינוק,ליטרים,1.00,ליטר,false,0,17.90,17.90,true,1,
7290002517283,false,פלפל שחור במיכל 40 גרם,תבליני טעם וריח,IL,פלפל שחור,גרמים,40.00,100 גרם,false,0,10.80,27.00,true,1,
7290002517375,false,בזיליקום עלים 30 גרם,תבליני טעם וריח,IL,בזיליקום עלים,גרמים,30.00,100 גרם,false,0,7.80,26.00,true,1,
7290002517726,false,קינמון מקלות 15 גרם,תבליני טעם וריח,IL,קינמון מקלות,גרמים,15.00,100 גרם,false,0,6.80,45.33,true,1,
7290002517801,false,צ'ילי כתוש חריף 30 גרם,תבליני טעם וריח,IL,צ'ילי כתוש חריף,גרמים,30.00,100 גרם,false,0,6.80,22.67,true,1,
7290002517863,false,ציפורן טחון 40 גרם,תבליני טעם וריח,IL,ציפורן טחון,גרמים,40.00,100 גרם,false,0,11.80,29.50,true,1,
7290002541370,false,משקה סויה אלפרו 1 ליטר,אלפרו,IL,משקה סויה טבעי,ליטרים,1.00,ליטר,false,0,12.90,12.90,true,1,
7290002541479,false,"משקה סויה שוקו 250X3 מ""ל",אלפרו,BE,משקה סויה שוקו,מיליליטרים,750.00,"100 מ""ל",false,0,16.30,2.17,true,1,
7290002541981,false,משקה סויה ללא תוספת סוכר,אלפרו,IL,משקה סויה,ליטרים,1.00,ליטר,false,0,12.90,12.90,true,1,
7290002543237,false,קלוג'ס קורנפלקס 750 גרם,קלוג'ס,GB,קורנפלקס קלוגס,גרמים,750.00,100 גרם,false,0,16.90,2.25,true,1,
7290002657866,false,"פילה אמנון""דלידג מהדרין",דלידג - נטו,IL,פילה אמנון,קילוגרמים,0.00,"ק""ג",true,0,39.90,39.90,true,1,
7290002661115,false,"לחם הולנדי 1.200 ק""ג",מאפית ברמן,IL,"לחם הולנדי 1.200 ק""ג",קילוגרמים,1.20,"ק""ג",false,0,16.50,13.75,true,1,
7290002661153,false,"לחם דני קל 1 ק""ג",מאפית ברמן,IL,"לחם דני קל 1 ק""ג",גרמים,1000.00,100 גרם,false,0,16.50,1.65,true,1,
7290002663522,false,תפוזינה משקה קל תפוז1.5ל,יפאורה שותפות מובגלת לשיווק,IL,תפוזינה תפוזים,ליטרים,1.50,ליטר,false,0,5.90,3.93,true,1,
7290002663539,false,תפוזינה אשכוליות 1.5ליטר,יפאורה שותפות מובגלת לשיווק,IL,תפוזינה אשכוליות,ליטרים,1.50,ליטר,false,0,5.90,3.93,true,1,
7290002663805,false,שוופס טוניק 1.5 ליטר,יפאורה שותפות מובגלת לשיווק,IL,שוופס מי טוניק,ליטרים,1.50,ליטר,false,0,7.90,5.27,true,1,
7290002663881,false,אשכולינה דיאט 1.5 ליטר,יפאורה שותפות מובגלת לשיווק,IL,אשכולינה דיאט,ליטרים,1.50,ליטר,false,0,5.90,3.93,true,1,
7290002674306,false,משחה אקווה פרש מנטה 100מ,ג.' אס.קיו,GB,משחת שיניים,מיליליטרים,100.00,"100 מ""ל",false,0,6.90,6.90,true,1,
7290002674313,false,משחת מנטה עם פלרואיד100מ,ג.' אס.קיו,GB,משחת שיניים,מיליליטרים,100.00,"100 מ""ל",false,0,6.90,6.90,true,1,
7290002692393,false,שמן קנולה מועשר 1 ליטר,שמן תעשיות,IL,שמן קנולה מועשר,ליטרים,1.00,ליטר,false,0,13.80,13.80,true,1,
7290002692553,false,"זיתולה עץ הזית 750 מ""ל",שמן תעשיות,IL,זיתולה עץ הזית,מיליליטרים,750.00,"100 מ""ל",false,0,17.00,2.27,true,1,
7290002706168,false,פיצה טייסט פקטורי 505גרם,נטו,IL,פיצה טייסט פקטור,גרמים,505.00,100 גרם,false,0,25.30,5.01,true,1,
7290002706731,false,"רצועות פילה נילוס בעל""ז",דלידג - נטו,IL,"רצועות פילה נילוס בעל""ז",קילוגרמים,0.00,"ק""ג",true,0,54.90,54.90,true,1,
7290002706915,false,"פילה נסיכת נילוס ק""ג",דלידג - נטו,IL,פילה נסיכת נילוס,קילוגרמים,0.00,"ק""ג",true,0,39.90,39.90,true,1,
7290002715375,false,קבב יוני 400 גרם,טיבון ויל - נטו,IL,קבב יווני,גרמים,400.00,100 גרם,false,0,19.70,4.93,true,1,
7290002715504,false,מג'יק נודלס,,,מג'יק נודלס,גרמים,70.00,100 גרם,false,0,4.50,6.43,true,1,
7290002715511,false,ארוחת איטר.מג'יק-בשר70גר,,,ארוחת איטר.מג'יק-בשר70גר,גרמים,70.00,100 גרם,false,0,4.50,6.43,true,1,
7290002715580,false,ארוחת איטריות מג'יק-סיני,,SG,ארוחת איטריות מג'יק-סיני,גרמים,70.00,100 גרם,false,0,4.50,6.43,true,1,
7290002730262,false,פלמוליב קלאסי ירוק 750מל,קולגייט-פלמוליב,GR,פלמוליב לכלים,מיליליטרים,750.00,"100 מ""ל",false,0,9.70,1.29,true,1,
7290002730354,false,12 תחבושות הגיינה וניה,ג'ונסון,BE,תחבושות הגיינה,יחידה,1.00,יחידה,false,0,24.50,24.50,true,1,
7290002730514,false,"ג'ני ג'ל כביסה 200 מ""ל",קולגייט-פלמוליב,FR,"ג'ני ג'ל כביסה 200 מ""ל",מיליליטרים,200.00,"100 מ""ל",false,0,17.70,8.85,true,1,
7290002730675,false,"משחת קולגייט אדום 100מ""ל",קולגייט-פלמוליב,PL,"משחת קולגייט אדום 100מ""ל",מיליליטרים,100.00,"100 מ""ל",false,0,9.50,9.50,true,1,
7290002730811,false,משחה קולגייט ג'ל 100 גרם,קולגייט-פלמוליב,PL,משחת קולגייט ג'ל,מיליליטרים,100.00,"100 מ""ל",false,0,12.50,12.50,true,1,
7290002730910,false,סב.פלמוליב פרי הדר 100*4,קולגייט-פלמוליב,TR,סבון פלמוליב 4יח,גרמים,400.00,100 גרם,false,0,16.80,4.20,true,1,
7290002731467,false,פיצה דקה עגולה תפ' יח,שלושת האופים,IL,פיצה דקה עגולה תפ' יח,יחידה,1.00,יחידה,false,0,2.50,2.50,true,1,
7290002731474,false,פיצה דקה משולש תפ' יח,שלושת האופים,IL,פיצה דקה משולש תפ' יח,יחידה,1.00,יחידה,false,0,2.50,2.50,true,1,
7290002741077,false,כריות צוקולדה 750 גרם,יוניליוור,IL,כריות צוקולדה,גרמים,750.00,100 גרם,false,0,27.90,3.72,true,1,
7290002741091,false,חטיפי דגנים שוגי שוק8.יח,יוניליוור,IL,חטיפי דגנים 8 יח,גרמים,184.00,100 גרם,false,0,14.90,8.10,true,1,
7290002741169,false,דאב תחליב רחצה פיסטוק500,יוניליוור,DE,תחליב רחצה דאב,מיליליטרים,500.00,"100 מ""ל",false,0,10.00,2.00,true,1,
7290002741480,false,בייגלה שמיניות שומשום300,יוניליוור,IL,בייגלה שומשום,גרמים,300.00,100 גרם,false,1,7.90,2.63,true,1,
7290002741497,false,בייגלה אצבעות שומשום300ג,יוניליוור,IL,בייגלה שומשום,גרמים,300.00,100 גרם,false,0,7.90,2.63,true,1,
7290002741985,false,בייגלה שמיניות 60*6 גרם,יוניליוור,IL,בייגלה 6 יחידות,גרמים,360.00,100 גרם,false,0,12.80,3.56,true,1,
7290002752332,false,סוכ.מנטוס טעם פירות37.5ג,מנטוס,NL,סוכריות מנטוס,גרמים,37.00,100 גרם,false,0,3.30,8.92,true,1,
7290002752349,false,סוכ. מנטוס מנטה 37.5 גרם,מנטוס,NL,סוכריות מנטוס,גרמים,37.00,100 גרם,false,0,3.30,8.92,true,1,
7290002752493,false,סוכ.טיק טק מנטה 16X4גר,פררו - אלבה,EC,סוכריות טיק טק,גרמים,64.00,100 גרם,false,0,10.90,17.03,true,1,
7290002753223,false,סוכ.טיק טק תפוז 16X4 גר,פררו - אלבה,EC,סוכריות טיק טק,גרמים,64.00,100 גרם,false,0,10.90,17.03,true,1,
7290002753995,false,סט דרז'ה צבעוני קישוט150,וורנר טורנש,DE,סט דרז'ה צבעוני,גרמים,150.00,100 גרם,false,0,18.10,12.07,true,1,
7290002757139,false,מלווח 700 גרם,אופרה,IL,מלווח 700 גרם,גרמים,700.00,100 גרם,false,0,13.80,1.97,true,1,
7290002757511,false,קציצות דג לבישול 750 גרם,דלידג - נטו,IL,קציצות דג,גרמים,750.00,100 גרם,false,0,30.60,4.08,true,1,
7290002757528,false,"בורקס פילו תפו""א 700 גרם","שגמור בע""מ",IL,"בורקס פילו תפו""א 700 גרם",גרמים,700.00,100 גרם,false,0,20.70,2.96,true,1,
7290002757535,false,בור.פילו אצבעות גב700.גר,"שגמור בע""מ",IL,בור.פילו אצבעות גב700.גר,גרמים,700.00,100 גרם,false,0,20.70,2.96,true,1,
7290002768036,false,"מי פה תיאדנט 150מ""ל",קרליין,IL,מי פה תיאדנט,מיליליטרים,150.00,"100 מ""ל",false,0,16.80,11.20,true,1,
7290002768043,false,מי פה תיאדנט+פלאוריד150מ,קרליין,IL,מי פה תיאדנט,מיליליטרים,150.00,"100 מ""ל",false,0,16.80,11.20,true,1,
7290002768159,false,בת אורן סבון נוזלי 500מל,קרליין,IL,סבון אמבט בת אור,מיליליטרים,500.00,"100 מ""ל",false,0,18.60,3.72,true,1,
7290002771104,false,קפה אל נח'לה עם הל 500גר,קפה אל נח'לה,IL,קפה עם הל,גרמים,500.00,100 גרם,false,0,30.20,6.04,true,1,
7290002771111,false,קפה אל נח'לה עם הל250גרם,קפה אל נח'לה,IL,קפה עם הל,גרמים,250.00,100 גרם,false,0,15.70,6.28,true,1,
7290002771128,false,קפה אל נח'לה בלי הל 250ג,קפה אל נח'לה,IL,קפה בלי הל,גרמים,250.00,100 גרם,false,0,16.60,6.64,true,1,
7290002775010,false,מיני בורקס פילו גבינה 50,"שגמור בע""מ",IL,מיני בורקס פילו,גרמים,650.00,100 גרם,false,0,20.70,3.18,true,1,
7290002775720,false,קבב מזרחי חריף 500 גרם,טיבון ויל - נטו,IL,קבב מזרחי חריף,גרמים,500.00,100 גרם,false,0,19.70,3.94,true,1,
7290002775775,false,"טורט ריבת חלב קוקוס 1ק""ג",נטו,IL,"טורט ריבת חלב קוקוס 1ק""ג",קילוגרמים,1.00,"ק""ג",false,0,51.50,51.50,true,1,
7290002775782,false,עוג.טורט מצופה שוקולד 1ק,נטו,IL,עוג.טורט מצופה שוקולד 1ק,קילוגרמים,1.00,"ק""ג",false,0,51.50,51.50,true,1,
7290002775805,false,עוג.מוס גבינה פירורים850,נטו,,עוגת מוס גבינה,גרמים,850.00,100 גרם,false,0,53.90,6.34,true,1,
7290002782131,false,דאודורנט פ.רוזנבלום150מל,"ביסקול בע""מ",IL,דאודורנט פנינה,מיליליטרים,150.00,"100 מ""ל",false,0,24.70,16.47,true,1,
7290002782759,false,"קרם גוף מס2' פנינה340מ""ל",א.ל ארמן,IL,קרם גוף פנינה,מיליליטרים,340.00,"100 מ""ל",false,0,24.70,7.26,true,1,
7290002787709,false,גבינת אדם עלמה 150 גרם,מלקפול,PL,גבינת אדם עלמה,גרמים,150.00,100 גרם,false,1,6.50,4.33,true,1,
7290002787716,false,חמאה עלמה 100 גרם,מלקפול,PL,חמאה עלמה,גרמים,100.00,100 גרם,false,1,3.80,3.80,true,1,
7290002787730,false,שניצל דג תירס 600 גרם,דלידג - נטו,IL,שניצל דג תירס,גרמים,600.00,100 גרם,false,1,29.60,4.93,true,1,
7290002787747,false,שניצלוני דג ותירס 600 גר,דלידג - נטו,IL,שניצלוני דג תירס,גרמים,600.00,100 גרם,false,1,29.60,4.93,true,1,
7290002787754,false,קציצות דג וכרישה 500 גרם,דלידג - נטו,IL,קציצות דג כרישה,גרמים,500.00,100 גרם,false,1,34.60,6.92,true,1,
7290002787822,false,גב.גאודה עלמה פרוסה 400ג,מלקפול,PL,גבינת גאודה,גרמים,400.00,100 גרם,false,1,15.50,3.88,true,1,
7290002794422,false,קנט קלאסי ארוך חפיסה,bat,TR,קנט קלאסי יח',יחידה,1.00,יחידה,false,0,33.50,33.50,false,1,
7290002812522,false,פרלמנט ארוך RCB חפיסה,פיליפ מוריס,,פרלמנט ארוך יח,יחידה,1.00,יחידה,false,0,36.00,36.00,false,1,
7290002814047,false,אקונומיקה קצף ניקוי750מ,קומפלקס כימיקלים,IL,אקונומיקה קצף,מיליליטרים,750.00,"100 מ""ל",false,1,6.90,0.92,true,1,
7290002814078,false,אנטרטיק לניקוי אמבטיה1ל,קומפלקס כימיקלים,IL,אנטרטיק לאמבט,ליטרים,1.00,ליטר,false,0,6.90,6.90,true,1,
7290002814214,false,קצף ניקוי לכל.סניטרים750,קומפלקס כימיקלים,IL,קצף ניקוי,מיליליטרים,750.00,"100 מ""ל",false,0,10.30,1.37,true,1,
7290002814412,false,שמפו לכלים ירוק 1.5 ליטר,קומפלקס כימיקלים,IL,שמפו לכלים,ליטרים,1.50,ליטר,false,0,10.00,6.67,true,1,
7290002814511,false,סבונומיקה 4 ליטר,קומפלקס כימיקלים,IL,סבונומיקה,ליטרים,4.00,ליטר,false,0,9.80,2.45,true,1,
7290002814528,false,נוזל לאסלה מס' 1 1 ליטר,קומפלקס כימיקלים,IL,נוזל לאסלה מס' 1,ליטרים,1.00,ליטר,false,0,6.60,6.60,true,1,
7290002814928,false,פרלמנט קצר בודד,פיליפ מוריס,IL,פרלמנט קצר בודד,יחידה,1.00,יחידה,false,0,36.00,36.00,false,1,
7290002824183,false,גב.סקי משפחתי5%שומן500ג,שטראוס,IL,גבינת סקי 5%,גרמים,500.00,100 גרם,false,0,9.60,1.92,true,1,
7290002824466,false,יוגורט ביו 0% דנונה 200ג,שטראוס,IL,יוגורט ביו 0%,גרמים,200.00,100 גרם,false,0,3.60,1.80,true,1,
7290002824640,false,גב.סקי5%לבנה מעודנת250ג,שטראוס,IL,גבינת סקי 5%,גרמים,250.00,100 גרם,false,0,4.80,1.92,true,1,
7290002825692,false,סלט חומוס אחלה 500 גרם,שטראוס,IL,סלט חומוס,גרמים,500.00,100 גרם,false,0,9.80,1.96,true,1,
7290002825722,false,כרוב אדום אחלה 500 גרם,שטראוס,IL,סלט כרוב אחלה,גרמים,500.00,100 גרם,false,0,13.80,2.76,true,1,
7290002833923,false,פרלמנט סילבר חפיסה,פיליפ מוריס,US,פרלמנט סילבר,יחידה,1.00,יחידה,false,0,36.00,36.00,false,1,
7290002845122,false,ל.מ. סילבר לייבל חפיסה,פיליפ מוריס,,ל.מ. סילבר ליי,יחידה,1.00,יחידה,false,0,31.50,31.50,false,1,
7290002854528,false,ל.מ. רד לייבל קצר,פיליפ מוריס,US,ל.מ. רד לייבל,יחידה,1.00,יחידה,false,0,31.50,31.50,false,1,
7290002862000,false,אריסה תוניסאית 250 גרם,"הררית מזון בע""מ",IL,אריסה תוניסאית,גרמים,250.00,100 גרם,false,0,11.90,4.76,true,1,
7290002862017,false,שום כתוש 250 גרם,"הררית מזון בע""מ",IL,שום כתוש,גרמים,250.00,100 גרם,false,0,11.90,4.76,true,1,
7290002862369,false,עמבה בצנצנת,,IL,עמבה בצנצנת,גרמים,260.00,100 גרם,false,0,11.90,4.58,true,1,
7290002868446,false,גב.מותכת ניו-יורק 25*4גר,טרה,IL,גב.מותכת ניו-יורק 25*4גר,גרמים,100.00,100 גרם,false,0,6.50,6.50,true,1,
7290002868996,false,קוטג' 5%מועשר בסידן 250ג,טרה,IL,קוטג' 5% מועשר,גרמים,250.00,100 גרם,false,0,5.20,2.08,true,1,
7290002871248,false,"טובורג רד בק.חוזר 500מ""ל",קרלסברג ישראל,IL,בירה טובורג רד,מיליליטרים,500.00,"100 מ""ל",false,0,8.40,1.68,true,1,
7290002871361,false,בירה קרלסברג בק.חוזר500מ,קרלסברג ישראל,IL,בירה קרלסברג,מיליליטרים,500.00,"100 מ""ל",false,0,8.40,1.68,true,1,
7290002871446,false,פריגת ענבים 1.5 ליטר,פריגת,IL,פריגת ענבים,ליטרים,1.50,ליטר,false,0,6.50,4.33,true,1,
7290002871460,false,פריגת תפוזים 1.5 ליטר,פריגת,IL,פריגת תפוזים,ליטרים,1.50,ליטר,false,0,6.50,4.33,true,1,
7290002871477,false,פריגת אשכוליות 1.5 ליטר,פריגת,IL,פריגת אשכוליות,ליטרים,1.50,ליטר,false,0,6.50,4.33,true,1,
7290002871484,false,דיאט פריגת תפוזים 1.5 ל',פריגת,IL,פריגת דיאט תפוז,ליטרים,1.50,ליטר,false,0,6.50,4.33,true,1,
7290002871491,false,דיאט פריגת אשכוליות1.5ל,פריגת,IL,פריגת דיאט אשכול,ליטרים,1.50,ליטר,false,0,6.50,4.33,true,1,
7290002874629,false,פרלמנט ארוך RCB בלו חפ,פיליפ מוריס,,פרלמנט ארוך יח,יחידה,1.00,יחידה,false,0,36.00,36.00,false,1,
7290002881209,false,"רסק תפו""ע 700 גרם",KONSERVENFABRIEK BALTUSSEN,US,"רסק תפו""ע",גרמים,700.00,100 גרם,false,0,10.00,1.43,true,1,
7290002881216,false,"רסק תפו""ע דיאט צנצנת700ג",KONSERVENFABRIEK BALTUSSEN,NL,"רסק תפו""ע דיאט",גרמים,700.00,100 גרם,false,0,10.00,1.43,true,1,
7290002900566,false,פסטרמה ברביקיו מופחת360ג,טירת צבי,IL,פסטרמה ברביקיו,גרמים,360.00,100 גרם,false,0,29.90,8.31,true,1,
7290002904694,false,דאו.טיטניום תרסיס 180 מל,קרליין,,דאודורנט טיטניום,מיליליטרים,180.00,"100 מ""ל",false,0,16.80,9.33,true,1,
7290002921165,false,הזלין לניקוי עור,,CH,הזלין לניקוי עור,מיליליטרים,400.00,"100 מ""ל",false,0,38.90,9.73,true,1,
7290002929512,false,פלאפל 500 גרם,שלושת האופים,IL,פלאפל 500 גרם,גרמים,500.00,100 גרם,false,0,13.80,2.76,true,1,
7290002929536,false,קובה למרק 600 גרם,שלושת האופים,IL,קובה למרק 600 גרם,גרמים,600.00,100 גרם,false,0,16.80,2.80,true,1,
7290002929642,false,טונה בשמן 4 יח,,IL,טונה בשמן 4 יח,גרמים,560.00,100 גרם,false,0,19.50,3.48,true,1,
7290002939108,false,חזה עוף טרי ארוז עטרה לק,שונות,IL,חזה עוף טרי עטרה,קילוגרמים,0.00,"ק""ג",true,0,38.60,38.60,true,1,
7290002939177,false,גרון הודו טרי ארוז עטרה,שונות,IL,גרון הודו טרי,קילוגרמים,0.00,"ק""ג",true,0,27.70,27.70,true,1,
7290002954026,false,"שמן תירס ""שוקחה"" 3 ליטר",a.o.r,AR,"שמן תירס ""שוקח",ליטרים,3.00,ליטר,false,0,28.30,9.43,true,1,
7290002954187,false,אורז יסמין,,IL,אורז יסמין,קילוגרמים,5.00,"ק""ג",false,0,38.60,7.72,true,1,
7290002954200,false,אורז יסמין,,TH,אורז יסמין,קילוגרמים,1.00,"ק""ג",false,0,8.80,8.80,true,1,
7290002954460,false,"אורז אוסטרלי עגול 1 ק""ג",רייס גרוברס,AU,אורז אוסטרלי,קילוגרמים,1.00,"ק""ג",false,0,9.40,9.40,true,1,
7290002958208,false,רויאל כחול,,IL,רויאל כחול,יחידה,1.00,יחידה,false,0,214.90,214.90,false,1,
7290002987963,false,"חומוס אחלה 1 ק""ג",שטראוס,IL,"חומוס אחלה 1 ק""ג",קילוגרמים,1.00,"ק""ג",false,0,13.80,13.80,true,1,
7290003009138,false,סירופ לימונים פריגת 750מ,פריגת,IL,סירופ לימונים,מיליליטרים,750.00,"100 מ""ל",false,0,11.90,1.59,true,1,
7290003009145,false,"סירופ ענבים פריגת 750מ""ל",פריגת,IL,סירופ ענבים,מיליליטרים,750.00,"100 מ""ל",false,0,11.90,1.59,true,1,
7290003009152,false,"סירופ פטל פריגת 750 מ""ל",פריגת,IL,סירופ פטל,מיליליטרים,750.00,"100 מ""ל",false,0,11.90,1.59,true,1,
7290003009183,false,"סירופ תפוחים דיאט 750מ""ל",פריגת,IL,סירופ תפוחים,מיליליטרים,750.00,"100 מ""ל",false,0,17.00,2.27,true,1,
7290003009589,false,"סירופ לימונים דיאט750מ""ל",פריגת,IL,סירופ לימונים,מיליליטרים,750.00,"100 מ""ל",false,0,17.00,2.27,true,1,
7290003009596,false,סירופ אשכוליות דיאט750מל,פריגת,IL,סירופ אשכוליות,מיליליטרים,750.00,"100 מ""ל",false,0,17.00,2.27,true,1,
7290003009619,false,סירופ ענבים פריגת 1.5 ל',פריגת,IL,סירופ ענבים,ליטרים,1.50,ליטר,false,0,19.70,13.13,true,1,
7290003009633,false,סירופ לימונים פריגת 1.5ל,פריגת,IL,סירופ לימונים,ליטרים,1.50,ליטר,false,0,19.70,13.13,true,1,
7290003015467,false,תחליב רחצה בייבי כיף 1ל,קוסמופארם,IL,תחליב רחצה בייבי,ליטרים,1.00,ליטר,false,0,15.00,15.00,true,1,
7290003015474,false,מגבונ.עבים בייבי כיף72*4,קוסמופארם,IL,מגבוני בייבי כיף,יחידה,1.00,יחידה,false,0,17.90,17.90,true,1,
7290003015627,false,סנו ריצפז פרש אפרסק2ליטר,סנו,IL,ריצפז פרש,ליטרים,2.00,ליטר,false,0,18.70,9.35,true,1,
7290003023165,false,שוקו בכד יטבתה 2 ליטר,יטבתה,IL,שוקו בכד יטבתה,ליטרים,2.00,ליטר,false,0,19.90,9.95,true,1,
7290003026036,false,קמיל בלו סנסיטיב ורוד 1ל,פישר מעבדות פרמצבטיות,IL,קמיל בלו סנסיטיב ורוד 1ל,ליטרים,1.00,ליטר,false,0,19.90,19.90,true,1,
7290003029112,false,חלב 3% מועשר בסידן 1 ל',יטבתה,IL,חלב מועשר בסידן,ליטרים,1.00,ליטר,false,0,9.00,9.00,true,1,
7290003029181,false,שוקו יטבתה בבקבוק 1 ליטר,יטבתה,IL,שוקו יטבתה,ליטרים,1.00,ליטר,false,0,11.80,11.80,true,1,
7290003029372,false,משקה חלב בננה בקבוק 1 ל',שטראוס,IL,משקה חלב בננה,ליטרים,1.00,ליטר,false,0,11.80,11.80,true,1,
7290003029389,false,משקה בננה יטבתה+פקק 250מ,יטבתה,IL,משקה בננה,מיליליטרים,250.00,"100 מ""ל",false,0,5.30,2.12,true,1,
7290003029433,false,שוקו יטבתה+פקק נשלף 250מ,יטבתה,IL,שוקו יטבתה,מיליליטרים,250.00,"100 מ""ל",false,0,5.30,2.12,true,1,
7290003029532,false,מוקה יטבתה בקבוק 2% 1ל,שטראוס,IL,מוקה יטבתה בקבוק,ליטרים,1.00,ליטר,false,0,11.80,11.80,true,1,
7290003029617,false,"שמנת מנה אישית 100 מ""ל",יטבתה,IL,שמנת מנה אישית,מיליליטרים,100.00,"100 מ""ל",false,0,1.90,1.90,true,1,
7290003029792,false,מארז שוקו יטבתה 225*8 מל,יטבתה,IL,שקיות שוקו 8 יח',ליטרים,1.80,ליטר,false,0,18.70,10.39,true,1,
7290003029815,false,חלב מועשר יטבתה 3%כד 2ל',יטבתה,IL,חלב מועשר יטבתה,ליטרים,2.00,ליטר,false,0,15.00,7.50,true,1,
7290003031733,false,פסטרמה על גחלים 400 גרם,טירת צבי,IL,פסטרמה על גחלים,גרמים,400.00,100 גרם,false,0,29.60,7.40,true,1,
7290003031740,false,פסטרמה הודו בדבש 400 גרם,טירת צבי,IL,פסטרמה הודו בדבש,גרמים,400.00,100 גרם,false,0,31.40,7.85,true,1,
7290003047635,false,ליפטון ילו לייבל25שק1.5*,יוניליוור,IN,תה ילו לייבל,גרמים,37.00,100 גרם,false,0,7.50,20.27,true,1,
7290003047642,false,ליפטון ילו לייבל100ש1.5*,יוניליוור,IN,תה ילו לייבל,גרמים,150.00,100 גרם,false,0,11.90,7.93,true,1,
7290003054657,false,חרדל אקסטרא פורטה 370גרם,ריין דיג'ון,FR,חרדל דיז'ון,גרמים,370.00,100 גרם,false,0,11.60,3.14,true,1,
7290003069583,false,סטייק סלמון פרוס נורווגי,דלידג - נטו,XX,סטייק סלמון,קילוגרמים,0.00,"ק""ג",true,0,49.50,49.50,true,1,
7290003069682,false,בצק פילאס 500 גרם,"שגמור בע""מ",IL,בצק פילאס,גרמים,500.00,100 גרם,false,0,18.70,3.74,true,1,
7290003075553,false,לבנה רג'ב 500 גרם,מחלבת רג'ב,IL,לבנה רג'ב,גרמים,500.00,100 גרם,false,0,16.80,3.36,true,1,
7290003075652,false,לבנה 11%שומן 250 גרם,מחלבת רג'ב,IL,לבנה רג'ב,גרמים,250.00,100 גרם,false,0,8.80,3.52,true,1,
7290003075805,false,גב. ברינזה רג'ב15% 400ג,מחלבת רג'ב,IL,גב. ברינזה רג'ב15% 400ג,גרמים,400.00,100 גרם,false,0,24.70,6.18,true,1,
7290003075850,false,לבנה עם זעתר 250 גרם,מחלבת רג'ב,IL,לבנה עם זעתר,גרמים,250.00,100 גרם,false,0,9.80,3.92,true,1,
7290003081066,false,מגבונים הלו קיטי,,IL,מגבונים הלו קיטי,יחידה,1.00,יחידה,false,0,5.90,5.90,true,1,
7290003107216,false,"קמח לבן 1 ק""ג",טחנת קמח דגן לישראל,IL,קמח לבן,קילוגרמים,1.00,"ק""ג",false,0,4.90,4.90,true,1,
7290003107223,false,"סולת 1 ק""ג",טחנת קמח דגן לישראל,IL,סולת,קילוגרמים,1.00,"ק""ג",false,0,4.90,4.90,true,1,
7290003107247,false,שמרים יבשים אינסטנט33גרם,שטיבל,IL,שמרים יבשים,גרמים,33.00,100 גרם,false,0,5.00,15.15,true,1,
7290003107353,false,משפר אפייה ביתי 30 גרם,שטיבל,,משפר אפייה ביתי,גרמים,30.00,100 גרם,false,0,5.90,19.67,true,1,
7290003119110,false,קוקה קולה 1.5*6 ליטר,החברה המרכזית לייצור משקאות,IL,קוקה קולה 6 יח,ליטרים,9.00,ליטר,false,0,35.90,3.99,true,1,
7290003119165,false,קוקה קולה דיאט 1.5*6ל,החברה המרכזית לייצור משקאות,IL,קולה דיאט 6 יח,ליטרים,9.00,ליטר,false,0,35.90,3.99,true,1,
7290003126958,false,טופו טבעי בוואקום 300גרם,משק צוריאל תבור,IL,טופו טבעי בוואקום 300גרם,גרמים,300.00,100 גרם,false,0,12.80,4.27,true,1,
7290003130184,false,"פיניש מלח למדיח 2*2 ק""ג",רקיט בנקיזר,IL,מלח למדיח 2 יח,קילוגרמים,4.00,"ק""ג",false,0,26.40,6.60,true,1,
7290003133123,false,לחם מקמח שיפון,,IL,לחם מקמח שיפון,גרמים,750.00,100 גרם,false,0,11.80,1.57,true,1,
7290003141159,false,מרשמלו יוגטה 180 גרם,סאאדת,IL,מרשמלו יוגטה,גרמים,180.00,100 גרם,false,0,8.80,4.89,true,1,
7290003143146,false,ממרח תמרים גת 450 גרם,טעמי הגליל,IL,ממרח תמרים,גרמים,450.00,100 גרם,false,0,5.90,1.31,true,1,
7290003144082,false,עוגות אישיות צ'וקטה300גר,קונדיטוריה אס.פי.אי,IT,עוגות אישיות,גרמים,300.00,100 גרם,false,1,15.80,5.27,true,1,
7290003144105,false,עוגות אישיות קרמל 300גרם,קונדיטוריה אס.פי.אי,IT,עוגות אישיות,גרמים,300.00,100 גרם,false,1,15.80,5.27,true,1,
7290003144297,false,עוגה מגולגלת קקאו300ג,קונדיטוריה אס.פי.אי,IT,עוגה מגולגלת,גרמים,300.00,100 גרם,false,1,15.80,5.27,true,1,
7290003151080,false,שוק.פרה מריר מגדים100*4ג,עלית,IL,שוקולד מריר 4 יח,גרמים,400.00,100 גרם,false,0,19.60,4.90,true,1,
7290003153831,false,שוש חטיף בוטנים 80 גרם,עלית,IL,שוש חטיף בוטנים,גרמים,80.00,100 גרם,false,0,3.90,4.88,true,1,
7290003185719,false,קבב רומני 500 גרם,טיבון ויל - נטו,IL,קבב רומני,גרמים,500.00,100 גרם,false,0,21.30,4.26,true,1,
7290003185726,false,קבב מזרחי 500 גרם,טיבון ויל - נטו,IL,קבב מזרחי,גרמים,500.00,100 גרם,false,0,19.30,3.86,true,1,
7290003187843,false,טחון עגל 100% 500 גרם,טיבון ויל - נטו,IL,טחון עגל 100%,גרמים,500.00,100 גרם,false,0,29.30,5.86,true,1,
7290003189076,false,פיצרלה מגורדת22% 500 גרם,כפיר,IL,פיצרלה מגורדת,גרמים,500.00,100 גרם,false,0,19.70,3.94,true,1,
7290003189205,false,הצהובה לייט 9%קלאסית200ג,כפיר,IL,הצהובה טובה לייט,גרמים,200.00,100 גרם,false,0,10.00,5.00,true,1,
7290003189267,false,הצהובה הטובה קלאס5% 200ג,כפיר,IL,הצהובה טובה לייט,גרמים,200.00,100 גרם,false,0,10.90,5.45,true,1,
7290003229147,false,סלמי איטלקי 300 גרם,טירת צבי,IL,סלמי איטלקי,גרמים,300.00,100 גרם,false,0,28.90,9.63,true,1,
7290003229154,false,סלמי קוניאק 300 גרם,טירת צבי,IL,סלמי קוניאק,גרמים,300.00,100 גרם,false,0,28.90,9.63,true,1,
7290003229178,false,סרוולד 250 גרם,טירת צבי,IL,סרוולד,גרמים,250.00,100 גרם,false,0,38.20,15.28,true,1,
7290003229222,false,סלמי תה משובח 300 גרם,טירת צבי,IL,סלמי תה משובח,גרמים,300.00,100 גרם,false,0,21.20,7.07,true,1,
7290003231447,false,חטיפי דגנים כריות 150גרם,יוניליוור,IL,חטיפי כריות,גרמים,150.00,100 גרם,false,0,19.70,13.13,true,1,
7290003231508,false,שמפו פינוק עם קרטין 700,יוניליוור,IL,שמפו פינוק,מיליליטרים,700.00,"100 מ""ל",false,0,10.00,1.43,true,1,
7290003231607,false,מרכך פינוק עם קרטין 700,יוניליוור,IL,מרכך פינוק,מיליליטרים,700.00,"100 מ""ל",false,0,10.00,1.43,true,1,
7290003231614,false,סבון פינוק עם קרטין 700,יוניליוור,IL,סבון פינוק,מיליליטרים,700.00,"100 מ""ל",false,0,10.00,1.43,true,1,
7290003319121,false,גפילטע פיש 4 קציצות470גר,,,גפילטע פיש 4 קציצות470גר,גרמים,470.00,100 גרם,false,0,15.80,3.36,true,1,
7290003319152,false,גפילטע פיש 6 יח',,,גפילטע פיש 6 יח',גרמים,670.00,100 גרם,false,0,21.70,3.24,true,1,
7290003321155,false,דנונה בר פקאן 183 גרם,שטראוס,IL,דנונה בר פקאן,גרמים,183.00,100 גרם,false,0,4.50,2.46,true,1,
7290003321292,false,גב.סקי 9% שומן 250 גרם,שטראוס,IL,גבינת סקי 9%,גרמים,250.00,100 גרם,false,0,4.90,1.96,true,1,
7290003387205,false,דאו.ספיד סטיק לגבר 56 גר,קולגייט-פלמוליב,US,דאודורנט סטיק,גרמים,56.00,100 גרם,false,0,19.70,35.18,true,1,
7290003387373,false,דאו.ספיד סטיק ספורט50גרם,קולגייט-פלמוליב,US,דאודורנט,גרמים,50.00,100 גרם,false,0,19.70,39.40,true,1,
7290003401642,false,קר.לחות לתלתלים נטורל400,קרליין,IL,קרם לחות לשיער,מיליליטרים,400.00,"100 מ""ל",false,0,21.80,5.45,true,1,
7290003411238,false,שמרים יבשים 500 גרם,הנמל,BE,שמרים יבשים,גרמים,500.00,100 גרם,false,0,14.00,2.80,true,1,
7290003411429,false,שמרים יבשים 3 יחX' 11גרם,הנמל,BE,שמרים יבשים,גרמים,33.00,100 גרם,false,0,5.30,16.06,true,1,
7290003411726,false,קיסמים מלחיה 300 יחידות,הנמל,IL,קיסמי שיניים,יחידה,1.00,יחידה,false,0,3.80,3.80,true,1,
7290003411993,false,גפרורים 10 יח',הנמל,IL,גפרורים,יחידה,1.00,יחידה,false,0,3.20,3.20,true,1,
7290003427154,false,"שמן זית כתית מעולה750מ""ל",זיתא,IL,שמן זית כתית,מיליליטרים,750.00,"100 מ""ל",false,0,35.90,4.79,true,1,
7290003438006,false,רוטב פסטו אוליביה 180 גר,אוליביה,IL,רוטב פסטו,גרמים,180.00,100 גרם,false,0,11.00,6.11,true,1,
7290003438020,false,ממרח עגבניות 190 גרם,אוליביה,IL,ממרח עגבניות,גרמים,190.00,100 גרם,false,0,11.00,5.79,true,1,
7290003438051,false,לימון כבוש 280 גרם,אוליביה,IL,לימון כבוש,גרמים,280.00,100 גרם,false,1,16.90,6.04,true,1,
7290003438587,false,פסטו בזיליקום 135 גרם,אוליביה,IL,פסטו בזיליקום,גרמים,135.00,100 גרם,false,0,10.80,8.00,true,1,
7290003438624,false,אריסה מתוקה עם לימון140ג,אוליביה,,אריסה מתוקה,גרמים,140.00,100 גרם,false,0,9.80,7.00,true,1,
7290003449305,false,חט.ריזס קריספי קראנצ'י48,הרשי שוקולד,US,חטיף ריזס,גרמים,48.00,100 גרם,false,1,4.90,10.21,true,1,
7290003450022,false,מיולייט היינץ 430 גרם,היינץ,IL,מיולייט היינץ,גרמים,430.00,100 גרם,false,0,10.00,2.33,true,1,
7290003450091,false,מיונז אמיתי היינץ 430גרם,היינץ,ES,מיונז היינץ,גרמים,430.00,100 גרם,false,0,10.00,2.33,true,1,
7290003450602,false,חרדל אמיתי היינץ 255 גרם,היינץ,US,חרדל אמיתי,גרמים,255.00,100 גרם,false,0,10.80,4.24,true,1,
7290003451012,false,בקלה צעיר קפוא,,IL,בקלה צעיר קפוא,קילוגרמים,0.00,"ק""ג",true,0,17.90,17.90,true,1,
7290003451043,false,סול ארוז קפוא,בלדי,CN,סול ארוז,קילוגרמים,0.00,"ק""ג",true,0,22.90,22.90,true,1,
7290003457991,false,6חטיפי גל.קורנטו קלאסיקו,שטראוס,IL,6חטיפי גל.קורנטו קלאסיקו,גרמים,300.00,100 גרם,false,0,33.60,11.20,true,1,
7290003514007,false,שקדי מרק 400 גרם,מנה,IL,שקדי מרק מנה,גרמים,400.00,100 גרם,false,0,8.80,2.20,true,1,
7290003514038,false,קראנצ'וס גריל 70 גרם,מנה,IL,קראנצ'וס גריל 70 גרם,גרמים,70.00,100 גרם,false,0,3.60,5.14,true,1,
7290003514045,false,קראנצ'וס ברביקיו 70 גרם,מנה,IL,קראנצ'וס ברביקיו 70 גרם,גרמים,70.00,100 גרם,false,0,3.60,5.14,true,1,
7290003514052,false,קראנצ'וס פלאפל 70 גרם,מנה,IL,קראנצ'וס פלאפל,גרמים,70.00,100 גרם,false,0,3.60,5.14,true,1,
7290003514069,false,קראנצ'וס בצל 70 גרם,מנה,IL,קראנצ'וס בצל,גרמים,70.00,100 גרם,false,0,3.60,5.14,true,1,
7290003514571,false,פריכיות אורז עם מלח 100ג,מנה,IL,פריכיות אורז,גרמים,100.00,100 גרם,false,0,5.60,5.60,true,1,
7290003514588,false,פריכיות אורז ללא מלח100ג,מנה,IL,פריכיות אורז,גרמים,100.00,100 גרם,false,0,5.60,5.60,true,1,
7290003514618,false,פרונטו קלאסי 50 גרם,מנה,IL,פרונטו קלאסי,גרמים,50.00,100 גרם,false,0,4.50,9.00,true,1,
7290003514625,false,פרונטו נאצ'וס 50 גרם,מנה,IL,פרונטו נאצ'וס,גרמים,50.00,100 גרם,false,0,4.50,9.00,true,1,
7290003514717,false,רב דגנים קלאסי 40 גרם,מנה,IL,רב דגנים קלאסי,גרמים,40.00,100 גרם,false,0,4.00,10.00,true,1,
7290003514816,false,לבבות גריל 40 גרם,מנה,IL,לבבות גריל,גרמים,40.00,100 גרם,false,0,3.80,9.50,true,1,
7290003521166,false,"סרקל קרם רוזמרי 325 מ""ל",פישר מעבדות פרמצבטיות,IL,סרקל קרם רוזמרין,מיליליטרים,325.00,"100 מ""ל",false,0,19.90,6.12,true,1,
7290003521197,false,סרקל תרסיס מתיר קשרים340,פישר מעבדות פרמצבטיות,IL,סרקל מתיר קשרים,מיליליטרים,340.00,"100 מ""ל",false,0,19.90,5.85,true,1,
7290003526161,false,פילה אנשובי,,IL,פילה אנשובי,גרמים,75.00,100 גרם,false,0,9.90,13.20,true,1,
7290003527366,false,אטריות ביצים נודלס400גרם,ויליגר,CN,אטריות ביצים נודלס400גרם,גרמים,400.00,100 גרם,false,0,4.40,1.10,true,1,
7290003539161,false,תפוח עץ יבש 200גרם,שקדיה,IL,תפוח עץ יבש,גרמים,200.00,100 גרם,false,0,14.80,7.40,true,1,
7290003550753,false,טונה פוסידון בשמן108*4ג,פוסידון תעשיות,IL,טונה בשמן 4 יח',גרמים,432.00,100 גרם,false,0,22.90,5.30,true,1,
7290003550937,false,רגל פרוסה קפוא קג,טיבון ויל - נטו,IL,רגל פרוסה קג,קילוגרמים,0.00,"ק""ג",true,0,35.90,35.90,true,1,
7290003578177,false,תירס צעיר שלם,,TH,תירס צעיר שלם,גרמים,410.00,100 גרם,false,0,5.60,1.37,true,1,
7290003578412,false,חצאי אפרסק בסירופ 820גרם,,CN,חצאי אפרסק בסירופ 820גרם,גרמים,820.00,100 גרם,false,0,7.00,0.85,true,1,
7290003608089,false,ספרינג תות-בננה 1.5 ליטר,יפאורה שותפות מובגלת לשיווק,IL,ספרינג תות בננה,ליטרים,1.50,ליטר,false,0,6.20,4.13,true,1,
7290003608546,false,תפוזינה תות בננה 1.5ליטר,יפאורה שותפות מובגלת לשיווק,IL,תפוזינה תות בננה,ליטרים,1.50,ליטר,false,0,5.90,3.93,true,1,
7290003608560,false,קולה R.C. 1.5 ליטר,יפאורה שותפות מובגלת לשיווק,IL,R.C קולה,ליטרים,1.50,ליטר,false,0,4.60,3.07,true,1,
7290003608621,false,קולה RC מארז 1.5*6 ליטר,יפאורה שותפות מובגלת לשיווק,IL,RC קולה 6 יח',ליטרים,9.00,ליטר,false,0,23.90,2.66,true,1,
7290003608898,false,תפוזינה דיאט 1.5 ליטר,יפאורה שותפות מובגלת לשיווק,IL,תפוזינה דיאט,ליטרים,1.50,ליטר,false,0,5.90,3.93,true,1,
7290003643004,false,אורז בסמטי קלאסי בשקית1ק,סוגת,IL,אורז בסמטי קלאסי,קילוגרמים,1.00,"ק""ג",false,0,14.90,14.90,true,1,
7290003643325,false,קוסקוס בינוני 350 גרם,סוגת,IL,קוסקוס בינוני,גרמים,350.00,100 גרם,false,0,5.90,1.69,true,1,
7290003643387,false,"סוכר לבן צנצנת 1 ק""ג",סוגת,IL,"סוכר לבן צנצנת 1 ק""ג",קילוגרמים,1.00,"ק""ג",false,0,5.90,5.90,true,1,
7290003643646,false,"סוכר דמררה צנצנת 1 ק""ג",סוגת,IL,"סוכר דמררה צנצנת 1 ק""ג",קילוגרמים,1.00,"ק""ג",false,0,10.90,10.90,true,1,
7290003643684,false,אפונה 500 גרם,סוגת,IL,אפונה 500 גרם,גרמים,500.00,100 גרם,false,0,5.90,1.18,true,1,
7290003643714,false,חומוס לבן גרגרים 500 גרם,סוגת,IL,חומוס לבן,גרמים,500.00,100 גרם,false,0,6.10,1.22,true,1,
7290003643738,false,חיטה 500 גרם,סוגת,IL,חיטה 500 גרם,גרמים,500.00,100 גרם,false,0,5.90,1.18,true,1,
7290003643745,false,כוסמת 500 גרם,סוגת,IL,כוסמת,גרמים,500.00,100 גרם,false,0,7.80,1.56,true,1,
7290003643752,false,עדשים ירוקות 500 גרם,סוגת,IL,עדשים ירוקות,גרמים,500.00,100 גרם,false,0,5.90,1.18,true,1,
7290003643769,false,עדשים אדומות 500 גרם,סוגת,IL,עדשים אדומות,גרמים,500.00,100 גרם,false,0,5.90,1.18,true,1,
7290003643776,false,פופקורן 500 גרם,סוגת,IL,פופקורן 500 גרם,גרמים,500.00,100 גרם,false,0,5.90,1.18,true,1,
7290003643806,false,שעועית לבנה 500 גרם,סוגת,IL,שעועית לבנה,גרמים,500.00,100 גרם,false,0,11.80,2.36,true,1,
7290003643813,false,שעועית אדומה 500 גרם,סוגת,IL,שעועית אדומה,גרמים,500.00,100 גרם,false,0,10.70,2.14,true,1,
7290003643820,false,חומוס לבן ענק 500 גרם,סוגת,IL,חומוס לבן ענק,גרמים,500.00,100 גרם,false,0,7.80,1.56,true,1,
7290003667109,false,פאנטה אורנג' 1.5 ל',החברה המרכזית לייצור משקאות,IL,פאנטה אורנג',ליטרים,1.50,ליטר,false,0,6.90,4.60,true,1,
7290003667369,false,פריגת תות-בננה 1.5ל,פריגת,IL,פריגת תות בננה,ליטרים,1.50,ליטר,false,0,6.50,4.33,true,1,
7290003667673,false,פנטה דיאט אורנג' 1.5ליטר,החברה המרכזית לייצור משקאות,IL,פנטה דיאט אורנג',ליטרים,1.50,ליטר,false,0,6.90,4.60,true,1,
7290003719006,false,לחם ליבו שיפון 80% 750גר,מאפית ברמן,IL,לחם ליבו שיפון 80% 750גר,גרמים,750.00,100 גרם,false,0,13.80,1.84,true,1,
7290003719259,false,לחם אקסקלוסיבי שיפ.מלא1ק,מאפית ברמן,IL,לחם אקסקלוסיבי שיפ.מלא1ק,קילוגרמים,1.00,"ק""ג",false,0,14.80,14.80,true,1,
7290003719280,false,לחם דגנים 750 גרם,מאפית ברמן,IL,לחם דגנים 750 גרם,גרמים,750.00,100 גרם,false,0,15.80,2.11,true,1,
7290003727667,false,"סלט חומוס צבר 1 ק""ג",צבר,IL,סלט חומוס צבר,קילוגרמים,1.00,"ק""ג",false,0,14.90,14.90,true,1,
7290003744428,false,אובלטים+קימל שקית 300 גר,"ברט בע""מ",IL,אובלטים מלוחים,גרמים,300.00,100 גרם,false,0,10.00,3.33,true,1,
7290003744855,false,אובלטים שומשום 300 גרם,"ברט בע""מ",IL,אובלטים שומשום,גרמים,300.00,100 גרם,false,0,10.00,3.33,true,1,
7290003804221,false,ברנפלקס מייפל 500 גרם,יוניליוור,IL,ברנפלקס מייפל,גרמים,500.00,100 גרם,false,0,17.90,3.58,true,1,
7290003804320,false,תיבול.קנור שום+פטרוזיל72,יוניליוור,IL,תיבוליות קנור,גרמים,72.00,100 גרם,false,0,7.90,10.97,true,1,
7290003804368,false,תיבול.קנור בזיליקום72גרם,יוניליוור,IL,תיבוליות קנור,גרמים,72.00,100 גרם,false,0,7.90,10.97,true,1,
7290003804375,false,תיבולית קנור ניחוח צלי72,יוניליוור,IL,תיבולית קנור,גרמים,72.00,100 גרם,false,0,7.90,10.97,true,1,
7290003804382,false,תיבולית קנור פיטריות72גר,יוניליוור,IL,תיבוליות פטריות,גרמים,72.00,100 גרם,false,0,7.90,10.97,true,1,
7290003805075,false,בייגלה שבור.בצל מוקפץ225,יוניליוור,IL,בייגלה שבורים,גרמים,225.00,100 גרם,false,0,9.80,4.36,true,1,
7290003805099,false,בייגלה שבורים ברביקיו225,יוניליוור,IL,בייגלה שבורים,גרמים,225.00,100 גרם,false,0,9.80,4.36,true,1,
7290003805112,false,בייגלה שבור.מלח פלפל225ג,יוניליוור,IL,בייגלה שבורים,גרמים,225.00,100 גרם,false,0,9.80,4.36,true,1,
7290003805501,false,פתית חסכוני שוודית 300גר,יוניליוור,IL,פתית קרקר שוודי,גרמים,300.00,100 גרם,false,0,17.50,5.83,true,1,
7290003805556,false,"ברנפלקס חיטה מלא בד""ץ500",יוניליוור,IL,ברנפלקס תלמה,גרמים,500.00,100 גרם,false,0,17.90,3.58,true,1,
7290003805648,false,אקס ספריי לגוף בלאק 150מ,יוניליוור,GB,אקס ספריי לגוף,מיליליטרים,150.00,"100 מ""ל",false,0,14.90,9.93,true,1,
7290003805709,false,"כריות נוגט בד""צ 750 גרם",יוניליוור,IL,כריות נוגט,גרמים,750.00,100 גרם,false,0,23.90,3.19,true,1,
7290003805716,false,נמס בכוס ט.עוף 24*2 גרם,יוניליוור,IL,נמס בכוס ועוד,גרמים,48.00,100 גרם,false,0,6.90,14.38,true,1,
7290003805778,false,כיפלי גריל 150 גרם,יוניליוור,IL,כפלי גריל,גרמים,150.00,100 גרם,false,1,10.00,6.67,true,1,
7290003806423,false,שניצל ולתנור 180 גרם,יוניליוור,IL,שניצל ולתנור,גרמים,180.00,100 גרם,false,0,5.00,2.78,true,1,
7290003806645,false,"פתית תירס ל.ג.כשל""פ200גר",אסיף תעשיות מזון,CZ,פתית תירס,גרמים,200.00,100 גרם,false,0,17.50,8.75,true,1,
7290003806812,false,בדין אקסטרא יערת הדבש960,יוניליוור,TR,מרכך בדין אקסטרא,מיליליטרים,960.00,"100 מ""ל",false,0,18.90,1.97,true,1,
7290003806836,false,"בדין אקסטרא לילך 960 מ""ל",יוניליוור,TR,מרכך בדין אקסטרא,מיליליטרים,960.00,"100 מ""ל",false,0,18.90,1.97,true,1,
7290003807314,false,מרק עוף רכיב.טבעיים 400ג,יוניליוור,,מרק עוף,גרמים,400.00,100 גרם,false,0,26.90,6.73,true,1,
7290003807352,false,"שוגי בד""ץ 1 ק""ג",יוניליוור,IL,קורנפלקס שוגי,קילוגרמים,1.00,"ק""ג",false,0,25.80,25.80,true,1,
7290003807482,false,"רוטב טריאקי 300 מ""ל",יוניליוור,IL,רוטב טריאקי,מיליליטרים,300.00,"100 מ""ל",false,0,10.80,3.60,true,1,
7290003821754,false,סלמון נורבגי מעושן 100גר,נטו,IL,סלמון מעושן,גרמים,100.00,100 גרם,false,0,16.80,16.80,true,1,
7290003864478,false,סרדין בשמן צמח,,PH,סרדין בשמן צמח,גרמים,110.00,100 גרם,false,0,5.30,4.82,true,1,
7290003864485,false,סרדינים ברוטב,,PH,סרדינים ברוטב,גרמים,110.00,100 גרם,false,0,5.30,4.82,true,1,
7290003864492,false,סרדין פיקנטי,,IL,סרדין פיקנטי,גרמים,110.00,100 גרם,false,0,5.30,4.82,true,1,
7290003882922,false,עלי גפן ממולאים,,IL,עלי גפן ממולאים,גרמים,400.00,100 גרם,false,0,9.30,2.33,true,1,
7290003893416,false,פילה אמנון 5-7,בלדי,IL,פילה אמנון,קילוגרמים,0.00,"ק""ג",true,0,39.90,39.90,true,1,
7290003903955,false,שוקולד קרם חלב 100 גרם,עלית,IL,שוקולד קרם חלב,גרמים,100.00,100 גרם,false,0,5.50,5.50,true,1,
7290003904389,false,שוק.פרה מריר ללא סוכר100,עלית,IL,שוקולד פרה דיאט,גרמים,100.00,100 גרם,false,0,9.40,9.40,true,1,
7290003905331,false,שוק.חלב+שברי אגוזים100גר,עלית,IL,שוק.חלב אגוזים,גרמים,100.00,100 גרם,false,0,5.50,5.50,true,1,
7290003956081,false,כפפות לטקס קלין M 100 יח,קליר כימיקלים,IL,כפפות לטקס,יחידה,1.00,יחידה,false,0,24.90,24.90,true,1,
7290003989096,false,חציל פיקנטי אחלה 500 גרם,שטראוס,IL,חציל פיקנטי אחלה,גרמים,500.00,100 גרם,false,0,14.90,2.98,true,1,
7290003989539,false,רביולי עם גבינה 400 גרם,שטראוס,IL,רביולי גבינה,גרמים,400.00,100 גרם,false,0,16.90,4.23,true,1,
7290004003100,false,עדשי שוקולד מ&מ'ס שוקו48,מרס,US,עדשי שוקולד מ&מ,גרמים,48.00,100 גרם,false,0,5.00,10.42,true,1,
7290004006044,false,סדין נילון משובח,LTD H.F.CO,CN,סדין נילון משובח,יחידה,1.00,יחידה,false,0,12.00,12.00,true,1,
7290004011284,false,"ריצ' להכנת קצפת 212 מ""ל",נטו,US,ריצ' להכנת קצפת,מיליליטרים,212.00,"100 מ""ל",false,0,8.70,4.10,true,1,
7290004011338,false,"קצפת ריצ' במיכל 250 מ""ל",נטו,IT,קצפת ריצ' במיכל,מיליליטרים,250.00,"100 מ""ל",false,0,10.00,4.00,true,1,
7290004011345,false,קצפת מתוקה,,IT,קצפת מתוקה,גרמים,250.00,100 גרם,false,0,10.00,4.00,true,1,
7290004011819,false,המבורגר ריב אל גאוצ'ו 60,אלגרצ'ו,IL,המבורגר ריב,גרמים,360.00,100 גרם,false,0,23.70,6.58,true,1,
7290004011826,false,מיני המבורגר אלגאוצו320,אלגרצ'ו,IL,מיני המבורגר,גרמים,320.00,100 גרם,false,0,23.70,7.41,true,1,
7290004030018,false,מיץ לימון לתיבול,,IL,מיץ לימון לתיבול,מיליליטרים,500.00,"100 מ""ל",false,0,6.80,1.36,true,1,
7290004030155,false,מיץ רימון תפוח 100% 1ל',פריניב,IL,מיץ רימון תפוח,ליטרים,1.00,ליטר,false,1,21.60,21.60,true,1,
7290004030216,false,נקטר חמוציות 1 ליטר,פריניב,IL,נקטר חמוציות,ליטרים,1.00,ליטר,false,1,10.00,10.00,true,1,
7290004030223,false,מיץ תפוח סחוט,,IL,מיץ תפוח סחוט,ליטרים,1.00,ליטר,false,0,17.50,17.50,true,1,
7290004030353,false,נקטר תות בננה,,IL,נקטר תות בננה,ליטרים,1.00,ליטר,false,0,10.00,10.00,true,1,
7290004030414,false,מיץ תפוזים מצונן,,IL,מיץ תפוזים מצונן,ליטרים,2.00,ליטר,false,0,17.90,8.95,true,1,
7290004030438,false,מיץ פרימונדה,,IL,מיץ פרימונדה,ליטרים,1.00,ליטר,false,0,13.80,13.80,true,1,
7290004030445,false,מיץ תפוזים סחוט,,IL,מיץ תפוזים סחוט,ליטרים,1.00,ליטר,false,0,10.00,10.00,true,1,
7290004030698,false,נקטר חמוציות 2 ליטר,פריניב,IL,נקטר חמוציות,ליטרים,2.00,ליטר,false,0,17.70,8.85,true,1,
7290004030711,false,מיץ מנדרינה תפוז,,IL,מיץ מנדרינה תפוז,ליטרים,2.00,ליטר,false,0,19.70,9.85,true,1,
7290004030834,false,מיץ רימונים,,IL,מיץ רימונים,ליטרים,1.00,ליטר,false,0,21.60,21.60,true,1,
7290004030957,false,משקה קל מצנון 2ל,,IL,משקה קל מצנון 2ל,ליטרים,2.00,ליטר,false,0,17.90,8.95,true,1,
7290004048679,false,קובה למרק 1 קג',שלושת האופים,IL,קובה למרק 1 קג',גרמים,1000.00,100 גרם,false,0,24.90,2.49,true,1,
7290004078263,false,בלונס צימרונים 200X2 יח',ספטונה,GR,מקלוני כותנה,יחידה,1.00,יחידה,false,0,12.90,12.90,true,1,
7290004078270,false,פלמוליב לכלים לימון1ליטר,קולגייט-פלמוליב,GR,פלמוליב לכלים,ליטרים,1.00,ליטר,false,0,12.70,12.70,true,1,
7290004078379,false,קולגייט טוטל פסים מ.ש100,קולגייט-פלמוליב,PL,משחת שיניים,מיליליטרים,100.00,"100 מ""ל",false,0,14.90,14.90,true,1,
7290004078690,false,"אג'קס WC מרענן 750 מ""ל",קולגייט-פלמוליב,GR,"אג'קס WC מרענן 750 מ""ל",מיליליטרים,750.00,"100 מ""ל",false,0,10.00,1.33,true,1,
7290004091248,false,ואזלין טהור 100 גרם,יוניליוור,US,ואזלין טהור,גרמים,100.00,100 גרם,false,0,13.90,13.90,true,1,
7290004119133,false,יוגורט בכד6.5% 1.5 ליטר,תנובה,IL,יוגורט בכד,ליטרים,1.50,ליטר,false,0,16.40,10.93,true,1,
7290004119225,false,יופלה אננס 3% 150 גרם,תנובה,IL,יופלה אננס 3%,גרמים,150.00,100 גרם,false,0,5.00,3.33,true,1,
7290004119522,false,"שוקו תנובה בשקית 225 מ""ל",תנובה,IL,שוקו בשקית,מיליליטרים,225.00,"100 מ""ל",false,0,2.70,1.20,true,1,
7290004119928,false,מעדן קרלו וניל 3% 125 גר,תנובה,IL,מעדן קרלו וניל3%,גרמים,125.00,100 גרם,false,0,2.80,2.24,true,1,
7290004119973,false,מעדן שוקו קרלו3% 125גרם,תנובה,IL,קרלו שוקולדה,גרמים,125.00,100 גרם,false,0,2.80,2.24,true,1,
7290004120108,false,יופלה דובדבן 0% 150 גרם,תנובה,IL,יופלה דיאט 0%,גרמים,150.00,100 גרם,false,0,5.00,3.33,true,1,
7290004120573,false,גב.בולגרית פיראוס16% 250,תנובה,IL,גבינה בולגרית16%,גרמים,250.00,100 גרם,false,0,17.90,7.16,true,1,
7290004120634,false,גב.בולגרית פיראוס5% 250ג,תנובה,IL,גבינה בולגרית5%,גרמים,250.00,100 גרם,false,0,17.90,7.16,true,1,
7290004120832,false,חלב שתיה 3%,,IL,חלב שתיה 3%,ליטרים,2.00,ליטר,false,0,11.80,5.90,true,1,
7290004121525,false,יופלה אפרסק+תות3% 150*8ג,תנובה,IL,יופלה 3% 8 יח',קילוגרמים,1.20,"ק""ג",false,0,29.60,24.67,true,1,
7290004121754,false,יופלה קרם גב.ותות3% 150ג,תנובה,IL,יופלה קרם גבינה,גרמים,150.00,100 גרם,false,0,5.00,3.33,true,1,
7290004121853,false,פיראוס קוב.בולגרית5% 200,תנובה,IL,קוביות בולגרית5%,גרמים,200.00,100 גרם,false,0,20.50,10.25,true,1,
7290004122089,false,פתיתי גבינת עמק 200 גרם,תנובה,IL,פתיתי גבינת עמק,גרמים,200.00,100 גרם,false,0,13.90,6.95,true,1,
7290004122119,false,פתיתי פרמזן לפסטה 100גרם,תנובה,IL,פתיתי פרמזן,גרמים,100.00,100 גרם,false,0,11.80,11.80,true,1,
7290004122195,false,גוש חלב פרוס28% 200מהדרי,תנובה,IL,גבינה גוש חלב,גרמים,200.00,100 גרם,false,0,13.60,6.80,true,1,
7290004122270,false,עמק פרוס סגירה חוזרת 200,תנובה,IL,גבינת עמק פרוס,גרמים,200.00,100 גרם,false,0,14.90,7.45,true,1,
7290004122348,false,גב.עמק לייט9% שומן 200גר,תנובה,IL,גבינת עמק לייט,גרמים,200.00,100 גרם,false,0,16.00,8.00,true,1,
7290004122560,false,פתיתי עמק השף הלבן 500גר,תנובה,IL,פתיתי גבינת עמק,גרמים,500.00,100 גרם,false,0,32.00,6.40,true,1,
7290004122676,false,גבינת חמד לייט 5% 250 גר,תנובה,IL,גבינת חמד לייט5%,גרמים,250.00,100 גרם,false,0,16.90,6.76,true,1,
7290004124205,false,יופלה דיאט תות0% 150 גר,תנובה,IL,יופלה דיאט תות0%,גרמים,150.00,100 גרם,false,0,5.00,3.33,true,1,
7290004124847,false,קצפת צמחית השף הלבן500מל,תנובה,IL,קצפת צמחית,מיליליטרים,500.00,"100 מ""ל",false,0,16.40,3.28,true,1,
7290004125370,false,שמנת חמוצה 9% שומן 200מל,תנובה,IL,שמנת חמוצה 9%,מיליליטרים,200.00,"100 מ""ל",false,0,3.40,1.70,true,1,
7290004125400,false,"אשל מהדרין 4.5% 200 מ""ל",תנובה,IL,אשל 4.5% שומן,מיליליטרים,200.00,"100 מ""ל",false,0,1.59,0.80,true,1,
7290004125417,false,"גיל 3% מהדרין 200מ""ל",תנובה,IL,גיל לבן 3%שומן,מיליליטרים,200.00,"100 מ""ל",false,0,1.44,0.72,true,1,
7290004125455,false,שמנת תנובה 15%שומן200מל,תנובה,IL,שמנת תנובה 15%,מיליליטרים,200.00,"100 מ""ל",false,0,2.28,1.14,true,1,
7290004125462,false,שמנת חמוצה 15%שומן500מל,תנובה,IL,שמנת חמוצה 15%,מיליליטרים,500.00,"100 מ""ל",false,0,5.70,1.14,true,1,
7290004125509,false,שמנת חמוצה 15% 100מל,תנובה,IL,שמנת חמוצה,מיליליטרים,100.00,"100 מ""ל",false,0,1.70,1.70,true,1,
7290004125578,false,'משקה סויה מועשר בסידן1ל,תנובה,IL,'משקה סויה מועשר בסידן1ל,ליטרים,1.00,ליטר,false,0,9.90,9.90,true,1,
7290004125585,false,משקה סויה על הבוקר 1ליטר,תנובה,IL,משקה סויה על הבוקר 1ליטר,ליטרים,1.00,ליטר,false,0,9.90,9.90,true,1,
7290004125721,false,שמנת בישול-15%שף לבן250מ,תנובה,IL,שמנת לבישול15%,מיליליטרים,250.00,"100 מ""ל",false,0,8.20,3.28,true,1,
7290004125738,false,שמנת להקצפה-32%שף לבן250,תנובה,IL,שמנת להקצפה32%,מיליליטרים,250.00,"100 מ""ל",false,0,6.90,2.76,true,1,
7290004125776,false,גב.עמק פרוס% 28קופסא400ג,תנובה,IL,גבינת עמק פרוס,גרמים,400.00,100 גרם,false,0,28.20,7.05,true,1,
7290004126674,false,גבינה טל העמק לייט 200גר,תנובה,IL,גבינה טל העמק,גרמים,200.00,100 גרם,false,0,17.60,8.80,true,1,
7290004126759,false,יופלה פירות יער0% 150 גר,תנובה,IL,יופלה דיאט,גרמים,150.00,100 גרם,false,0,5.00,3.33,true,1,
7290004126872,false,"שוקו תנובה בקבוק 250 מ""ל",תנובה,IL,שוקו בקבוק,מיליליטרים,250.00,"100 מ""ל",false,0,5.20,2.08,true,1,
7290004127077,false,קוטג' תנובה 3% שומן 250,תנובה,IL,קוטג' 3% שומן,גרמים,250.00,100 גרם,false,0,5.60,2.24,true,1,
7290004127329,false,קוטג' 5% 250 גרם בעלז,תנובה,IL,קוטג' תנובה 5%,גרמים,250.00,100 גרם,false,0,5.60,2.24,true,1,
7290004127336,false,קוטג' תנובה 9% שומן 250,תנובה,IL,קוטג' תנובה 9%,גרמים,250.00,100 גרם,false,0,5.60,2.24,true,1,
7290004127800,false,גב.לבנה 5% שומן 500 גרם,תנובה,IL,גבינה לבנה 5%,גרמים,500.00,100 גרם,false,0,9.60,1.92,true,1,
7290004127817,false,גב.לבנה 9% שומן 500 גרם,תנובה,IL,גבינה לבנה 9%,גרמים,500.00,100 גרם,false,0,9.50,1.90,true,1,
7290004127862,false,גבינה לבנה 5% 750 גרם,תנובה,IL,גבינה לבנה 5%,גרמים,750.00,100 גרם,false,0,14.40,1.92,true,1,
7290004127916,false,גבינה תנובה0.5%שומן 500ג,תנובה,IL,גבינה 0.5%,גרמים,500.00,100 גרם,false,0,8.90,1.78,true,1,
7290004128272,false,גבינה אדם לייט9% 200 גרם,תנובה,IL,גבינה אדם לייט,גרמים,200.00,100 גרם,false,0,18.30,9.15,true,1,
7290004128333,false,לבנה 9% פיראוס 500 גרם,תנובה,IL,לבנה פיראוס 9%,גרמים,500.00,100 גרם,false,0,19.50,3.90,true,1,
7290004128340,false,גבינת קרם ט.טבעי 5% 200ג,תנובה,IL,גבינת שמנת,גרמים,200.00,100 גרם,false,0,10.80,5.40,true,1,
7290004128364,false,גב.שמנת עם זיתים 5% 200ג,תנובה,IL,גבינת שמנת זיתים,גרמים,200.00,100 גרם,false,0,10.80,5.40,true,1,
7290004129101,false,גב.נפולאון טעם טבעי 225ג,תנובה,IL,גבינת נפוליאון,גרמים,225.00,100 גרם,false,0,13.50,6.00,true,1,
7290004129156,false,גב.נפולאון שום-שמיר 225ג,תנובה,IL,גבינת נפוליאון,גרמים,225.00,100 גרם,false,0,13.50,6.00,true,1,
7290004129545,false,גבינה למריחה 3% 250 גרם,תנובה,IL,גבינה לבנה 3%,גרמים,250.00,100 גרם,false,0,4.80,1.92,true,1,
7290004129668,false,יופלה+מכסה פצפוצי שוק167,תנובה,IL,יופלה+פצפוצי שוק,גרמים,167.00,100 גרם,false,0,5.20,3.11,true,1,
7290004129736,false,יופלה לבן מעודן1.5% 200ג,תנובה,IL,יופלהלבן מעודן,גרמים,200.00,100 גרם,false,0,4.10,2.05,true,1,
7290004130695,false,משקה אייס קפה בקבוק1ליטר,תנובה,IL,משקה אייס קפה,ליטרים,1.00,ליטר,false,0,10.00,10.00,true,1,
7290004130794,false,משקה סויה במתיקות מופחתת,תנובה,IL,משקה סויה במתיקות מופחתת,ליטרים,1.00,ליטר,false,0,9.90,9.90,true,1,
7290004130916,false,יופלה פירות יער+שמנת150ג,תנובה,IL,יופלה פירות יער,גרמים,150.00,100 גרם,false,0,5.00,3.33,true,1,
7290004131074,false,חלב בקרטון 3% שומן 1 ל',תנובה,IL,חלב בקרטון 3% שומן 1 ל',ליטרים,1.00,ליטר,false,0,5.90,5.90,true,1,
7290004131227,false,גבינה לבנה3% 500 גרם,תנובה,IL,גבינה לבנה 3%,גרמים,500.00,100 גרם,false,0,9.50,1.90,true,1,
7290004131432,false,יופלה ביו לבן 3% 200 גרם,תנובה,IL,יופלה לבן 3%,גרמים,200.00,100 גרם,false,0,3.80,1.90,true,1,
7290004131456,false,יופלה לבן 1.5% 200 גרם,תנובה,IL,יופלה לבן 1.5%,גרמים,200.00,100 גרם,false,0,3.90,1.95,true,1,
7290004131531,false,שוקו תנובה בקבוק 1 ליטר,תנובה,IL,שוקו בקבוק,ליטרים,1.00,ליטר,false,0,10.00,10.00,true,1,
7290004131814,false,פיראוס צפתית מעוד5% 200ג,תנובה,IL,פיראוס צפתית5%,גרמים,200.00,100 גרם,false,0,11.90,5.95,true,1,
7290004132231,false,חלב פלוס לקפה 3.5% שומן,תנובה,IL,חלב פלוס לקפה,מיליליטרים,800.00,"100 מ""ל",false,0,7.10,0.89,true,1,
7290004132507,false,יופלה+מכסה דגנים מצופה,תנובה,IL,יופלה עם מכסה,גרמים,167.00,100 גרם,false,0,5.20,3.11,true,1,
7290004132514,false,משקה בננה בקבוק 1 ל',תנובה,IL,משקה שוק בננה,ליטרים,1.00,ליטר,false,0,10.00,10.00,true,1,
7290004132552,false,משקה סויה ט.טבעי לייט 1ל,תנובה,IL,משקה סויה,ליטרים,1.00,ליטר,false,0,9.90,9.90,true,1,
7290004132606,false,מיני קרלו וניל 100*8 גרם,תנובה,IL,קרלו וניל 8 יח',גרמים,800.00,100 גרם,false,0,13.20,1.65,true,1,
7290004132699,false,ממרחמאה מוקצף 140 גרם,תנובה,IL,ממרחמאה מוקצף,גרמים,140.00,100 גרם,false,0,8.80,6.29,true,1,
7290004133009,false,"קרם צמחי לבישול 250 מ""ל",תנובה,IL,קרם צמחי לבישול,מיליליטרים,250.00,"100 מ""ל",false,1,9.50,3.80,true,1,
7290004133207,false,יופלה לבן 0% שומן 200גרם,תנובה,IL,יופלה לבן 0%שומן,גרמים,200.00,100 גרם,false,0,3.80,1.90,true,1,
7290004133511,false,יופלה לבן מעוד1.5% 150*8,תנובה,IL,יופלה מעודן 8 יח,קילוגרמים,1.20,"ק""ג",false,0,19.90,16.58,true,1,
7290004133627,false,חלב על הבוקר וניל 3% 1 ל,תנובה,IL,חלב על הבוקר 3%,ליטרים,1.00,ליטר,false,0,9.10,9.10,true,1,
7290004133900,false,קצפת צמחית השף הלבן250מל,תנובה,IL,קצפת צמחית,מיליליטרים,250.00,"100 מ""ל",false,0,9.00,3.60,true,1,
7290004134945,false,יופלה מוקה 3% שומן 150 ג,תנובה,IL,יופלה מוקה 3%,גרמים,150.00,100 גרם,false,0,5.00,3.33,true,1,
7290004134983,false,פרוסות גבינת עמק 5% 200ג,תנובה,IL,גבינת עמק 5%,גרמים,200.00,100 גרם,false,0,17.30,8.65,true,1,
7290004135058,false,מיני קרלו שוקולד 100*8גר,תנובה,,קרלו שוקולד 8 יח,גרמים,800.00,100 גרם,false,0,13.20,1.65,true,1,
7290004135225,false,מעדן דיאט שוקולד 0% 150ג,תנובה,IL,מעדן דיאט שוקולד,גרמים,150.00,100 גרם,false,0,3.80,2.53,true,1,
7290004135232,false,מעדן דיאט וניל0% 150 גרם,תנובה,IL,מעדן דיאט וניל,גרמים,150.00,100 גרם,false,0,3.80,2.53,true,1,
7290004135614,false,בולג.מעוד.פיראוס 5% 250ג,תנובה,IL,בולגרית פיראוס5%,גרמים,250.00,100 גרם,false,0,20.90,8.36,true,1,
7290004135621,false,בולג. מעוד.פיראוס 2503%ג,תנובה,IL,בולגרית פיראוס3%,גרמים,250.00,100 גרם,false,0,20.90,8.36,true,1,
7290004136192,false,מילק שייק פונץ בננה 250מ,תנובה,IL,מילק שייק פונץ,מיליליטרים,250.00,"100 מ""ל",false,0,5.80,2.32,true,1,
7290004136598,false,מארז הפסקת אוכל,תנובה,IL,חלב עם דגנים,יחידה,1.00,יחידה,false,0,8.80,8.80,true,1,
7290004136871,false,מעדן ג'לי אפרסק+חתיכ125.,תנובה,,מעדן ג'לי אפרסק,גרמים,125.00,100 גרם,false,0,2.80,2.24,true,1,
7290004137021,false,שמנת לבישול 10%שומן250מ,תנובה,IL,שמנת לבישול10%,מיליליטרים,250.00,"100 מ""ל",false,0,8.20,3.28,true,1,
7290004137311,false,עמק לייט משפחתית 400 גרם,תנובה,IL,גבינת עמק לייט,גרמים,400.00,100 גרם,false,0,29.90,7.48,true,1,
7290004165017,false,"רסק תפו""ע בלי סוכר560גרם",זנלכל,IL,"רסק תפו""ע בלי סוכר560גרם",גרמים,560.00,100 גרם,false,0,5.90,1.05,true,1,
7290004198022,false,בקלה צעיר בלי זנב ארוז ק,שונות,AR,בקלה צעיר ארוז,קילוגרמים,0.00,"ק""ג",true,0,17.90,17.90,true,1,
7290004198138,false,פילה טונה מובחר בשקית,שונות,IN,פילה טונה מובחר,קילוגרמים,0.00,"ק""ג",true,0,47.50,47.50,true,1,
7290004199029,false,נשכן קור TULIPS,PRINT G.Z,CN,נשכן קור,יחידה,1.00,יחידה,false,0,10.90,10.90,true,1,
7290004199098,false,בקבוק מצויר גדול,LT R.E.P.CO,TH,בקבוק מצויר גדול,יחידה,1.00,יחידה,false,0,8.90,8.90,true,1,
7290004199173,false,כפפות לטקס איזי טאץ100יח,LTD G.G.CO,TH,כפפות לטקס,יחידה,1.00,יחידה,false,0,29.70,29.70,true,1,
7290004199180,false,כפפות לטקס איזי טאץ100יח,LTD G.G.CO,TH,כפפות לטקס,יחידה,1.00,יחידה,false,0,29.70,29.70,true,1,
7290004199203,false,קסמי שיניים מבמבוק מלחיה,PRODUC H.G.W,CN,קיסמי שיניים,יחידה,1.00,יחידה,false,0,1.90,1.90,true,1,
7290004219819,false,מלבין קפה,,NL,מלבין קפה,גרמים,200.00,100 גרם,false,0,9.90,4.95,true,1,
7290004230081,false,קציצות עוף ברוטב עגבניות,שגב,IL,קציצות עוף ברוטב,גרמים,800.00,100 גרם,false,0,34.60,4.33,true,1,
7290004230265,false,שוארמה מזרחית שגב 500גרם,שגב,IL,שוארמה מזרחית,גרמים,500.00,100 גרם,false,1,39.60,7.92,true,1,
7290004230272,false,שוארמה ביתי שגב 500גרם,שגב,IL,שוארמה ביתי,גרמים,500.00,100 גרם,false,1,39.60,7.92,true,1,
7290004230326,false,מקלות פילו תפוח עץ 600גר,שגב,IL,מקלות פילו ת.עץ,גרמים,600.00,100 גרם,false,0,20.70,3.45,true,1,
7290004230340,false,מקלות בורקס פילו תרד בצל,שגב,IL,מקלות בורקס פילו תרד בצל,גרמים,600.00,100 גרם,false,0,20.70,3.45,true,1,
7290004230364,false,מקלות בורקס פילו צרפתי 6,שגב,IL,מקלות בורקס פילו צרפתי 6,גרמים,600.00,100 גרם,false,0,20.70,3.45,true,1,
7290004230944,false,מקלות בורקס פילו גבינה 6,שלושת האופים,IL,מקלות בורקס,גרמים,600.00,100 גרם,false,0,20.70,3.45,true,1,
7290004263010,false,טחון בקר בית יוסף 500 גר,עטרה,IL,טחון בקר בית יוסף 500 גר,גרמים,500.00,100 גרם,false,0,22.70,4.54,true,1,
7290004263027,false,קבב בקר בית יוסף 500 גרם,עטרה,IL,קבב בקר בית יוסף 500 גרם,גרמים,500.00,100 גרם,false,0,19.20,3.84,true,1,
7290004263034,false,המבורגר בית יוסף יח,עטרה,IL,המבורגר בית יוסף יח,גרמים,500.00,100 גרם,false,0,19.20,3.84,true,1,
7290004263041,false,גולש בקר מחיר לפי משקל,עטרה,IL,גולש בקר מחיר לפי משקל,קילוגרמים,0.00,"ק""ג",true,0,42.50,42.50,true,1,
7290004263102,false,פילה צלעות קפוא לקג,עטרה,IL,פילה צלעות קפוא לקג,קילוגרמים,0.00,"ק""ג",true,0,40.60,40.60,true,1,
7290004263164,false,כבש לתנור מוכשר מחיר לפי,עטרה,IL,כבש לתנור מוכשר מחיר לפי,קילוגרמים,0.00,"ק""ג",true,0,60.40,60.40,true,1,
7290004263485,false,בשר מס2' צלעות קפוא מחיר,עטרה,IL,בשר מס2' צלעות קפוא מחיר,קילוגרמים,0.00,"ק""ג",true,0,49.50,49.50,true,1,
7290004263621,false,בשר מס' 4 כתף מרכזי קפוא,עטרה,IL,בשר מס' 4 כתף מרכזי קפוא,קילוגרמים,0.00,"ק""ג",true,0,54.40,54.40,true,1,
7290004263652,false,נקניקיות עוף 400 גרם,עטרה,IL,נקניקיות עוף 400 גרם,גרמים,400.00,100 גרם,false,0,11.80,2.95,true,1,
7290004263799,false,צלי כתף מס' 5 בית יוסף מ,עטרה,IL,צלי כתף מס' 5,קילוגרמים,0.00,"ק""ג",true,0,79.20,79.20,true,1,
7290004263867,false,פילה מדומה מס' 6 בית יוס,עטרה,IL,פילה מדומה מס',קילוגרמים,0.00,"ק""ג",true,0,69.30,69.30,true,1,
7290004269890,false,עוגת בראוניס עשירה 380גר,לחמי,IL,עוגת בראוניס,גרמים,380.00,100 גרם,false,0,18.70,4.92,true,1,
7290004320621,false,נקנ' ניקי עגל 500 גרם,טיבון ויל - נטו,IL,נקנ' ניקי עגל,גרמים,500.00,100 גרם,false,0,13.10,2.62,true,1,
7290004324858,false,קבב בטעם כבש 500 גרם,טיבון ויל - נטו,IL,קבב בטעם כבש,גרמים,500.00,100 גרם,false,0,19.70,3.94,true,1,
7290004423353,false,משקה פריגת תפוחים 1.5 ל',פריגת,IL,פריגת תפוחים,ליטרים,1.50,ליטר,false,0,6.50,4.33,true,1,
7290004492274,false,בייגלה טבעות מלוחות 400ג,יוניליוור,IL,בייגלה טבעות,גרמים,400.00,100 גרם,false,0,7.90,1.98,true,1,
7290004492311,false,בייגלה שמיניות לל.מלח400,יוניליוור,IL,בייגלה גדול,גרמים,400.00,100 גרם,false,0,13.80,3.45,true,1,
7290004492342,false,נישנושים קוקטייל מלח350ג,גוצ'מולר,IL,נישנושים מלוח,גרמים,350.00,100 גרם,false,0,10.00,2.86,true,1,
7290004492755,false,נישנושים בצל שמנת 300גרם,גוצ'מולר,IL,נישנושים בצל,גרמים,300.00,100 גרם,false,0,12.70,4.23,true,1,
7290004492762,false,נישנושים תירס 325 גרם,גוצ'מולר,IL,נישנושים תירס,גרמים,325.00,100 גרם,false,0,12.70,3.91,true,1,
7290004492779,false,נישנושים זעתר 300 גרם,גוצ'מולר,IL,נישנושים זעתר,גרמים,300.00,100 גרם,false,0,12.70,4.23,true,1,
7290004492816,false,נישנושים מלוח 350 גרם,גוצ'מולר,IL,נישנושי קרקר,גרמים,350.00,100 גרם,false,0,10.00,2.86,true,1,
7290004492823,false,נישנושים שומשום 350 גרם,גוצ'מולר,IL,נישנושים שומשום,גרמים,350.00,100 גרם,false,0,10.00,2.86,true,1,
7290004492854,false,נישנושים קוקט.שומשום350ג,גוצ'מולר,IL,נישנושים,גרמים,350.00,100 גרם,false,0,10.00,2.86,true,1,
7290004532598,false,פלאפל דביאל 230 גרם,קטיף,IL,פלאפל דבאיל,גרמים,230.00,100 גרם,false,0,15.80,6.87,true,1,
7290004584306,false,סופר גמדים תות בננה100*4,שטראוס,IL,סופר גמדים 4 יח,גרמים,400.00,100 גרם,false,0,10.00,2.50,true,1,
7290004584351,false,גב.סימפוניה 5% 200 גרם,שטראוס,IL,גבינת סימפוניה,גרמים,200.00,100 גרם,false,0,10.90,5.45,true,1,
7290004584528,false,יוגורט ביו 1.7%דנונה200ג,שטראוס,IL,יוגורט ביו 1.7%,גרמים,200.00,100 גרם,false,0,3.60,1.80,true,1,
7290004585907,false,דני וניל 1.5% שומן 125 ג,שטראוס,IL,דני וניל 1.5%,גרמים,125.00,100 גרם,false,0,2.60,2.08,true,1,
7290004611590,false,עוף טרי מחולק פ4- (עצמי),שונות,IL,עוף טרי מחולק פ4- (עצמי),קילוגרמים,0.00,"ק""ג",true,0,21.90,21.90,true,1,
7290004639006,false,קוסקוס ביתי מוקפא 800 גר,מטעמי פאר,IL,קוסקוס מוקפא,גרמים,800.00,100 גרם,false,0,15.80,1.98,true,1,
7290004685089,false,לחם חמניות 500 גרם,מאפית ברמן,IL,לחם חמניות 500 גרם,גרמים,500.00,100 גרם,false,0,12.90,2.58,true,1,
7290004685126,false,לחם הארץ חמישה דגנים750ג,מאפית ברמן,IL,לחם הארץ חמישה דגנים750ג,גרמים,750.00,100 גרם,false,0,12.90,1.72,true,1,
7290004685140,false,לחם הארץ שיפון 750 גרם,מאפית ברמן,IL,לחם הארץ שיפון 750 גרם,גרמים,750.00,100 גרם,false,0,12.90,1.72,true,1,
7290004685157,false,לחם שיפון 100%פרוס 750ג,מאפית ברמן,IL,לחם שיפון 100%פרוס 750ג,גרמים,750.00,100 גרם,false,0,12.90,1.72,true,1,
7290004685195,false,לחם 10 דגנים פרוס 750גרם,מאפית ברמן,IL,לחם 10 דגנים פרוס 750גרם,גרמים,750.00,100 גרם,false,0,12.90,1.72,true,1,
7290004685225,false,לחם פומפרניקל 750 גרם,מאפית ברמן,IL,לחם פומפרניקל 750 גרם,גרמים,750.00,100 גרם,false,0,12.90,1.72,true,1,
7290004685232,false,לחם שאור ללא שמרים 750גר,מאפית ברמן,IL,לחם שאור ללא שמרים 750גר,גרמים,750.00,100 גרם,false,0,12.90,1.72,true,1,
7290004731076,false,אל סבון כיף אלוורה 1ליטר,קוסמופארם,IL,אל סבון כיף,ליטרים,1.00,ליטר,false,0,10.00,10.00,true,1,
7290004731083,false,אל סבון כיף ג'ינסנג1ליטר,קוסמופארם,IL,אל סבון כיף,ליטרים,1.00,ליטר,false,0,10.00,10.00,true,1,
7290004731120,false,ק.ידיים קרמה עור רגיל100,קוסמופארם,IL,קרם ידיים קרמה,מיליליטרים,100.00,"100 מ""ל",false,0,7.90,7.90,true,1,
7290004731137,false,ק.ידיים קרמה עור יבש100מ,קוסמופארם,IL,קרמה קרם ידיים,מיליליטרים,100.00,"100 מ""ל",false,0,7.90,7.90,true,1,
7290004731281,false,קרמה ספא אלסבון לבנדר500,קוסמופארם,IL,קרמה ספא אלסבו,מיליליטרים,500.00,"100 מ""ל",false,0,10.00,2.00,true,1,
7290004731410,false,סנו סושי3כרית קרצוף ירוק,סנו,IL,סנו סושי ענק 3,יחידה,1.00,יחידה,false,0,7.90,7.90,true,1,
7290004731472,false,אלסבון כיף צבעוני 500X3מ,קוסמופארם,IL,שלישית אלסבון,ליטרים,1.50,ליטר,false,0,18.70,12.47,true,1,
7290004731519,false,מקסימה למייבש סנסטיב750מ,סנו,IL,מקסימה למייבש,מיליליטרים,750.00,"100 מ""ל",false,0,16.30,2.17,true,1,
7290004731670,false,דואו פרש פצ'ולי לבנדר300,סנו,IL,סנו דואו פרש,מיליליטרים,300.00,"100 מ""ל",false,0,10.90,3.63,true,1,
7290004731687,false,דואו פרש וניל למון 300מל,סנו,IL,סנו דואו פרש,מיליליטרים,300.00,"100 מ""ל",false,0,10.90,3.63,true,1,
7290004737443,false,קוקטייל פירות,,CN,קוקטייל פירות,גרמים,820.00,100 גרם,false,0,7.90,0.96,true,1,
7290004737719,false,אספרגוס מקולף,,IL,אספרגוס מקולף,גרמים,330.00,100 גרם,false,0,8.50,2.58,true,1,
7290004737900,false,חלב כחוש מרוכז,,LT,חלב כחוש מרוכז,גרמים,397.00,100 גרם,false,0,8.80,2.22,true,1,
7290004810009,false,"טואלט דאק כתום 750*2 מ""ל",ג'ונסון,NL,טואלט דאק זוג,ליטרים,1.50,ליטר,false,0,19.70,13.13,true,1,
7290004829087,false,מגב פלסטיק,פלנרו,IL,מגב פלסטיק,יחידה,1.00,יחידה,false,0,17.90,17.90,true,1,
7290004869120,false,לחם אחיד קל פרוס 750 גרם,מאפיית שלמה א. אנג'ל,IL,לחם אחיד קל פרוס 750 גרם,גרמים,750.00,100 גרם,false,0,14.90,1.99,true,1,
7290004923099,false,עין גדי מים מינרל. 2*6 ל,עין גדי מיים מינרלים,IL,מים עין גדי 6 יח,ליטרים,12.00,ליטר,false,0,10.90,0.91,true,1,
7290005008184,false,סב.נוז.פלמוליב 2ב1- 500מ,קולגייט-פלמוליב,IT,סב.נוזלי פלמול,מיליליטרים,500.00,"100 מ""ל",false,0,14.90,2.98,true,1,
7290005008191,false,פלמולי.נוז.ארומה-סגול500,קולגייט-פלמוליב,IT,סב.נוזלי פלמוליב,מיליליטרים,500.00,"100 מ""ל",false,0,14.90,2.98,true,1,
7290005008481,false,דאו.ספיד סטיק ג'ל ספורט,קולגייט-פלמוליב,US,דאודורנט,גרמים,85.00,100 גרם,false,0,19.90,23.41,true,1,
7290005068058,false,תירס קל 550 גרם,פרי גליל,IL,תירס קל,גרמים,550.00,100 גרם,false,0,7.70,1.40,true,1,
7290005084355,false,משח.סנסודיין דואל קייר75,דנאגיס,GB,משחת שיניים,מיליליטרים,75.00,"100 מ""ל",false,0,19.70,26.27,true,1,
7290005095801,false,עמבה,,,עמבה,גרמים,500.00,100 גרם,false,0,15.10,3.02,true,1,
7290005111761,false,"בונזו בשר 3 ק""ג",ביופט,IL,בונזו בשר,קילוגרמים,3.00,"ק""ג",false,0,41.00,13.67,true,1,
7290005174513,false,חציל במיונז אחלה 500 גרם,שטראוס,IL,סלט חציל מיונז,גרמים,500.00,100 גרם,false,0,15.90,3.18,true,1,
7290005174551,false,חומוס יום יום 125 גרם,שטראוס,IL,חומוס יום יום,גרמים,125.00,100 גרם,false,0,4.80,3.84,true,1,
7290005174575,false,טחינה יום יום 125 גרם,שטראוס,IL,טחינה יום יום,גרמים,125.00,100 גרם,false,0,4.80,3.84,true,1,
7290005182136,false,סוכרה דיאט 100 יחידות80ג,גורי,IL,סוכרה דיאט 100 יחידות80ג,גרמים,80.00,100 גרם,false,0,25.90,32.38,true,1,
7290005191602,false,משקה סויה-סידן 3יח250X'ג,אלפרו,BE,משקה סויה-סידן 3יח250X'ג,מיליליטרים,750.00,"100 מ""ל",false,0,13.70,1.83,true,1,
7290005197628,false,שוקולד חלב פרה 100*6 גרם,עלית,IL,שוקולד חלב 6 יח,גרמים,600.00,100 גרם,false,0,22.90,3.82,true,1,
7290005197635,false,שוקולד מריר פרה 100*6 גר,עלית,IL,שוקולד מריר 6 יח,גרמים,600.00,100 גרם,false,0,22.90,3.82,true,1,
7290005197758,false,עוג.חיוכים שוקו 150 גרם,עלית,IL,עוגיות חיוכים,גרמים,150.00,100 גרם,false,0,4.50,3.00,true,1,
7290005199622,false,עד חצות מריר 200 גרם,עלית,IL,עד חצות מריר,גרמים,200.00,100 גרם,false,0,12.90,6.45,true,1,
7290005200786,false,תפוצ'יפס ט.שמנת ובצל50גר,עלית,IL,תפוצ'יפס ט.שמנת ובצל50גר,גרמים,50.00,100 גרם,false,0,3.80,7.60,true,1,
7290005200908,false,שוק.פרה עם ביסקוויט 100ג,עלית,IL,שוקולד+ביסקויט,גרמים,100.00,100 גרם,false,0,5.70,5.70,true,1,
7290005201455,false,קפה נמס ארומה 200 גרם,עלית,IL,קפה נמס ארומה,גרמים,200.00,100 גרם,false,0,23.90,11.95,true,1,
7290005201882,false,קפה טורקי בצלופן 200 גרם,עלית,IL,קפה טורקי בצלופן,גרמים,200.00,100 גרם,false,0,15.90,7.95,true,1,
7290005270000,false,עלי סיגר 500 גרם,"אדריה בע""מ",IL,עלי סיגר מרוקאי,גרמים,500.00,100 גרם,false,0,11.80,2.36,true,1,
7290005271410,false,ביצים L 12יח',,,ביצים L 12יח',יחידה,1.00,יחידה,false,0,12.00,12.00,true,1,
7290005287060,false,טונה סטארקיסט במים120גרם,סטארקיסט,IL,טונה סטארקיסט במים120גרם,גרמים,120.00,100 גרם,false,0,7.00,5.83,true,1,
7290005287077,false,טונה בשמן צמחי 110*4 גרם,סטארקיסט,IL,טונה סטארקיסט4יח,גרמים,440.00,100 גרם,false,0,22.70,5.16,true,1,
7290005287206,false,טונה סטארקיסט בשמן160*4ג,סטארקיסט,IL,טונה סטארקיסט4יח,גרמים,640.00,100 גרם,false,0,22.90,3.58,true,1,
7290005287251,false,טונה סטארקיסט במים160*4ג,סטארקיסט,IL,טונה סטארקיסט4יח,גרמים,640.00,100 גרם,false,0,22.90,3.58,true,1,
7290005287527,false,טונה בשמן עם לימון160גרם,סטארקיסט,IL,טונה עם לימון,גרמים,160.00,100 גרם,false,0,6.80,4.25,true,1,
7290005287732,false,טונה5% +עשבי תיבול 160ג,סטארקיסט,IL,טונה+עשבי תיבול,גרמים,160.00,100 גרם,false,0,6.80,4.25,true,1,
7290005287749,false,טונה5% בטעם טבעי 160ג,סטארקיסט,IL,טונה 5%טעם טבעי,גרמים,160.00,100 גרם,false,0,6.80,4.25,true,1,
7290005287978,false,פילה טונה מעושנת 110 גרם,סטארקיסט,IL,פילה טונה,גרמים,110.00,100 גרם,false,0,12.90,11.73,true,1,
7290005326387,false,עגבניות מיובש+שמן זית270,אוליביה,IL,עגבניות מיובשות,גרמים,270.00,100 גרם,false,0,18.90,7.00,true,1,
7290005326516,false,פסטו כוסברה 180 גרם,אוליביה,IL,פסטו כוסברה,גרמים,180.00,100 גרם,false,1,11.00,6.11,true,1,
7290005326523,false,פסטו פטרוזיליה ונענע180ג,אוליביה,IL,פסטו פטרוזיליה,גרמים,180.00,100 גרם,false,1,11.00,6.11,true,1,
7290005358371,false,שריר מס' 8 מוכשר קפוא קג,שונות,XX,שריר מוכשר,קילוגרמים,0.00,"ק""ג",true,0,44.90,44.90,true,1,
7290005418709,false,קר.לחות נטורל קיבוע תלתל,קרליין,IL,קרם לחות לתלתלים,מיליליטרים,400.00,"100 מ""ל",false,0,21.80,5.45,true,1,
7290005423253,false,"מקסימה למייבש פרש 750מ""ל",סנו,IL,מקסימה למייבש,מיליליטרים,750.00,"100 מ""ל",false,0,16.30,2.17,true,1,
7290005423420,false,סנו משמיד עש מבושם 2 יח',סנו,IT,סנו משמיד עש,יחידה,1.00,יחידה,false,0,21.90,21.90,true,1,
7290005423499,false,סנו נירוסטה אירוסול500מל,סנו,IL,סנו נירוסטה,מיליליטרים,500.00,"100 מ""ל",false,0,19.70,3.94,true,1,
7290005423505,false,"מי פה אורביטול 500 מ""ל",קוסמופארם,IL,מי פה אורביטול,מיליליטרים,500.00,"100 מ""ל",false,0,21.70,4.34,true,1,
7290005423543,false,משחת אורביטול להלבנה145ג,קוסמופארם,IL,משחת שיניים,גרמים,145.00,100 גרם,false,0,7.90,5.45,true,1,
7290005423567,false,40מטליות לניקוי סנו סושי,סנו,IL,מטליות לניקוי,יחידה,1.00,יחידה,false,0,20.20,20.20,true,1,
7290005423635,false,ריצפז פלוס דוחה תיקנים2ל,סנו,IL,ריצפז דוחה חרקים,ליטרים,2.00,ליטר,false,0,20.90,10.45,true,1,
7290005423833,false,פוליויקס פרקט 2 ליטר,סנו,IL,פוליויקס פרקט,ליטרים,2.00,ליטר,false,0,29.90,14.95,true,1,
7290005423871,false,משחת אורביטול145*3ג,קוסמופארם,IL,משחת אורביטול145*3ג,גרמים,435.00,100 גרם,false,0,17.70,4.07,true,1,
7290005423918,false,מרכך מקסימה בייבי 4 ל',סנו,IL,מרכך כביסה,ליטרים,4.00,ליטר,false,0,20.80,5.20,true,1,
7290005424403,false,אל סבון כיף אצות ים1ליטר,קוסמופארם,IL,אל סבון כיף,ליטרים,1.00,ליטר,false,0,10.00,10.00,true,1,
7290005424694,false,קרמה תח.רחצה קלאסיק 750מ,קוסמופארם,IL,קרמה תחליב רחצה,מיליליטרים,750.00,"100 מ""ל",false,0,15.90,2.12,true,1,
7290005424762,false,ריצפז+דוחה תיקנים+ווקס2ל,סנו,IL,ריצפז פלוס+ווקס,ליטרים,2.00,ליטר,false,0,26.30,13.15,true,1,
7290005424847,false,מפיות נשלפות 30*30 150 י,סנו,IL,מפיות נשלפות,יחידה,1.00,יחידה,false,0,9.90,9.90,true,1,
7290005424915,false,סומוד פצ'ולי לבנ,,IL,סומוד פצ'ולי לבנ,מיליליטרים,150.00,"100 מ""ל",false,0,11.90,7.93,true,1,
7290005425073,false,דואו פרש יסמין סנדלווד,סנו,IL,סנו דואו פרש,מיליליטרים,300.00,"100 מ""ל",false,0,10.90,3.63,true,1,
7290005425196,false,אבקת מקסימה סנסיטיב2.5קג,סנו,IL,אבקת כביסה,קילוגרמים,2.50,"ק""ג",false,0,27.70,11.08,true,1,
7290005425202,false,"אבקת מקסימה ביו 2.5 ק""ג",סנו,IL,אבקת כביסה,קילוגרמים,2.50,"ק""ג",false,0,27.70,11.08,true,1,
7290005425585,false,סנו רהיט 20 מטליות ניקוי,סנו,IL,סנו רהיט מטליות,יחידה,1.00,יחידה,false,0,17.00,17.00,true,1,
7290005425646,false,סנוקליר ניקוי חלונות 1ל',סנו,IL,סנוקליר 1 ליטר,ליטרים,1.00,ליטר,false,0,9.00,9.00,true,1,
7290005425998,false,אל סבון בייבי כיף 1 ליטר,קוסמופארם,IL,אל סבון בייבי,ליטרים,1.00,ליטר,false,0,15.00,15.00,true,1,
7290005426193,false,ספוג הפלא סנו סושי 6 יח',סנו,IL,ספוג סנו סושי,יחידה,1.00,יחידה,false,0,9.70,9.70,true,1,
7290005426230,false,מטלית הפלא לרצפה ס.סושי,סנו,IL,מטליות הפלא רצפה,יחידה,1.00,יחידה,false,0,10.90,10.90,true,1,
7290005426360,false,קרמה תח.רחצה חלב ודבש750,קוסמופארם,IL,קרמה תחליב רחצ,מיליליטרים,750.00,"100 מ""ל",false,0,15.90,2.12,true,1,
7290005426568,false,ק.לחות קרמה שיער רגיל400,קוסמופארם,IL,קרם לחות קרמה,מיליליטרים,400.00,"100 מ""ל",false,0,19.80,4.95,true,1,
7290005426629,false,דואו פרש לוטוס ופרחי מים,סנו,IL,סנו דואו פרש,מיליליטרים,300.00,"100 מ""ל",false,0,10.90,3.63,true,1,
7290005426865,false,משחה אורביטול מסטיק 70 ג,קוסמופארם,IL,משחת שיניים,גרמים,70.00,100 גרם,false,0,6.90,9.86,true,1,
7290005427107,false,סנו סושי 6 מגבות הפלא,סנו,IL,מגבות נייר סנו,מטרים,63.00,מטר,false,0,9.00,0.14,true,1,
7290005427497,false,מרכך כיף לשיער רגיל 750מ,קוסמופארם,IL,מרכך כיף,מיליליטרים,750.00,"100 מ""ל",false,0,10.00,1.33,true,1,
7290005427503,false,מרכך כיף לשיער יבש 750מל,קוסמופארם,IL,מרכך כיף לשיער,מיליליטרים,750.00,"100 מ""ל",false,0,10.00,1.33,true,1,
7290005427541,false,תחליב רח.כיף חלב שקד750מ,קוסמופארם,IL,תחליב רחצה כיף,מיליליטרים,750.00,"100 מ""ל",false,0,10.00,1.33,true,1,
7290005427558,false,תחליב רח.כיף חלב ודבש750,קוסמופארם,IL,תחליב רחצה כיף,מיליליטרים,750.00,"100 מ""ל",false,0,10.00,1.33,true,1,
7290005427565,false,שמפו כיף לשיער רגיל 750מ,קוסמופארם,IL,שמפו כיף,מיליליטרים,750.00,"100 מ""ל",false,0,10.00,1.33,true,1,
7290005427602,false,"שמפו + מרכך כיף 750 מ""ל",קוסמופארם,IL,שמפו+מרכך כיף,מיליליטרים,750.00,"100 מ""ל",false,0,10.00,1.33,true,1,
7290005427787,false,ק.לחות קרמה ש.מתולתל400מ,קוסמופארם,IL,קרם לשיער קרמה,מיליליטרים,400.00,"100 מ""ל",false,0,19.80,4.95,true,1,
7290005427923,false,קרמה תח.רחצה פסיפלורה750,קוסמופארם,IL,קרמה תח.רחצה פסיפלורה750,מיליליטרים,750.00,"100 מ""ל",false,0,15.90,2.12,true,1,
7290005427978,false,קרמה תחליב רחצה לפנים180,קוסמופארם,IL,תחליב רחצה לפנים,מיליליטרים,180.00,"100 מ""ל",false,0,10.00,5.56,true,1,
7290005427985,false,קרמה ת.רחצה לפנים+ג.פילי,קוסמופארם,IL,ת.רחצה לפנים+ג,מיליליטרים,180.00,"100 מ""ל",false,0,10.00,5.56,true,1,
7290005428982,false,בייבי כיף ק.גוף תינוק500,קוסמופארם,IL,קרם גוף לתינוק,מיליליטרים,500.00,"100 מ""ל",false,0,22.90,4.58,true,1,
7290005429279,false,מקסימה קומפקט ג'אוול 6קג,סנו,IL,אבקת כביסה,קילוגרמים,6.00,"ק""ג",false,0,50.00,8.33,true,1,
7290005429286,false,אבקת מקסימה קומפקט ביו6ק,סנו,IL,אבקת מקסימה קומפקט ביו6ק,קילוגרמים,6.00,"ק""ג",false,0,50.00,8.33,true,1,
7290005430480,false,מטלית הפלא מיקרופייבר,סנו,IL,מטלית הפלא,יחידה,1.00,יחידה,false,0,6.90,6.90,true,1,
7290005431364,false,עוגת גבינה 2 יח,,IL,עוגת גבינה 2 יח,גרמים,184.00,100 גרם,false,0,10.00,5.43,true,1,
7290005431371,false,מלבי 2 * 165 גרם,תנובה,IL,מלבי 2 יחידות,גרמים,330.00,100 גרם,false,0,10.00,3.03,true,1,
7290005431593,false,קדאיף 2 יחידות,,IL,קדאיף 2 יחידות,גרמים,172.00,100 גרם,false,0,10.00,5.81,true,1,
7290005431609,false,טירמיסו 2 יח,,IL,טירמיסו 2 יח,גרמים,172.00,100 גרם,false,0,10.00,5.81,true,1,
7290005431630,false,עוגת גב.פירור לייט150*2ג,תנובה,IL,עוגת גבינה 2 יח,גרמים,300.00,100 גרם,false,1,10.00,3.33,true,1,
7290005431685,false,עוגת ביסקויטים 75*2גרם,תנובה,IL,זוג עוגות גבינה,גרמים,150.00,100 גרם,false,1,10.00,6.67,true,1,
7290005431692,false,עוג.גבינה אוכמניות90*2גר,תנובה,IL,זוג עוגות גבינה,גרמים,180.00,100 גרם,false,1,10.00,5.56,true,1,
7290005477669,false,דרמפון סבון נוז+.לחות1ל',קרליין,IL,דרמפון סבון לחות,ליטרים,1.00,ליטר,false,0,16.90,16.90,true,1,
7290005540448,false,קפסולות אספרסו זהב 50גרם,ורנינו,IT,קפסולות אספרסו,גרמים,50.00,100 גרם,false,1,15.90,31.80,true,1,
7290005559914,false,פיצה משפחתית זיתים 550גר,"מעדנות בע""מ",IL,פיצה משפחתית,גרמים,550.00,100 גרם,false,0,24.70,4.49,true,1,
7290005559976,false,משולשי פיצה אישית זית850,"מעדנות בע""מ",IL,מארז משולשי פיצה,גרמים,850.00,100 גרם,false,0,34.90,4.11,true,1,
7290005559983,false,חטיפי פיצה גבינה 650 גרם,"מעדנות בע""מ",IL,חטיפי פיצה גבינה,גרמים,650.00,100 גרם,false,0,33.00,5.08,true,1,
7290005559990,false,בצק פילאס תורקי 600 גרם,"מעדנות בע""מ",IL,בצק פילאס תורכי,גרמים,600.00,100 גרם,false,0,23.80,3.97,true,1,
7290005564253,false,ספרינג אגס סברס תפוח1.5ל,יפאורה שותפות מובגלת לשיווק,IL,משקה ספרינג,ליטרים,1.50,ליטר,false,0,6.20,4.13,true,1,
7290005564680,false,משקה לימונדה 1.5 ליטר,יפאורה שותפות מובגלת לשיווק,IL,משקה לימונדה,ליטרים,1.50,ליטר,false,0,5.90,3.93,true,1,
7290005564970,false,"קריסטל תפו""ע מוגז 2 ליטר",יפאורה שותפות מובגלת לשיווק,IL,גזוז בטעם תפוח,ליטרים,2.00,ליטר,false,0,3.60,1.80,true,1,
7290005583568,false,אוריריות כוסמת,,IL,אוריריות כוסמת,גרמים,150.00,100 גרם,false,0,13.80,9.20,true,1,
7290005591761,false,דבש מפרחי בר בק.פטנט400ג,יד מרדכי,IL,דבש מפרחי בר,גרמים,400.00,100 גרם,false,0,22.90,5.73,true,1,
7290005604133,false,פריגת מנגו 1.5 ליטר,פריגת,IL,פריגת מנגו,ליטרים,1.50,ליטר,false,0,6.50,4.33,true,1,
7290005605901,false,פאנטה אקזוטי 1.5 ליטר,החברה המרכזית לייצור משקאות,IL,פאנטה אקזוטי,ליטרים,1.50,ליטר,false,0,6.90,4.60,true,1,
7290005610509,false,צנונית יחידה,קטיף,IL,צנונית -יח',יחידה,1.00,יחידה,false,0,5.90,5.90,true,1,
7290005838002,false,"דניאלה מעדן גבינה 150מ""ל",שטראוס,IL,מעדן דניאלה,מיליליטרים,150.00,"100 מ""ל",false,0,4.10,2.73,true,1,
7290005838613,false,גבינת סקי וניל 125 גרם,שטראוס,IL,גבינת סקי וניל,גרמים,125.00,100 גרם,false,0,3.70,2.96,true,1,
7290005839078,false,דנונה ביו 3% 150*8 גרם,שטראוס,IL,דנונה ביו 8 יח,קילוגרמים,1.20,"ק""ג",false,0,16.90,14.08,true,1,
7290005839313,false,מילקי טופ שוקול.מגולג170,שטראוס,IL,מילקי טופ,מיליליטרים,170.00,"100 מ""ל",false,0,4.90,2.88,true,1,
7290005896439,false,בירה מכבי,,IL,בירה מכבי,מיליליטרים,500.00,"100 מ""ל",false,0,5.90,1.18,true,1,
7290005896972,false,פפסי מקס 1.5*6 ליטר,טמפו,IL,פפסי מקס 6 יח',ליטרים,9.00,ליטר,false,0,29.90,3.32,true,1,
7290005938245,false,פסטו קלאסי 220 גרם,נטו,IL,פסטו קלאסי,גרמים,220.00,100 גרם,false,0,19.50,8.86,true,1,
7290005966033,false,"יין לבן הר חרמון 750 מ""ל",יקבי רמת הגולן קצרין,IL,יין לבן חרמון,מיליליטרים,750.00,"100 מ""ל",false,0,29.90,3.99,true,1,
7290005966088,false,יין אדום הר חרמון 750 מל,יקבי רמת הגולן קצרין,IL,יין אדום חרמון,מיליליטרים,750.00,"100 מ""ל",false,0,29.90,3.99,true,1,
7290005966903,false,"גולן שיאון אדום 750 מ""ל",יקבי רמת הגולן קצרין,IL,גולן שיאון אדום,מיליליטרים,750.00,"100 מ""ל",false,0,22.90,3.05,true,1,
7290005992575,false,גב.בולגרית למריחה5% 250ג,מחלבות גד,IL,בולגרית למריחה,גרמים,250.00,100 גרם,false,0,15.00,6.00,true,1,
7290005992735,false,גבינת לאבנה 5%שומן 250ג,מחלבות גד,IL,גבינת לאבנה גד5%,גרמים,250.00,100 גרם,false,0,11.50,4.60,true,1,
7290006185501,false,סבון נוזלי פנינה ורוד 1ל,סאסא קוסמטיקס,IL,סבון נוזלי ורוד,ליטרים,1.00,ליטר,false,0,9.80,9.80,true,1,
7290006185518,false,סבון נוזלי פנינה כחול 1ל,סאסא קוסמטיקס,IL,סבון נוזלי פנינה,ליטרים,1.00,ליטר,false,0,9.80,9.80,true,1,
7290006199096,false,עינוגים וניל 60יח' 430גר,פלקו,IL,עינוגים וניל 60יח' 430גר,גרמים,430.00,100 גרם,false,60,46.50,10.81,true,1,
7290006199218,false,"גלידל קפוצ'ינו כשל""פ 8יח",גלידות פלדמן,IL,גלידל קפוצ'ינו,גרמים,400.00,100 גרם,false,0,33.20,8.30,true,1,
7290006229069,false,ג'אמפ ענבים 1.5 ליטר,טמפו,IL,ג'אמפ ענבים,ליטרים,1.50,ליטר,false,0,5.90,3.93,true,1,
7290006241535,false,פריגת מנגו פריז 280 מל,פריגת,IL,פריגת מנגו פריז 280 מל,מיליליטרים,280.00,"100 מ""ל",false,0,9.40,3.36,true,1,
7290006241689,false,פריגת לימון פריז 280 מל,פריגת,IL,פריגת לימון פריז 280 מל,מיליליטרים,280.00,"100 מ""ל",false,0,9.40,3.36,true,1,
7290006251107,false,תה מסאלה צ'אי 25שק2*גרם,ויסוצקי,IL,תה מסאלה צ'אי 25שק2*גרם,גרמים,50.00,100 גרם,false,0,13.90,27.80,true,1,
7290006251268,false,תה ירוק תפוח+קינמ25ש1.5X,ויסוצקי,IL,תה ירוק תפוח+קינמ25ש1.5X,גרמים,37.00,100 גרם,false,0,21.90,59.19,true,1,
7290006251275,false,תה ירוק סיני25 שק1.5Xגרם,ויסוצקי,IL,תה ירוק סיני,גרמים,37.00,100 גרם,false,0,21.90,59.19,true,1,
7290006251343,false,חליטת פסיפלורה+מנגו3X25ג,ויסוצקי,IL,חליטת פסיפלורה+מנגו3X25ג,גרמים,62.00,100 גרם,false,0,13.90,22.42,true,1,
7290006251374,false,תה ירוק לימונית+ג'ינגר25,ויסוצקי,IL,תה ירוק לימונית,גרמים,37.00,100 גרם,false,0,21.90,59.19,true,1,
7290006267405,false,"שרדונה הר תבור 750 מ""ל",יקב תבור,IL,שרדונה הר תבור,מיליליטרים,750.00,"100 מ""ל",false,0,42.80,5.71,true,1,
7290006271174,false,ג'חנון בצק מעדנות 700גרם,"מעדנות בע""מ",IL,ג'חנון בצק,גרמים,700.00,100 גרם,false,0,18.70,2.67,true,1,
7290006271181,false,ג'חנון אפוי מעדנות 750גר,"מעדנות בע""מ",IL,ג'חנון אפוי מעדנות 750גר,גרמים,750.00,100 גרם,false,0,24.70,3.29,true,1,
7290006271273,false,"מיני בורקס תפו""א 800 גרם","מעדנות בע""מ",IL,"מיני בורקס תפו""א",גרמים,800.00,100 גרם,false,0,22.70,2.84,true,1,
7290006271280,false,מיני בורקס גבינה 800 גרם,"מעדנות בע""מ",IL,מיני בורקס גבינה,גרמים,800.00,100 גרם,false,0,25.90,3.24,true,1,
7290006271631,false,חטיפי פיצה זיתים 710 גרם,"מעדנות בע""מ",IL,חטיפי פיצה זיתים,גרמים,710.00,100 גרם,false,0,34.60,4.87,true,1,
7290006271761,false,מיני ג'חנון אפוי 600 גרם,"מעדנות בע""מ",IL,מיני ג'חנון אפוי 600 גרם,גרמים,600.00,100 גרם,false,0,22.70,3.78,true,1,
7290006273239,false,עוגת שמרים שוקולד 450גרם,לחמי,IL,עוגת שוקולד,גרמים,450.00,100 גרם,false,0,17.00,3.78,true,1,
7290006273284,false,עוגת שמרים אספרסו+שוק450,לחמי,IL,עוגת שמרים,גרמים,450.00,100 גרם,false,0,17.00,3.78,true,1,
7290006306302,false,רביולי פרמזן ריקוטה400גר,פסטה נונה,IL,רביולי גבינה,גרמים,400.00,100 גרם,false,0,17.90,4.48,true,1,
7290006322104,false,לחם רחיים קל 500 גרם,מאפיית דוידוביץ,IL,לחם רחיים קל,גרמים,500.00,100 גרם,false,0,12.80,2.56,true,1,
7290006322111,false,לחמניות רחיים 80X3 גרם,מאפיית דוידוביץ,IL,לחמניות רחיים3יח,גרמים,480.00,100 גרם,false,0,10.70,2.23,true,1,
7290006322142,false,לחם קל כהה 500 גרם,מאפיית דוידוביץ,IL,לחם קל כהה,גרמים,500.00,100 גרם,false,0,10.80,2.16,true,1,
7290006322166,false,לחמניות רגילות 6יח75X'גר,מאפיית דוידוביץ,,מארז 6 לחמניות,גרמים,450.00,100 גרם,false,0,9.80,2.18,true,1,
7290006322470,false,לחם 9 דגנים קל 500 גרם,מאפיית דוידוביץ,IL,לחם 9 דגנים קל,גרמים,500.00,100 גרם,false,0,14.00,2.80,true,1,
7290006322487,false,לחם קוביות קמח מלא 750גר,מאפיית דוידוביץ,,לחם קמח מלא,גרמים,750.00,100 גרם,false,0,14.80,1.97,true,1,
7290006322838,false,לחם קמח מלא 100% 750 גרם,מאפיית דוידוביץ,IL,לחם קמח מלא,גרמים,750.00,100 גרם,false,0,12.20,1.63,true,1,
7290006364142,false,מי סודה קינלי 1.5*4 ליטר,החברה המרכזית לייצור משקאות,IL,מי סודה קינלי 1.5*4 ליטר,ליטרים,6.00,ליטר,false,0,12.80,2.13,true,1,
7290006374653,false,דש לייט 350 גרם,יד מרדכי,IL,דש לייט,גרמים,350.00,100 גרם,false,0,26.70,7.63,true,1,
7290006439444,false,אורז בסמתי,,IL,אורז בסמתי,קילוגרמים,1.00,"ק""ג",false,0,12.80,12.80,true,1,
7290006439451,false,אורז בסמתי גולד,,TH,אורז בסמתי גולד,קילוגרמים,5.00,"ק""ג",false,0,49.50,9.90,true,1,
7290006459107,false,מברשת לנעליים,,IL,מברשת לנעליים,יחידה,1.00,יחידה,false,0,7.00,7.00,true,1,
7290006492432,false,גבינה מוצרלה בייבי 150גר,מחלבות גד,IL,גבינה מוצרלה,גרמים,150.00,100 גרם,false,0,10.00,6.67,true,1,
7290006492616,false,פרוסות גב. בולגר5%. 250ג,מחלבות גד,IL,גבינה בולגרית,גרמים,250.00,100 גרם,false,0,24.70,9.88,true,1,
7290006494795,false,ג'לי אננס מרמולייט 17גרם,אשבל,IL,ג'לי אננס,גרמים,17.00,100 גרם,false,0,5.90,34.71,true,1,
7290006511157,false,פטריות שלמות,,IN,פטריות שלמות,גרמים,400.00,100 גרם,false,0,6.80,1.70,true,1,
7290006550972,false,טחון בקר ארוז 1 קג,עטרה,IL,טחון בקר ארוז 1 קג,גרמים,1000.00,100 גרם,false,0,39.60,3.96,true,1,
7290006567048,false,פתיתי קוסקוס 350 גרם,קוסקוס מזון,IL,פתיתי קוסקוס,גרמים,350.00,100 גרם,false,0,7.90,2.26,true,1,
7290006567260,false,עוג.שוקוצ'יפס פיטנס25*6ג,אסם,IL,עוגיות פיטנס 6יח,גרמים,150.00,100 גרם,false,0,13.80,9.20,true,1,
7290006567284,false,עוגיות שוקולד מריר25ג6*י,אסם,IL,עוגיות פיטנס,גרמים,150.00,100 גרם,false,1,13.80,9.20,true,1,
7290006618078,false,אסטוניש מרסס לניקוי 750מ,,GB,אסטוניש מרסס לניקוי 750מ,מיליליטרים,750.00,"100 מ""ל",false,0,13.90,1.85,true,1,
7290006644589,false,משקה קל אשכוליות דיאט 2ל,יפאורה שותפות מובגלת לשיווק,IL,אשכוליות דיאט,ליטרים,2.00,ליטר,false,0,3.60,1.80,true,1,
7290006644596,false,קריסטל אקזוטי מוגז 2ליטר,יפאורה שותפות מובגלת לשיווק,IL,קריסטל אקזוטי,ליטרים,2.00,ליטר,false,0,3.60,1.80,true,1,
7290006644626,false,ספרינג פירות טרופיים1.5ל,יפאורה שותפות מובגלת לשיווק,IL,משקה ספרינג,ליטרים,1.50,ליטר,false,0,6.20,4.13,true,1,
7290006644732,false,ספרינג פירות טרופיים 1 ל,יפאורה שותפות מובגלת לשיווק,IL,נקטר ספרינג,ליטרים,1.00,ליטר,false,0,4.90,4.90,true,1,
7290006644756,false,RCQ לימון ליים 1.5*4ל,יפאורה שותפות מובגלת לשיווק,IL,RCQ לימון ליים 1.5*4ל,ליטרים,6.00,ליטר,false,0,14.00,2.33,true,1,
7290006644848,false,ספרינג תפוחים דיאט 1ליטר,יפאורה שותפות מובגלת לשיווק,IL,ספרינג דיאט,ליטרים,1.00,ליטר,false,0,4.90,4.90,true,1,
7290006652027,false,במבה מארז 20 * 15 גרם,אסם,IL,במבה 20 יח',גרמים,300.00,100 גרם,false,0,23.90,7.97,true,1,
7290006653475,false,"רוטב אלף האיים 600 מ""ל",אסם,IL,רוטב אלף האיים,מיליליטרים,600.00,"100 מ""ל",false,0,16.80,2.80,true,1,
7290006653765,false,פטוציני פרפקטו 500 גרם,זארה,IT,פטוציני פרפקטו,גרמים,500.00,100 גרם,false,0,7.60,1.52,true,1,
7290006653819,false,קוסקוס דק 350 גרם,קוסקוס מזון,IL,קוסקוס דק,גרמים,350.00,100 גרם,false,0,7.90,2.26,true,1,
7290006653857,false,"ארנבונים חטיף תפו""א 40גר",אסם,IL,"ארנבונים חטיף תפו""א 40גר",גרמים,40.00,100 גרם,false,0,4.30,10.75,true,1,
7290006664037,false,סופר גמדים דגנים 100*4גר,שטראוס,IL,סופר גמדים 4 יח,גרמים,400.00,100 גרם,false,0,10.00,2.50,true,1,
7290006664051,false,"אקטימל לבן 100*14 מ""ל",שטראוס,IL,אקטימל מארז14יח',ליטרים,1.40,ליטר,false,0,29.90,21.36,true,1,
7290006664358,false,דנונה דיאט רום צימוק150ג,שטראוס,IL,דנונה דיאט,גרמים,150.00,100 גרם,false,0,4.90,3.27,true,1,
7290006664402,false,גבינת סקי5% 750 גרם,שטראוס,IL,גבינת סקי5%,גרמים,750.00,100 גרם,false,0,14.40,1.92,true,1,
7290006664631,false,"אקטימל תות 100*8 מ""ל",שטראוס,IL,אקטימל תות 8 יח',מיליליטרים,800.00,"100 מ""ל",false,0,20.90,2.61,true,1,
7290006664655,false,"אקטימל לבן 100*8 מ""ל",שטראוס,IL,אקטימל לבן 8 יח,מיליליטרים,800.00,"100 מ""ל",false,0,20.90,2.61,true,1,
7290006664969,false,יוגורט מת.מעודן2% 150*8ג,שטראוס,IL,יוגורט מעודן 2%,קילוגרמים,1.20,"ק""ג",false,0,18.10,15.08,true,1,
7290006664990,false,דנונה ביו 1.7% 150*8גרם,שטראוס,IL,דנונה ביו 8 יח',קילוגרמים,1.20,"ק""ג",false,0,16.90,14.08,true,1,
7290006681003,false,סורבט תות לימון קרמ1.33.,שטראוס,IL,סורבט תות לימון קרמ1.33.,ליטרים,1.33,ליטר,false,0,18.90,14.21,true,1,
7290006681089,false,גל.לייט מיני סנדוויץ 10י,שטראוס,IL,גל.לייט מיני סנדוויץ 10י,גרמים,250.00,100 גרם,false,0,29.30,11.72,true,1,
7290006681553,false,קרמבו וניל 8 יחX' 24 גרם,שטראוס,IL,קרמבו וניל 8 יח,גרמים,192.00,100 גרם,false,0,12.90,6.72,true,1,
7290006681560,false,קרמבו מוקה 8 יח' X 24 גר,שטראוס,IL,קרמבו מוקה 8 יח,גרמים,192.00,100 גרם,false,0,12.90,6.72,true,1,
7290006681577,false,אסקימו לימון דובדבן 8+2,שטראוס,IL,אסקימו לימון דובדבן 8+2,גרמים,700.00,100 גרם,false,0,16.90,2.41,true,1,
7290006681843,false,גלידה לייט פרי 6 יחידות,שטראוס,IL,מאגדת גלידה לייט,גרמים,300.00,100 גרם,false,0,26.90,8.97,true,1,
7290006707383,false,שוקי עוף טרי ארוז דיל,עוף טוב,IL,שוקיים עוף טרי,קילוגרמים,0.00,"ק""ג",true,0,32.90,32.90,true,1,
7290006738103,false,פסטרמה בדבש טהור דק 150ג,זוגלובק,IL,פסטרמה בדבש דק,גרמים,150.00,100 גרם,false,0,15.10,10.07,true,1,
7290006738110,false,פסטרמה ברביקיו דק דק150ג,זוגלובק,IL,פסטרמה ברביקיו,גרמים,150.00,100 גרם,false,0,15.10,10.07,true,1,
7290006738127,false,חזה בקר דק דק 150 גרם,זוגלובק,IL,חזה בקר דק דק,גרמים,150.00,100 גרם,false,0,15.10,10.07,true,1,
7290006738424,false,מיני סלמי פיקנטי 250 גרם,זוגלובק,IL,מיני סלמי פיקנטי,גרמים,250.00,100 גרם,false,0,15.10,6.04,true,1,
7290006739292,false,פסטרמה חזה תבור מעושן330,זוגלובק,IL,פסטרמה תבור,גרמים,330.00,100 גרם,false,0,29.90,9.06,true,1,
7290006739346,false,נקניקיות פרגיות 400 גרם,זוגלובק,IL,נקניקיות פרגית,גרמים,400.00,100 גרם,false,0,18.00,4.50,true,1,
7290006739407,false,שניצל תירס לייט 630 גרם,זוגלובק,IL,שניצל תירס,גרמים,630.00,100 גרם,false,0,29.70,4.71,true,1,
7290006739414,false,סלמי קוניאק 300 גרם,זוגלובק,IL,סלמי קוניאק,גרמים,300.00,100 גרם,false,0,28.70,9.57,true,1,
7290006739421,false,סלמי מעושן איטלקי 300 גר,זוגלובק,IL,סלמי מעושן,גרמים,300.00,100 גרם,false,0,28.70,9.57,true,1,
7290006739681,false,חטיפי תירס קלאסי 600 גרם,זוגלובק,IL,חטיפי תירס,גרמים,600.00,100 גרם,false,0,18.90,3.15,true,1,
7290006740212,false,נקניקיות ג'מבו במשקל,זוגלובק,IL,נקניקיות ג'מבו,קילוגרמים,0.00,"ק""ג",true,0,21.80,21.80,true,1,
7290006740274,false,המבורגר טקסס 400גרם,זוגלובק,IL,המבורגר טקסס,גרמים,400.00,100 גרם,false,0,19.50,4.88,true,1,
7290006740281,false,קבב קלאסי 400גרם,זוגלובק,IL,קבב קלאסי,גרמים,400.00,100 גרם,false,0,21.70,5.43,true,1,
7290006741363,false,"בורקס תפו""א בד""צ 800 גרם",זוגלובק,IL,"בורקס תפו""א",גרמים,800.00,100 גרם,false,0,14.80,1.85,true,1,
7290006741387,false,"מלוואח תימני בד""צ 700 גר",זוגלובק,IL,מלוואח תימני,גרמים,700.00,100 גרם,false,0,13.90,1.99,true,1,
7290006742179,false,קבב מזרחי 400 גרם,זוגלובק,IL,קבב מזרחי,גרמים,400.00,100 גרם,false,0,21.60,5.40,true,1,
7290006742209,false,שניצל תירס 750גרם%33+,זוגלובק,IL,שניצל תירס,גרמים,1000.00,100 גרם,false,0,29.90,2.99,true,1,
7290006742278,false,פסטרמה צלוי על לבנים330ג,זוגלובק,IL,פסטרמה צלויה,גרמים,330.00,100 גרם,false,0,29.90,9.06,true,1,
7290006742292,false,פסטרמה בדבש 330 גרם,זוגלובק,IL,פסטרמה בדבש,גרמים,330.00,100 גרם,false,0,29.90,9.06,true,1,
7290006742315,false,חזה הודו ברביקיו 330 גרם,זוגלובק,IL,חזה הודו ברביקיו,גרמים,330.00,100 גרם,false,0,29.90,9.06,true,1,
7290006755469,false,שניצל תירס לייט 630 גרם,טבעול,IL,שניצל תירס לייט,גרמים,630.00,100 גרם,false,0,25.70,4.08,true,1,
7290006764058,false,בירה נשר לבן בק.חוזר500מ,טמפו,IL,בירה נשר לבן,מיליליטרים,500.00,"100 מ""ל",false,0,5.20,1.04,true,1,
7290006764065,false,בירה נשר מאלט בק.חוזר500,טמפו,IL,בירה נשר מאלט,מיליליטרים,500.00,"100 מ""ל",false,0,4.50,0.90,true,1,
7290006764072,false,"גולדסטאר בק.חוזר 500 מ""ל",טמפו,IL,בירה גולדסטאר,מיליליטרים,500.00,"100 מ""ל",false,0,6.90,1.38,true,1,
7290006764348,false,מאלטסטאר 1.5 ליטר,טמפו,IL,מאלטסטאר,ליטרים,1.50,ליטר,false,0,6.60,4.40,true,1,
7290006764485,false,בירה נשר מאלט בקב330*6.מ,טמפו,IL,נשר מאלט 6 יח,ליטרים,1.98,ליטר,false,0,22.90,11.57,true,1,
7290006764713,false,מירינדה 1.5*6 ליטר,טמפו,IL,מירינדה 6 יחידות,ליטרים,9.00,ליטר,false,0,24.90,2.77,true,1,
7290006764737,false,נשר מאלט דיאט ב.חוזר500מ,טמפו,IL,נשר מאלט דיאט,מיליליטרים,500.00,"100 מ""ל",false,0,4.50,0.90,true,1,
7290006784339,false,סנט מוריץ מנקה רהיטים300,קומפלקס כימיקלים,IL,סנט מוריץ לרהיט,מיליליטרים,300.00,"100 מ""ל",false,0,11.90,3.97,true,1,
7290006784360,false,מרסס חלונית ס.מוריץ1ליטר,קומפלקס כימיקלים,IL,מרסס חלונית,ליטרים,1.00,ליטר,false,0,6.60,6.60,true,1,
7290006784391,false,מסיר שומנים ס.מוריץ 900מ,קומפלקס כימיקלים,IL,מסיר שומנים,מיליליטרים,900.00,"100 מ""ל",false,0,18.90,2.10,true,1,
7290006788009,false,"שמפו ""10"" לשיער רגיל700מ",קרליין,IL,שמפו 10 לשיער,מיליליטרים,700.00,"100 מ""ל",false,0,10.90,1.56,true,1,
7290006788016,false,"שמפו ""10"" לשיער יבש 700מ",קרליין,IL,שמפו 10 לשיער,מיליליטרים,700.00,"100 מ""ל",false,0,10.90,1.56,true,1,
7290006788023,false,"שמפו ""10"" לשיער צבוע700מ",קרליין,IL,שמפו 10 לשיער,מיליליטרים,700.00,"100 מ""ל",false,0,10.90,1.56,true,1,
7290006788030,false,"שמפו ""10"" לשיער מתותל700",קרליין,IL,שמפו 10 לשיער,מיליליטרים,700.00,"100 מ""ל",false,0,10.90,1.56,true,1,
7290006788061,false,"מרכך ""10"" לשיער רגיל700מ",קרליין,IL,מרכך קרליין,מיליליטרים,700.00,"100 מ""ל",false,0,10.90,1.56,true,1,
7290006788078,false,"מרכך ""10"" לשיער יבש 700מ",קרליין,IL,מרכך 10 לשיער,מיליליטרים,700.00,"100 מ""ל",false,0,10.90,1.56,true,1,
7290006788085,false,"מרכך ""10"" לשיער צבוע700מ",קרליין,IL,מרכך 10 לשיער,מיליליטרים,700.00,"100 מ""ל",false,0,10.90,1.56,true,1,
7290006788092,false,"מרכך ""10"" לשיער מתותל700",קרליין,IL,מרכך קרליין,מיליליטרים,700.00,"100 מ""ל",false,0,10.90,1.56,true,1,
7290006788337,false,דאו.קרליין סטיק נושם 50מ,קרליין,,דאודורנט קרליין,מיליליטרים,50.00,"100 מ""ל",false,0,13.90,27.80,true,1,
7290006788399,false,דאו.קרליין רולאון נושם75,קרליין,IL,דאודורנט קרליין,גרמים,75.00,100 גרם,false,0,14.80,19.73,true,1,
7290006788450,false,דאו.קרלייןSENSITIVE 200,קרליין,IL,דאודורנט קרליין,מיליליטרים,200.00,"100 מ""ל",false,0,12.90,6.45,true,1,
7290006788481,false,דאו.קרליין 200SUNRISE,קרליין,IL,דאודורנט קרליין,מיליליטרים,200.00,"100 מ""ל",false,0,12.90,6.45,true,1,
7290006788498,false,דאו.קרליין ספרי PURE 200,קרליין,IL,דאודורנט קרליין,מיליליטרים,200.00,"100 מ""ל",false,0,12.90,6.45,true,1,
7290006788689,false,"שמפו ""10"" 2ב1- 700 מ""ל",קרליין,IL,"שמפו ""10"" 2ב1-",מיליליטרים,700.00,"100 מ""ל",false,0,10.90,1.56,true,1,
7290006789617,false,"קרם ""10"" לחות לתלתל 400מ",קרליין,IL,קרליין קרם לשיער,מיליליטרים,400.00,"100 מ""ל",false,0,16.90,4.23,true,1,
7290006789631,false,"קרם ""10"" שיער רגיל400מ""ל",קרליין,IL,קרם לחות לשיער,מיליליטרים,400.00,"100 מ""ל",false,0,16.90,4.23,true,1,
7290006791481,false,שמן ארגן לשיער,,,שמן ארגן לשיער,מיליליטרים,145.00,"100 מ""ל",false,0,48.40,33.38,true,1,
7290006805355,false,תער.להכנת כדורי שוקו500ג,ג'נרל מילס,IL,כדורי שוקולד,גרמים,500.00,100 גרם,false,0,17.90,3.58,true,1,
7290006822192,false,נקטר חמוציות דיאט 1 ליטר,פריגת,IL,נקטר חמוציות,ליטרים,1.00,ליטר,false,0,10.20,10.20,true,1,
7290006822840,false,מאלטי 1.5 ליטר,קרלסברג ישראל,IL,בירה מאלטי,ליטרים,1.50,ליטר,false,0,7.40,4.93,true,1,
7290006822857,false,מאלטי דיאט 1.5 ליטר,קרלסברג ישראל,IL,מאלטי דיאט,ליטרים,1.50,ליטר,false,0,7.40,4.93,true,1,
7290006869449,false,"לבן 3% שומן 150 מ""ל",טרה,IL,לבן 3% שומן טרה,מיליליטרים,150.00,"100 מ""ל",false,0,1.08,0.72,true,1,
7290006895745,false,קציצות עוף כרישה 600גרם,תנובה,IL,קציצות עוף כרישה 600גרם,גרמים,600.00,100 גרם,false,0,32.50,5.42,true,1,
7290006920836,false,מעושן פרוס 350 גרם,תעש' מזון יבנה,IL,מעושן פרוס 350גר,גרמים,350.00,100 גרם,false,0,10.90,3.11,true,1,
7290006920911,false,הולנדי פרוס 350 גרם,תעש' מזון יבנה,IL,הולנדי פרוס 350 גרם,גרמים,350.00,100 גרם,false,0,10.90,3.11,true,1,
7290006936059,false,משח.כלים בריח לימון 3.5ק,,,משח.כלים בריח לימון 3.5ק,קילוגרמים,3.50,"ק""ג",false,0,28.50,8.14,true,1,
7290006982704,false,צ'יפסי מארז 20*10 גרם,אסם,IL,צ'יפסי 10 יח,גרמים,200.00,100 גרם,false,0,17.50,8.75,true,1,
7290006983152,false,קרוטונים מתובלים למרק400,עינת,IL,קרוטונים מתובלים,גרמים,400.00,100 גרם,false,0,19.60,4.90,true,1,
7290006983770,false,עוגת הבית שיש אסם 400 גר,אסם,IL,עוגת שיש,גרמים,400.00,100 גרם,false,0,11.90,2.98,true,1,
7290006983794,false,עוגת הבית תפוז 400 גרם,אסם,IL,עוגת תפוז,גרמים,400.00,100 גרם,false,0,11.90,2.98,true,1,
7290006984647,false,חטיפי פריכונים מלוח 80גר,"פרח תעשיות מזון בע""מ",IL,חטיפי פריכונים,גרמים,80.00,100 גרם,false,0,7.30,9.13,true,1,
7290006989079,false,מברשת שטיחים 525,המברשת רוחמה,IL,מברשת שטיחים,יחידה,1.00,יחידה,false,0,20.20,20.20,true,1,
7290006989086,false,מברשת לניקוי אבק 201,המברשת רוחמה,IL,מברשת לניקוי אבק,יחידה,1.00,יחידה,false,0,20.20,20.20,true,1,
7290006992161,false,דייסלה קורנפלור 200 גרם,נסטלה,IL,דייסת מטרנה,גרמים,200.00,100 גרם,false,0,13.90,6.95,true,1,
7290006992185,false,דייסת אורז מטרנה 200 גרם,נסטלה,IL,דייסת אורז,גרמים,200.00,100 גרם,false,0,13.90,6.95,true,1,
7290006992390,false,דייסת וניל מטרנה 200 גרם,נסטלה,IL,דייסת וניל מטרנה,גרמים,200.00,100 גרם,false,0,13.90,6.95,true,1,
7290008018654,false,"שמפו פינוק לילדים 700מ""ל",יוניליוור,IL,שמפו פינוק,מיליליטרים,700.00,"100 מ""ל",false,0,13.80,1.97,true,1,
7290008018661,false,"מרכך פינוק לילדים 700מ""ל",יוניליוור,IL,מרכך פינוק,מיליליטרים,700.00,"100 מ""ל",false,0,13.80,1.97,true,1,
7290008021043,false,שמפו פינוק שיער רגיל700מ,יוניליוור,IL,שמפו פינוק,מיליליטרים,700.00,"100 מ""ל",false,0,10.00,1.43,true,1,
7290008021050,false,שמפו פינוק יבש מאוד700מל,יוניליוור,IL,שמפו פינוק,מיליליטרים,700.00,"100 מ""ל",false,0,10.00,1.43,true,1,
7290008021067,false,"שמפו פינוק עדין 700 מ""ל",יוניליוור,IL,שמפו פינוק,מיליליטרים,700.00,"100 מ""ל",false,0,10.00,1.43,true,1,
7290008021098,false,"שמפו פינוק קשקשים 700מ""ל",יוניליוור,IL,שמפו פינוק,מיליליטרים,700.00,"100 מ""ל",false,0,10.00,1.43,true,1,
7290008021104,false,"מרכך פינוק רגיל 700 מ""ל",יוניליוור,IL,מרכך שיער פינוק,מיליליטרים,700.00,"100 מ""ל",false,0,10.00,1.43,true,1,
7290008021111,false,מרכ.פינוק יבש מאוד 700מל,יוניליוור,IL,מרכך שיער פינוק,מיליליטרים,700.00,"100 מ""ל",false,0,10.00,1.43,true,1,
7290008021135,false,שמפו פינוק 2ב1- רגיל700מ,יוניליוור,IL,שמפו+מרכך פינוק,מיליליטרים,700.00,"100 מ""ל",false,0,10.00,1.43,true,1,
7290008021142,false,שמפו פינוק 2ב1- יבש 700מ,יוניליוור,IL,שמפו ומרכך פינוק,מיליליטרים,700.00,"100 מ""ל",false,0,10.00,1.43,true,1,
7290008084956,false,בייבי פסטה,,IL,בייבי פסטה,גרמים,120.00,100 גרם,false,0,14.90,12.42,true,1,
7290008142540,false,"מי פה ליסטרין 750 מ""ל",ג'ונסון,US,מי פה ליסטרין,מיליליטרים,750.00,"100 מ""ל",false,0,48.90,6.52,true,1,
7290008175487,false,לורפק ממרח חמאה,,,לורפק ממרח חמאה,גרמים,250.00,100 גרם,false,0,15.70,6.28,true,1,
7290008175814,false,פטריות חתוכות 400 גרם,,IL,פטריות חתוכות 400 גרם,גרמים,400.00,100 גרם,false,0,4.50,1.13,true,1,
7290008213493,false,משחה קולגייט להלבנה 100מ,קולגייט-פלמוליב,PL,משחה קולגייט להלבנה 100מ,מיליליטרים,100.00,"100 מ""ל",false,0,14.90,14.90,true,1,
7290008257107,false,סדין ניילון עבה למיוט,אריסטוקרט,IL,סדין ניילון עבה למיוט,יחידה,1.00,יחידה,false,0,23.70,23.70,true,1,
7290008263658,false,משקה סויה,,IL,משקה סויה,ליטרים,1.00,ליטר,false,0,12.80,12.80,true,1,
7290008328913,false,סילאן טבעי טהור,,IL,סילאן טבעי טהור,גרמים,900.00,100 גרם,false,0,21.70,2.41,true,1,
7290008330107,false,מרכך בדין סגול4 ליטר,יוניליוור,IL,מרכך כביסה בדין,ליטרים,4.00,ליטר,false,0,21.90,5.48,true,1,
7290008330398,false,בדין 40 דפי מרכך כחול,קלינטסט,US,בדין דפי מרכך,יחידה,1.00,יחידה,false,0,18.30,18.30,true,1,
7290008340618,false,סלמון מעושן מצונן 100 גר,דלידג - נטו,IL,סלמון מעושן,גרמים,100.00,100 גרם,false,0,14.90,14.90,true,1,
7290008343466,false,בצק פילו 500 גרם,"שגמור בע""מ",IL,בצק פילו 500 גרם,גרמים,500.00,100 גרם,false,0,20.70,4.14,true,1,
7290008343510,false,מיני ג'חנון אפוי 650 גרם,אופרה,IL,מיני ג'חנון אפוי 650 גרם,גרמים,650.00,100 גרם,false,0,23.90,3.68,true,1,
7290008343558,false,סיגרים בשר 1 ק'ג שלושת,שלושת האופים,IL,סיגרים בשר 1 ק'ג שלושת,קילוגרמים,1.00,"ק""ג",false,0,24.90,24.90,true,1,
7290008343565,false,סיגרים תפו'א 1 ק'ג שלוש,שלושת האופים,IL,סיגרים תפו'א 1 ק'ג שלוש,קילוגרמים,1.00,"ק""ג",false,0,24.90,24.90,true,1,
7290008343602,false,קובה בשר מטוגן 1 ק'ג של,שלושת האופים,IL,קובה בשר מטוגן 1 ק'ג של,קילוגרמים,1.00,"ק""ג",false,0,24.90,24.90,true,1,
7290008343626,false,פלאפל 1קג,שלושת האופים,IL,פלאפל 1קג,גרמים,1000.00,100 גרם,false,0,24.90,2.49,true,1,
7290008344272,false,המבורגר 100% 400 גרם,טיבון ויל - נטו,IL,המבורגר בקר,גרמים,400.00,100 גרם,false,0,21.70,5.43,true,1,
7290008345125,false,פילה מטיאס בשמן 240 גרם,דלידג - נטו,IL,פילה מטיאס בשמן,גרמים,240.00,100 גרם,false,0,20.70,8.63,true,1,
7290008345576,false,איקרה ביתית לבנה 300 גרם,דלידג - נטו,IL,איקרה ביתית לבנה,גרמים,300.00,100 גרם,false,0,16.20,5.40,true,1,
7290008345583,false,איקרה ביתית ורודה 300 גר,דלידג - נטו,IL,איקרה ביתית,גרמים,300.00,100 גרם,false,0,16.20,5.40,true,1,
7290008347877,false,ג'לטין בקר 28 גרם,נטו,IT,ג'לטין בקר 28 גרם,גרמים,28.00,100 גרם,false,0,8.30,29.64,true,1,
7290008409100,false,אצבעות שניצל בשומשום 700,תנובה,IL,אצבעות שניצל בשומשום 700,גרמים,700.00,100 גרם,false,0,35.00,5.00,true,1,
7290008409216,false,שניצל דק דק פריך 700 גרם,תנובה,IL,שניצל דק דק פריך 700 גרם,גרמים,700.00,100 גרם,false,0,41.90,5.99,true,1,
7290008409223,false,שניצל דק מתובל 700 גרם,תנובה,IL,שניצל דק מתובל 700 גרם,גרמים,700.00,100 גרם,false,0,41.90,5.99,true,1,
7290008409391,false,כדורוני שניצל שומשום 500,תנובה,IL,כדורוני שניצל שומשום 500,גרמים,500.00,100 גרם,false,0,28.70,5.74,true,1,
7290008409407,false,שניצל דק בציפוי צ'יפס 00,תנובה,IL,שניצל דק בציפוי צ'יפס 00,גרמים,700.00,100 גרם,false,0,41.90,5.99,true,1,
7290008409551,false,שניצל עוף אמיתי מעודן700,תנובה,IL,שניצל עוף אמיתי מעודן700,גרמים,700.00,100 גרם,false,0,41.70,5.96,true,1,
7290008409575,false,פילה עוף שומשום 700 גרם,תנובה,IL,פילה עוף שומשום 700 גרם,גרמים,700.00,100 גרם,false,0,41.70,5.96,true,1,
7290008409582,false,שניצל אמיתי ביתי 700 גרם,תנובה,IL,שניצל אמיתי ביתי 700 גרם,גרמים,700.00,100 גרם,false,0,41.70,5.96,true,1,
7290008409667,false,טבעות עוף בציפוי 700 גרם,תנובה,IL,טבעות עוף בציפוי 700 גרם,גרמים,700.00,100 גרם,false,0,34.90,4.99,true,1,
7290008415514,false,חומוס עם חריף 150 גרם,צבר,IL,חומוס עם חריף,גרמים,150.00,100 גרם,false,0,4.90,3.27,true,1,
7290008443616,false,מרכך נקה 7 לשיר יבש 750מ,אמיליה קוסמטיקס,IL,קונדישנר נקה 7,מיליליטרים,750.00,"100 מ""ל",false,0,9.90,1.32,true,1,
7290008443630,false,שמפו נקה7 שיער מתולתל750,אמיליה קוסמטיקס,IL,שמפו נקה 7,מיליליטרים,750.00,"100 מ""ל",false,0,9.90,1.32,true,1,
7290008443647,false,מרכך נקה7 שיער מתולתל750,אמיליה קוסמטיקס,IL,קונדישנר נקה 7,מיליליטרים,750.00,"100 מ""ל",false,0,9.90,1.32,true,1,
7290008462204,false,םרג 380 ןו'זיד לדרח,וטנ,FR,חרדל דיז'ון,גרמים,380.00,100 גרם,false,0,12.90,3.39,true,1,
7290008462259,false,חרדל דיז'ון,,FR,חרדל דיז'ון,גרמים,380.00,100 גרם,false,0,14.90,3.92,true,1,
7290008464000,false,סבן אפ 1.5*6 ליטר,טמפו,IL,סבן אפ 6 יחידות,ליטרים,9.00,ליטר,false,0,24.90,2.77,true,1,
7290008464017,false,סבן אפ דיאט 1.5*6 ליטר,טמפו,IL,סבן אפ דיאט 6 יח,ליטרים,9.00,ליטר,false,0,24.90,2.77,true,1,
7290008464024,false,גולדסטאר בפחית,,IL,גולדסטאר בפחית,מיליליטרים,500.00,"100 מ""ל",false,0,9.40,1.88,true,1,
7290008464222,false,בירה מכבי פחית7.9% 500מ,טמפו,IL,בירה מכבי 7.9%,מיליליטרים,500.00,"100 מ""ל",false,1,8.10,1.62,true,1,
7290008464475,false,"בירה מכבי פחית 500 מ""ל",טמפו,IL,בירה מכבי פחית,מיליליטרים,500.00,"100 מ""ל",false,0,6.80,1.36,true,1,
7290008464512,false,ג'אמפ מוגז אשכ.אדומה1.5ל,טמפו,IL,ג'אמפ אשכוליות,ליטרים,1.50,ליטר,false,1,5.90,3.93,true,1,
7290008464536,false,ג'אמפ מוגז תפוחים 1.5ל,טמפו,IL,ג'אמפ תפוחים,ליטרים,1.50,ליטר,false,1,5.90,3.93,true,1,
7290008464703,false,"בירה מכבי 6 בק330* מ""ל",טמפו,IL,בירה מכבי 6 בקב.,ליטרים,1.98,ליטר,false,0,33.60,16.97,true,1,
7290008464741,false,"בירה גולדסטאר בק330*6מ""ל",טמפו,IL,גולדסטאר 6 יח',ליטרים,1.98,ליטר,false,0,34.90,17.63,true,1,
7290008470759,false,סטיקס ספירמינט13ג8*יח,ריגלי,FR,מארז אורביט,גרמים,104.00,100 גרם,false,0,15.30,14.71,true,1,
7290008470766,false,אורביט סטיקס פפרמינ8*13י,ריגלי,FR,מארז אורביט,גרמים,104.00,100 גרם,false,0,15.30,14.71,true,1,
7290008470810,false,מסטיק פייב מנטה 4 יח,ריגלי,FR,מסטיק פייב 4 יח,גרמים,76.00,100 גרם,false,0,17.70,23.29,true,1,
7290008470827,false,מסטיק פייב אבטיח 4 יח,ריגלי,FR,מסטיק פייב 4 יח,גרמים,76.00,100 גרם,false,0,17.70,23.29,true,1,
7290008493314,false,בייגלה שמיניות מלוח400גר,מאיר את ביגל,IL,בייגלה שמיניות,גרמים,400.00,100 גרם,false,0,7.90,1.98,true,1,
7290008493390,false,גריסיני טבעי 200 גרם,מאיר את ביגל,IL,גריסיני טבעי,גרמים,200.00,100 גרם,false,0,9.40,4.70,true,1,
7290008493406,false,גריסיני שומשום 175 גרם,מאיר את ביגל,IL,גריסיני שומשום,גרמים,175.00,100 גרם,false,0,9.40,5.37,true,1,
7290008493413,false,פירורי גריסיני 200 גרם,מאיר את ביגל,IL,פירורי גריסיני,גרמים,200.00,100 גרם,false,0,6.20,3.10,true,1,
7290008493482,false,בייגלה גדול שומשום 300גר,מאיר את ביגל,IL,בייגלה שומשום,גרמים,300.00,100 גרם,false,0,7.90,2.63,true,1,
7290008493499,false,בייגלה שטוחל'ה מלח350גרם,מאיר את ביגל,IL,בייגלה שטוחל'ה,גרמים,350.00,100 גרם,false,0,7.90,2.26,true,1,
7290008493505,false,בייגלה שטוחל'ה שומשום300,מאיר את ביגל,IL,בייגלה שטוחלה,גרמים,300.00,100 גרם,false,0,7.90,2.63,true,1,
7290008493574,false,בייגלה שטוחלה פינוקים300,מאיר את ביגל,IL,שטוחלה פינוקים,גרמים,300.00,100 גרם,false,0,7.90,2.63,true,1,
7290008493710,false,פירורי גריסיני זהב 200ג,מאיר את ביגל,IL,פירורי גריסיני,גרמים,200.00,100 גרם,false,1,6.20,3.10,true,1,
7290008670029,false,יין רקנאטי מרלו,,IL,יין רקנאטי מרלו,מיליליטרים,750.00,"100 מ""ל",false,0,49.90,6.65,true,1,
7290008690164,false,ק.קולה לימון דיאט1.5ליטר,החברה המרכזית לייצור משקאות,IL,קולה דיאט לימון,ליטרים,1.50,ליטר,false,0,6.80,4.53,true,1,
7290008690713,false,נקטר חמוציות טבעי 1 ליטר,פריגת,IL,נקטר חמוציות,ליטרים,1.00,ליטר,false,0,10.20,10.20,true,1,
7290008693134,false,דניאלה תות מוקצף5% 150מ,שטראוס,IL,דניאלה תות מוקצף,מיליליטרים,150.00,"100 מ""ל",false,0,4.10,2.73,true,1,
7290008711845,false,קרם גוף קליאו ורוד 400 מ,"ביסקול בע""מ",IL,קרם גוף קליאו,מיליליטרים,400.00,"100 מ""ל",false,0,7.90,1.98,true,1,
7290008713016,false,לחם שבעה דגנים קל 500גרם,מאפיית שלמה א. אנג'ל,IL,לחם שבעה דגנים קל 500גרם,גרמים,500.00,100 גרם,false,0,13.80,2.76,true,1,
7290008713498,false,לחם עינן מסורתי 750 גרם,מאפיית שלמה א. אנג'ל,IL,לחם עינן מסורתי 750 גרם,גרמים,750.00,100 גרם,false,0,14.80,1.97,true,1,
7290008713900,false,לחם שיפון עגול 750 גרם,מאפיית שלמה א. אנג'ל,IL,לחם שיפון עגול 750 גרם,גרמים,750.00,100 גרם,false,0,10.90,1.45,true,1,
7290008713917,false,לחם שיפון כהה 750 גרם,מאפיית שלמה א. אנג'ל,IL,לחם שיפון כהה 750 גרם,גרמים,750.00,100 גרם,false,0,10.90,1.45,true,1,
7290008713924,false,לחם שיפון+גרעינ.דלעת750ג,מאפיית שלמה א. אנג'ל,IL,לחם שיפון+גרעינ.דלעת750ג,גרמים,750.00,100 גרם,false,0,10.90,1.45,true,1,
7290008745239,false,תפוצ'יפס קראנצ' טבעי50ג,עלית,IL,תפוצ'יפס קראנצ',גרמים,50.00,100 גרם,false,0,3.80,7.60,true,1,
7290008745345,false,ממרח ט.שוקלד פרה מגד500ג,עלית,IL,ממרח בטעם שוקולד,גרמים,500.00,100 גרם,false,0,9.90,1.98,true,1,
7290008746038,false,בונ.לב בינוני חלב 162גרם,עלית,IL,בונבוניירה לב,גרמים,162.00,100 גרם,false,0,28.60,17.65,true,1,
7290008747424,false,שוקולד במילוי תות 100גרם,עלית,IL,שוקולד במלוי תות,גרמים,100.00,100 גרם,false,0,5.50,5.50,true,1,
7290008747431,false,שוקולד פרה במילוי תות50ג,עלית,IL,שוקולד פרה תות,גרמים,50.00,100 גרם,false,0,3.90,7.80,true,1,
7290008747516,false,צ'יטוס איקס עיגול 15*10ג,עלית,IL,צ'יטוס 10 יח',גרמים,150.00,100 גרם,false,0,9.90,6.60,true,1,
7290008748384,false,שוקולד ספלנדיד מריר100גר,עלית,IL,שוקולד ספלנדיד,גרמים,100.00,100 גרם,false,0,10.90,10.90,true,1,
7290008749343,false,בפלות שחור לבן 400 גרם,עלית,IL,ופלים שחור לבן,גרמים,400.00,100 גרם,false,0,15.40,3.85,true,1,
7290008749954,false,טוב טעם מגדים 20 יחידות,עלית,IL,חטיפי וופל,גרמים,30.00,100 גרם,false,0,19.90,66.33,true,1,
7290008750264,false,מסטיק דובדבן מגדים 28גרם,עלית,IL,מסטיק מאסט,גרמים,28.00,100 גרם,false,0,4.30,15.36,true,1,
7290008750400,false,שוקולד לבן+עוגיות100 גרם,עלית,IL,שוקולדלבן עוגיות,גרמים,100.00,100 גרם,false,0,5.50,5.50,true,1,
7290008752244,false,תפוצ'יפס קראנצ' גריל 50ג,עלית,IL,תפוצ'יפס גריל,גרמים,50.00,100 גרם,false,0,3.80,7.60,true,1,
7290008753111,false,תפוצ'יפס מקסיקני 50 גרם,עלית,IL,תפוצ'יפס קראנצ',גרמים,50.00,100 גרם,false,0,3.80,7.60,true,1,
7290008753982,false,שוקולד חלב אוורירי 85גרם,עלית,IL,שוקולד אוורירי,גרמים,85.00,100 גרם,false,0,5.50,6.47,true,1,
7290008754415,false,מאסט LL עדין ספירמינט28ג,עלית,IL,מסטיק מאסט LL,גרמים,28.00,100 גרם,false,0,4.30,15.36,true,1,
7290008754422,false,LL MUST קלאסי פפרמינט28ג,עלית,IL,מסטיק LL MUST,גרמים,28.00,100 גרם,false,0,4.30,15.36,true,1,
7290008754460,false,קפה ברזילאי 100 גרם,עלית,IL,קפה ברזילאי,גרמים,100.00,100 גרם,false,0,10.70,10.70,true,1,
7290008754613,false,רולדת שוקולד מצופה 350גר,עלית,IL,רולדת שוקולד,גרמים,350.00,100 גרם,false,0,14.80,4.23,true,1,
7290008757720,false,קולה R.C דיאט 1.5*4 ליטר,יפאורה שותפות מובגלת לשיווק,US,קולה RC דיאט 4יח,ליטרים,6.00,ליטר,false,0,14.00,2.33,true,1,
7290008757737,false,RCQ אורנג' 1.5*4 ליטר,יפאורה שותפות מובגלת לשיווק,IL,RCQ אורנג' 1.5*4 ליטר,ליטרים,6.00,ליטר,false,0,14.00,2.33,true,1,
7290008757980,false,נקטר ספרינג רימונים 1 ל',יפאורה שותפות מובגלת לשיווק,IL,נקטר רימונים,ליטרים,1.00,ליטר,false,0,4.90,4.90,true,1,
7290008775731,false,"רוטב וינגרט קלאסי 290מ""ל",אסם,IL,רוטב ויניגרט אסם,מיליליטרים,290.00,"100 מ""ל",false,0,10.90,3.76,true,1,
7290008775816,false,ערגליות שוקו 300 גרם,אסם,IL,ערגליות שוקו,גרמים,300.00,100 גרם,false,0,10.30,3.43,true,1,
7290008775823,false,ערגליות תות 300 גרם,אסם,IL,ערגליות תות 300 גרם,גרמים,300.00,100 גרם,false,0,10.30,3.43,true,1,
7290008775892,false,פרפקטו לינגוויני500ג,זארה,IT,ספגטי לינגויני,גרמים,500.00,100 גרם,false,0,7.60,1.52,true,1,
7290008801010,false,קברנה מרלו P.C,,,קברנה מרלו P.C,מיליליטרים,750.00,"100 מ""ל",false,0,43.60,5.81,true,1,
7290008801157,false,מרלו סלקטד,,,מרלו סלקטד,מיליליטרים,750.00,"100 מ""ל",false,0,22.90,3.05,true,1,
7290008801430,false,מיץ ענבים תירוש אדום750מ,יקבי כרמל,IL,תירוש כרמל אדום,מיליליטרים,750.00,"100 מ""ל",false,0,13.80,1.84,true,1,
7290008801454,false,"יין היובל ישן נושן650מ""ל",יקבי כרמל,IL,יין ישן נושן,מיליליטרים,650.00,"100 מ""ל",false,0,15.90,2.45,true,1,
7290008801461,false,"יין הנצחון 750 מ""ל",יקבי כרמל,IL,יין הנצחון,מיליליטרים,750.00,"100 מ""ל",false,0,17.80,2.37,true,1,
7290008801522,false,"יין קונקורד 750מ""ל",יקבי כרמל,IL,יין קונקורד,מיליליטרים,750.00,"100 מ""ל",false,0,24.00,3.20,true,1,
7290008801843,false,קברנה סוביניון,,,קברנה סוביניון,מיליליטרים,750.00,"100 מ""ל",false,0,22.90,3.05,true,1,
7290008801850,false,אמרלד ריזלינג סלקטד750מל,יקבי כרמל,IL,אמרלד ריזלינג,מיליליטרים,750.00,"100 מ""ל",false,0,22.90,3.05,true,1,
7290008802291,false,"מרלו P.C 750 מ""ל",יקבי כרמל,,מרלו P.C,מיליליטרים,750.00,"100 מ""ל",false,0,43.50,5.80,true,1,
7290008802512,false,"יין אדום יבש וינו 750מ""ל",יקבי כרמל,IL,יין אדום יבש,מיליליטרים,750.00,"100 מ""ל",false,0,15.90,2.12,true,1,
7290008802895,false,קברנה סוביניוןP.C. 750מל,יקבי כרמל,IL,קברנה סוביניון,מיליליטרים,750.00,"100 מ""ל",false,0,39.60,5.28,true,1,
7290008804769,false,קברנה מרלו שיראז סלקט750,יקבי כרמל,,קברנה מרלו שיראז,מיליליטרים,750.00,"100 מ""ל",false,0,22.90,3.05,true,1,
7290008805049,false,"זינפנדל סלקטד 750 מ""ל",יקבי כרמל,IL,זינפנדל סמוק,מיליליטרים,750.00,"100 מ""ל",false,0,22.90,3.05,true,1,
7290008805520,false,קברנה מרלו סלקטד,,,קברנה מרלו סלקטד,מיליליטרים,750.00,"100 מ""ל",false,0,22.90,3.05,true,1,
7290008806909,false,גלידה לייט שוקו וניל1.33,שטראוס,IL,גלידה לייט שוקו וניל1.33,ליטרים,1.33,ליטר,false,0,18.90,14.21,true,1,
7290008806961,false,קרמיסימו פרה שוקולד1.33ל,שטראוס,IL,קרמיסימו פרה שוקולד1.33ל,ליטרים,1.33,ליטר,false,0,18.90,14.21,true,1,
7290008806985,false,נשנושי שוקווניל פרווה60י,שטראוס,IL,נשנושי שוקווניל פרווה60י,גרמים,630.00,100 גרם,false,0,49.50,7.86,true,1,
7290008814690,false,מברשת שטיחים,,,מברשת שטיחים,יחידה,1.00,יחידה,false,0,16.20,16.20,true,1,
7290008833714,false,וודקה גריי גוס,,,וודקה גריי גוס,מיליליטרים,750.00,"100 מ""ל",false,0,114.90,15.32,true,1,
7290008849470,false,פלפל צ'ומה טריפוליטאי185,אוליביה,IL,פלפל צ'ומה,גרמים,185.00,100 גרם,false,0,11.00,5.95,true,1,
7290008858045,false,עלים לקרם שניט 400 גרם,אשבל,IL,עלים לקרם שניט,גרמים,400.00,100 גרם,false,0,20.10,5.03,true,1,
7290008909167,false,"משק""ל פריגת ענבי מרלו1.5",פריגת,IL,פריגת ענבים,ליטרים,1.50,ליטר,false,0,6.50,4.33,true,1,
7290008909174,false,"משק""ל פריגת ענב.מוסקט1.5",פריגת,IL,פריגת ענבים,ליטרים,1.50,ליטר,false,0,6.50,4.33,true,1,
7290008909440,false,פאנטה אורנג' מנגו 1.5 ל',החברה המרכזית לייצור משקאות,IL,פאנטה אורנג',ליטרים,1.50,ליטר,false,0,6.90,4.60,true,1,
7290008909860,false,קוקה קולה ZERO 1.5 ליטר,החברה המרכזית לייצור משקאות,IL,קוקה קולה ZERO,ליטרים,1.50,ליטר,false,0,6.90,4.60,true,1,
7290008909877,false,קוקה קולה זירו 1.5*6 ל',החברה המרכזית לייצור משקאות,IL,קולה זירו 6 יח,ליטרים,9.00,ליטר,false,0,35.90,3.99,true,1,
7290008945172,false,40גלילונית לפח מטבח52X65,אשפלסט,IL,גלילונית לפח,יחידה,1.00,יחידה,false,0,16.80,16.80,true,1,
7290008975551,false,מטרנה מהדרין שלב3 700גרם,נסטלה,IL,מטרנה מהדרין 3,גרמים,700.00,100 גרם,false,0,49.90,7.13,true,1,
7290009127485,true,אנטריקוט טרי חלק אנגוס,פניסקו,AR,אנטריקוט טרי חלק,קילוגרמים,0.00,"ק""ג",true,0,139.90,139.90,true,1,
7290009127508,true,צלעות טרי חלק אנגוס לקג,פניסקו,AR,צלעות טרי חלק,קילוגרמים,0.00,"ק""ג",true,0,79.90,79.90,true,1,
7290009127676,true,כתף טרי חלק אנגוס לקג,פניסקו,AR,כתף טרי חלק,קילוגרמים,0.00,"ק""ג",true,0,84.90,84.90,true,1,
7290009127874,true,צלי כתף טרי חלק אנגוס לק,פניסקו,AR,צלי כתף טרי חלק,קילוגרמים,0.00,"ק""ג",true,0,89.90,89.90,true,1,
7290009164848,true,קבב מזרחי 840גרם,.,IL,קבב מזרחי 840גרם,גרמים,840.00,100 גרם,false,1,44.50,5.30,true,1,
7290009165210,true,נקניקיות סלצ'יצה 1קג,.,IL,נקנקיות סלצ'יצ'ה,גרמים,1000.00,100 גרם,false,1,49.50,4.95,true,1,
7290009165388,true,מיני המבורגר ריב אנטריקו,.,IL,מיני המבורגר,גרמים,840.00,100 גרם,false,1,49.50,5.89,true,1,
7290009168112,true,המבורגר ריב אנטריקוט640ג,.,IL,המבורגר ריבאנטרי,גרמים,640.00,100 גרם,false,1,39.60,6.19,true,1,
7290009330540,true,שריר טרי חלק אנגוס קג,שופרסל,IL,שריר טרי חלק,קילוגרמים,0.00,"ק""ג",true,1,69.90,69.90,true,1,
7290009392319,true,פילה מדומה קפוא מוכשר שו,בלדי,XX,פילה מדומה קפוא מוכשר שו,קילוגרמים,0.00,"ק""ג",true,0,49.50,49.50,true,1,
7290009395037,true,כבד עוף טרי תפזורת עצמי,שונות,IL,כבד עוף טרי,קילוגרמים,0.00,"ק""ג",true,0,17.90,17.90,true,1,
7290009395044,true,לב עוף טרי תפזורת עצמי ק,שונות,IL,לב עוף טרי,קילוגרמים,0.00,"ק""ג",true,0,23.90,23.90,true,1,
7290009395051,true,קורקבן עוף טרי )עצמי(,שונות,IL,קורקבן עוף טרי )עצמי(,קילוגרמים,0.00,"ק""ג",true,0,9.90,9.90,true,1,
7290009395068,true,טחול עוף טרי ת.עצמי לקג,שונות,IL,טחול עוף טרי,קילוגרמים,0.00,"ק""ג",true,0,52.90,52.90,true,1,
7290010002030,false,כמון 100 גרם,א.ל ייצור ושיווק תבלינים,IL,כמון טחון,גרמים,100.00,100 גרם,false,0,10.90,10.90,true,1,
7290010002108,false,פלפל שחור גרוס גס 90 גרם,א.ל ייצור ושיווק תבלינים,IL,פלפל שחור גרוס,גרמים,90.00,100 גרם,false,0,15.10,16.78,true,1,
7290010002122,false,פפריקה הונגרית מתוקה100ג,א.ל ייצור ושיווק תבלינים,IL,פפריקה הונגרית,גרמים,100.00,100 גרם,false,0,10.90,10.90,true,1,
7290010002153,false,פפריקה מרוקאית חריפה100ג,א.ל ייצור ושיווק תבלינים,IL,פפריקה מרוקאית,גרמים,100.00,100 גרם,false,0,10.90,10.90,true,1,
7290010002207,false,קינמון טחון 100 גרם,א.ל ייצור ושיווק תבלינים,IL,קינמון טחון,גרמים,100.00,100 גרם,false,0,8.30,8.30,true,1,
7290010002399,false,בזיליקום 40 גרם,א.ל ייצור ושיווק תבלינים,IL,בזיליקום(ריחן),גרמים,40.00,100 גרם,false,0,9.30,23.25,true,1,
7290010002481,false,שום טחון 100 גרם,א.ל ייצור ושיווק תבלינים,IL,שום טחון,גרמים,100.00,100 גרם,false,0,9.70,9.70,true,1,
7290010003051,false,פפריקה הונגרית מתוקה400ג,א.ל ייצור ושיווק תבלינים,IL,פפריקה הונגרית,גרמים,400.00,100 גרם,false,0,23.90,5.98,true,1,
7290010003075,false,פפריקה מרוקאית מתוקה400ג,א.ל ייצור ושיווק תבלינים,IL,פפריקה מרוקאית,גרמים,400.00,100 גרם,false,0,23.90,5.98,true,1,
7290010023622,false,תה קלאסי.נגיעות נענע100ש,ויסוצקי,IL,תה קלאסיק+נענע,גרמים,100.00,100 גרם,false,0,17.70,17.70,true,1,
7290010045006,false,עוגיות חמאה פריכות280גרם,לחמי,IL,עוגיות חמאה,גרמים,280.00,100 גרם,false,0,18.00,6.43,true,1,
7290010045068,false,עוגיות הנסיכה 250 גרם,לחמי,IL,עוגיות הנסיכה,גרמים,250.00,100 גרם,false,0,18.00,7.20,true,1,
7290010049004,false,תרכיז ענבים מרמולייט 1ל',אשבל,IL,תרכיז ענבים,ליטרים,1.00,ליטר,false,0,10.80,10.80,true,1,
7290010060603,false,מרכך סרקל,,IL,מרכך סרקל,ליטרים,1.25,ליטר,false,0,19.90,15.92,true,1,
7290010065295,false,פרינוק מחית,,IL,פרינוק מחית,גרמים,130.00,100 גרם,false,0,4.80,3.69,true,1,
7290010065301,false,פרינוק מחית,,CZ,פרינוק מחית,גרמים,130.00,100 גרם,false,0,4.80,3.69,true,1,
7290010065318,false,"פרינוק ג'וניור תפו""ע190ג",רנדי,CZ,פרינוק מחית,גרמים,130.00,100 גרם,false,0,5.50,4.23,true,1,
7290010065325,false,פרינוק ג'וניור,,CZ,פרינוק ג'וניור,גרמים,190.00,100 גרם,false,0,5.50,2.89,true,1,
7290010065332,false,"פרינוק ג'ונ.תפו""ע+בננ190",רנדי,IL,פריניוק ג'וניור,גרמים,190.00,100 גרם,false,0,5.50,2.89,true,1,
7290010065745,false,פרינוק ג'וניור,,CZ,פרינוק ג'וניור,גרמים,190.00,100 גרם,false,0,5.50,2.89,true,1,
7290010066001,false,נתחי טונה בשמן צמחי 960ג,תעשיות פילטונה,IL,נתחי טונה בשמן,גרמים,960.00,100 גרם,false,0,33.60,3.50,true,1,
7290010066513,false,טונה בשמן צמחי 158*4 גרם,תעשיות פילטונה,IL,טונה בשמן 4 יח,גרמים,632.00,100 גרם,false,0,24.90,3.94,true,1,
7290010066575,false,טונה במי מלח 158*4 גרם,תעשיות פילטונה,IL,טונה במי מלח 4יח,גרמים,632.00,100 גרם,false,0,24.90,3.94,true,1,
7290010066582,false,טונה בשמן קנולה 158*4 גר,תעשיות פילטונה,IL,טונה בשמן 4 יח,גרמים,632.00,100 גרם,false,0,24.70,3.91,true,1,
7290010066599,false,טונה בשמן זית 158*4 גרם,תעשיות פילטונה,IL,טונה בשמן זית4יח,גרמים,632.00,100 גרם,false,0,29.90,4.73,true,1,
7290010115938,false,פתיבר שוקו פריך עשיר500ג,עלית,IL,פתיבר שוקו,גרמים,500.00,100 גרם,false,0,9.90,1.98,true,1,
7290010116898,false,שוקולד אוורירי מריר85גרם,עלית,IL,שוקולד אוורירי,גרמים,85.00,100 גרם,false,0,5.50,6.47,true,1,
7290010116980,false,שוקולית 850 גרם,עלית,IL,שוקולית עלית,גרמים,850.00,100 גרם,false,0,17.90,2.11,true,1,
7290010118113,false,שוש 10 * 20 גרם,עלית,IL,מארז שוש 10 יח,גרמים,200.00,100 גרם,false,0,10.00,5.00,true,1,
7290010129003,false,עוגיות אוזניים 600 גרם,דולצ'ה ויטה,IL,עוגיות אוזניים,גרמים,600.00,100 גרם,false,0,17.90,2.98,true,1,
7290010129010,false,עוג.כתר במילוי ריבה 600ג,דולצ'ה ויטה,IL,עוגיות כתר ריבה,גרמים,600.00,100 גרם,false,0,17.90,2.98,true,1,
7290010129027,false,עוגיות מרוקאיות 600 גרם,דולצ'ה ויטה,IL,עוגיות מרוקאיות,גרמים,600.00,100 גרם,false,0,17.90,2.98,true,1,
7290010129041,false,עוגיות בטעמים שונים600גר,דולצ'ה ויטה,IL,עוגיות ריבה,גרמים,600.00,100 גרם,false,0,17.90,2.98,true,1,
7290010129072,false,עוגיות סנדוויץ ריבה 600ג,דולצ'ה ויטה,IL,עוגיות סנדוויץ,גרמים,600.00,100 גרם,false,0,17.90,2.98,true,1,
7290010129126,false,דובשניות 600 גרם,דולצ'ה ויטה,,דובשניות,גרמים,600.00,100 גרם,false,0,14.40,2.40,true,1,
7290010129157,false,עוגיות מלוחות 350 גרם,דולצ'ה ויטה,IL,עוגיות מלוחות,גרמים,350.00,100 גרם,false,0,14.30,4.09,true,1,
7290010129300,false,עוגיות רייף מרוקאיות350ג,דולצ'ה ויטה,IL,עוגיות מרוקאיות,גרמים,350.00,100 גרם,false,0,16.80,4.80,true,1,
7290010129324,false,עוגיות מעמול 600 גרם,דולצ'ה ויטה,IL,עוגיות מעמול,גרמים,600.00,100 גרם,false,0,17.90,2.98,true,1,
7290010129348,false,עוגיות שוקולד 600 גרם,דולצ'ה ויטה,IL,עוגיות שוקולד,גרמים,600.00,100 גרם,false,0,17.90,2.98,true,1,
7290010129355,false,עוגיות תמרים 600 גרם,דולצ'ה ויטה,IL,עוגיות תמרים,גרמים,600.00,100 גרם,false,0,17.90,2.98,true,1,
7290010154005,false,סחוג תימני 250 גרם,נטו,IL,סחוג תימני,גרמים,250.00,100 גרם,false,0,14.10,5.64,true,1,
7290010154012,false,לימון בלאדי 250 גרם,נטו,IL,לימון בלאדי,גרמים,250.00,100 גרם,false,0,14.10,5.64,true,1,
7290010154029,false,אריסה מתוקה 250 גרם,נטו,IL,אריסה מתוקה,גרמים,250.00,100 גרם,false,0,14.10,5.64,true,1,
7290010154036,false,עמבה 250 גרם,נטו,IL,עמבה,גרמים,250.00,100 גרם,false,0,14.10,5.64,true,1,
7290010154265,false,פלפל צ'ומה ביטון 250 גרם,נטו,IL,פלפל צ'ומה,גרמים,250.00,100 גרם,false,0,14.10,5.64,true,1,
7290010154418,false,סחוג אדום,,IL,סחוג אדום,גרמים,130.00,100 גרם,false,0,8.40,6.46,true,1,
7290010154425,false,סחוג ירוק,,IL,סחוג ירוק,גרמים,130.00,100 גרם,false,0,8.40,6.46,true,1,
7290010163632,false,שזיף ללא גלעין400ג'שקדיה,שקדיה,IL,שזיף ללא גלעין,גרמים,400.00,100 גרם,false,0,26.70,6.68,true,1,
7290010163700,false,שקד קלוף טבעי200ג-'שקדיה,שקדיה,IL,שקד טבעי,גרמים,200.00,100 גרם,false,0,24.70,12.35,true,1,
7290010173037,false,"רוזה הרי גליל 750 מ""ל",יקב הרי גליל,IL,יין רוזה גליל,מיליליטרים,750.00,"100 מ""ל",false,0,29.90,3.99,true,1,
7290010173044,false,"מרלו הרי גליל 750 מ""ל",יקב הרי גליל,IL,מרלו הרי גליל,מיליליטרים,750.00,"100 מ""ל",false,0,29.90,3.99,true,1,
7290010173068,false,גליל קברנה סוביניון750מל,יקב הרי גליל,IL,קברנה הרי גליל,מיליליטרים,750.00,"100 מ""ל",false,0,29.90,3.99,true,1,
7290010196678,false,קוקי שקיות אפיה ענק 10יח,ש.שסטוביץ,IL,קוקי שקיות אפיה ענק 10יח,יחידה,1.00,יחידה,false,0,21.60,21.60,true,1,
7290010237623,false,בירה נשר מאלט 1.5 ליטר,טמפו,IL,נשר מאלט,ליטרים,1.50,ליטר,false,0,6.90,4.60,true,1,
7290010237630,false,בירה נשר מאלט דיאט 1.5 ל,טמפו,IL,נשר מאלט דיאט,ליטרים,1.50,ליטר,false,0,6.90,4.60,true,1,
7290010237692,false,"בירה הייניקן 250*6 מ""ל",היינקן,IL,בירה הייניקן 6יח,ליטרים,1.50,ליטר,false,0,42.90,28.60,true,1,
7290010237890,false,בירה הייניקן בק.חוזר500מ,היינקן,IL,בירה הייניקן,מיליליטרים,500.00,"100 מ""ל",false,0,8.90,1.78,true,1,
7290010259038,false,לורפק ממרח,,DK,לורפק ממרח,גרמים,500.00,100 גרם,false,0,22.90,4.58,true,1,
7290010259045,false,לורפק לייט,,DK,לורפק לייט,גרמים,250.00,100 גרם,false,0,10.00,4.00,true,1,
7290010259823,false,מנת השף נודלס,,IL,מנת השף נודלס,גרמים,70.00,100 גרם,false,0,4.50,6.43,true,1,
7290010259830,false,מנת השף נודלס,,IL,מנת השף נודלס,גרמים,70.00,100 גרם,false,0,4.50,6.43,true,1,
7290010259854,false,מנת השף נודלס,,IL,מנת השף נודלס,גרמים,70.00,100 גרם,false,0,4.50,6.43,true,1,
7290010259892,false,מרגרינה,,IL,מרגרינה,גרמים,200.00,100 גרם,false,0,3.20,1.60,true,1,
7290010287512,false,תירוש ענבים 1 ליטר,הכורמים,IL,תירוש ענבים,ליטרים,1.00,ליטר,false,0,14.00,14.00,true,1,
7290010314140,false,חזה בגריל מן הצומח 630גר,טבעול,IL,חזה בגריל,גרמים,630.00,100 גרם,false,0,36.60,5.81,true,1,
7290010328468,false,מיני חלווה 3 טעמים12*18ג,"אחדות ביח""ר לטחינה",IL,מיני חלווה 18 יח,גרמים,226.00,100 גרם,false,0,9.90,4.38,true,1,
7290010329595,false,אגו דאבל שוקולד 130 גרם,כרמית,IL,אגו שוקולד,גרמים,130.00,100 גרם,false,0,9.40,7.23,true,1,
7290010329854,false,"מיני קוקיס חמאה ללת""ס700",כרמית,IL,מיני קוקיס חמאה,גרמים,700.00,100 גרם,false,0,23.90,3.41,true,1,
7290010329977,false,מטבעות שוק.מריר פרווה48ג,כרמית,IL,מטבעות שוקולד,גרמים,48.00,100 גרם,false,0,5.00,10.42,true,1,
7290010329984,false,שוק. צ'יפס מריר60% 250ג,כרמית,IL,שוקולד צ'יפס,גרמים,250.00,100 גרם,false,0,9.70,3.88,true,1,
7290010378500,false,סופטקר שמפו אל דמע 1ליטר,נקה,IL,שמפו לתינוק,ליטרים,1.00,ליטר,false,0,13.90,13.90,true,1,
7290010417162,false,"גמלא ריזלינג לבן 750 מ""ל",יקבי רמת הגולן קצרין,IL,גמלא ריזלינג,מיליליטרים,750.00,"100 מ""ל",false,0,39.60,5.28,true,1,
7290010429295,false,מעדן פרי מישמש100% 250ג,יד מרדכי,IL,מעדן מישמש,גרמים,250.00,100 גרם,false,0,13.70,5.48,true,1,
7290010429301,false,מעדן תות 100%פרי 250 גרם,יד מרדכי,IL,מעדן תות,גרמים,250.00,100 גרם,false,0,13.70,5.48,true,1,
7290010429554,false,"שמן זית 2 קלאסי 750מ""ל",יד מרדכי,IL,שמן זית 2 קלאסי,מיליליטרים,750.00,"100 מ""ל",false,0,34.90,4.65,true,1,
7290010471669,false,דנונה בר תות קורנפ175.גר,שטראוס,IL,דנונה בר תות,גרמים,175.00,100 גרם,false,0,4.50,2.57,true,1,
7290010471812,false,דנונה אקטיבייה 3% 150*4ג,שטראוס,IL,אקטיביה 4 יחידות,גרמים,600.00,100 גרם,false,0,14.20,2.37,true,1,
7290010472390,false,דני שוקולד 125*8גרם,שטראוס,IL,דני שוקולד 8 יח',קילוגרמים,1.00,"ק""ג",false,0,15.90,15.90,true,1,
7290010472765,false,סופר גמדים תות 100*4 גרם,שטראוס,IL,סופר גמדים 4 יח,גרמים,400.00,100 גרם,false,0,10.00,2.50,true,1,
7290010546169,false,גרנולה שקדים,,IL,גרנולה שקדים,גרמים,400.00,100 גרם,false,0,19.70,4.93,true,1,
7290010569052,false,גלידה משפחתית 5 טעמים,שטראוס,IL,גלידה משפחתית 5 טעמים,ליטרים,2.00,ליטר,false,0,25.70,12.85,true,1,
7290010569069,false,גלידה משפ' 3טעמים פרווה,שטראוס,IL,גלידה משפ' 3טעמים פרווה,ליטרים,2.00,ליטר,false,0,25.70,12.85,true,1,
7290010617258,false,מוצץ פרח זוג קטן,אריסטוקרט,TH,מוצץ פרח זוג קטן,יחידה,1.00,יחידה,false,0,18.70,18.70,true,1,
7290010617494,false,מוצץ לוטוס זוג קטן 2 יחי,אריסטוקרט,TH,מוצץ לוטוס זוג קטן 2 יחי,יחידה,1.00,יחידה,false,0,12.80,12.80,true,1,
7290010632459,false,מחזיק למוצץ נובי,LTD E.L.CO,CN,מחזיק למוצץ נובי,יחידה,1.00,יחידה,false,0,18.90,18.90,true,1,
7290010632657,false,מוצץ בבליסטר גדול 3 יח',WORKS B.R,IN,מוצץ בבליסטר,יחידה,1.00,יחידה,false,0,13.00,13.00,true,1,
7290010650019,false,עולש - יחידה,חוות פטריות תקוע,IL,עולש,יחידה,1.00,יחידה,false,0,11.90,11.90,true,1,
7290010650224,false,פטריות מלך היער-יחידה,חוות פטריות תקוע,IL,פטריות מלך היער-יחידה,יחידה,1.00,יחידה,false,0,14.00,14.00,true,1,
7290010650354,false,כורכום טרי -יח',קטיף,IL,כורכום טרי-יח',יחידה,1.00,יחידה,false,0,15.00,15.00,true,1,
7290010650415,false,עגבניות לחות -יחידה,חוות פטריות תקוע,IL,עגבניות לחות,יחידה,1.00,יחידה,false,0,15.00,15.00,true,1,
7290010740512,false,שניצל דק מהצומח ביתי 700,טבעול,IL,שניצל דק ביתי,גרמים,700.00,100 גרם,false,0,34.60,4.94,true,1,
7290010740857,false,שניצל תירס 750גרם33%+ 1ק,טבעול,IL,שניצל תירס טבעול,גרמים,1000.00,100 גרם,false,0,29.90,2.99,true,1,
7290010759323,false,עוגיות מרוקאיות שקד 700ג,,,עוגיות מרוקאיות שקד 700ג,גרמים,700.00,100 גרם,false,0,13.80,1.97,true,1,
7290010760787,false,עוגיות מובחרות 300 גרם,מאפית אריאל,IL,עוגיות מובחרות,גרמים,300.00,100 גרם,false,1,13.90,4.63,true,1,
7290010766734,false,רוטב פיצה אוליביה 430גרם,אוליביה,IL,רוטב פיצה,גרמים,430.00,100 גרם,false,0,11.00,2.56,true,1,
7290010766956,false,ממרח פלפל גמבה 180 גרם,אוליביה,IL,ממרח פלפל גמבה,גרמים,180.00,100 גרם,false,0,11.00,6.11,true,1,
7290010814701,false,"שוקולד חלב ללת""ס 85 גרם",כרמית,IL,שוקולד חלב,גרמים,85.00,100 גרם,false,0,6.80,8.00,true,1,
7290010827459,false,מגבוני דיסני ורוד 72*4יח,דינמיק,IL,רביעיית מגבונים,יחידה,1.00,יחידה,false,0,17.70,17.70,true,1,
7290010827534,false,מגבוני דיסני כחול 72*4יח,דינמיק,IL,מגבוני דיסני,יחידה,1.00,יחידה,false,0,17.70,17.70,true,1,
7290010827541,false,20מגבונ.טו גו דיסני בנים,דינמיק,IL,20מגבונ.טו גו דיסני בנים,יחידה,1.00,יחידה,false,0,3.50,3.50,true,1,
7290010838219,false,ממתיק סטיביה 100שקיות,"קיפל טבליות וממתיקים בע""מ",IL,ממתיק מרמולייט,גרמים,100.00,100 גרם,false,0,32.80,32.80,true,1,
7290010838424,false,"טואלט דאק ירוק 750*2 מ""ל",ג'ונסון,NL,טואלט דאק זוג,ליטרים,1.50,ליטר,false,0,19.70,13.13,true,1,
7290010838431,false,"טואלט דאק כחול 750*2מ""ל",ג'ונסון,NL,טואלט דאק זוג,ליטרים,1.50,ליטר,false,0,19.70,13.13,true,1,
7290010849512,false,"למברוסקו רוזאטו 750 מ""ל",קאויקיולי,IT,למברוסקו רוזאטו,מיליליטרים,750.00,"100 מ""ל",false,0,24.90,3.32,true,1,
7290010883042,false,סנובון נוזלי רענן 750 מל,סנו,IL,סנובון נוזלי,מיליליטרים,750.00,"100 מ""ל",false,0,11.80,1.57,true,1,
7290010883363,false,סנו סושי כפפות אלוורה S,סנו,,סנו סושי כפפות,יחידה,1.00,יחידה,false,0,10.40,10.40,true,1,
7290010883370,false,סנו סושי כפפות אלוורה M,סנו,,סנו סוש כפפות,יחידה,1.00,יחידה,false,0,10.40,10.40,true,1,
7290010931330,false,סלט מטבוחה 500 גרם,שטראוס,IL,סלט מטבוחה אחלה,גרמים,500.00,100 גרם,false,0,13.60,2.72,true,1,
7290010945146,false,קוטג' 3%מועשר בסידן 250ג,טרה,IL,קוטג' 3% מועשר,גרמים,250.00,100 גרם,false,0,5.20,2.08,true,1,
7290010945306,false,חלב 3% בקרטון 2 ליטר,טרה,IL,חלב 3% בקרטון,ליטרים,2.00,ליטר,false,0,10.90,5.45,true,1,
7290010945481,false,גבינה לבנה 5% 500 גרם,טרה,IL,גבינה לבנה 5%,גרמים,500.00,100 גרם,false,0,8.90,1.78,true,1,
7290010970100,false,שמן שומשום כבישה קרה250מ,ג.מ.טעם הארץ,IL,שמן שומשום,מיליליטרים,250.00,"100 מ""ל",false,1,29.60,11.84,true,1,
7290010970223,false,"חומץ יין אדום 500 מ""ל",ג.מ.טעם הארץ,IL,חומץ יין אדום,מיליליטרים,500.00,"100 מ""ל",false,0,15.20,3.04,true,1,
7290010970254,false,"חומץ יין לבן 500 מ""ל",ג.מ.טעם הארץ,IL,חומץ יין לבן,מיליליטרים,500.00,"100 מ""ל",false,0,15.20,3.04,true,1,
7290010970513,false,תרסיס שמן זית טעמים200ג,ג.מ.טעם הארץ,IL,תרסיס שמן זית,גרמים,200.00,100 גרם,false,0,17.70,8.85,true,1,
7290010970537,false,תרסיס שמן קנולה 200 גרם,ג.מ.טעם הארץ,IL,תרסיס שמן קנולה,גרמים,200.00,100 גרם,false,0,17.70,8.85,true,1,
7290010970551,false,"שמן אבוקדו 250 מ""ל",ג.מ.טעם הארץ,IL,שמן אבוקדו,מיליליטרים,250.00,"100 מ""ל",false,1,29.60,11.84,true,1,
7290011015633,false,מיץ סחוט לימונדה 2 ליטר,פריגת,IL,מיץ סחוט לימונדה 2 ליטר,ליטרים,2.00,ליטר,false,0,20.90,10.45,true,1,
7290011017606,false,פאנטה לימונדה 1.5 ליטר,החברה המרכזית לייצור משקאות,IL,פאנטה לימונדה,ליטרים,1.50,ליטר,false,0,6.90,4.60,true,1,
7290011017910,false,פריגת קלמנטינות+חתיכות,פריגת,IL,פריגת קלמנטינות,ליטרים,1.50,ליטר,false,0,6.50,4.33,true,1,
7290011018252,false,תה מנגו אננס,,IL,תה מנגו אננס,ליטרים,1.50,ליטר,false,0,5.90,3.93,true,1,
7290011018283,false,פיוז תה אפרסק,,IL,פיוז תה אפרסק,ליטרים,1.50,ליטר,false,0,5.90,3.93,true,1,
7290011018306,false,תה אפרסק דיאט,,IL,תה אפרסק דיאט,ליטרים,1.50,ליטר,false,0,5.90,3.93,true,1,
7290011018580,false,פיוז טי ענבים,,IL,פיוז טי ענבים,ליטרים,1.50,ליטר,false,0,5.90,3.93,true,1,
7290011026523,false,אלדמע קמיל לפני השינה500,פישר מעבדות פרמצבטיות,IL,אלדמע קמיל לפני השינה500,מיליליטרים,500.00,"100 מ""ל",false,0,20.30,4.06,true,1,
7290011051136,false,שוופס סודה 1.5*4 ליטר,יפאורה שותפות מובגלת לשיווק,IL,שוופס סודה 1.5*4 ליטר,ליטרים,6.00,ליטר,false,0,10.90,1.82,true,1,
7290011051341,false,שוופס סודה לימון 1.5*4 ל,יפאורה שותפות מובגלת לשיווק,IL,שוופס סודה לימון 1.5*4 ל,ליטרים,6.00,ליטר,false,0,10.90,1.82,true,1,
7290011051372,false,שוופס תפוח ליים מוגז1.5ל,יפאורה שותפות מובגלת לשיווק,IL,שוופס תפוח ליים,ליטרים,1.50,ליטר,false,0,6.50,4.33,true,1,
7290011051389,false,שוופס פירות יער מוגז1.5ל,יפאורה שותפות מובגלת לשיווק,IL,שוופס מוגז עדין,ליטרים,1.50,ליטר,false,0,6.50,4.33,true,1,
7290011051396,false,שוופס אפרסק מוגז 1.5ליטר,יפאורה שותפות מובגלת לשיווק,IL,שוופס אפרסק,ליטרים,1.50,ליטר,false,0,6.50,4.33,true,1,
7290011051488,false,תה ספרינג אפרסק 1.5 ליטר,יפאורה שותפות מובגלת לשיווק,IL,ספרינג תה אפרסק,ליטרים,1.50,ליטר,false,0,6.20,4.13,true,1,
7290011051495,false,תה ספרינג ירוק לימון1.5ל,יפאורה שותפות מובגלת לשיווק,IL,תה ספרינג ירוק,ליטרים,1.50,ליטר,false,0,6.20,4.13,true,1,
7290011051518,false,תה ספרינג דיאט אפרסק1.5ל,יפאורה שותפות מובגלת לשיווק,IL,תה ספרינג דיאט,ליטרים,1.50,ליטר,false,0,6.20,4.13,true,1,
7290011051655,false,שוופס ריזלינג מוגז 1.5ל',יפאורה שותפות מובגלת לשיווק,IL,שוופס ריזלינג,ליטרים,1.50,ליטר,false,0,6.50,4.33,true,1,
7290011051785,false,קריסטל דיאט אשכול.מוגז2ל,יפאורה שותפות מובגלת לשיווק,IL,קריסטל מוגז,ליטרים,2.00,ליטר,false,0,3.60,1.80,true,1,
7290011051938,false,תפוזינה תפוח רענן 1.5 ל',יפאורה שותפות מובגלת לשיווק,IL,תפוזינה תפוח,ליטרים,1.50,ליטר,false,0,5.90,3.93,true,1,
7290011051990,false,RC FREE מארז 1.5*6 ל',יפאורה שותפות מובגלת לשיווק,US,FREE RC מארז6יח,ליטרים,9.00,ליטר,false,0,22.90,2.54,true,1,
7290011081690,false,גל.קרמיסימו צ'יפ וניל/שו,שטראוס,IL,גל.קרמיסימו צ'יפ וניל/שו,ליטרים,1.33,ליטר,false,0,18.90,14.21,true,1,
7290011097431,false,קלין מנקה הכל תרסיס 750מ,קליר כימיקלים,IL,קלין מנקה הכל,מיליליטרים,750.00,"100 מ""ל",false,0,9.40,1.25,true,1,
7290011114909,false,"שמן גזר SPF15 200 מ""ל",דנאגיס,,שמן גזר SPF15,מיליליטרים,200.00,"100 מ""ל",false,0,49.60,24.80,true,1,
7290011115159,false,סבון נקה 7 מועשר 4*100גר,נקה,,סבון נקה 4X 7,גרמים,400.00,100 גרם,false,0,9.90,2.48,true,1,
7290011115166,false,תחליב רחצה נקה7 לבנדר1ל,אמיליה קוסמטיקס,IL,תחליב רחצה נקה 7,ליטרים,1.00,ליטר,false,0,12.90,12.90,true,1,
7290011115203,false,סבון נקה 7 לילך 100X4גר,נקה,,סבון נקה 4X 7,גרמים,400.00,100 גרם,false,0,9.90,2.48,true,1,
7290011115258,false,סבון נקה 7 ירוק 100*4 גר,נקה,,נקה 7 סבון 4 יח,גרמים,400.00,100 גרם,false,0,9.90,2.48,true,1,
7290011115272,false,סבון מוצק נקה7ירוק100*4ג,נקה,,סבון נקה 4X 7,גרמים,400.00,100 גרם,false,0,9.90,2.48,true,1,
7290011115289,false,סבון נקה 7 לילך 100X4גרם,נקה,IL,סבון נקה 4X 7,מיליליטרים,400.00,"100 מ""ל",false,0,9.90,2.48,true,1,
7290011126209,false,גן קסום תפוח+קינמון 25שק,ויסוצקי,IL,חליטת תפוח קנמון,גרמים,67.00,100 גרם,false,0,13.90,20.75,true,1,
7290011126223,false,חל.רימונים גן קסום 25שק',ויסוצקי,IL,חליטת רימונים,גרמים,62.00,100 גרם,false,0,13.90,22.42,true,1,
7290011126452,false,חליטת קמומיל+נענע 1.5X25,ויסוצקי,IL,חליטת קמומיל,גרמים,37.00,100 גרם,false,0,13.90,37.57,true,1,
7290011126469,false,חל.קמומיל+דבש גן קסום25ש,ויסוצקי,IL,חליטת קמומיל+דבש,גרמים,37.00,100 גרם,false,0,13.90,37.57,true,1,
7290011126483,false,תה לורד גריי 25 שק1.5Xגר,ויסוצקי,IL,תה לורד גריי 25 שק1.5Xגר,גרמים,37.00,100 גרם,false,0,15.40,41.62,true,1,
7290011126957,false,תה ירוק ארל גריי25שק1.5X,ויסוצקי,IL,תה ירוק ארל גריי,גרמים,37.00,100 גרם,false,0,21.90,59.19,true,1,
7290011131395,false,מיזלי קראנץ 30%פירות 1 ק,וויטליה,PL,מיזלי קראנץ,קילוגרמים,1.00,"ק""ג",false,0,20.90,20.90,true,1,
7290011131654,false,"מיזלי ביג מיקס 1 ק""ג",וויטליה,NL,מיזלי ביג מיקס,קילוגרמים,1.00,"ק""ג",false,0,20.90,20.90,true,1,
7290011133252,false,סודה למון ליים 1.5*4ליטר,טמפו,IL,סודה למון ליים 1.5*4ליטר,ליטרים,6.00,ליטר,false,1,10.80,1.80,true,1,
7290011133368,false,"מכבי שנדי תפוח 330*6 מ""ל",טמפו,IL,מכבי שנדי 6 יח,ליטרים,1.98,ליטר,false,0,34.20,17.27,true,1,
7290011194215,false,דניאלה בננה 100 גרם,שטראוס,IL,דניאלה בננה,גרמים,100.00,100 גרם,false,0,4.10,4.10,true,1,
7290011194246,false,קוטג' 5% שומן 250 גרם,שטראוס,IL,קוטג' 5% שומן,גרמים,250.00,100 גרם,false,0,5.80,2.32,true,1,
7290011194291,false,דנונה דיאט קפוצינו 150גר,שטראוס,IL,דנונה דיאט 0%,גרמים,150.00,100 גרם,false,0,4.90,3.27,true,1,
7290011223243,false,טואלט דאק ג'ל לבנדר 55מל,DEOFLOR,GB,דאק ג'ל נוזלי,מיליליטרים,55.00,"100 מ""ל",false,0,8.90,16.18,true,1,
7290011223786,false,סבון פמילי מעורב3 * 500מ,אברנסל קוסמטיקס,IL,סבון פמילי,ליטרים,1.50,ליטר,false,0,13.90,9.27,true,1,
7290011308117,false,קרקר 6 דגנים 200 גרם,אפיפית,IL,קרקר 6 דגנים,גרמים,200.00,100 גרם,false,0,7.20,3.60,true,1,
7290011308179,false,קרקר חיטה מלאה+פשתן300גר,אפיפית,IL,קרקר חיטה מלאה,גרמים,300.00,100 גרם,false,0,9.60,3.20,true,1,
7290011308681,false,קרקר שום ועשבי תיבול285ג,אפיפית,IL,קרקר עשבי תיבול,גרמים,285.00,100 גרם,false,0,9.60,3.37,true,1,
7290011308858,false,נישנושים ביס שמנת בצל60ג,יוניליוור,IL,נישנושים ביס,גרמים,60.00,100 גרם,false,0,3.90,6.50,true,1,
7290011372002,false,בדי בדיקה יהודית,אריסטוקרט,IL,בדי בדיקה,יחידה,1.00,יחידה,false,0,9.80,9.80,true,1,
7290011378028,false,חלבה ללא סוכר שומ.מלא350,רושדי תעשיות מזון,IL,חלבה ללא סוכר,גרמים,350.00,100 גרם,false,0,15.80,4.51,true,1,
7290011378233,false,"חטיפי חלבה וניל ללת""ס126",רושדי תעשיות מזון,IL,"חט.חלבה ללת""ס",גרמים,126.00,100 גרם,false,0,12.40,9.84,true,1,
7290011378769,false,חטיפי חלבה וניל 7יח18*גר,רושדי תעשיות מזון,IL,חטיפי חלבה 7 יח,גרמים,126.00,100 גרם,false,0,12.40,9.84,true,1,
7290011378776,false,חטיפי חלבה פיסטוק 18*7 ג,רושדי תעשיות מזון,IL,חטיפי חלבה 7 יח,גרמים,126.00,100 גרם,false,0,12.40,9.84,true,1,
7290011378783,false,חטיף חלבה שוקו וניל18*7ג,רושדי תעשיות מזון,IL,חטיפי חלבה 7 יח,גרמים,126.00,100 גרם,false,0,12.40,9.84,true,1,
7290011378950,false,חט.חלבה וניל+פקאן 18*7גר,רושדי תעשיות מזון,IL,חטיפי חלבה 7 יח,גרמים,126.00,100 גרם,false,0,12.40,9.84,true,1,
7290011438470,false,מילקשייק שוקו יוטבתה350מ,יטבתה,IL,מילקשייק שוקו,מיליליטרים,350.00,"100 מ""ל",false,0,6.40,1.83,true,1,
7290011447250,false,מטרנה חלבי שלב 1 400ג,נסטלה,IL,מטרנה חלבי,גרמים,400.00,100 גרם,false,0,38.50,9.63,true,1,
7290011447267,false,מטרנה חלבי שלב 1 700ג,נסטלה,IL,מטרנה חלבי,גרמים,700.00,100 גרם,false,0,49.90,7.13,true,1,
7290011447281,false,מטרנה חלבי שלב 2 700ג,נסטלה,IL,מטרנה חלבי שלב 2,גרמים,700.00,100 גרם,false,0,49.90,7.13,true,1,
7290011447304,false,מטרנה חלבי שלב 3 700ג,נסטלה,IL,מטרנה חלבי שלב 3,גרמים,700.00,100 גרם,false,0,49.90,7.13,true,1,
7290011447359,false,מטרנה מהדרין שלב 1 700גר,נסטלה,IL,מטרנה מהדרין,גרמים,700.00,100 גרם,false,0,49.90,7.13,true,1,
7290011447373,false,מטרנה מהדרין שלב 2 700גר,נסטלה,IL,מטרנה מהדרין,גרמים,700.00,100 גרם,false,0,49.90,7.13,true,1,
7290011468002,false,טחינה גולמית הנסיך500גרם,הנסיך,IL,טחינה גולמית הנסיך500גרם,גרמים,500.00,100 גרם,false,0,12.90,2.58,true,1,
7290011468026,false,טחינה נסיך שומשום מלא500,הנסיך,IL,טחינה הנסיך,גרמים,500.00,100 גרם,false,0,12.90,2.58,true,1,
7290011468057,false,"טחינה גולמית הנסיך 1 ק""ג",הנסיך,IL,טחינה גולמית,קילוגרמים,1.00,"ק""ג",false,0,29.30,29.30,true,1,
7290011499051,false,פטה כבשים 20% 250ג,מחלבות גד,IL,פטה כבשים,גרמים,250.00,100 גרם,false,0,22.90,9.16,true,1,
7290011499105,false,גבינה בולגרית 5% 250 גרם,מחלבות גד,IL,גבינה בולגרית 5%,גרמים,250.00,100 גרם,false,0,21.90,8.76,true,1,
7290011499327,false,גב.בולגרית מעודנת5% 250ג,מחלבות גד,,בולגרית מעודנת5%,גרמים,250.00,100 גרם,false,0,20.70,8.28,true,1,
7290011499365,false,חלומי גד גב.קשה 24% 200ג,מחלבות גד,IL,חלומי גד 24%,גרמים,200.00,100 גרם,false,0,19.60,9.80,true,1,
7290011499624,false,גבינת שמנת 30% טבעי200גר,מחלבות גד,,גבינת שמנת 30%,גרמים,200.00,100 גרם,false,0,10.00,5.00,true,1,
7290011499631,false,גבינת שמנת 30%ירקות 200ג,מחלבות גד,,גבינת שמנת ירקות,גרמים,200.00,100 גרם,false,0,10.00,5.00,true,1,
7290011499853,false,גבינת שמנת,,,גבינת שמנת,גרמים,200.00,100 גרם,false,0,10.00,5.00,true,1,
7290011501617,false,חמוציות דל סוכר 250גרם,שקדיה,IL,חמוציות דל סוכר 250גרם,גרמים,250.00,100 גרם,false,0,19.70,7.88,true,1,
7290011505707,false,בקבוק טוליפס,LT R.E.P.CO,TH,בקבוק טוליפס,יחידה,1.00,יחידה,false,0,24.00,24.00,true,1,
7290011505936,false,בקבוק ספורט מצויר,LTD E.L.CO,CN,בקבוק נובי,יחידה,1.00,יחידה,false,0,37.00,37.00,true,1,
7290011515683,false,מאגדת אקסטרים וניל 6יח,נסטלה,IL,מאגדת אקסטרים וניל 6יח,גרמים,432.00,100 גרם,false,0,33.90,7.85,true,1,
7290011518561,false,"אקטימל תות 100*14 מ""ל",שטראוס,IL,אקטימל מארז14יח',ליטרים,1.40,ליטר,false,0,29.90,21.36,true,1,
7290011525712,false,אלסבון קמיל לפני השינה1ל,פישר מעבדות פרמצבטיות,IL,אלסבון קמיל,ליטרים,1.00,ליטר,false,0,19.90,19.90,true,1,
7290011570132,false,"קמח נטול גלוטן 1 ק""ג",גלעם,IL,קמח נטול גלוטן,קילוגרמים,1.00,"ק""ג",false,0,4.90,4.90,true,1,
7290011570507,false,קמח רב תכליתי ל.גלוטן450,אשבל,IL,קמח רב תכליתי,גרמים,450.00,100 גרם,false,1,19.30,4.29,true,1,
7290011598211,false,סנו אנטי קאלק נ.כללי700מ,סנו,IL,סנו אנטי קאלק,מיליליטרים,700.00,"100 מ""ל",false,0,16.90,2.41,true,1,
7290011598372,false,מטלית רצפה פרופשיונל,סנו,IL,מטלית לרצפה,יחידה,1.00,יחידה,false,0,10.00,10.00,true,1,
7290011598402,false,מרכך מקסימה מאסק 4 ל',סנו,,מרכך כביסה,ליטרים,4.00,ליטר,false,0,19.90,4.98,true,1,
7290011598457,false,נייר טואלט סופט,,IL,נייר טואלט סופט,מטרים,883.00,מטר,false,0,37.90,0.04,true,1,
7290011607197,false,"א.כביסה קולון 101 5 ק""ג",רקיט בנקיזר,,אבקת כביסה קולון,קילוגרמים,5.00,"ק""ג",false,0,29.90,5.98,true,1,
7290011615314,false,תפוחונים 6 יח,,IL,תפוחונים 6 יח,גרמים,132.00,100 גרם,false,0,17.90,13.56,true,1,
7290011618025,false,בייבי ביס טעם טבעי 50 גר,want-want,CN,בייבי ביס,גרמים,50.00,100 גרם,false,0,10.90,21.80,true,1,
7290011618124,false,בייבי ביס טעם ירקות 50 ג,want-want,CN,בייבי ביס טעם ירקות 50 ג,גרמים,50.00,100 גרם,false,0,10.90,21.80,true,1,
7290011618162,false,ביסקו.שוק.שמנת זביונה180,TAGO,PL,ביסקוויט שוקולד,גרמים,180.00,100 גרם,false,0,16.50,9.17,true,1,
7290011618216,false,בייבי ביס טעם בננה 50 גר,want-want,CN,בייבי ביס,גרמים,50.00,100 גרם,false,0,10.90,21.80,true,1,
7290011622398,false,ראשונים דגנים לפעוט 200ג,אשבל,IL,דגני בוקר לפעוט,גרמים,200.00,100 גרם,false,1,14.90,7.45,true,1,
7290011668570,false,חגיגת גרנולה פ.יבשים500ג,אפקט טבעי,IL,חגיגת גרנולה,גרמים,500.00,100 גרם,false,0,28.70,5.74,true,1,
7290011743833,false,משחה סנסודיין פרונמל75מל,גלקסוסמיתקליין,GB,משחת שיניים,מיליליטרים,75.00,"100 מ""ל",false,0,21.70,28.93,true,1,
7290011745714,false,משחה אקווה פרש מרענן100מ,גלקסוסמיתקליין,GB,משחת שיניים,מיליליטרים,100.00,"100 מ""ל",false,0,11.80,11.80,true,1,
7290011765071,false,ג'ל גילוח קרמה רגיל 200מ,קוסמופארם,IL,ג'ל גילוח קרמה,מיליליטרים,200.00,"100 מ""ל",false,0,13.90,6.95,true,1,
7290011765088,false,ג'ל גילוח קרמה COOL 200מ,קוסמופארם,IL,ג'ל גילוח קרמה,מיליליטרים,200.00,"100 מ""ל",false,0,13.90,6.95,true,1,
7290011765095,false,ג'ל גילוח קרמה דליקט200מ,קוסמופארם,IL,ג'ל גילוח קרמה,מיליליטרים,200.00,"100 מ""ל",false,0,13.90,6.95,true,1,
7290011765118,false,קצף גילוח קרמה דליקט200מ,קוסמופארם,IL,קצף גילוח קרמה,מיליליטרים,200.00,"100 מ""ל",false,0,9.70,4.85,true,1,
7290011765408,false,שמפו+מרכ.כיף בוב ספוג750,קוסמופארם,IL,שמפו+מרכך כיף,מיליליטרים,750.00,"100 מ""ל",false,0,11.90,1.59,true,1,
7290011765422,false,אלסבון כיף בוב ספוג750מל,קוסמופארם,IL,אלסבון כיף,מיליליטרים,750.00,"100 מ""ל",false,0,10.00,1.33,true,1,
7290011765446,false,משחה אורביטול ענבים 70 ג,קוסמופארם,IL,משחת שיניים,גרמים,70.00,100 גרם,false,0,6.90,9.86,true,1,
7290011800642,false,סלט מטבוחה רפי כהן 400גר,צבר,IL,סלט מטבוחה,גרמים,400.00,100 גרם,false,0,15.90,3.98,true,1,
7290011800703,false,פלפלים קלויים רפי כהן400,צבר,IL,סלט פלפלים,גרמים,400.00,100 גרם,false,0,15.90,3.98,true,1,
7290011800840,false,טחינה בלאדי רפי כהן 400ג,צבר,IL,סלט טחינה בלאדי,גרמים,400.00,100 גרם,false,0,15.90,3.98,true,1,
7290011800864,false,חציל בשמן זית רפי כהן400,צבר,IL,סלט חציל צבר,גרמים,400.00,100 גרם,false,0,15.90,3.98,true,1,
7290011830526,false,מיני פריכיות אורז מלא 80,השדה מוצרים אורגניים,IL,מיני פריכיות,גרמים,80.00,100 גרם,false,0,9.80,12.25,true,1,
7290011860271,false,ביסבול טבעי 700 גרם,תפוגן,IL,ביסבול טבעי,גרמים,700.00,100 גרם,false,0,15.80,2.26,true,1,
7290011860721,false,"פלחים-פלחי תפו""א 700 גרם",תפוגן,IL,"פלחים-פלחי תפו""א 700 גרם",גרמים,700.00,100 גרם,false,0,13.30,1.90,true,1,
7290011870270,false,12 סוללות פוג'י AA,פוג'יקום,CN,סוללות פוג'י,יחידה,1.00,יחידה,false,0,22.20,22.20,true,1,
7290011877101,false,"סנומוד ניחוח מאסק 150מ""ל",סנו,IL,סנומוד,מיליליטרים,150.00,"100 מ""ל",false,0,11.90,7.93,true,1,
7290011877156,false,"סנו פרש ענק מאסק 375 מ""ל",סנו,,סנו פרש ענק,מיליליטרים,375.00,"100 מ""ל",false,0,9.80,2.61,true,1,
7290011877828,false,מגבוני כיף בוב ספוג72*4,קוסמופארם,IL,מגבוני כיף בוב ספוג72*4,יחידה,1.00,יחידה,false,0,21.70,21.70,true,1,
7290011877859,false,סנו אינסטלטור 200 גרם,סנו,IL,סנו אינסטלטור,גרמים,200.00,100 גרם,false,0,13.40,6.70,true,1,
7290011877866,false,"א.כביסה מקסימה מאסק 6ק""ג",סנו,IL,"א.כביסה מקסימה מאסק 6ק""ג",קילוגרמים,6.00,"ק""ג",false,0,50.00,8.33,true,1,
7290011877927,false,מי פה אורביטול כחול 500מ,קוסמופארם,IL,מי פה אורביטול,מיליליטרים,500.00,"100 מ""ל",false,0,21.90,4.38,true,1,
7290011912680,false,מי פה ליסטרין500+250TAGD,ג'ונסון,,מי פה ליסטרין,מיליליטרים,750.00,"100 מ""ל",false,0,48.90,6.52,true,1,
7290011947019,false,"שמן זית כתית 750 מ""ל",זיתא,,שמן זית כתית,מיליליטרים,750.00,"100 מ""ל",false,0,34.90,4.65,true,1,
7290011947262,false,זית ירוק בתיבול גלילי217,זיתא,,זית ירוק בתיבול,גרמים,217.00,100 גרם,false,0,7.50,3.46,true,1,
7290011947316,false,זיתי קלמטה 215 גרם,זיתא,IL,זיתי קלמטה,גרמים,215.00,100 גרם,false,1,13.40,6.23,true,1,
7290011964603,false,כורכום מיכל 400 גרם,תבליני טעם וריח,IL,כורכום מיכל,גרמים,400.00,100 גרם,false,0,24.70,6.18,true,1,
7290011964610,false,מלח לימון מיכל 700 גרם,תבליני טעם וריח,IL,מלח לימון,גרמים,700.00,100 גרם,false,0,24.70,3.53,true,1,
7290011969479,false,כוס יין שקופה עם רגל 10,,IL,כוס יין שקופה עם רגל 10,יחידה,1.00,יחידה,false,0,9.90,9.90,true,1,
7290011969486,false,כוסות שמפניה,,IL,כוסות שמפניה,יחידה,1.00,יחידה,false,0,8.00,8.00,true,1,
7290011969707,false,כוסות יין,,,כוסות יין,יחידה,1.00,יחידה,false,0,10.00,10.00,true,1,
7290011971632,false,עגבניות מרוסקות,,IL,עגבניות מרוסקות,גרמים,600.00,100 גרם,false,0,16.40,2.73,true,1,
7290012001994,false,חרדל דיז'ון ריין 350 גרם,ריין דיג'ון,FR,חרדל דיז'ון ריין,גרמים,350.00,100 גרם,false,0,11.90,3.40,true,1,
7290012019265,false,"רסק תפו""ע ללת""ס 113*4 גר",GROWERS CHERRY,US,"רסק תפו""ע ללת""ס",גרמים,454.00,100 גרם,false,0,10.60,2.33,true,1,
7290012086113,false,שרי אשכולות מובחר יחידה,קטיף,IL,שרי אשכולות,יחידה,1.00,יחידה,false,0,8.90,8.90,true,1,
7290012116360,false,פוליויקס גרניט פורצלן2ל',סנו,IL,סנו פוליויקס,ליטרים,2.00,ליטר,false,0,21.70,10.85,true,1,
7290012116537,false,אבקת כב.מקסימה מאסק 2.5ק,סנו,IL,אבקת כביסה,קילוגרמים,2.50,"ק""ג",false,0,27.70,11.08,true,1,
7290012116551,false,"סנו אנטי קאלק רב""ש 2ליטר",סנו,IL,סנו אנטי קאלק,ליטרים,2.00,ליטר,false,0,15.00,7.50,true,1,
7290012116735,false,נ.טואלט סופט 24גליל כפול,סנו,IL,נייר טואלט סופט,מטרים,900.00,100 מטר,false,0,35.90,3.99,true,1,
7290012117046,false,סושי60שקיות אשפה ירוקות,סנו,IL,שקיות סנו סושי,יחידה,1.00,יחידה,false,0,21.90,21.90,true,1,
7290012117091,false,אב.כביסה מקסימה,,IL,אב.כביסה מקסימה,קילוגרמים,6.00,"ק""ג",false,0,50.00,8.33,true,1,
7290012117275,false,סנוקליר שקית מילוי 750מל,סנו,IL,סנוקליר מילוי,מיליליטרים,750.00,"100 מ""ל",false,0,5.90,0.79,true,1,
7290012117350,false,סנו ריצפז פרש לילך 2ליטר,סנו,,סנו ריצפז,ליטרים,2.00,ליטר,false,0,18.70,9.35,true,1,
7290012117411,false,קרמה ג'ל רח.גבר במבוק700,קוסמופארם,,קרמה ג'ל רחצה,מיליליטרים,700.00,"100 מ""ל",false,0,15.00,2.14,true,1,
7290012117428,false,קרמה ג'ל רח.ושמפו גבר700,קוסמופארם,IL,קרמה ג'ל רחצה,מיליליטרים,700.00,"100 מ""ל",false,0,15.00,2.14,true,1,
7290012117435,false,קרמה ג'ל רחצה אלוורה700מ,קוסמופארם,IL,קרמה ג'ל רחצה,מיליליטרים,700.00,"100 מ""ל",false,0,15.00,2.14,true,1,
7290012117534,false,מרכ.מקסימה ס.מרוכז קול1ל,סנו,IL,מקסימה ס.מרוכז,ליטרים,1.00,ליטר,false,0,14.90,14.90,true,1,
7290012117558,false,מרכ.מקסימה ס.מרוכז מסק1ל,סנו,IL,מקסימה ס.מרוכז,ליטרים,1.00,ליטר,false,0,14.90,14.90,true,1,
7290012117633,false,אורביטול קיד מי פה 250מל,קוסמופארם,IL,מי פה אורביטול,מיליליטרים,250.00,"100 מ""ל",false,0,11.90,4.76,true,1,
7290012117831,false,מברשת אורביטול מס' 808,קוסמופארם,CN,מברשת אורביטול,יחידה,1.00,יחידה,false,0,12.90,12.90,true,1,
7290012117916,false,אינסטלטור נוזלי,,IL,אינסטלטור נוזלי,ליטרים,1.00,ליטר,false,0,29.60,29.60,true,1,
7290012139482,false,בונזו ג'וי+עצם מעושנת160,Yang Ping,CN,בונזו ג'וי,גרמים,160.00,100 גרם,false,0,17.90,11.19,true,1,
7290012159275,false,מיונז לינה,,LE,מיונז לינה,גרמים,430.00,100 גרם,false,0,12.90,3.00,true,1,
7290012159329,false,מיונז בצנצנת,,LT,מיונז בצנצנת,גרמים,860.00,100 גרם,false,0,16.90,1.97,true,1,
7290012159404,false,לבבות דקל שלם,,IL,לבבות דקל שלם,גרמים,400.00,100 גרם,false,0,9.40,2.35,true,1,
7290012193286,false,פרש וואנס קייר 72*4יח,על בד,IL,פרש וואנס,יחידה,1.00,יחידה,false,0,17.90,17.90,true,1,
7290012193323,false,אדג' ג'ל אולטימ.כחול200מ,אנרג'ייזר,US,אדג' ג'ל גילוח,מיליליטרים,200.00,"100 מ""ל",false,0,17.90,8.95,true,1,
7290012226007,false,נקניקיות מרגז 400 גרם,זוגלובק,IL,נקנ' מרגז,גרמים,400.00,100 גרם,false,0,20.90,5.23,true,1,
7290012226021,false,סלמי מעושן פראג 400 גרם,זוגלובק,IL,סלמי מעושן פראג,גרמים,400.00,100 גרם,false,0,21.50,5.38,true,1,
7290012226120,false,קבנוס 135 גרם,זוגלובק,IL,קבנוס,גרמים,135.00,100 גרם,false,0,10.70,7.93,true,1,
7290012226786,false,חטיפי קבנוס 120גרם,זוגלובק,IL,חטיפי קבנוס,גרמים,120.00,100 גרם,false,10,9.80,8.17,true,1,
7290012226922,false,קבנוס בטעם שום 135 גרם,זוגלובק,IL,קבנוס בטעם שום,גרמים,135.00,100 גרם,false,0,10.70,7.93,true,1,
7290012226939,false,קבנוס בטעם צ'ילי 135 גרם,זוגלובק,IL,קבנוס בטעם צ'ילי,גרמים,135.00,100 גרם,false,0,10.70,7.93,true,1,
7290012226946,false,קבנוס בטעם בצל 135 גרם,זוגלובק,IL,קבנוס בטעם בצל,גרמים,135.00,100 גרם,false,0,10.70,7.93,true,1,
7290012226953,false,קבב 100% 360גרם,זוגלובק,IL,קבב 100%,גרמים,360.00,100 גרם,false,0,21.90,6.08,true,1,
7290012226960,false,מיני בורגר %100 בקר 360,זוגלובק,IL,מיני בורגר,גרמים,360.00,100 גרם,false,0,21.90,6.08,true,1,
7290012226977,false,המבורגר %100 בקר 360גרם,זוגלובק,IL,המבורגר,גרמים,360.00,100 גרם,false,0,21.90,6.08,true,1,
7290012227219,false,שלישית פיצה משפ' 1500גרם,זוגלובק,,פיצה משפ',קילוגרמים,1.50,"ק""ג",false,0,34.60,23.07,true,1,
7290012227349,false,בסיס מאפה אישי 650 גרם,זוגלובק,IL,בסיס מאפה אישי,גרמים,650.00,100 גרם,false,0,14.80,2.28,true,1,
7290012227394,false,שניצל תירס דק דק 650גרם,זוגלובק,IL,שניצל תירס דק דק,גרמים,650.00,100 גרם,false,0,26.60,4.09,true,1,
7290012227851,false,קריספי סטיקס פלאפל 500גר,זוגלובק,IL,קריספי סטיקס פלא,גרמים,500.00,100 גרם,false,12,18.90,3.78,true,1,
7290012309328,false,"אורז יסמין 1 ק""ג",שקדיה,IL,אורז יסמין,קילוגרמים,1.00,"ק""ג",false,0,8.50,8.50,true,1,
7290012313660,false,בצל קצוץ מוזהב 425 גרם,אירוסיבולס,ES,בצל קצוץ מוזהב,גרמים,425.00,100 גרם,false,1,13.80,3.25,true,1,
7290012359170,false,דבש טהור מפרחי בר 250 גר,מכוורת עמק חפר,IL,דבש טהור מפרחי בר 250 גר,גרמים,250.00,100 גרם,false,0,14.10,5.64,true,1,
7290012404146,false,שוופס מוגז תפוחים1.5ל',יפאורה שותפות מובגלת לשיווק,IL,שוופס תפוחים,ליטרים,1.50,ליטר,false,0,6.60,4.40,true,1,
7290012404160,false,שוופס מוגז אשכולית1.5ל,יפאורה שותפות מובגלת לשיווק,IL,שוופס אשכולית,ליטרים,1.50,ליטר,false,0,6.60,4.40,true,1,
7290012404238,false,שוופס ראש'ן 1.5 ליטר,יפאורה שותפות מובגלת לשיווק,IL,שוופס ראש'ן,ליטרים,1.50,ליטר,false,0,7.90,5.27,true,1,
7290012404283,false,תפוזינה מנגו עסיס 1.5 ל',יפאורה שותפות מובגלת לשיווק,IL,תפוזינה מנגו,ליטרים,1.50,ליטר,false,0,5.90,3.93,true,1,
7290012404320,false,ספרינג ענבים 1.5 ליטר,יפאורה שותפות מובגלת לשיווק,IL,ספרינג ענבים,ליטרים,1.50,ליטר,false,0,6.20,4.13,true,1,
7290012404627,false,נקטר ספרינג תפוח גזר 1ל',יפאורה שותפות מובגלת לשיווק,IL,ספרינג תפוח גזר,ליטרים,1.00,ליטר,false,0,4.90,4.90,true,1,
7290012404863,false,ספרינג תה מנגו אפרסק1.5ל,יפאורה שותפות מובגלת לשיווק,IL,ספרינג תה מנגו,ליטרים,1.50,ליטר,false,0,6.20,4.13,true,1,
7290012404955,false,ספרינג קולקש.חמוציות1.25,יפאורה שותפות מובגלת לשיווק,IL,ספרינג חמוציות,ליטרים,1.25,ליטר,false,0,9.90,7.92,true,1,
7290012404993,false,ספרינג קולק.חמוציות דיאט,יפאורה שותפות מובגלת לשיווק,IL,ספרינג חמוציות,ליטרים,1.25,ליטר,false,0,9.90,7.92,true,1,
7290012413612,false,תה ירוק חמוציות 25ש1.5*ג,ויסוצקי,IL,תה ירוק חמוציות,גרמים,75.00,100 גרם,false,0,21.90,29.20,true,1,
7290012475603,false,מעדן תות שדה,,IL,מעדן תות שדה,גרמים,255.00,100 גרם,false,0,16.90,6.63,true,1,
7290012475627,false,מעדן פטל שחור אורגני255ג,,IL,מעדן פטל שחור אורגני255ג,גרמים,255.00,100 גרם,false,0,16.90,6.63,true,1,
7290012475634,false,מעדן שזיפים,,IL,מעדן שזיפים,גרמים,255.00,100 גרם,false,0,16.90,6.63,true,1,
7290012483608,false,אורז בסמטי,,,אורז בסמטי,קילוגרמים,5.00,"ק""ג",false,0,49.90,9.98,true,1,
7290012522581,false,שניצל תירס טבעול ל.גלוטן,טבעול,,שניצל תירס,גרמים,664.00,100 גרם,false,0,21.90,3.30,true,1,
7290012522734,false,טחון מן הצומח 400גרם,טבעול,IL,טחון מן הצומח,גרמים,400.00,100 גרם,false,0,22.90,5.73,true,1,
7290012522789,false,שניצל ברוקולי מופחת שומן,טבעול,IL,שניצל ברוקולי מופחת שומן,גרמים,630.00,100 גרם,false,0,33.00,5.24,true,1,
7290012547263,false,מעדן לייט 350 גרם,מכוורת עמק חפר,IL,מעדן לייט,גרמים,350.00,100 גרם,false,0,28.80,8.23,true,1,
7290012576607,false,"קברנה פרמייר 750 מ""ל",יקבי ברקן,IL,פרמייר קברנה,מיליליטרים,750.00,"100 מ""ל",false,0,26.70,3.56,true,1,
7290012642678,false,אננס חתוך כוס פלסט113X4ג,FOODS HUIZIANG JIANGSU,CN,אננס חתוך 4 יח,גרמים,452.00,100 גרם,false,0,11.80,2.61,true,1,
7290012665301,false,רביולי במילוי גבינה 700ג,"אדריה בע""מ",IL,רביולי גבינה,גרמים,700.00,100 גרם,false,0,28.30,4.04,true,1,
7290012665677,false,לטקס תפוחי אדמה 300גרם,חמים וטעים,IL,לטקס תפוחי אדמה,גרמים,300.00,100 גרם,false,10,12.90,4.30,true,1,
7290012697081,false,סוכרזית סטיוויה 100 שק',"ביסקול בע""מ",IL,סוכרזית סטיוויה,גרמים,100.00,100 גרם,false,0,29.00,29.00,true,1,
7290012697234,false,סטיוויה סוכרזית 75 טב',"ביסקול בע""מ",IL,סטיוויה סוכרזית,גרמים,6.00,100 גרם,false,0,14.90,248.33,true,1,
7290012697371,false,סוכרלייט 150 טבליות,"ביסקול בע""מ",IL,סוכרלייט,גרמים,150.00,100 גרם,false,0,19.10,12.73,true,1,
7290012708008,false,בריא לי-מיקס בריאות 400ג,קטיף,IL,בריא לי,גרמים,400.00,100 גרם,false,0,35.60,8.90,true,1,
7290012803055,false,סוכרלוז 100 שקיות,"קיפל טבליות וממתיקים בע""מ",IL,סוכרלוז 100 שקיות,גרמים,100.00,100 גרם,false,0,29.20,29.20,true,1,
7290012803352,false,"רייד קוטל מעופפים 300מ""ל",ג'ונסון,NL,רייד קוטל מעופפי,מיליליטרים,300.00,"100 מ""ל",false,0,14.90,4.97,true,1,
7290012803604,false,ביסקוויט שוקולד+טרימי180,TAGO,PL,ביסקוויט טרמיסו,גרמים,180.00,100 גרם,false,0,16.50,9.17,true,1,
7290012803765,false,שוקולד מריר ללא סוכר100ג,אלטינמארקה,IL,שוקולד מריר,גרמים,100.00,100 גרם,false,0,11.80,11.80,true,1,
7290012803796,false,שוק.חלב אגוז ללא סוכר100,אלטינמארקה,IL,שוקולד חלב אגוז,גרמים,100.00,100 גרם,false,0,11.80,11.80,true,1,
7290012823251,false,אל סבון כיף יסמין 1 ליטר,קוסמופארם,,אל סבון כיף,ליטרים,1.00,ליטר,false,0,10.00,10.00,true,1,
7290012823374,false,אנטי קאלק מטליות 50 יח',סנו,,מטליות אנטי קאלק,יחידה,1.00,יחידה,false,0,9.00,9.00,true,1,
7290012823381,false,מקסימה ס.מרוכז סנסטיב 1ל,סנו,IL,מרכך כביסה,ליטרים,1.00,ליטר,false,0,14.90,14.90,true,1,
7290012823541,false,10 מטל.לחות לריצפה ריצפז,סנו,IL,מטליות ריצפה,יחידה,1.00,יחידה,false,0,10.90,10.90,true,1,
7290012823558,false,10מטליות לחות לרצפה סושי,סנו,IL,מטליות רצפה לחות,יחידה,1.00,יחידה,false,0,9.00,9.00,true,1,
7290012823565,false,10 מטליות לחות פוליויקס,סנו,IL,מטליות פוליויקס,יחידה,1.00,יחידה,false,0,10.00,10.00,true,1,
7290012823602,false,נייר טואלט סופט לבן 32גל,סנו,IL,נ.טואלט סופט לבן,מטרים,588.00,100 מטר,false,0,31.30,5.32,true,1,
7290012823800,false,תח.רחצה כיף חלב קוקוס750,קוסמופארם,IL,תחליב רחצה כיף,מיליליטרים,750.00,"100 מ""ל",false,0,10.00,1.33,true,1,
7290012823817,false,תח.רחצה כיף חלב לבנדר750,קוסמופארם,IL,תחליב רחצה כיף,מיליליטרים,750.00,"100 מ""ל",false,0,10.00,1.33,true,1,
7290012849947,false,דייסת 8 דגנים 200 גרם,נאופארם,IL,דייסת 8 דגנים,גרמים,200.00,100 גרם,false,0,13.90,6.95,true,1,
7290012850004,false,מחית תפוח וגזר 100 גרם,נאופארם,IL,מחית תפוח וגזר,גרמים,100.00,100 גרם,false,0,4.90,4.90,true,1,
7290012850011,false,מחית תפוחי עץ 190 גרם,נאופארם,IL,מחית תפוחי עץ,גרמים,190.00,100 גרם,false,0,5.70,3.00,true,1,
7290012850035,false,מחית תפוח ואפרסק 190 גרם,נאופארם,IL,מחית תפוח ואפרסק,גרמים,190.00,100 גרם,false,0,5.70,3.00,true,1,
7290012850332,false,וופלונים מקמח מלא 100 גר,נאופארם,IL,וופלונים קמח מלא,גרמים,100.00,100 גרם,false,0,9.90,9.90,true,1,
7290012851902,false,"מי פה ליסטרין 750ZEROמ""ל",ג'ונסון,IL,מי פה ליסטרין,מיליליטרים,750.00,"100 מ""ל",false,0,48.90,6.52,true,1,
7290012884979,false,נקניקיות מן הצומח 900 גר,תפוגן,IL,נקניקיות מן הצומ,גרמים,900.00,100 גרם,false,0,21.60,2.40,true,1,
7290012884986,false,"ציפס לתנור 1.5 ק""ג",תפוגן,IL,ציפס לתנור,קילוגרמים,1.50,"ק""ג",false,0,26.10,17.40,true,1,
7290012931611,false,כריות ברזל,,CN,כריות ברזל,יחידה,1.00,יחידה,false,0,4.90,4.90,true,1,
7290012936906,false,ציפורן שלם צנ.זכוכית 25ג,א.ל ייצור ושיווק תבלינים,IL,ציפורן שלם,גרמים,25.00,100 גרם,false,0,10.90,43.60,true,1,
7290012938405,false,רדיד אלומיניום,,,רדיד אלומיניום,מטרים,7.00,מטר,false,0,12.90,1.84,true,1,
7290012938597,false,משחת סנסודין רפיד רליף75,גלקסוסמיתקליין,SI,משחת סנסודיין,מיליליטרים,75.00,"100 מ""ל",false,0,21.70,28.93,true,1,
7290012938740,false,משחת סנסודיין פרש מינט75,סמית קליין,GB,משחת סנסודיין,מיליליטרים,75.00,"100 מ""ל",false,0,19.70,26.27,true,1,
7290012956058,false,ערק אל פאשה 45%אלכ750מל,קעוואר,IL,ערק אל פאשה,מיליליטרים,750.00,"100 מ""ל",false,0,54.40,7.25,true,1,
7290012962134,false,100קיסמי שיניים עם מברשת,W.H.J.C.CO,CN,קיסמי שיניים,יחידה,1.00,יחידה,false,0,9.80,9.80,true,1,
7290012962448,false,מדליק פחם 250מל,S.C.B.V,NL,מדליק פחם,מיליליטרים,250.00,"100 מ""ל",false,0,9.80,3.92,true,1,
7290012962578,false,300צמרוני אוזניים בקופסא,LTD CO S.T.O,CN,צימרוני אוזניים,יחידה,1.00,יחידה,false,0,5.90,5.90,true,1,
7290013027016,false,לחם קמח מלא+100%דגנים750,מאפיית שלמה א. אנג'ל,IL,לחם קמח מלא+100%דגנים750,גרמים,750.00,100 גרם,false,0,10.00,1.33,true,1,
7290013027399,false,לחם מלא+100%שיפון-קל750ג,מאפיית שלמה א. אנג'ל,IL,לחם מלא+100%שיפון-קל750ג,גרמים,750.00,100 גרם,false,0,13.90,1.85,true,1,
7290013027535,false,לחם שיפון קל 750 גרם,מאפיית שלמה א. אנג'ל,IL,לחם שיפון קל 750 גרם,גרמים,750.00,100 גרם,false,0,12.80,1.71,true,1,
7290013027849,false,לחם אנג'ל100קל+שיפון500,מאפיית שלמה א. אנג'ל,IL,לחם אנג'ל100קל+שיפון500,גרמים,500.00,100 גרם,false,0,12.80,2.56,true,1,
7290013027924,false,לחם מלא מלא 750 גרם,מאפיית שלמה א. אנג'ל,IL,לחם מלא מלא 750 גרם,גרמים,750.00,100 גרם,false,0,15.80,2.11,true,1,
7290013038234,false,מים אקווה נובה 2*6 ליטר,טמפו,IL,אקווה נובה 6 בקב,ליטרים,12.00,ליטר,false,0,9.90,0.83,true,1,
7290013068460,false,סרדינים בשמן צמחי 120 גר,סוסיאטה דמסה,MA,סרדינים בשמן,גרמים,120.00,100 גרם,false,0,6.00,5.00,true,1,
7290013068477,false,סרדינים בשמן זית 120 גרם,סוסיאטה דמסה,MA,סרדינים בשמן זית,גרמים,120.00,100 גרם,false,0,6.00,5.00,true,1,
7290013068484,false,סרדינים בשמן צמחי חריף 1,סוסיאטה דמסה,MA,סרדינים בשמן,גרמים,120.00,100 גרם,false,0,6.00,5.00,true,1,
7290013068705,false,שמן זית ישראלי כתית750מ,אליעד בית בד בגולן,IL,"שמן זית 750 מ""ל",מיליליטרים,750.00,"100 מ""ל",false,0,36.90,4.92,true,1,
7290013083661,false,מטרנה אקסטרה קר שלב1 700,נסטלה,IL,מטרנה אקסטרה קר,גרמים,700.00,100 גרם,false,0,59.90,8.56,true,1,
7290013083678,false,מטרנה אקסטרה קר שלב2 700,נסטלה,IL,מטרנה אקסטרה קר,גרמים,700.00,100 גרם,false,0,59.90,8.56,true,1,
7290013083685,false,מטרנה אקסטרה קר שלב3 700,נסטלה,IL,מטרנה אקסטרה קר,גרמים,700.00,100 גרם,false,0,59.90,8.56,true,1,
7290013117212,false,בורקס פילו גבינה 600 גרם,"מעדנות בע""מ",IL,בורקס פילו גבינה 600 גרם,גרמים,600.00,100 גרם,false,0,20.70,3.45,true,1,
7290013117229,false,"בורקס פילו תפו""א 600 גרם","מעדנות בע""מ",IL,"בורקס תפו""א",גרמים,600.00,100 גרם,false,0,20.70,3.45,true,1,
7290013117410,false,בצק פריך מתוק 450X2 900,"מעדנות בע""מ",IL,בצק פריך,גרמים,900.00,100 גרם,false,0,24.80,2.76,true,1,
7290013117441,false,בורקס פילו פטריות 600 גר,"מעדנות בע""מ",IL,בורקס פילו,גרמים,600.00,100 גרם,false,0,20.70,3.45,true,1,
7290013117526,false,בצק שמרים למאפים מתוקים,"מעדנות בע""מ",IL,בצק שמרים,גרמים,900.00,100 גרם,false,0,23.70,2.63,true,1,
7290013117694,false,מאפה פילו בשר 700גרם,"מעדנות בע""מ",IL,מאפה בשר,גרמים,700.00,100 גרם,false,0,40.40,5.77,true,1,
7290013128003,false,"תמר מג'הול 1 ק""ג-דוד חי",קטיף,IL,"תמר מג'הול 1 ק""ג-דוד חי",קילוגרמים,1.00,"ק""ג",false,0,29.90,29.90,true,1,
7290013128386,false,תמר מגהול סופר עסיסי300ג,.,IL,תמר סופר עסיסי,גרמים,300.00,100 גרם,false,1,20.00,6.67,true,1,
7290013144317,false,ג'וני גלילת וופל למילוי,הגביע,IL,ג'וני גלילת וופל,יחידה,1.00,יחידה,false,0,22.70,22.70,true,1,
7290013268020,false,מקסימה סופר מרוכז פרש 1ל,סנו,IL,מרכך כביסה,ליטרים,1.00,ליטר,false,0,14.90,14.90,true,1,
7290013268037,false,מקסימה ס.מרוכז לבנדר 1ל',סנו,IL,מרכך כביסה,ליטרים,1.00,ליטר,false,0,14.90,14.90,true,1,
7290013268198,false,תחליב רחצה כיף מאסק 750מ,קוסמופארם,IL,תחליב רחצה כיף,מיליליטרים,750.00,"100 מ""ל",false,0,10.00,1.33,true,1,
7290013268464,false,"קרם גוף קרמה מאסק 500מ""ל",קוסמופארם,IL,קרם גוף קרמה,מיליליטרים,500.00,"100 מ""ל",false,0,21.70,4.34,true,1,
7290013268563,false,דאו.קרמה מן ספריי קול200,קוסמופארם,IL,דאודורנט קרמה מן,מיליליטרים,200.00,"100 מ""ל",false,0,19.70,9.85,true,1,
7290013268624,false,"שמפו כיף גלואו 750 מ""ל",קוסמופארם,IL,שמפו כיף,מיליליטרים,750.00,"100 מ""ל",false,0,10.00,1.33,true,1,
7290013268648,false,"שמפו כיף רומנס 750 מ""ל",קוסמופארם,IL,שמפו כיף,מיליליטרים,750.00,"100 מ""ל",false,0,10.00,1.33,true,1,
7290013268884,false,סנו ריצפז פרש מאסק 2ליטר,סנו,IL,ריצפז פרש לרצפות,ליטרים,2.00,ליטר,false,0,18.70,9.35,true,1,
7290013268891,false,אוקסיג'ן ג'ל 3ליטר,סנו,,אוקסיג'ן ג'ל,ליטרים,3.00,ליטר,false,0,25.90,8.63,true,1,
7290013268907,false,מקסימה ג'ל לכביסה 3ל,סנו,IL,מקסימה ג'ל,ליטרים,3.00,ליטר,false,0,29.60,9.87,true,1,
7290013269003,false,מקסימה מרכך בייבי 1 ליטר,סנו,IL,מקסימה מרכך,ליטרים,1.00,ליטר,false,0,15.80,15.80,true,1,
7290013269096,false,מטליות ניקוי עור,,IL,מטליות ניקוי עור,יחידה,1.00,יחידה,false,0,19.70,19.70,true,1,
7290013269560,false,קרמה תחליב רחצה מאסק750מ,קוסמופארם,,קרמה תחליב רחצה,מיליליטרים,750.00,"100 מ""ל",false,0,15.90,2.12,true,1,
7290013269690,false,סנובון לאסלה,,IL,סנובון לאסלה,מיליליטרים,55.00,"100 מ""ל",false,0,5.00,9.09,true,1,
7290013269706,false,סנובון ג'ל לאסלה,,IL,סנובון ג'ל לאסלה,מיליליטרים,55.00,"100 מ""ל",false,0,5.00,9.09,true,1,
7290013269867,false,זוג מפות שולחן,,IL,זוג מפות שולחן,יחידה,1.00,יחידה,false,0,11.80,11.80,true,1,
7290013284105,false,טבעות זיתים,,,טבעות זיתים,גרמים,500.00,100 גרם,false,0,8.80,1.76,true,1,
7290013284143,false,מלפפונים במלח,,,מלפפונים במלח,גרמים,560.00,100 גרם,false,0,6.80,1.21,true,1,
7290013284181,false,מלפפונים בחומץ,,,מלפפונים בחומץ,גרמים,560.00,100 גרם,false,0,6.80,1.21,true,1,
7290013284303,false,זיתים ירוקים,,IL,זיתים ירוקים,גרמים,560.00,100 גרם,false,0,9.90,1.77,true,1,
7290013284310,false,רוטב פסטה,,IL,רוטב פסטה,גרמים,240.00,100 גרם,false,0,5.50,2.29,true,1,
7290013284723,false,רוטב ארביאטה 380 גרם,פרי ניר,IL,רוטב ארביאטה,גרמים,380.00,100 גרם,false,1,7.80,2.05,true,1,
7290013284754,false,עגבניות מרוסקות 280 גרם,פרי ניר,IL,עגבניות מרוסקות,גרמים,280.00,100 גרם,false,1,5.90,2.11,true,1,
7290013284761,false,עגבנ.מרוסקות עם שום280ג,פרי ניר,IL,עגבניות מרוסקות,גרמים,280.00,100 גרם,false,1,5.90,2.11,true,1,
7290013284778,false,עגבנ.מרוסקות+בזיליקום280,פרי ניר,IL,עגבניות מרוסקות,גרמים,280.00,100 גרם,false,1,5.90,2.11,true,1,
7290013284808,false,זיתים ירוקים מבוקעים560ג,פרי ניר,IL,זיתים ירוקים,גרמים,560.00,100 גרם,false,1,8.80,1.57,true,1,
7290013284891,false,עגבניות מרוסקות 800 גרם,פרי ניר,IL,עגבניות מרוסקות,גרמים,800.00,100 גרם,false,1,6.70,0.84,true,1,
7290013310019,false,קיסמי שיניים רפואיים,W.H.J.C.CO,CN,קיסמי שיניים,יחידה,1.00,יחידה,false,0,9.80,9.80,true,1,
7290013310064,false,חוט דנטלי רפואי,W.H.J.C.CO,CN,חוט דנטלי רפואי,יחידה,1.00,יחידה,false,0,9.80,9.80,true,1,
7290013310163,false,מדליק פחם מוצק 40 יחידות,BX.P,DE,מדליק פחם מוצק,יחידה,1.00,יחידה,false,0,6.50,6.50,true,1,
7290013310507,false,מברשת לבקבוק/פטמה טוליפס,N.L.PRODUCT,CN,מברשת לבקבוק,יחידה,1.00,יחידה,false,0,10.20,10.20,true,1,
7290013358295,false,קראנצוס גריל 200 גרם,מנה,IL,קראנצוס 200 גרם,גרמים,200.00,100 גרם,false,0,6.10,3.05,true,1,
7290013358301,false,קראנצוס ברביקיו 200 גרם,מנה,IL,קראנצוס 200 גרם,גרמים,200.00,100 גרם,false,0,6.10,3.05,true,1,
7290013358356,false,פירורי לחם מוזהבים350גרם,עינת,IL,פירורי לחם,גרמים,350.00,100 גרם,false,0,7.80,2.23,true,1,
7290013358363,false,פרורי לחם יפני מוזהב300ג,עינת,IL,פרורי לחם יפני,גרמים,300.00,100 גרם,false,0,9.80,3.27,true,1,
7290013358387,false,"קמח מקצועי מאסטר שף 1ק""ג",שטיבל,IL,"קמח מקצועי מאסטר שף 1ק""ג",קילוגרמים,1.00,"ק""ג",false,0,6.80,6.80,true,1,
7290013358424,false,"רוטב סויה בהירה 500 מ""ל",קי.אר.אס. ספייסי פוד,TH,רוטב סויה,מיליליטרים,500.00,"100 מ""ל",false,1,16.90,3.38,true,1,
7290013358462,false,מיני קרוטונים למרק350גרם,עינת,IL,מיני קרוטונים,גרמים,350.00,100 גרם,false,0,18.70,5.34,true,1,
7290013358486,false,פירורי לחם ללא ביצה300ג,עינת,IL,פירורי לחם,גרמים,300.00,100 גרם,false,0,9.90,3.30,true,1,
7290013358509,false,מאסטר שף מיקסלט 200 גרם,עינת,IL,מיקסלט,גרמים,200.00,100 גרם,false,0,14.80,7.40,true,1,
7290013358523,false,שבבי בצל מטוגן 150גרם,טופ טייטס,NL,שבבי בצל מטוגן,גרמים,150.00,100 גרם,false,0,13.80,9.20,true,1,
7290013358530,false,"רוטב צ'ילי מתוק 700 מ""ל",קי.אר.אס. ספייסי פוד,TH,רוטב צ'ילי מתוק,מיליליטרים,700.00,"100 מ""ל",false,1,14.80,2.11,true,1,
7290013358547,false,"רוטב צ'ילי חריף 700 מ""ל",קי.אר.אס. ספייסי פוד,TH,רוטב צ'ילי חריף,מיליליטרים,700.00,"100 מ""ל",false,1,14.80,2.11,true,1,
7290013358691,false,קוסקוס מלא 350 גרם,"חטיפים מין הטבע בע""מ",IL,קוסקוס מלא,יחידה,1.00,יחידה,false,1,6.80,6.80,true,1,
7290013358912,false,טורטיה רולס טבעי70גר,NV LOCO POCO FOOD SNACK,BE,טורטיה רולס,גרמים,70.00,100 גרם,false,1,3.50,5.00,true,1,
7290013358936,false,צ'יפס גלי מנה 45 גרם,FLAPER.S.A APERITIVOS,ES,צ'יפס גלי מנה,גרמים,45.00,100 גרם,false,1,3.00,6.67,true,1,
7290013358967,false,קראנצ'וס מיקס בוטנים40גר,מנה,IL,קראנצ'וס מיקס,גרמים,40.00,100 גרם,false,0,3.60,9.00,true,1,
7290013440648,false,מאגדת אבטיח 5יח,נסטלה,IL,מאגדת אבטיח 5יח,גרמים,540.00,100 גרם,false,0,25.80,4.78,true,1,
7290013472199,false,ערמונים קלופים קלויים105,הבי ליקראן,CN,ערמונים 105גרם,גרמים,105.00,100 גרם,false,0,8.80,8.38,true,1,
7290013474155,false,מארז חטיף דג דג40גרם6Xיח,יוניליוור,IL,מארז חטיף דג דג,גרמים,240.00,100 גרם,false,0,10.80,4.50,true,1,
7290013474377,false,בייגלה דקים מלח ים300גרם,יוניליוור,IL,בייגלה דקים,גרמים,300.00,100 גרם,false,0,7.90,2.63,true,1,
7290013474438,false,בייגלה דקים שומשום300גרם,יוניליוור,IL,בייגלה דקים,גרמים,300.00,100 גרם,false,0,7.90,2.63,true,1,
7290013531117,false,רוטב פסטה לילדים 260 גרם,זנלכל,IL,רוטב פסטה,גרמים,260.00,100 גרם,false,0,4.70,1.81,true,1,
7290013539823,false,סטייל קרם ידיים ארגן 100,מיה,IL,סטייל קרם ידיים,מיליליטרים,100.00,"100 מ""ל",false,0,6.90,6.90,true,1,
7290013540225,false,נתחי טונה קטנה 158*4 גרם,תעשיות פילטונה,IL,נתחי טונה 4 יח,גרמים,632.00,100 גרם,false,0,20.70,3.28,true,1,
7290013540584,false,סרדינים בשמן צמחי 125גרם,תעשיות פילטונה,MA,סרדינים בשמן צמח,גרמים,125.00,100 גרם,false,0,5.90,4.72,true,1,
7290013566867,false,מאגדת חמשושים,נסטלה,IL,מאגדת חמשושים,גרמים,220.00,100 גרם,false,0,26.70,12.14,true,1,
7290013584175,false,ספרייט 1.5*6 ליטר,החברה המרכזית לייצור משקאות,IL,ספרייט שישייה,ליטרים,9.00,ליטר,false,0,35.90,3.99,true,1,
7290013584182,false,ספרייט 1.5 ליטר,החברה המרכזית לייצור משקאות,IL,ספרייט בקבוק,ליטרים,1.50,ליטר,false,0,6.50,4.33,true,1,
7290013584816,false,"משק""ל פריגת לימונענע1.5ל",פריגת,IL,"משק""ל פריגת",ליטרים,1.50,ליטר,false,0,6.50,4.33,true,1,
7290013585240,false,ספרייט זירו 1.5 ליטר,החברה המרכזית לייצור משקאות,IL,ספרייט זירו,ליטרים,1.50,ליטר,false,1,6.50,4.33,true,1,
7290013585271,false,ספרייט זירו 1.5*6 ליטר,החברה המרכזית לייצור משקאות,IL,ספרייט זירו 6 יח,ליטרים,9.00,ליטר,false,1,35.90,3.99,true,1,
7290013585325,false,קוקה קולה 2*6 ליטר,החברה המרכזית לייצור משקאות,IL,קוקה קולה 6 יח,ליטרים,12.00,ליטר,false,1,44.90,3.74,true,1,
7290013585356,false,פיוז תה פירות יער 1.5ל',מבשלות בירה בינלאומיות,IL,פיוז תה,ליטרים,1.50,ליטר,false,1,5.90,3.93,true,1,
7290013585370,false,קוקה קולה 2 ליטר,החברה המרכזית לייצור משקאות,IL,קוקה קולה,ליטרים,2.00,ליטר,false,1,7.80,3.90,true,1,
7290013585387,false,קולה זירו 1 ליטר,החברה המרכזית לייצור משקאות,IL,קולה זירו,ליטרים,1.00,ליטר,false,1,5.50,5.50,true,1,
7290013585394,false,קוקה קולה 1 ליטר,החברה המרכזית לייצור משקאות,IL,קוקה קולה,ליטרים,1.00,ליטר,false,1,5.00,5.00,true,1,
7290013585462,false,קוקה קולה זירו 2*6 ליטר,החברה המרכזית לייצור משקאות,IL,קולה זירו 6 יח',ליטרים,12.00,ליטר,false,1,39.90,3.33,true,1,
7290013591173,false,מטרנה לילה טוב 400 גרם,נסטלה,IL,מטרנה לילה טוב,גרמים,400.00,100 גרם,false,0,36.20,9.05,true,1,
7290013591524,false,מטרנה אקסט.קר קומפורט400,נסטלה,IL,מטרנה אקסטרה,גרמים,400.00,100 גרם,false,0,44.50,11.13,true,1,
7290013608352,false,מיץ תפוזים 100% 3 ליטר,גניר,IL,מיץ תפוזים 100% 3 ליטר,ליטרים,3.00,ליטר,false,1,29.90,9.97,true,1,
7290013652768,false,מסכה נטורל קר ש.יבש 450מ,פישר מעבדות פרמצבטיות,,מסכה נטורל קר,מיליליטרים,450.00,"100 מ""ל",false,0,34.20,7.60,true,1,
7290013652775,false,מסכה נטורל קר ש.רגיל450מ,פישר מעבדות פרמצבטיות,,מסכה נטורל קר ש.רגיל450מ,מיליליטרים,450.00,"100 מ""ל",false,0,34.20,7.60,true,1,
7290013652812,false,ק.ידיים נטורל קר רגיל150,פישר מעבדות פרמצבטיות,,קרם ידיים נטורל,מיליליטרים,150.00,"100 מ""ל",false,0,10.00,6.67,true,1,
7290013675101,false,שניצל דגנים אפוי 500גרם,תנובה,IL,שניצל דגנים אפוי 500גרם,גרמים,500.00,100 גרם,false,0,29.60,5.92,true,1,
7290013675163,false,שניצל קריספי מ.עוף 500ג,תנובה,IL,שניצל קריספי מ.עוף 500ג,גרמים,500.00,100 גרם,false,1,29.90,5.98,true,1,
7290013675187,false,שניצל קריספי חריף 500גרם,תנובה,IL,שניצל קריספי חרי,גרמים,500.00,100 גרם,false,14,29.90,5.98,true,1,
7290013675194,false,שניצל אמיתי ביתי ל.גלוטן,מאמא עוף,IL,שניצל אמיתי,גרמים,700.00,100 גרם,false,1,41.70,5.96,true,1,
7290013675316,false,אצבעות שניצל ללא גלוטן,מאמא עוף,IL,אצבעות שניצל,גרמים,700.00,100 גרם,false,1,35.00,5.00,true,1,
7290013683601,false,עוגת קצפת היער השחור1.3ק,גידרון,IL,עוגת קצפת,קילוגרמים,1.30,"ק""ג",false,0,77.20,59.38,true,1,
7290013702005,false,מים טעם פירות יער 1.5 ל,יפאורה שותפות מובגלת לשיווק,IL,מים פירות יער,ליטרים,1.50,ליטר,false,0,5.90,3.93,true,1,
7290013702029,false,שוופס מים טעם אפרסק 1.5ל,יפאורה שותפות מובגלת לשיווק,IL,שוופס מים אפרסק,ליטרים,1.50,ליטר,false,0,5.90,3.93,true,1,
7290013702043,false,שוופס מים טעם ענבים 1.5ל,יפאורה שותפות מובגלת לשיווק,IL,מים בטעם ענבים,ליטרים,1.50,ליטר,false,0,5.90,3.93,true,1,
7290013702111,false,ספרינג תה 1.5*4 ליטר,יפאורה שותפות מובגלת לשיווק,IL,ספרינג תה 4 יח',ליטרים,6.00,ליטר,false,0,17.90,2.98,true,1,
7290013702371,false,שוופס מים בטעם תפוח 1.5ל,יפאורה שותפות מובגלת לשיווק,IL,שוופס מים תפוח,ליטרים,1.50,ליטר,false,0,5.90,3.93,true,1,
7290013702463,false,שוופס מוגז למונייד 1.5 ל,יפאורה שותפות מובגלת לשיווק,IL,שוופס למונייד,ליטרים,1.50,ליטר,false,0,6.60,4.40,true,1,
7290013702470,false,שוופס מוגז לימונדה ורודה,יפאורה שותפות מובגלת לשיווק,IL,שוופס לימונדה,ליטרים,1.50,ליטר,false,0,6.60,4.40,true,1,
7290013702494,false,שוופס מוגז למון ליים1.5ל,יפאורה שותפות מובגלת לשיווק,IL,שוופס למון ליים,ליטרים,1.50,ליטר,false,0,6.50,4.33,true,1,
7290013702500,false,שוופס דיאט למון ליים1.5ל,יפאורה שותפות מובגלת לשיווק,IL,שוופס למון ליים,ליטרים,1.50,ליטר,false,0,6.50,4.33,true,1,
7290013702555,false,שוופס מוגז עדין אננס1.5ל,יפאורה שותפות מובגלת לשיווק,IL,שוופס מוגז עדין,ליטרים,15.00,ליטר,false,0,6.50,0.43,true,1,
7290013702852,false,"שוופס ראשן 330 מ""ל",יפאורה שותפות מובגלת לשיווק,IL,שוופס ראשן,מיליליטרים,330.00,"100 מ""ל",false,0,5.80,1.76,true,1,
7290013702951,false,שוופס למון ליים 1.5*6ל',יפאורה שותפות מובגלת לשיווק,IL,שוופס ליים 6 יח,ליטרים,9.00,ליטר,false,0,19.90,2.21,true,1,
7290013702968,false,שוופס למ.ליים דיאט1.5*6ל,יפאורה שותפות מובגלת לשיווק,IL,שוופס ליים 6 יח,ליטרים,9.00,ליטר,false,0,19.90,2.21,true,1,
7290013702999,false,שוופס מוגז גוארנה1.5ל,יפאורה שותפות מובגלת לשיווק,IL,שוופס גוארנה,ליטרים,1.50,ליטר,false,0,6.60,4.40,true,1,
7290013724939,false,חמוציות בשוקולד מריר,שקדיה,IL,חמוציות בשוקולד,גרמים,160.00,100 גרם,false,0,14.80,9.25,true,1,
7290013724946,false,שקדים בשוקולד מריר 160גר,שקדיה,IL,שקד בשוקולד מריר,גרמים,160.00,100 גרם,false,0,14.80,9.25,true,1,
7290013724960,false,שקדים בשוקולד חלב 160גרם,שקדיה,IL,שקדים בשוקולד,גרמים,160.00,100 גרם,false,0,14.80,9.25,true,1,
7290013724977,false,צימוק בשוקולד מריר 160גר,שקדיה,IL,צימוק בשוקולד,גרמים,160.00,100 גרם,false,0,14.80,9.25,true,1,
7290013724991,false,אגוז לוז בשוקולד חלב160ג,שקדיה,IL,א.לוז בשוקולד,גרמים,160.00,100 גרם,false,0,14.80,9.25,true,1,
7290013725837,false,שומשום בשוקולד חלב 160גר,שקדיה,IL,שומשום בשוקלד,גרמים,160.00,100 גרם,false,0,14.80,9.25,true,1,
7290013847119,false,טונה סטארקיסט קנולה160*4,סטארקיסט,IL,טונה בשמן 4 יח,גרמים,640.00,100 גרם,false,0,27.90,4.36,true,1,
7290013847157,false,טונה שמ.זית כ.מעולה110*4,סטארקיסט,IL,טונה בשמן זית4יח,גרמים,440.00,100 גרם,false,0,26.90,6.11,true,1,
7290013847607,false,סטארקיסט לסלט שמן שום160,סטארקיסט,IL,סטארקיסט לה סלט,גרמים,160.00,100 גרם,false,1,7.80,4.88,true,1,
7290013847614,false,סטארקיסט לסלט ויניגרט160,סטארקיסט,IL,סטארקיסט לה סלט,גרמים,160.00,100 גרם,false,1,7.80,4.88,true,1,
7290013847621,false,סטארקיסט לסלט קייסר160ג,סטארקיסט,IL,סטארקיסט לה סלט,גרמים,160.00,100 גרם,false,1,7.80,4.88,true,1,
7290013847652,false,סטארק.לסנדביץ חמוצים200ג,סטארקיסט,IL,סטארקיסט לסנדביץ,גרמים,200.00,100 גרם,false,1,8.80,4.40,true,1,
7290013847669,false,סטארקיסט לסנדביץ צ'ילי,סטארקיסט,IL,סטארקיסט לסנדביץ,גרמים,200.00,100 גרם,false,1,8.80,4.40,true,1,
7290013847676,false,סטארקיסט לסנדביץ+בצל200ג,סטארקיסט,IL,סטארקיסט לסנדביץ,גרמים,200.00,100 גרם,false,1,8.80,4.40,true,1,
7290013848130,false,תחליב רח.כיף אוקיינוס750,קוסמופארם,IL,תחליב רחצה כיף,מיליליטרים,750.00,"100 מ""ל",false,0,10.00,1.33,true,1,
7290013848383,false,קמה מן ג'ל רחצה אקטיב700,קוסמופארם,IL,ג'ל רחצה קרמה מן,מיליליטרים,700.00,"100 מ""ל",false,0,15.00,2.14,true,1,
7290013848581,false,נייר מגבת בגליל,,IL,נייר מגבת בגליל,מטרים,63.00,מטר,false,0,9.00,0.14,true,1,
7290013848635,false,קרמה אלפא שמפו רגיל 700,קוסמופארם,IL,שמפו שיער קרמה,מיליליטרים,700.00,"100 מ""ל",false,0,12.90,1.84,true,1,
7290013848642,false,קרמה אלפא שמפו יבש 700 מ,קוסמופארם,IL,שמפו שיער קרמה,מיליליטרים,700.00,"100 מ""ל",false,0,12.90,1.84,true,1,
7290013848659,false,קרמה אלפא שמפו צבוע 700מ,קוסמופארם,IL,שמפו שיער קרמה,מיליליטרים,700.00,"100 מ""ל",false,0,12.90,1.84,true,1,
7290013848673,false,קרמה אלפא שמפו ומרכך700מ,קוסמופארם,IL,מרכך שיער קרמה,מיליליטרים,700.00,"100 מ""ל",false,0,12.90,1.84,true,1,
7290013848680,false,קרמה אלפא מרכך רגיל 700מ,קוסמופארם,IL,מרכך שיער קרמה,מיליליטרים,700.00,"100 מ""ל",false,0,12.90,1.84,true,1,
7290013848697,false,קרמה אלפא מרכך יבש 700מל,קוסמופארם,IL,מרכך שיער קרמה,מיליליטרים,700.00,"100 מ""ל",false,0,12.90,1.84,true,1,
7290013848758,false,ג'ל לכביסה בייבי,,IL,ג'ל לכביסה בייבי,ליטרים,3.00,ליטר,false,0,39.60,13.20,true,1,
7290013848789,false,סבון מוצק כיף דבש100*4ג,קוסמופארם,IL,רביעיית סבון כיף,גרמים,400.00,100 גרם,false,0,9.00,2.25,true,1,
7290013848802,false,סבון מוצק כיף לבנד100*4ג,קוסמופארם,IL,רביעיית סבון כיף,גרמים,400.00,100 גרם,false,0,9.00,2.25,true,1,
7290013848888,false,דאו.קרמה רול און קלאסי75,קוסמופארם,IL,דאודורנט קרמה,מיליליטרים,75.00,"100 מ""ל",false,0,15.80,21.07,true,1,
7290013848895,false,דאו.קרמה רול און מאסק75מ,קוסמופארם,IL,דאודורנט קרמה,מיליליטרים,75.00,"100 מ""ל",false,0,15.80,21.07,true,1,
7290013861061,false,בוטנים בשוקולד חלב 160גר,שקדיה,IL,בוטנים בשוקולד,גרמים,160.00,100 גרם,false,0,14.80,9.25,true,1,
7290013861979,false,שקד קלוף קלוי 200גרם,שקדיה,IL,שקד קלוף קלוי,גרמים,200.00,100 גרם,false,0,22.70,11.35,true,1,
7290013861986,false,אגוז קשיו קלוי 200גרם,שקדיה,IL,קשיו קלוי,גרמים,200.00,100 גרם,false,0,20.70,10.35,true,1,
7290013883445,false,אסטוניש קרם מטבח,,IL,אסטוניש קרם מטבח,מיליליטרים,550.00,"100 מ""ל",false,0,18.70,3.40,true,1,
7290013883469,false,אסטוניש קרם אמבט,,IL,אסטוניש קרם אמבט,מיליליטרים,550.00,"100 מ""ל",false,0,18.70,3.40,true,1,
7290013906205,false,פסטרמה שום וצ'ילי 400 גר,טירת צבי,IL,פסטרמה שום+צ'לי,גרמים,400.00,100 גרם,false,0,31.50,7.88,true,1,
7290013906212,false,"נקניקיות וינר 1 ק""ג",טירת צבי,IL,נקניקיות וינר,קילוגרמים,1.00,"ק""ג",false,0,31.90,31.90,true,1,
7290013906441,false,קבנוס 120 גרם,טירת צבי,IL,קבנוס,גרמים,120.00,100 גרם,false,0,11.80,9.83,true,1,
7290013906489,false,חטיפי קבנוס 120 גרם,טירת צבי,IL,חטיפי קבנוס,גרמים,120.00,100 גרם,false,0,11.80,9.83,true,1,
7290013906496,false,פסטרמה עגל רומני 120 גרם,טירת צבי,IL,פסטרמה עגל רומני,גרמים,120.00,100 גרם,false,0,15.30,12.75,true,1,
7290013919359,false,עוגיות מובחרות בדלי 600ג,קונדטוריית אנגל,IL,עוגיות מובחרות,גרמים,600.00,100 גרם,false,0,13.90,2.32,true,1,
7290013927101,false,"עוגה ללא סוכר תפו""ע450ג","אחדות בע""מ א.ת. ברקן",IL,עוגת תפוח עץ,גרמים,450.00,100 גרם,false,0,13.60,3.02,true,1,
7290013994165,false,משקה אורז,,IT,משקה אורז,ליטרים,1.00,ליטר,false,0,12.80,12.80,true,1,
7290013994172,false,משקה כוסמין,,IT,משקה כוסמין,ליטרים,1.00,ליטר,false,0,16.80,16.80,true,1,
7290014002074,false,ויסוצקידס פטל 20 שקיקים,ויסוצקי,IL,ויסוצקידס פטל,גרמים,54.00,100 גרם,false,0,13.90,25.74,true,1,
7290014002128,false,תה ירוק לימונית מנטה25שק,ויסוצקי,IL,תה ירוק לימונית,גרמים,37.00,100 גרם,false,0,21.90,59.19,true,1,
7290014002135,false,תה ירוק מיקס 25 שקיקים,ויסוצקי,IL,תה ירוק מיקס,גרמים,37.00,100 גרם,false,0,21.90,59.19,true,1,
7290014002197,false,חליטת קמומיל ולימונית25ש,ויסוצקי,IL,חליטת קמומיל,גרמים,75.00,100 גרם,false,0,13.90,18.53,true,1,
7290014002203,false,חליטת לימונים לואיזה 25ש,ויסוצקי,IL,חליטת לימונים,גרמים,75.00,100 גרם,false,0,13.90,18.53,true,1,
7290014002982,false,תה ירוק סטיביה+לימונית25,ויסוצקי,IL,תה ירוק סטיביה+לימונית25,גרמים,37.00,100 גרם,false,0,21.90,59.19,true,1,
7290014046016,false,פסטרמה של פעם 250גרם,מעדני יחיעם,IL,פסטרמה של פעם,גרמים,250.00,100 גרם,false,0,28.00,11.20,true,1,
7290014046474,false,"נקניקיות עוף 1.5 ק""ג",מעדני יחיעם,IL,נקניקיות עוף,קילוגרמים,1.50,"ק""ג",false,0,29.60,19.73,true,1,
7290014083424,false,אורז פרסי,,TH,אורז פרסי,קילוגרמים,1.00,"ק""ג",false,0,5.30,5.30,true,1,
7290014083783,false,עגבניות מרוסקות,,IT,עגבניות מרוסקות,קילוגרמים,1.20,"ק""ג",false,0,16.00,13.33,true,1,
7290014083806,false,עוגיות טעם חמאה,,PT,עוגיות טעם חמאה,גרמים,350.00,100 גרם,false,0,11.80,3.37,true,1,
7290014094079,false,בוטן קלוף קלוי 200גרם,שקדיה,IL,בוטן קלוף קלוי,גרמים,200.00,100 גרם,false,0,9.80,4.90,true,1,
7290014094086,false,בוטן בקליפה קלוי 200גרם,שקדיה,IL,בוטן בקליפה קלוי,גרמים,200.00,100 גרם,false,0,9.80,4.90,true,1,
7290014094130,false,גרעין אבטיח קלוי 200גרם,שקדיה,IL,גרעין אבטיח,גרמים,200.00,100 גרם,false,0,15.80,7.90,true,1,
7290014094413,false,סרדין בשמן סויה,,PT,סרדין בשמן סויה,גרמים,115.00,100 גרם,false,0,4.90,4.26,true,1,
7290014095021,false,אגוז מלך קלוף טבעי 150ג,שקדיה,IL,אגוז מלך קלוף,גרמים,150.00,100 גרם,false,0,15.90,10.60,true,1,
7290014095922,false,"דבש מפרחי הדר 1 ק""ג",שקדיה,IL,דבש מפרחי הדר,קילוגרמים,1.00,"ק""ג",false,0,40.00,40.00,true,1,
7290014095946,false,פקאן בשוקולד מריר 160גרם,שקדיה,IL,פ.בשוקולד מריר,גרמים,160.00,100 גרם,false,0,14.80,9.25,true,1,
7290014095960,false,שבולת שועל עבה 500 גרם,שקדיה,IL,שיבולת שועל,גרמים,500.00,100 גרם,false,0,6.80,1.36,true,1,
7290014126077,false,"מר מאסל למטבח 500מ""ל",ג'ונסון,CN,מר מאסל למטבח,מיליליטרים,500.00,"100 מ""ל",false,0,12.90,2.58,true,1,
7290014126213,false,מר מאסל רב שימושי 750 מל,AMBALAJ APS,TR,מר מאסל רב שימוש,מיליליטרים,750.00,"100 מ""ל",false,0,12.90,1.72,true,1,
7290014126282,false,נוזל לרצפות לבנדר2.5ל,AMBALAJ APS,TR,מר מאסל לרצפות,ליטרים,2.50,ליטר,false,0,16.90,6.76,true,1,
7290014126428,false,טבליות סטיביה 150 יחידות,סוראל,CN,טבליות סטיביה,גרמים,9.00,100 גרם,false,0,28.70,318.89,true,1,
7290014126701,false,עוג.שוקולד+קרם אספרסו180,TAGO,PL,עוגיות מואי,גרמים,180.00,100 גרם,false,1,16.50,9.17,true,1,
7290014126718,false,עוג.שוקולד+קרם ברולה180ג,TAGO,PL,עוגיות מואי,גרמים,180.00,100 גרם,false,1,16.50,9.17,true,1,
7290014126978,false,דאק דוחה כתמים750*2מ,ג'ונסון,IL,דאק פאוור זוג,מיליליטרים,1500.00,"100 מ""ל",false,0,19.70,1.31,true,1,
7290014217003,false,פפריקה מעושנת במיכל90ג,תבליני טעם וריח,IL,פפריקה,גרמים,90.00,100 גרם,false,0,10.80,12.00,true,1,
7290014217065,false,אורגנו במיכל 30 גרם,תבליני טעם וריח,IL,אורגנו,גרמים,30.00,100 גרם,false,0,9.80,32.67,true,1,
7290014217140,false,תערובת ראס אל חנות100ג,תבליני טעם וריח,IL,תיבול רס אל חנות,גרמים,100.00,100 גרם,false,1,10.80,10.80,true,1,
7290014217225,false,גריל עוף במיכל 120 גרם,תבליני טעם וריח,IL,גריל עוף,גרמים,120.00,100 גרם,false,0,10.80,9.00,true,1,
7290014218130,false,פיצה דקה גבינה 380גרם,תנובה,IL,פיצה דקה גבינה,גרמים,380.00,100 גרם,false,10,16.90,4.45,true,1,
7290014218154,false,פיצה דקה שום 410גרם,תנובה,IL,פיצה דקה שום,גרמים,410.00,100 גרם,false,10,16.90,4.12,true,1,
7290014241589,false,מיקס אגוזים 150גרם,פיצוחי הטיב,IL,מיקס אגוזים,גרמים,150.00,100 גרם,false,0,14.80,9.87,true,1,
7290014256637,false,"BUZZ מוסקטו 750מ""ל",יקבי כרמל,IL,מוסקטו BUZZ,מיליליטרים,750.00,"100 מ""ל",false,0,29.60,3.95,true,1,
7290014256910,false,"BUZZ מוסקט 750 מ""ל",יקבי כרמל,IL,BUZZ מוסקט,מיליליטרים,750.00,"100 מ""ל",false,1,29.60,3.95,true,1,
7290014258730,false,מטרנה צמחית מגיל שנה700ג,נסטלה,IL,מטרנה צמחית,גרמים,700.00,100 גרם,false,0,68.90,9.84,true,1,
7290014321007,false,"שמן קוקוס אורגני 350 מ""ל",Serendipol,LK,שמן קוקוס אורגני,מיליליטרים,350.00,"100 מ""ל",false,0,32.70,9.34,true,1,
7290014338203,false,מנצ'ס פיקנטי 200גרם,קסין דיי ברייט,CN,מנצ'ס פיקנטי 200גרם,גרמים,200.00,100 גרם,false,0,8.90,4.45,true,1,
7290014397156,false,קרם גוף קרמה פרח וניל500,קוסמופארם,IL,קרם גוף קרמה פרח וניל500,מיליליטרים,500.00,"100 מ""ל",false,0,21.70,4.34,true,1,
7290014397279,false,שקיות מזון,,IL,שקיות מזון,יחידה,1.00,יחידה,false,0,11.80,11.80,true,1,
7290014397286,false,מרכך כביסה מרוכז,,IL,מרכך כביסה מרוכז,ליטרים,1.00,ליטר,false,0,14.90,14.90,true,1,
7290014397293,false,מרכך כביסה מרוכז,,IL,מרכך כביסה מרוכז,ליטרים,1.00,ליטר,false,0,14.90,14.90,true,1,
7290014397453,false,מסיר כתמים 3ליטר,,IL,מסיר כתמים 3ליטר,ליטרים,3.00,ליטר,false,0,25.90,8.63,true,1,
7290014397729,false,אקונומיקה פיסגה,,IL,אקונומיקה פיסגה,ליטרים,2.00,ליטר,false,0,6.90,3.45,true,1,
7290014397736,false,מ. כביסה מקסימה,,IL,מ. כביסה מקסימה,ליטרים,4.00,ליטר,false,0,19.90,4.98,true,1,
7290014397767,false,ריצפז פרש הום,,IL,ריצפז פרש הום,ליטרים,2.00,ליטר,false,0,19.30,9.65,true,1,
7290014397897,false,מבשם בגדים,,IL,מבשם בגדים,מיליליטרים,350.00,"100 מ""ל",false,0,17.00,4.86,true,1,
7290014435704,false,סלמון מעושן 100 גרם,סלטי שמיר,IL,סלמון מעושן,גרמים,100.00,100 גרם,false,0,15.80,15.80,true,1,
7290014435803,false,8מטיאס הולנדי עם בצל180ג,סלטי שמיר,IL,מטיאס הולנדי+בצל,גרמים,180.00,100 גרם,false,0,15.80,8.78,true,1,
7290014435841,false,פילה מטיאס הולנדי שמן180,סלטי שמיר,IL,פילה מטיאס בשמן,גרמים,180.00,100 גרם,false,0,15.80,8.78,true,1,
7290014455085,false,גבינת שמנת,,IL,גבינת שמנת,גרמים,200.00,100 גרם,false,0,10.00,5.00,true,1,
7290014455245,false,גרנה פדנו משולש 200 גרם,גרנה פדני איטליה,IT,גבינה גרנה פדנו,גרמים,200.00,100 גרם,false,1,23.20,11.60,true,1,
7290014455252,false,גרנה פדנו מגורדת 100 גרם,גרנה פדני איטליה,IT,גבינה גרנה פדנו,גרמים,200.00,100 גרם,false,1,10.90,5.45,true,1,
7290014455375,false,גבינה צהובה פרוס28% 200ג,WLOSZCZOWA,PL,גבינה צהובה פרוס,גרמים,200.00,100 גרם,false,1,10.00,5.00,true,1,
7290014455382,false,גבינה צהובה פרוסה9% 200ג,WLOSZCZOWA,PL,גבינה צהובה גד,גרמים,200.00,100 גרם,false,1,13.90,6.95,true,1,
7290014455405,false,גבינה צהובה פרוסה5% 200ג,WLOSZCZOWA,PL,גבינה צהובה גד,גרמים,200.00,100 גרם,false,1,13.90,6.95,true,1,
7290014459007,false,"קוביות ת""א 700גרם",תפוגן,IL,"קוביות ת""א",גרמים,700.00,100 גרם,false,0,14.80,2.11,true,1,
7290014459083,false,"ציפס כפרי 1.5 ק""ג",תפוגן,IL,ציפס כפרי,קילוגרמים,1.50,"ק""ג",false,0,26.10,17.40,true,1,
7290014459113,false,ביסבול איטלקי 700גרם,תפוגן,IL,ביסבול איטלקי,גרמים,700.00,100 גרם,false,0,16.60,2.37,true,1,
7290014459151,false,שניצל תירס לייט תפוגן630,תפוגן,IL,שניצל תירס לייט,גרמים,630.00,100 גרם,false,0,22.70,3.60,true,1,
7290014459267,false,"תפוגן פרוסות סלייס 1.5ק""",תפוגן,IL,תפוגן פרוסות,קילוגרמים,1.50,"ק""ג",false,10,25.90,17.27,true,1,
7290014466128,false,"אינדיגו הר חרמון 750 מ""ל",יקבי רמת הגולן קצרין,IL,הר חרמון אינדיגו,מיליליטרים,750.00,"100 מ""ל",false,0,29.90,3.99,true,1,
7290014466272,false,גמלא קברנה סוביניון750מ,יקבי רמת הגולן קצרין,IL,גמלא קברנה,מיליליטרים,750.00,"100 מ""ל",false,0,60.00,8.00,true,1,
7290014466463,false,"מוסקטו הר חרמון 750 מ""ל",יקבי רמת הגולן קצרין,IL,הר חרמון מוסקטו,מיליליטרים,750.00,"100 מ""ל",false,0,29.90,3.99,true,1,
7290014466579,false,"גמלא סנג'ובזה 750 מ""ל",יקבי רמת הגולן קצרין,IL,גמלא סנג'ובזה,מיליליטרים,750.00,"100 מ""ל",false,1,49.90,6.65,true,1,
7290014503137,false,"יובלים דלתון אדום 750מ""ל",יקב דלתון,IL,יין יובלים אדום,מיליליטרים,750.00,"100 מ""ל",false,0,42.50,5.67,true,1,
7290014525016,false,סלים פרוט יוגורט תות 5י,סלים פרוטס,ES,חטיפי דגנים מרבה,גרמים,182.00,100 גרם,false,0,10.00,5.49,true,1,
7290014525023,false,סלים פרוט פירות יער 5יח',סלים פרוטס,ES,חטיפי דגנים מרבה,גרמים,215.00,100 גרם,false,0,10.00,4.65,true,1,
7290014603110,false,קארט דור שוקולד פאדג520,שטראוס,IL,קארט דור שוקולד פאדג520,מיליליטרים,520.00,"100 מ""ל",false,15,19.70,3.79,true,1,
7290014603547,false,גל.קרמיסימו וניל+שוק1.3.,שטראוס,IL,גל.קרמיסימו וניל+שוק1.3.,מיליליטרים,665.00,"100 מ""ל",false,0,18.90,2.84,true,1,
7290014603554,false,קרמיסימו סנדיי וניל תות,שטראוס,IL,קרמיסימו סנדיי וניל תות,ליטרים,1.33,ליטר,false,0,18.90,14.21,true,1,
7290014603660,false,מאגדת מיני מגנום בראוניז,שטראוס,IL,מאגדת מיני מגנום,גרמים,265.00,100 גרם,false,0,27.90,10.53,true,1,
7290014603813,false,קרמיסימו מסטיק וניל 1330,שטראוס,IL,גלידת קרמיסימו,ליטרים,1.33,ליטר,false,0,18.90,14.21,true,1,
7290014603820,false,קרמיסימו ונילה פקאן 1330,שטראוס,IL,גלידת קרמיסימו,ליטרים,1.33,ליטר,false,0,18.90,14.21,true,1,
7290014651999,false,קליפות אשכולית מסוכרת200,פיצוחי הטיב,IL,קליפות אשכולית,גרמים,200.00,100 גרם,false,1,10.00,5.00,true,1,
7290014673557,false,זעפרן אמיתי 0.5,,ES,זעפרן אמיתי 0.5,יחידה,1.00,יחידה,false,0,17.90,17.90,true,1,
7290014712003,false,חומוס להכנה ביתית400ג,צ.י.תעשיות מזון יבנה,IL,חומוס,גרמים,400.00,100 גרם,false,1,17.70,4.43,true,1,
7290014725294,false,סוכרזית סוכרלוז 100שקיות,"ביסקול בע""מ",IL,סוכרזית סוכרלוז,גרמים,100.00,100 גרם,false,0,19.70,19.70,true,1,
7290014745551,false,שניצל מספרים ע.טוב 100%,עוף טוב,IL,שניצל מספרים,גרמים,700.00,100 גרם,false,0,35.40,5.06,true,1,
7290014745698,false,נקניקיות איכותיות 400גרם,עוף טוב,IL,נקניקיות עוף טוב,גרמים,400.00,100 גרם,false,0,14.80,3.70,true,1,
7290014746404,false,אצבעות שניצל שומשום 400ג,אסם,IL,אצבעות שניצל שומ,גרמים,400.00,100 גרם,false,14,17.70,4.43,true,1,
7290014746565,false,שניצל מעודן מופח מלח ע.ט,אסם,IL,שניצל מעודן,גרמים,700.00,100 גרם,false,1,44.50,6.36,true,1,
7290014758100,false,יוגורט ביו 8 יח,,IL,יוגורט ביו 8 יח,קילוגרמים,1.20,"ק""ג",false,0,15.90,13.25,true,1,
7290014758117,false,יוגורט ביו 8 יח,,IL,יוגורט ביו 8 יח,קילוגרמים,1.20,"ק""ג",false,0,15.90,13.25,true,1,
7290014758681,false,קוטג 1% שומן,,IL,קוטג 1% שומן,גרמים,250.00,100 גרם,false,0,5.60,2.24,true,1,
7290014759084,false,גבינת נפוליאון,,IL,גבינת נפוליאון,גרמים,225.00,100 גרם,false,0,13.50,6.00,true,1,
7290014759534,false,בולגרית למריחה5%,,IL,בולגרית למריחה5%,גרמים,200.00,100 גרם,false,0,13.80,6.90,true,1,
7290014759978,false,קולאז' קצ'קבל,,IL,קולאז' קצ'קבל,גרמים,200.00,100 גרם,false,0,25.70,12.85,true,1,
7290014760103,false,מ.סויה מועשר בסידן200*3מ,סוי מג'יק,IL,משקה סויה 3 יח,מיליליטרים,600.00,"100 מ""ל",false,1,9.80,1.63,true,1,
7290014760141,false,משקה שקדים טרי 1 ליטר,סוי מג'יק,IL,משקה שקדים,ליטרים,1.00,ליטר,false,1,13.80,13.80,true,1,
7290014761056,false,יולו שוקולד חלב,,IL,יולו שוקולד חלב,גרמים,123.00,100 גרם,false,0,4.30,3.50,true,1,
7290014761070,false,יולו שוקולד לבן,,IL,יולו שוקולד לבן,גרמים,123.00,100 גרם,false,0,4.30,3.50,true,1,
7290014761193,false,פרילי פירות יער 125 גרם,תנובה,IL,פרילי פירות יער,גרמים,125.00,100 גרם,false,0,3.50,2.80,true,1,
7290014761438,false,בולגרית24% סמי מעדניה400,,IL,בולגרית24% סמי מעדניה400,גרמים,400.00,100 גרם,false,0,26.30,6.58,true,1,
7290014761605,false,ג'לי טעם קרטיב לימון125ג,תנובה,IL,ג'לי בטעם לימון,גרמים,125.00,100 גרם,false,1,2.30,1.84,true,1,
7290014761612,false,יולו שכבות שוקו.מריר122ג,תנובה,IL,יולו שכבות שוקו.,גרמים,122.00,100 גרם,false,1,4.30,3.52,true,1,
7290014761858,false,"שטוזים וניל מוקצף 125מ""ל",תנובה,IL,שטוזים מטקצף,מיליליטרים,125.00,"100 מ""ל",false,1,2.60,2.08,true,1,
7290014761865,false,"שטוזים תות מוקצף 125מ""ל",תנובה,IL,שטוזים מטקצף,מיליליטרים,125.00,"100 מ""ל",false,1,2.60,2.08,true,1,
7290014762220,false,ג'לי בטעם ענבים 125 גרם,תנובה,IL,ג'לי בטעם ענבים,גרמים,125.00,100 גרם,false,1,2.30,1.84,true,1,
7290014762459,false,יופלה סלט פירות 3% 150 ג,תנובה,IL,יופלה סלט פירות,גרמים,150.00,100 גרם,false,1,5.00,3.33,true,1,
7290014762596,false,גבינת חמד 16% בשקית 500ג,תנובה,IL,גבינת חמד,גרמים,500.00,100 גרם,false,1,28.90,5.78,true,1,
7290014762701,false,יופלה5% וניל+שבבי שוק160,תנובה,IL,יופלה 5% וניל,גרמים,160.00,100 גרם,false,1,5.00,3.13,true,1,
7290014762718,false,יופלה5% קפוצ'ינו+שוק160ג,תנובה,IL,יופלה5% קפוצ'ינו,גרמים,160.00,100 גרם,false,1,5.00,3.13,true,1,
7290014762725,false,יופלה5% פ.אדומים+שוק160ג,תנובה,IL,יופלה5% פ.אדומים,גרמים,160.00,100 גרם,false,1,5.00,3.13,true,1,
7290014770010,false,"לקט לתנור בטטה+תפו""א יח",.,IL,"לקט בטטה_תפו""א",יחידה,1.00,יחידה,false,1,9.80,9.80,true,1,
7290014770034,false,פרוסות תפוחי אדמה יח,.,IL,"פרוסות תפו""א",יחידה,1.00,יחידה,false,1,9.80,9.80,true,1,
7290014770041,false,פלחי תפוחי אדמה יח,.,IL,פלחי תפוחי אדמה,יחידה,1.00,יחידה,false,1,9.80,9.80,true,1,
7290014770058,false,פרוסות בטטה יח,.,IL,פרוסות בטטה יח,יחידה,1.00,יחידה,false,1,9.80,9.80,true,1,
7290014770096,false,תפודים זעירים יח,.,IL,תפודים צעירים יח,יחידה,1.00,יחידה,false,1,9.80,9.80,true,1,
7290014789913,false,עוגיות אוראו 176*3 גרם,מונדלייז,ES,עוגיות אוראו 176*3 גרם,גרמים,528.00,100 גרם,false,0,24.70,4.68,true,1,
7290014791077,false,ספרינג תה ענבים 1.5 ליטר,יפאורה שותפות מובגלת לשיווק,IL,ספרינג תה ענבים,ליטרים,1.50,ליטר,false,0,6.20,4.13,true,1,
7290014791213,false,שוופס מים 0קלור.תפוח1.5ל,יפאורה שותפות מובגלת לשיווק,IL,שוופס מים תפוח,ליטרים,1.50,ליטר,false,0,5.90,3.93,true,1,
7290014791237,false,שוופס מים 0קלור.אפרסק1.5,יפאורה שותפות מובגלת לשיווק,IL,שוופס מים אפרסק,ליטרים,1.50,ליטר,false,0,5.90,3.93,true,1,
7290014791558,false,שוופס סודה נענע לי1.5*4ל,יפאורה שותפות מובגלת לשיווק,IL,שוופס סודה נענע לי1.5*4ל,ליטרים,6.00,ליטר,false,0,10.90,1.82,true,1,
7290014791565,false,שוופס מוגז ענבים 1.5ליטר,יפאורה שותפות מובגלת לשיווק,IL,שוופס ענבים,ליטרים,1.50,ליטר,false,1,6.60,4.40,true,1,
7290014791770,false,פרוט ווטר ענבים 1.5 ליטר,יפאורה שותפות מובגלת לשיווק,IL,פרוט ווטר ענבים,ליטרים,1.50,ליטר,false,1,5.90,3.93,true,1,
7290014791787,false,פרוט ווטר אננס 1.5 ליטר,יפאורה שותפות מובגלת לשיווק,IL,פרוט ווטר אננס,ליטרים,1.50,ליטר,false,1,5.90,3.93,true,1,
7290014791794,false,פרוט ווטר תפוח 1.5 ליטר,יפאורה שותפות מובגלת לשיווק,IL,פרוט ווטר תפוח,ליטרים,1.50,ליטר,false,1,5.90,3.93,true,1,
7290014791800,false,פרוט ווטר אפרסק 1.5 ליטר,יפאורה שותפות מובגלת לשיווק,IL,פרוט ווטר אפרסק,ליטרים,1.50,ליטר,false,1,5.90,3.93,true,1,
7290014791817,false,פרוט ווטר אבטיח 1.5 ליטר,יפאורה שותפות מובגלת לשיווק,IL,פרוט ווטר אבטיח,ליטרים,1.50,ליטר,false,1,5.90,3.93,true,1,
7290014875074,false,שווארמה מן הצומח טיבעול,טבעול,IL,שווארמה מן הצומח,גרמים,400.00,100 גרם,false,0,21.90,5.48,true,1,
7290014905122,false,ניקוי יבש הפי,,IL,ניקוי יבש הפי,יחידה,1.00,יחידה,false,0,29.10,29.10,true,1,
7290014940086,false,הלחמניה להמבורגר 50*8ג,מאפיית שלמה א. אנג'ל,IL,הלחמניה להמבורגר 50*8ג,גרמים,400.00,100 גרם,false,0,11.80,2.95,true,1,
7290014940093,false,הלחמניה הקלה 54*6 גרם,מאפיית שלמה א. אנג'ל,IL,הלחמניה הקלה 54*6 גרם,גרמים,324.00,100 גרם,false,0,13.20,4.07,true,1,
7290014940901,false,לחם פשוט מלא 750 גרם,מאפיית שלמה א. אנג'ל,IL,לחם מלא,גרמים,750.00,100 גרם,false,1,10.90,1.45,true,1,
7290014949782,false,"קרם ניקוי הדרים 750 מ""ל",AMBALAJ APS,IL,קרם ניקוי הדרים,מיליליטרים,750.00,"100 מ""ל",false,0,7.90,1.05,true,1,
7290014960466,false,עוגיות לב ריבה 250 גרם,לחם יין,IL,עוגיות ריבה,גרמים,250.00,100 גרם,false,1,19.70,7.88,true,1,
7290014962521,false,משחת טפטפים ענבים 50מל,כצט,IL,משחת שיניים,מיליליטרים,50.00,"100 מ""ל",false,0,11.90,23.80,true,1,
7290014962538,false,משחת טפטפים מנטה 50מל,כצט,IL,משחת שיניים,מיליליטרים,50.00,"100 מ""ל",false,0,11.90,23.80,true,1,
7290015037228,false,קולסלאו 400גרם א.הארץ,קטיף,IL,קולסלאו 400גרם א.הארץ,גרמים,400.00,100 גרם,false,0,10.90,2.73,true,1,
7290015037273,false,פטרוזליה אוצר הארץ יחידה,קטיף,IL,פטרוזליה אוצר הארץ יחידה,יחידה,1.00,יחידה,false,0,5.90,5.90,true,1,
7290015037280,false,כוסברה אוצר הארץ יחידה,קטיף,IL,כוסברה אוצר הארץ יחידה,יחידה,1.00,יחידה,false,0,5.90,5.90,true,1,
7290015037297,false,שמיר אוצר הארץ יחידה,קטיף,IL,שמיר אוצר הארץ,יחידה,1.00,יחידה,false,0,5.90,5.90,true,1,
7290015037402,false,בצל ירוק א.הארץ יחידה,קטיף,IL,בצל ירוק א.הארץ יחידה,יחידה,1.00,יחידה,false,0,8.90,8.90,true,1,
7290015037419,false,סלרי אוצר הארץ יחידה,קטיף,IL,סלרי אוצר הארץ יחידה,יחידה,1.00,יחידה,false,0,7.90,7.90,true,1,
7290015037433,false,חסה ערבית אוצר הארץ יחיד,קטיף,IL,חסה ערבית א.הארץ,יחידה,1.00,יחידה,false,0,6.90,6.90,true,1,
7290015037440,false,כרוב לבן שלם א.הארץ,קטיף,IL,כרוב לבן שלם א.הארץ,גרמים,0.00,"ק""ג",true,0,13.90,13.90,true,1,
7290015039130,false,חמאה ללא מלח,,BE,חמאה ללא מלח,גרמים,200.00,100 גרם,false,0,7.80,3.90,true,1,
7290015039246,false,נתחי טונה בשמן,,TH,נתחי טונה בשמן,גרמים,640.00,100 גרם,false,0,19.90,3.11,true,1,
7290015039475,false,חמאה ללא מלח,,BE,חמאה ללא מלח,גרמים,100.00,100 גרם,false,0,4.00,4.00,true,1,
7290015116800,false,תפוח אדמה נשיקות ארוז במ,קטיף,IL,תפוח אדמה נשיקות ארוז במ,קילוגרמים,0.00,"ק""ג",true,0,3.90,3.90,true,1,
7290015139311,false,וופל אגו קוביות שוקו200ג,כרמית,IL,וופל אגו קוביות,גרמים,200.00,100 גרם,false,1,8.80,4.40,true,1,
7290015150033,false,תה ירוק ספייסי נענע 25שק,ויסוצקי,IL,תה ירוק נענע,גרמים,38.00,100 גרם,false,0,21.90,57.63,true,1,
7290015150057,false,ביסקוויט סנדוויץ שוקו240,אלגוריאגה ברנדס,ES,ביסקוויט סנדוויץ,גרמים,240.00,100 גרם,false,1,6.90,2.88,true,1,
7290015150071,false,עוג.סנדוויץ סופר או'ז165,סירו פודס,ES,עוגיות סנדוויץ,גרמים,165.00,100 גרם,false,1,7.80,4.73,true,1,
7290015150088,false,מחית עגבניות קלה 700 גרם,ויסוצקי,IL,מחית עגבניות,גרמים,700.00,100 גרם,false,1,12.30,1.76,true,1,
7290015150118,false,עגבניות חתוכות דק400*3ג,ויסוצקי,IL,עגבניות חתוכות,קילוגרמים,1.20,"ק""ג",false,1,16.80,14.00,true,1,
7290015150361,false,תה ירוק נענע סטיבייה25שק,ויסוצקי,IL,תה ירוק נענע,גרמים,37.00,100 גרם,false,1,21.90,59.19,true,1,
7290015150378,false,תה קר אפרסק 20 שקיקים,ויסוצקי,IL,תה קר אפרסק,גרמים,50.00,100 גרם,false,1,17.70,35.40,true,1,
7290015150385,false,תה קר פירות יער 20 שק',ויסוצקי,IL,תה קר פירות יער,גרמים,50.00,100 גרם,false,1,17.70,35.40,true,1,
7290015150583,false,תה ירוק לימון ודבש 25שק',ויסוצקי,IL,תה ירוק ויסוצקי,גרמים,37.00,100 גרם,false,1,21.90,59.19,true,1,
7290015150590,false,תה ירוק ג'ינג'ר חריף25שק,ויסוצקי,IL,תה ירוק ויסוצקי,גרמים,37.00,100 גרם,false,1,21.90,59.19,true,1,
7290015174398,false,שמן זית כתית מעולה 1.5ל,.,IL,שמן זית כתית,ליטרים,1.50,ליטר,false,1,59.40,39.60,true,1,
7290015324007,false,פלפל שחור גרוס בשקית80ג,תבליני טעם וריח,IL,פלפל שחור גרוס,גרמים,80.00,100 גרם,false,0,13.20,16.50,true,1,
7290015324014,false,פלפל שחור טחון בשקית80ג,תבליני טעם וריח,IL,פלפל שחור טחון,גרמים,80.00,100 גרם,false,0,13.20,16.50,true,1,
7290015324045,false,פפריקה חריפה בשקית 80גרם,תבליני טעם וריח,IL,פפריקה חריפה,גרמים,80.00,100 גרם,false,0,5.20,6.50,true,1,
7290015324069,false,גריל עוף בשקית 80 גרם,תבליני טעם וריח,IL,גריל עוף,גרמים,80.00,100 גרם,false,0,5.90,7.38,true,1,
7290015324076,false,זעתר בשקית 80 גרם,תבליני טעם וריח,IL,זעתר,גרמים,80.00,100 גרם,false,0,7.80,9.75,true,1,
7290015324083,false,מלח לימון בשקית 80 גרם,תבליני טעם וריח,IL,מלח לימון,גרמים,80.00,100 גרם,false,0,5.90,7.38,true,1,
7290015324113,false,בהרט בשקית 80 גרם,תבליני טעם וריח,IL,בהרט,גרמים,80.00,100 גרם,false,0,7.80,9.75,true,1,
7290015324120,false,שום גבישי בשקית 80 גרם,תבליני טעם וריח,IL,שום גבישי,גרמים,80.00,100 גרם,false,0,10.80,13.50,true,1,
7290015324205,false,מרינדה עוף פיקנטי 25 גרם,תבליני טעם וריח,IL,תיבול מרינדה עוף,גרמים,25.00,100 גרם,false,0,4.90,19.60,true,1,
7290015325066,false,מגבונים הלו קיטי,,IL,מגבונים הלו קיטי,יחידה,1.00,יחידה,false,0,19.70,19.70,true,1,
7290015325172,false,שמפו הלו קיטי,,IL,שמפו הלו קיטי,מיליליטרים,750.00,"100 מ""ל",false,0,9.70,1.29,true,1,
7290015325226,false,אל סבון הלו קיטי,,IL,אל סבון הלו קיטי,מיליליטרים,750.00,"100 מ""ל",false,0,10.80,1.44,true,1,
7290015353663,false,מיונז לחיץ היינץ 400 גרם,היינץ,NL,מיונז בקבוק לחיץ,גרמים,400.00,100 גרם,false,1,14.10,3.53,true,1,
7290015395045,false,קינואה 400 גרם,שקדיה,IL,קינואה,גרמים,400.00,100 גרם,false,0,10.00,2.50,true,1,
7290015395939,false,ריזוטו חטיף אורז מתוק120,שקדיה,IL,חטיף אורז מתוק,גרמים,120.00,100 גרם,false,1,10.00,8.33,true,1,
7290015395946,false,קריספי סויה 120גרם,שקדיה,IL,קריספי סויה 120ג,גרמים,120.00,100 גרם,false,1,10.00,8.33,true,1,
7290015530897,false,לחם לתת מקמח מלא 500 גרם,מאפיית דוידוביץ,IL,לחם לתת,גרמים,500.00,100 גרם,false,1,10.00,2.00,true,1,
7290015568203,false,תבניות+נ.אפיה מובנה מלבן,.,CN,תבנית אפייה,יחידה,1.00,יחידה,false,1,9.90,9.90,true,1,
7290015596251,false,"אלכוג'ל תפוח 100 מ""ל",פישר מעבדות פרמצבטיות,IL,אלכוג'ל,מיליליטרים,100.00,"100 מ""ל",false,0,10.00,10.00,true,1,
7290015597036,false,מאגדת מיני מגנום טירמיסו,שטראוס,IL,מאגדת מיני מגנום,גרמים,285.00,100 גרם,false,0,27.90,9.79,true,1,
7290015626088,false,טבעות אננס טבעי 100גרם,ששון מלוינסקי,IL,טבעות אננס טבעי,גרמים,100.00,100 גרם,false,0,14.80,14.80,true,1,
7290015626224,false,אגוז מלך קלוף 150גרם,ששון,IL,אגוז מלך קלוף 150גרם,גרמים,150.00,100 גרם,false,0,14.80,9.87,true,1,
7290015626392,false,אגוז קשיו קלוף 250גרם,ששון מלוינסקי,IL,אגוז קשיו קלוף,גרמים,250.00,100 גרם,false,1,25.00,10.00,true,1,
7290015626408,false,אגוז פקאן קלוף 200גרם,ששון מלוינסקי,IL,אגוז פקאן קלוף,גרמים,200.00,100 גרם,false,1,25.00,12.50,true,1,
7290015626415,false,אגוז ברזיל קלוף 200גרם,ששון מלוינסקי,IL,אגוז ברזיל קלוף,גרמים,200.00,100 גרם,false,1,20.00,10.00,true,1,
7290015626422,false,פיסטוק קלוף 130 גרם,ששון מלוינסקי,IL,פיסטוק קלוף 130ג,גרמים,130.00,100 גרם,false,1,30.00,23.08,true,1,
7290015626439,false,אגוז מלך קלוף 300גרם,ששון מלוינסקי,IL,אגוז מלך קלוף,גרמים,300.00,100 גרם,false,1,30.00,10.00,true,1,
7290015626460,false,שקד קלוף טבעי 250גרם,ששון מלוינסקי,IL,שקד קלוף טבעי,גרמים,250.00,100 גרם,false,1,25.00,10.00,true,1,
7290015626477,false,צנובר קלוף 130גרם,ששון מלוינסקי,IL,צנובר קלוף 130ג,גרמים,130.00,100 גרם,false,1,30.00,23.08,true,1,
7290015626491,false,צימוק בהיר 500גרם,ששון מלוינסקי,IL,צימוקים בהירים,גרמים,500.00,100 גרם,false,1,25.00,5.00,true,1,
7290015626507,false,צימוק כהה 500גרם,ששון מלוינסקי,IL,צימוקים כהים,גרמים,500.00,100 גרם,false,1,15.00,3.00,true,1,
7290015626514,false,שזיף מגולען מיובש 500גרם,ששון מלוינסקי,IL,שזיף מגולען,גרמים,500.00,100 גרם,false,1,25.00,5.00,true,1,
7290015626521,false,פלחי פפאיה מסוכרת 200גרם,ששון מלוינסקי,IL,פלחי פפאיה,גרמים,200.00,100 גרם,false,1,10.00,5.00,true,1,
7290015626552,false,אננס טבעי מיובש 100גרם,ששון מלוינסקי,IL,אננס טבעי מיובש,גרמים,100.00,100 גרם,false,1,15.00,15.00,true,1,
7290015626576,false,קוקוס רצועות 150גרם,ששון מלוינסקי,IL,קוקוס רצועות,גרמים,150.00,100 גרם,false,1,10.00,6.67,true,1,
7290015626613,false,פקאן סיני 250גרם,ששון מלוינסקי,IL,פקאן סיני 250גרם,גרמים,250.00,100 גרם,false,1,25.00,10.00,true,1,
7290015626637,false,תמר מגהול 200גרם,ששון מלוינסקי,IL,תמר מגהול 200גרם,גרמים,200.00,100 גרם,false,1,12.00,6.00,true,1,
7290015626644,false,משמש מיובש 200גרם,ששון מלוינסקי,IL,משמש מיובש,גרמים,200.00,100 גרם,false,1,15.00,7.50,true,1,
7290015626668,false,תאנים מיובשות 350גרם,ששון מלוינסקי,IL,תאנים מיובשות,גרמים,350.00,100 גרם,false,1,20.00,5.71,true,1,
7290016083415,false,נשיקות מרנג 100 גרם,מאפית אריאל,IL,נשיקות מרנג,גרמים,100.00,100 גרם,false,1,13.90,13.90,true,1,
7290016171518,false,דגיגים למרק 450 גרם,אסם,IL,דגיגים למרק,גרמים,450.00,100 גרם,false,1,6.90,1.53,true,1,
7290019297222,false,פולי סויה אדממה 450גרם,שקדיה,IL,פולי סויה אדממה 450גרם,גרמים,450.00,100 גרם,false,0,9.90,2.20,true,1,
7290019297864,false,קשיו קלוי שקדיה 170גרם,שקדיה,IL,קשיו קלוי 170גרם,גרמים,170.00,100 גרם,false,0,16.80,9.88,true,1,
7290055090801,false,"שוקולד לבן ללת""ס 85 גרם",כרמית,IL,שוקולד לבן,גרמים,85.00,100 גרם,false,0,6.80,8.00,true,1,
7290100240137,false,בדין תרסיס מייבש כחול500,זוהר דליה,IL,תרסיס למייבש,מיליליטרים,500.00,"100 מ""ל",false,0,18.30,3.66,true,1,
7290100240144,false,בדין תרסיס מייבש ורוד500,זוהר דליה,IL,תרסיס למייבש,מיליליטרים,500.00,"100 מ""ל",false,0,18.30,3.66,true,1,
7290100240496,false,חמאת בוטנים,,US,חמאת בוטנים,גרמים,462.00,100 גרם,false,0,23.50,5.09,true,1,
7290100241707,false,מרכך כביסה בדין פירות 4ל,יוניליוור,IL,מרכך כביסה בדין,ליטרים,4.00,ליטר,false,0,21.90,5.48,true,1,
7290100242353,false,ברנפלקס 750 גרם,יוניליוור,,ברנפלקס,גרמים,750.00,100 גרם,false,0,29.90,3.99,true,1,
7290100243084,false,מיונז אמיתי הלמנס 789גרם,יוניליוור,US,מיונז הלמנס,גרמים,789.00,100 גרם,false,0,19.30,2.45,true,1,
7290100243664,false,"בדין אקסטרה סגול 960 מ""ל",יוניליוור,TR,מרכך כביסה בדין,מיליליטרים,960.00,"100 מ""ל",false,0,18.90,1.97,true,1,
7290100243671,false,"בדין אקסטרה כחול 960 מ""ל",יוניליוור,TR,מרכך כביסה בדין,מיליליטרים,960.00,"100 מ""ל",false,0,18.90,1.97,true,1,
7290100243688,false,"בדין אקסטרה ורוד 960 מ""ל",יוניליוור,TR,מרכך כביסה בדין,מיליליטרים,960.00,"100 מ""ל",false,0,18.90,1.97,true,1,
7290100243961,false,חטיפי קליק 35*3 גרם,יוניליוור,IL,חטיפי קליק 3 יח',גרמים,105.00,100 גרם,false,0,12.00,11.43,true,1,
7290100244586,false,רוטב אלף האיים לייט290מל,יוניליוור,IL,אלף האיים לייט,מיליליטרים,290.00,"100 מ""ל",false,0,9.90,3.41,true,1,
7290100244609,false,רוטב לסלט אלף האיים290מל,יוניליוור,IL,רוטב אלף האיים,מיליליטרים,290.00,"100 מ""ל",false,0,9.90,3.41,true,1,
7290100244616,false,רוטב לסלט חרדל ודבש290מל,יוניליוור,IL,רוטב חרדל ודבש,מיליליטרים,290.00,"100 מ""ל",false,0,9.90,3.41,true,1,
7290100245231,false,נמס בכוס ט.עוף ש.מרק50גר,יוניליוור,IL,נמס בכוס ט.עוף,גרמים,50.00,100 גרם,false,0,6.90,13.80,true,1,
7290100247051,false,תח.רחצה פינוק קלאסי 700מ,יוניליוור,IL,תחליב רחצה פינוק,מיליליטרים,700.00,"100 מ""ל",false,0,10.00,1.43,true,1,
7290100247068,false,תחליב פינוק לבנד.וניל700,יוניליוור,IL,תחליב רחצה פינוק,מיליליטרים,700.00,"100 מ""ל",false,0,10.00,1.43,true,1,
7290100247761,false,מרק עגבניות עם אורז105גר,יוניליוור,IL,מרק עגבניות,גרמים,105.00,100 גרם,false,0,8.80,8.38,true,1,
7290100247778,false,מרק פטריות מוקרם 79 גרם,יוניליוור,IL,מרק פטריות,גרמים,79.00,100 גרם,false,0,8.80,11.14,true,1,
7290100247785,false,מרק תירס מוקרם 83 גרם,יוניליוור,IL,מרק תירס מוקרם,גרמים,83.00,100 גרם,false,0,8.80,10.60,true,1,
7290100247808,false,נמס בכוס ט.עוף אקסטרה28ג,יוניליוור,IL,נמס בכוס טעם עוף,גרמים,28.00,100 גרם,false,0,4.30,15.36,true,1,
7290100247815,false,נמס בכוס עגבנ.אקסטרה39גר,יוניליוור,IL,נמס בכוס עגבניות,גרמים,39.00,100 גרם,false,0,4.30,11.03,true,1,
7290100247822,false,נמס בכוס פטריות אקסטרה32,יוניליוור,IL,נמס בכוס פטריות,גרמים,32.00,100 גרם,false,0,4.30,13.44,true,1,
7290100247839,false,נמס בכוס ירקות אקסטרה35ג,יוניליוור,IL,נמס בכוס ירקות,גרמים,35.00,100 גרם,false,0,4.30,12.29,true,1,
7290100249352,false,מרק טעם עוף 400 גרם,יוניליוור,IL,מרק טעם עוף,גרמים,400.00,100 גרם,false,0,11.90,2.98,true,1,
7290100249376,false,מרק בצל 400 גרם,יוניליוור,IL,מרק בצל,גרמים,400.00,100 גרם,false,0,16.90,4.23,true,1,
7290100249383,false,מרק פטריות 400 גרם,יוניליוור,IL,מרק פטריות,גרמים,400.00,100 גרם,false,0,16.90,4.23,true,1,
7290100249390,false,מרק טעם עוף ר.טבעיים400ג,יוניליוור,IL,מרק טעם עוף,גרמים,400.00,100 גרם,false,0,18.70,4.68,true,1,
7290100249475,false,מרק נמס בכוס תירס22.5*2ג,יוניליוור,IL,נמס בכוס תירס,גרמים,45.00,100 גרם,false,0,6.90,15.33,true,1,
7290100249482,false,נמס בכוס אפונה 25*2 גרם,יוניליוור,IL,נמס בכוס אפונה,גרמים,50.00,100 גרם,false,0,6.90,13.80,true,1,
7290100249512,false,פירה בטעם ביתי 130X2 גרם,יוניליוור,IL,פירה בטעם ביתי,גרמים,260.00,100 גרם,false,0,10.90,4.19,true,1,
7290100249529,false,פירה עם בצל מטוגן 135X2ג,יוניליוור,IL,פירה עם בצל,גרמים,270.00,100 גרם,false,0,10.90,4.04,true,1,
7290100249581,false,רוטב לעוף שזיפים 320 גרם,יוניליוור,IL,רוטב עוף שזיפים,גרמים,320.00,100 גרם,false,0,10.90,3.41,true,1,
7290100249598,false,רוטב לעוף שום ודבש320גרם,יוניליוור,IL,רוטב לעוף,גרמים,320.00,100 גרם,false,0,10.90,3.41,true,1,
7290100249611,false,רוטב עוף שום ועשבי תיבול,יוניליוור,IL,רוטב לעוף,גרמים,320.00,100 גרם,false,0,10.90,3.41,true,1,
7290100249628,false,רוטב עוף ברביקיו סויה310,יוניליוור,IL,רוטב ברביקיו,גרמים,310.00,100 גרם,false,0,10.90,3.52,true,1,
7290100249932,false,"דליפקאן בד""ץ 400 גרם",יוניליוור,IL,דליפקאן,גרמים,400.00,100 גרם,false,0,19.90,4.98,true,1,
7290100613665,false,גרעין חמניה קליה כורדית,א.ע.ש. קליית ציון,IL,גרעין חמניה,גרמים,200.00,100 גרם,false,0,7.80,3.90,true,1,
7290100653586,false,ליידי ס.סטיק24/7ג'ל ורוד,קולגייט-פלמוליב,US,דאודורנט,גרמים,65.00,100 גרם,false,0,19.90,30.62,true,1,
7290100653593,false,ליידי ס.סטיק24/7ג'ל ירוק,קולגייט-פלמוליב,US,דאודורנט,גרמים,65.00,100 גרם,false,0,19.90,30.62,true,1,
7290100659090,false,חטיף FREE תמר+קינמון 5יח,טבעית,IL,חטיף FREE תמרים,גרמים,100.00,100 גרם,false,0,18.00,18.00,true,1,
7290100680667,false,מנה חמה נודלס סצ'ואן76גר,טאי רזידנט,TH,מנה חמה נודלס,גרמים,76.00,100 גרם,false,0,6.90,9.08,true,1,
7290100680711,false,פירורית זהב 350 גרם,עינת,IL,פירורית זהב אסם,גרמים,350.00,100 גרם,false,0,8.40,2.40,true,1,
7290100680728,false,פירורית רגילה 350 גרם,אסם,IL,פירורית אסם,גרמים,350.00,100 גרם,false,0,7.60,2.17,true,1,
7290100680889,false,קרם קרקר חיטה מלאה 300גר,אסם,IL,קרקר חיטה מלאה,גרמים,300.00,100 גרם,false,0,9.90,3.30,true,1,
7290100681138,false,אפרופו 50*3 גרם,אסם,IL,אפרופו 3יח במארז,גרמים,150.00,100 גרם,false,0,12.60,8.40,true,1,
7290100681503,false,סירופ לימונענע דיאט 1 ל',בית השיטה,IL,סירופ דיאט,ליטרים,1.00,ליטר,false,0,10.40,10.40,true,1,
7290100683200,false,"רוטב ברביקיו 290 מ""ל",אסם,IL,רוטב ברביקיו,מיליליטרים,290.00,"100 מ""ל",false,0,11.00,3.79,true,1,
7290100683217,false,"ויטמינצ'יק תפו""ע 2 ליטר",בית השיטה,IL,"ויטמינצ'יק תפו""ע",ליטרים,2.00,ליטר,false,0,22.30,11.15,true,1,
7290100683880,false,פירה 260 גרם,אסם,IL,פירה אסם,גרמים,260.00,100 גרם,false,0,13.90,5.35,true,1,
7290100684306,false,"רוטב צ'לי מתוק 600 מ""ל",אסם,IL,רוטב צ'לי מתוק,מיליליטרים,600.00,"100 מ""ל",false,0,16.80,2.80,true,1,
7290100685136,false,"מרק טעם עוף פרווה 1 ק""ג",אסם,IL,"מרק טעם עוף פרווה 1 ק""ג",קילוגרמים,1.00,"ק""ג",false,0,15.70,15.70,true,1,
7290100685334,false,מרק עוף רכיבים טבעיים400,אסם,IL,מרק עוף רכיבים טבעיים400,גרמים,400.00,100 גרם,false,0,21.70,5.43,true,1,
7290100685341,false,מרק ט.עוף רכ' טבעיים400ג,אסם,IL,מרק ט.עוף רכ' טבעיים400ג,גרמים,400.00,100 גרם,false,0,15.80,3.95,true,1,
7290100686164,false,ביסלי ברביקיו 35*6 גרם,אסם,IL,ביסלי מארז 6 יח,גרמים,210.00,100 גרם,false,0,12.00,5.71,true,1,
7290100686171,false,ביסלי גריל 6 * 35 גרם,אסם,IL,ביסלי מארז 6 יח,גרמים,210.00,100 גרם,false,0,12.00,5.71,true,1,
7290100687109,false,במבה נוגט 60 גרם,אסם,IL,במבה נוגט,גרמים,60.00,100 גרם,false,0,5.10,8.50,true,1,
7290100689035,false,פייבר וואן 460 גרם,ג'נרל מילס,US,פייבר וואן,גרמים,460.00,100 גרם,false,0,23.90,5.20,true,1,
7290100689264,false,האני נאט צ'יריוס 615 גרם,ג'נרל מילס,US,הני נאט צ'יריוס,גרמים,615.00,100 גרם,false,0,17.90,2.91,true,1,
7290100689301,false,מרק בטעם עוף זך 400גר,אסם,IL,מרק בטעם עוף זך,גרמים,400.00,100 גרם,false,0,13.60,3.40,true,1,
7290100700006,false,"חיטה 1 ק""ג",סוגת,IL,חיטה,קילוגרמים,1.00,"ק""ג",false,0,8.80,8.80,true,1,
7290100700020,false,גריסי פנינה 500 גרם,סוגת,IL,גריסי פנינה,גרמים,500.00,100 גרם,false,0,5.90,1.18,true,1,
7290100700075,false,פירורי לחם מוזהבים200ג,סוגת,IL,פירורי לחם מוזהב,גרמים,200.00,100 גרם,false,0,4.00,2.00,true,1,
7290100700242,false,"אורז מלא עגול סוגת 1 ק""ג",סוגת,IL,אורז מלא עגול,קילוגרמים,1.00,"ק""ג",false,0,8.80,8.80,true,1,
7290100700327,false,"גריסי פנינה 1 ק""ג",סוגת,IL,"גריסי פנינה 1ק""ג",קילוגרמים,1.00,"ק""ג",false,0,10.80,10.80,true,1,
7290100700365,false,"שעועית אדומה 1 ק""ג",סוגת,IL,שעועית אדומה 1קג,קילוגרמים,1.00,"ק""ג",false,0,21.60,21.60,true,1,
7290100700389,false,"אורז אדום סוגת 1 ק""ג",סוגת,IL,אורז אדום סוגת,קילוגרמים,1.00,"ק""ג",false,0,12.80,12.80,true,1,
7290100700396,false,"אורז יסמין קלאסי 1 ק""ג",סוגת,IL,אורז יסמין סוגת,קילוגרמים,1.00,"ק""ג",false,0,11.90,11.90,true,1,
7290100700402,false,"חומוס ענק 1 ק""ג",סוגת,IL,חומוס ענק,קילוגרמים,1.00,"ק""ג",false,0,14.80,14.80,true,1,
7290100700419,false,"בורגול 1 ק""ג",סוגת,IL,"בורגול 1 ק""ג",קילוגרמים,1.00,"ק""ג",false,0,7.40,7.40,true,1,
7290100700563,false,"אורז מיקס קלאסי 1 ק""ג",סוגת,IL,אורז מיקס,קילוגרמים,1.00,"ק""ג",false,0,14.80,14.80,true,1,
7290100700587,false,בורגול 500 גרם,סוגת,IL,בורגול 500 גרם,גרמים,500.00,100 גרם,false,0,5.90,1.18,true,1,
7290100701157,false,"אורז להכנת סושי 1 ק""ג",סוגת,IL,אורז להכנת סושי,קילוגרמים,1.00,"ק""ג",false,0,12.80,12.80,true,1,
7290100701324,false,"סוכר דק דק 1 ק""ג",סוגת,IL,סוכר דק דק,קילוגרמים,1.00,"ק""ג",false,0,6.50,6.50,true,1,
7290100701454,false,גרישה 500 גרם,סוגת,IL,גרישה 500 גרם,גרמים,500.00,100 גרם,false,0,4.90,0.98,true,1,
7290100702277,false,קוסקוס עבה 350 גרם,סוגת,IL,קוסקוס עבה 350 ג,גרמים,350.00,100 גרם,false,0,5.90,1.69,true,1,
7290100702383,false,"קמח תופח 1 ק""ג",שטיבל,IL,"קמח תופח 1 ק""ג",קילוגרמים,1.00,"ק""ג",false,0,7.80,7.80,true,1,
7290100702611,false,פתיתים אפויים אורז500גרם,אסיף תעשיות מזון,IL,פתיתים סוגת,גרמים,500.00,100 גרם,false,0,4.90,0.98,true,1,
7290100702628,false,פתיתים אפויים קוסקוס500ג,אסיף תעשיות מזון,IL,פתיתים סוגת,גרמים,500.00,100 גרם,false,0,4.90,0.98,true,1,
7290100702659,false,פתיתים מקמח מלא400ג,אסיף תעשיות מזון,IL,פתיתים אפויים,גרמים,400.00,100 גרם,false,1,5.10,1.28,true,1,
7290100702703,false,פתיתים קידס אותיות400גרם,אסיף תעשיות מזון,IL,פתיתים קידס סוגת,גרמים,400.00,100 גרם,false,0,5.10,1.28,true,1,
7290100850008,false,שוקולד חלב+סוכ.קופצות85ג,עלית,IL,שוקולד וסוכריות,גרמים,85.00,100 גרם,false,0,5.50,6.47,true,1,
7290100850336,false,מיני פסק זמן 195 גרם,עלית,IL,מיני פסק זמן,גרמים,195.00,100 גרם,false,0,15.90,8.15,true,1,
7290100850343,false,מיני מקופלת 200 גרם,עלית,IL,מיני מקופלת,גרמים,200.00,100 גרם,false,0,15.90,7.95,true,1,
7290100850411,false,מיקס חטיפים 190 גרם,עלית,IL,מיקס חטיפים,גרמים,190.00,100 גרם,false,0,15.90,8.37,true,1,
7290100850459,false,מיקס חטיפים 390 גרם,עלית,IL,מיקס חטיפים,גרמים,390.00,100 גרם,false,0,21.90,5.62,true,1,
7290100850466,false,מיקס פסק זמן 390 גרם,עלית,IL,מיקס פסק זמן,גרמים,390.00,100 גרם,false,0,21.90,5.62,true,1,
7290100850909,false,דוריטוס נאצ'ו מקסיקני70ג,עלית,IL,דוריטוס נאצ'ו,גרמים,70.00,100 גרם,false,0,3.60,5.14,true,1,
7290100850916,false,דוריטוס חמוץ חריף 70 גרם,עלית,IL,דוריטוס חמוץ ח,גרמים,70.00,100 גרם,false,0,3.60,5.14,true,1,
7290100850923,false,דוריטוס גריל 70 גרם,עלית,IL,דוריטוס גריל 70 גרם,גרמים,70.00,100 גרם,false,0,3.60,5.14,true,1,
7290100850930,false,דוריטוס דיפ טבעי 70 גרם,עלית,IL,חטיף דוריטוס דיפ,גרמים,70.00,100 גרם,false,0,3.60,5.14,true,1,
7290100852408,false,בראוניס שוקולד קוקוס380ג,עלית,IL,בראוניס,גרמים,380.00,100 גרם,false,0,16.00,4.21,true,1,
7290100852606,false,קפה טורקי 100*4 גרם,עלית,IL,קפה טורקי 4 יח,גרמים,400.00,100 גרם,false,0,29.90,7.48,true,1,
7290100853689,false,בראוניס שוקולד עשירה380ג,עלית,IL,בראוניס שוקולד,גרמים,380.00,100 גרם,false,0,16.00,4.21,true,1,
7290100854266,false,שוקולד מריר 60%קקאו100ג,עלית,IL,שוקולד מריר,גרמים,100.00,100 גרם,false,0,7.40,7.40,true,1,
7290100857045,false,שוק.ספלנדיד מריר קפה100ג,עלית,IL,שוקולד ספלנדיד,גרמים,100.00,100 גרם,false,0,10.90,10.90,true,1,
7290100858219,false,טבלת פסק זמן טראפלס110גר,עלית,IL,טבלת פסק זמן,גרמים,110.00,100 גרם,false,0,8.10,7.36,true,1,
7290100858226,false,טבלת פסק זמן קלאסי110גרם,עלית,IL,טבלת פסק זמן,גרמים,110.00,100 גרם,false,0,8.10,7.36,true,1,
7290100858592,false,קקאו עלית 150 גרם,עלית,IL,קקאו עלית,גרמים,150.00,100 גרם,false,0,9.80,6.53,true,1,
7290100858608,false,קקאו עלית 500 גרם,עלית,IL,קקאו עלית 500 גרם,גרמים,500.00,100 גרם,false,0,26.70,5.34,true,1,
7290100858653,false,מיקס חטיפים סגול 390 גרם,עלית,IL,מיקס חטיפים,גרמים,390.00,100 גרם,false,0,21.90,5.62,true,1,
7290100859209,false,מסטיק מאסט עלמה אוכמני28,עלית,IL,מסטיק מאסט,גרמים,28.00,100 גרם,false,0,4.30,15.36,true,1,
7290100921173,false,שמפו הוואי שמני הזנה700מ,טרופיקל דגיל,IL,שמפו הוואי שמני הזנה700מ,מיליליטרים,700.00,"100 מ""ל",false,0,9.00,1.29,true,1,
7290100921180,false,מרכך הוואי שמני הזנה 700,טרופיקל דגיל,IL,מרכך הוואי,מיליליטרים,700.00,"100 מ""ל",false,0,9.00,1.29,true,1,
7290100921197,false,שמפו הוואי ביו רימון700מ,טרופיקל דגיל,IL,שמפו הוואי,מיליליטרים,700.00,"100 מ""ל",false,0,9.00,1.29,true,1,
7290100921401,false,שמפו הוואי קרטין מחזק700,טרופיקל דגיל,IL,שמפו הוואי,מיליליטרים,700.00,"100 מ""ל",false,0,9.00,1.29,true,1,
7290100921517,false,"שמפו הוואי שיאה 700 מ""ל",טרופיקל דגיל,IL,"שמפו הוואי שיאה 700 מ""ל",מיליליטרים,700.00,"100 מ""ל",false,0,9.00,1.29,true,1,
7290100921524,false,"מרכך הוואי שיאה 700 מ""ל",טרופיקל דגיל,IL,"מרכך הוואי שיאה 700 מ""ל",מיליליטרים,700.00,"100 מ""ל",false,0,9.00,1.29,true,1,
7290100921593,false,כדוריות לאסלה לימון50ג,הנקל סוד,HU,סבון אסלה,גרמים,50.00,100 גרם,false,0,7.50,15.00,true,1,
7290100921609,false,כדוריות אסלה אוקינוס50ג,הנקל סוד,IL,סבון אסלה,גרמים,50.00,100 גרם,false,0,7.50,15.00,true,1,
7290100921616,false,כדוריות לאסלה אורנים50ג,הנקל סוד,IL,סבון אסלה,גרמים,50.00,100 גרם,false,0,7.50,15.00,true,1,
7290100921623,false,כדוריות לאסלה אקונומיקה,הנקל סוד,IL,סבון אסלה,גרמים,50.00,100 גרם,false,0,7.50,15.00,true,1,
7290100921692,false,סוד מרכך אדום 900מל,הנקל סוד,IL,סוד מרכך אדום,מיליליטרים,900.00,"100 מ""ל",false,1,12.90,1.43,true,1,
7290100921791,false,ג'ל רחצה הוואי מלון 750,טרופיקל דגיל,IL,ג'ל רחצה הוואי,מיליליטרים,750.00,"100 מ""ל",false,0,9.90,1.32,true,1,
7290100922385,false,שמפו הוואי נקטר מזין 700,טרופיקל דגיל,IL,שמפו הוואי נקטר מזין 700,מיליליטרים,700.00,"100 מ""ל",false,0,9.00,1.29,true,1,
7290100922392,false,מרכך הוואי נקטר מזין 700,טרופיקל דגיל,IL,מרכך הוואי,מיליליטרים,700.00,"100 מ""ל",false,0,9.00,1.29,true,1,
7290100922408,false,תחליב רחצה הוואי נקטר750,טרופיקל דגיל,IL,תחליב רחצה הוואי נקטר750,מיליליטרים,750.00,"100 מ""ל",false,0,9.90,1.32,true,1,
7290100922422,false,הוואי סב.מוצק נקטר100*4ג,טרופיקל דגיל,IL,4סבון הוואי מוצק,גרמים,400.00,100 גרם,false,0,14.80,3.70,true,1,
7290100922514,false,תח.רחצה הוואי שקדים 750,טרופיקל דגיל,IL,תחליב רחצה הוואי,מיליליטרים,750.00,"100 מ""ל",false,0,9.90,1.32,true,1,
7290100922538,false,הוואי סבון יוגורט100*4ג,טרופיקל דגיל,IL,4 סבון הוואי מוצ,גרמים,400.00,100 גרם,false,0,14.80,3.70,true,1,
7290100923108,false,תח.הוואי יוגורט וניל750מ,טרופיקל דגיל,IL,תחליב רחצה הוואי,מיליליטרים,750.00,"100 מ""ל",false,0,9.90,1.32,true,1,
7290100923122,false,תח.רחצה הוואי יוגורט 750,טרופיקל דגיל,IL,תחליב רחצה הוואי,מיליליטרים,750.00,"100 מ""ל",false,0,9.90,1.32,true,1,
7290100923146,false,תחליב רחצה הוואי משי750מ,טרופיקל דגיל,IL,תחליב רחצה הוואי,מיליליטרים,750.00,"100 מ""ל",false,0,9.90,1.32,true,1,
7290100924204,false,אבקת כביסה פרסיל,,IL,אבקת כביסה פרסיל,קילוגרמים,8.00,"ק""ג",false,0,59.90,7.49,true,1,
7290100924556,false,סוד רצפות בריליאנט כחול,הנקל סוד,ES,בריליאנט לרצפות,מיליליטרים,1250.00,"100 מ""ל",false,1,19.70,1.58,true,1,
7290100924570,false,ג'ל לאסלה הגנה מלכלוך700,הנקל סוד,SI,סוד ג'ל לאסלה,מיליליטרים,700.00,"100 מ""ל",false,1,11.80,1.69,true,1,
7290100924693,false,סבון לאסלה כחול אקנומיקה,הנקל סוד,HU,סבון לאסלה כחול אקנומיקה,גרמים,50.00,100 גרם,false,1,7.50,15.00,true,1,
7290100924815,false,סוד נוזל כלים קלאסי 650מ,קליר כימיקלים,IL,נוזל כלים קלאסי,מיליליטרים,650.00,"100 מ""ל",false,1,5.90,0.91,true,1,
7290100924822,false,סוד נוזל כלים לימון650מ,הנקל סוד,IL,נוזל כלים לימון,מיליליטרים,650.00,"100 מ""ל",false,1,5.90,0.91,true,1,
7290100925478,false,פרסיל ג'ל כביסה 5 ליטר,הנקל סוד,IL,פרסיל ג'ל כביסה,ליטרים,5.00,ליטר,false,0,49.90,9.98,true,1,
7290100925973,false,מרכך כב.סוד מרוכז ורוד1ל,הנקל סוד,,מרכך כביסה סוד,ליטרים,1.00,ליטר,false,0,14.80,14.80,true,1,
7290100925980,false,מרכך כב.סוד מרוכז סגול1ל,הנקל סוד,TR,מרכך כביסה סוד,ליטרים,1.00,ליטר,false,0,14.80,14.80,true,1,
7290100926277,false,פרסיל ג'ל,,IL,פרסיל ג'ל,ליטרים,5.00,ליטר,false,0,49.90,9.98,true,1,
7290100928639,false,נוזל לרצפות כחול 2ל,,IL,נוזל לרצפות כחול 2ל,ליטרים,2.00,ליטר,false,0,19.70,9.85,true,1,
7290100928714,false,פרסיל ג'ל בלאק 2.7 ליטר,,IL,פרסיל ג'ל בלאק 2.7 ליטר,ליטרים,2.70,ליטר,false,0,29.90,11.07,true,1,
7290100928752,false,נוזל הברקה למדיח,,IL,נוזל הברקה למדיח,מיליליטרים,750.00,"100 מ""ל",false,0,19.70,2.63,true,1,
7290100928820,false,שמפו הוואי לברק קורן 700,טרופיקל דגיל,IL,שמפו הוואי,מיליליטרים,700.00,"100 מ""ל",false,0,9.00,1.29,true,1,
7290100928844,false,תח.רחצה הוואי ויולה750,טרופיקל דגיל,IL,תחליב רחצה הוואי,מיליליטרים,750.00,"100 מ""ל",false,0,9.90,1.32,true,1,
7290100929681,false,ג'ל רח.הוואי גבר כתום750,טרופיקל דגיל,IL,ג'ל רח.הוואי גבר כתום750,מיליליטרים,750.00,"100 מ""ל",false,0,9.90,1.32,true,1,
7290100929698,false,ג'ל רח.הוואי גבר כחול750,טרופיקל דגיל,IL,ג'ל רחצה הוואי,מיליליטרים,750.00,"100 מ""ל",false,0,9.90,1.32,true,1,
7290100929735,false,מרכך מרוכז ארומה,,IL,מרכך מרוכז ארומה,מיליליטרים,900.00,"100 מ""ל",false,0,12.90,1.43,true,1,
7290100929766,false,סומט קפסולות,,DE,סומט קפסולות,יחידה,1.00,יחידה,false,0,24.70,24.70,true,1,
7290100929889,false,פרסיל ג'ל לבנדר 3 ליטר,,IL,פרסיל ג'ל לבנדר 3 ליטר,ליטרים,3.00,ליטר,false,0,29.90,9.97,true,1,
7290101110149,false,גל.וניל עם נטיפי שוק.כשל,גלידות פלדמן,IL,גל.פלדמן,ליטרים,1.30,ליטר,false,0,21.70,16.69,true,1,
7290101110163,false,גל.וניל עוגיות 1.3 ליטר,גלידות פלדמן,IL,גל.פלדמן,ליטרים,1.30,ליטר,false,0,21.70,16.69,true,1,
7290101110279,false,"גל.שוקולד פקאן 1.3 כשל""פ",גלידות פלדמן,IL,גל.פלדמן,ליטרים,1.30,ליטר,false,0,21.70,16.69,true,1,
7290101111085,false,"גל.שוקולד חלב מריר כשל""פ",גלידות פלדמן,IL,גל.פלדמן,ליטרים,1.30,ליטר,false,0,21.70,16.69,true,1,
7290101487470,false,לייד ס.סטיק אלוורה כחול,קולגייט-פלמוליב,US,דאודורנט סטיק,גרמים,45.00,100 גרם,false,0,18.60,41.33,true,1,
7290101488286,false,ליידי ס.סטיק 24/7ורוד150,קולגייט-פלמוליב,MX,ליידי ספיד סטיק,מיליליטרים,150.00,"100 מ""ל",false,0,15.90,10.60,true,1,
7290101489306,false,משקה שיבולת שועל 1 ליטר,היין,IL,משקה שיבולת שועל,ליטרים,1.00,ליטר,false,0,15.90,15.90,true,1,
7290101489313,false,רייס דרים מועשר בסידן 1ל,היין,BE,משקה רייס דרים,ליטרים,1.00,ליטר,false,0,15.90,15.90,true,1,
7290101864127,false,וניש קליה ספריי 750מל,רקיט בנקיזר,PL,וניש קליה ספריי,מיליליטרים,750.00,"100 מ""ל",false,0,9.90,1.32,true,1,
7290101865261,false,"פיניש נוזל הברקה 800 מ""ל",רקיט בנקיזר,PL,פיניש נוזל הברקה,מיליליטרים,800.00,"100 מ""ל",false,0,20.00,2.50,true,1,
7290101866176,false,קולון101 ג'ל כביסה3ליטר,רקיט בנקיזר,,קולון ג'ל,ליטרים,3.00,ליטר,false,0,24.90,8.30,true,1,
7290101866633,false,קליה ג'ל מסיר כתמים 3ל,רקיט בנקיזר,,וניש קליה ג'ל,ליטרים,3.00,ליטר,false,0,29.90,9.97,true,1,
7290101867135,false,קולון 101 ג'ל כביסה 5ל,רקיט בנקיזר,IL,ג'ל כביסה קולון,ליטרים,5.00,ליטר,false,0,34.90,6.98,true,1,
7290101868460,false,אבקת כביסה קולון 101 8קג,רקיט בנקיזר,IL,"קולון 101 8 ק""ג",קילוגרמים,8.00,"ק""ג",false,0,49.40,6.18,true,1,
7290101868514,false,אבקת כביסה קולון 101 3קג,רקיט בנקיזר,IL,אבקת כביסה קולון,קילוגרמים,3.00,"ק""ג",false,0,28.70,9.57,true,1,
7290101868804,false,קולון לכביסה צבעונית3קג,רקיט בנקיזר,IL,קולון 101,קילוגרמים,3.00,"ק""ג",false,0,28.70,9.57,true,1,
7290101868972,false,פיניש AIO הכל ב1 24 טבלי,רקיט בנקיזר,PL,פיניש טבליות,יחידה,1.00,יחידה,false,1,29.60,29.60,true,1,
7290101869481,false,פיניש AIO הכל ב1 60+30טב,רקיט בנקיזר,PL,פיניש טבליות,יחידה,1.00,יחידה,false,1,44.90,44.90,true,1,
7290101869511,false,קולון ג'ל 101לבנדר 3ל,רקיט בנקיזר,IL,קולון ג'ל לבנדר,ליטרים,3.00,ליטר,false,0,24.90,8.30,true,1,
7290101869528,false,קולון ג'ל כביסה מאסק 3ל',רקיט בנקיזר,IL,קולון ג'ל מאסק,ליטרים,3.00,ליטר,false,0,24.90,8.30,true,1,
7290101869702,false,"פיניש ג'ל למדיח 600 מ""ל",רקיט בנקיזר,PL,פיניש ג'ל למדיח,מיליליטרים,600.00,"100 מ""ל",false,1,24.90,4.15,true,1,
7290101869719,false,"פיניש ג'ל למדיח 600 מ""ל",רקיט בנקיזר,PL,פיניש ג'ל למדיח,מיליליטרים,600.00,"100 מ""ל",false,1,24.90,4.15,true,1,
7290101869740,false,אירויק מכשיר חטא מתוק250,רקיט בנקיזר,PL,אירויק מכשיר,מיליליטרים,250.00,"100 מ""ל",false,1,34.90,13.96,true,1,
7290101869771,false,איירוויק מילוי 250מל,רקיט בנקיזר,PL,אירוויק מילוי,מיליליטרים,250.00,"100 מ""ל",false,1,10.00,4.00,true,1,
7290101869788,false,איירוויק מילוי 250מל,רקיט בנקיזר,PL,אירוויק מילוי,מיליליטרים,250.00,"100 מ""ל",false,1,10.00,4.00,true,1,
7290101869795,false,איירוויק מילוי 250מל,רקיט בנקיזר,PL,אירוויק מילוי,מיליליטרים,250.00,"100 מ""ל",false,1,10.00,4.00,true,1,
7290101869818,false,אירויק מכשיר חלום ל.קיץ,רקיט בנקיזר,PL,אירויק מכשיר,מיליליטרים,19.00,"100 מ""ל",false,1,20.00,105.26,true,1,
7290101869825,false,איירוויק מילוי אואזיס19מ,רקיט בנקיזר,PL,אירוויק מילוי,מיליליטרים,19.00,"100 מ""ל",false,1,15.00,78.95,true,1,
7290101869832,false,איירוויק מילוי ליל קיץ,רקיט בנקיזר,PL,אירוויק מילוי,מיליליטרים,19.00,"100 מ""ל",false,1,15.00,78.95,true,1,
7290101869849,false,איירוויק מילוי חטא מתוק,רקיט בנקיזר,PL,אירוויק מילוי,מיליליטרים,19.00,"100 מ""ל",false,1,15.00,78.95,true,1,
7290101869900,false,איירוויק מילוי 250מל,רקיט בנקיזר,PL,אירוויק מילוי,מיליליטרים,250.00,"100 מ""ל",false,1,10.00,4.00,true,1,
7290101869917,false,איירוויק מילוי 250מל,רקיט בנקיזר,PL,אירוויק מילוי,מיליליטרים,250.00,"100 מ""ל",false,1,10.00,4.00,true,1,
7290101869924,false,איירוויק מילוי אקזוטי19מ,רקיט בנקיזר,PL,אירוויק מילוי,מיליליטרים,19.00,"100 מ""ל",false,1,15.00,78.95,true,1,
7290101869962,false,מקלות ריחניים חלום ל.קיץ,רקיט בנקיזר,PL,מקלות ריחניים,יחידה,1.00,יחידה,false,1,14.90,14.90,true,1,
7290102030330,false,תפוצ'יפס מקסיקני 200 גרם,עלית,IL,תפוצ'יפס,גרמים,200.00,100 גרם,false,0,10.00,5.00,true,1,
7290102032334,false,קפה נמס וניל 200 גרם,עלית,IL,קפה נמס וניל 200 גרם,גרמים,200.00,100 גרם,false,0,26.70,13.35,true,1,
7290102033546,false,דוריטוס נאצ'ו 200 גרם,עלית,IL,דוריטוס נאצ'ו 200 גרם,גרמים,200.00,100 גרם,false,0,8.40,4.20,true,1,
7290102033553,false,דוריטוס חמוץ חריף 200גרם,עלית,IL,דוריטוס חמוץ חריף 200גרם,גרמים,200.00,100 גרם,false,0,8.40,4.20,true,1,
7290102035007,false,מסטיק מאסט בטעם בזוקה28ג,עלית,IL,מסטיק מאסט,גרמים,28.00,100 גרם,false,0,4.30,15.36,true,1,
7290102060955,false,משחה מרידול משפחתי 100מל,קולגייט-פלמוליב,DE,משחת שיניים,מיליליטרים,100.00,"100 מ""ל",false,0,14.90,14.90,true,1,
7290102060979,false,"משחה שיניים אלמקס 100מ""ל",קולגייט-פלמוליב,DE,משחת שיניים,מיליליטרים,100.00,"100 מ""ל",false,0,15.90,15.90,true,1,
7290102064380,false,מי פה מרידול הליטוזיס400,גאבה,DE,מי פה מרידול הליטוזיס400,מיליליטרים,400.00,"100 מ""ל",false,0,19.90,4.98,true,1,
7290102390427,false,"יוגורט תות מולר 150 מ""ל",טרה,IL,יוגורט מולר תות,מיליליטרים,150.00,"100 מ""ל",false,0,5.00,3.33,true,1,
7290102390465,false,יוג.קציפת אפרסק+פסיפל150,טרה,IL,יוגורט מולר,מיליליטרים,150.00,"100 מ""ל",false,0,5.00,3.33,true,1,
7290102391844,false,יוגורט מולר פירות יער150,טרה,IL,יוגורט מולר,מיליליטרים,150.00,"100 מ""ל",false,0,5.00,3.33,true,1,
7290102392094,false,חלב עיזים קרטון4.1% 1ל',משק צוריאל תבור,IL,חלב עיזים קרטון,ליטרים,1.00,ליטר,false,0,14.90,14.90,true,1,
7290102392636,false,שמנת מתוקה עמידה38% 250מ,טרה,IL,שמנת מתוקה עמידה,מיליליטרים,250.00,"100 מ""ל",false,0,6.20,2.48,true,1,
7290102393039,false,יוג.מולר מיקס פצפוצים150,טרה,IL,יוגורט מולר מיקס,גרמים,150.00,100 גרם,false,0,5.80,3.87,true,1,
7290102393060,false,יוג.מולר מיקס גליליות150,טרה,IL,יוגורט מולר מיקס,גרמים,150.00,100 גרם,false,0,5.80,3.87,true,1,
7290102393268,false,גבינה לבנה 5% 750 גרם,טרה,IL,גבינה לבנה 5%,גרמים,750.00,100 גרם,false,0,13.30,1.77,true,1,
7290102393299,false,יוגורט עיזים לשתייה500גר,משק צוריאל תבור,IL,יוגורט עיזים,גרמים,500.00,100 גרם,false,0,11.40,2.28,true,1,
7290102394081,false,מולר מיקס קורנפ.מצופה180,טרה,IL,יוגורט מולר מיקס,גרמים,180.00,100 גרם,false,0,5.80,3.22,true,1,
7290102394326,false,בולגרית 5% 250 גרם,משק צוריאל תבור,IL,בולגרית 5%,גרמים,250.00,100 גרם,false,0,14.70,5.88,true,1,
7290102394463,false,ג.צהובה נעם ואקום28% 500,טרה,IL,גבינה צהובה 28%,גרמים,500.00,100 גרם,false,0,26.80,5.36,true,1,
7290102394821,false,ג.צהובה נעם דק דק28% 200,טרה,IL,גבינה צהובה דק,גרמים,200.00,100 גרם,false,0,15.40,7.70,true,1,
7290102394845,false,גב.צהובה נעם דק דק9% 200,טרה,IL,גבינה צהובה דק9%,גרמים,200.00,100 גרם,false,0,14.90,7.45,true,1,
7290102395101,false,ממרח גבינה+שוק.מו16% 200,טרה,IL,ממרח גבינה מו,גרמים,200.00,100 גרם,false,0,10.80,5.40,true,1,
7290102395217,false,יוג.מולר2%מעודן150*8ג',טרה,IL,יוגורט מולר 8י,קילוגרמים,1.20,"ק""ג",false,0,17.90,14.92,true,1,
7290102395224,false,יוג.מולר נטורל1.7% 150*8,טרה,IL,יוגורט ביאנקו 8י,קילוגרמים,1.20,"ק""ג",false,0,17.70,14.75,true,1,
7290102395231,false,יוג.מולר נטורל2.8% 150*8,טרה,IL,יוגורט ביאנקו 8י,קילוגרמים,1.20,"ק""ג",false,0,17.70,14.75,true,1,
7290102395378,false,גבינה צהובה28%ואקום 360ג,טרה,IL,גבינה צהובה 28%,גרמים,360.00,100 גרם,false,0,19.50,5.42,true,1,
7290102395446,false,מו וניל וקצפת 123 גרם,טרה,IL,מו וניל וקצפת,גרמים,123.00,100 גרם,false,0,2.80,2.28,true,1,
7290102395460,false,מו שוקולד אגוזים+קצפת123,טרה,IL,מו שוקולד אגוזים,גרמים,123.00,100 גרם,false,0,2.80,2.28,true,1,
7290102395477,false,מו שוקולד וקצפת 123 גרם,טרה,IL,מו שוקולד וקצפת,גרמים,123.00,100 גרם,false,0,2.80,2.28,true,1,
7290102395521,false,"שמנת לבישול פקק 500 מ""ל",טרה,IL,שמנת לבישול,מיליליטרים,500.00,"100 מ""ל",false,0,15.80,3.16,true,1,
7290102395774,false,צפתית מעודנת5% 200 גרם,משק צוריאל תבור,IL,צפתית מעודנת 5%,גרמים,200.00,100 גרם,false,0,11.40,5.70,true,1,
7290102396061,false,מולר תות+אננס1.5% 150*8ג,טרה,IL,מולר תות שמיניה,קילוגרמים,1.20,"ק""ג",false,0,29.60,24.67,true,1,
7290102396245,false,יוגורט נטורל+פ.יער 150ג,טרה,IL,יוגורט נטורל,גרמים,150.00,100 גרם,false,1,3.90,2.60,true,1,
7290102396252,false,יוגורט נטורל3% אננס 150ג,טרה,IL,יוגורט נטורל,גרמים,150.00,100 גרם,false,1,3.90,2.60,true,1,
7290102396382,false,צפתית עיזים מעודנת 200גר,משק צוריאל תבור,IL,צפתית עיזים מעודנת 200גר,גרמים,200.00,100 גרם,false,0,15.90,7.95,true,1,
7290102396399,false,מעדן שוקולד 100*8גר,טרה,IL,מעדן שוקולד 8 יח,גרמים,800.00,100 גרם,false,0,13.40,1.68,true,1,
7290102396405,false,מעדן וניל 100*8גרם,טרה,IL,מעדן וניל 8 יח,גרמים,800.00,100 גרם,false,0,13.40,1.68,true,1,
7290102396436,false,מעדן שוקולד מוו1.5% 125ג,טרה,IL,מעדן שוקולד,גרמים,125.00,100 גרם,false,0,2.80,2.24,true,1,
7290102396443,false,מעדן וניל מוו1.5% 125גרם,טרה,IL,מעדן וניל,גרמים,125.00,100 גרם,false,0,2.80,2.24,true,1,
7290102396498,false,מעדן יוגורט תות מוו 125ג,טרה,IL,מעדן יוגורט תות,גרמים,125.00,100 גרם,false,0,2.80,2.24,true,1,
7290102396580,false,מעדן מו שוק+.מוס שוק123ג,טרה,IL,מעדן מו שוקולד,גרמים,123.00,100 גרם,false,0,2.80,2.28,true,1,
7290102396719,false,יוגורט0% סימפלי תות 150ג,טרה,IL,יוגורט תות,גרמים,150.00,100 גרם,false,0,4.90,3.27,true,1,
7290102396726,false,יוגורט0%סימפלי אפרסק150ג,טרה,IL,יוגורט אפרסק,גרמים,150.00,100 גרם,false,0,4.90,3.27,true,1,
7290102396733,false,יוגורט0%סימפלי פ.יער150ג,טרה,IL,יוגורט פירות יער,גרמים,150.00,100 גרם,false,0,4.90,3.27,true,1,
7290102396948,false,חלב בקרטון 3% 1 ליטר,טרה,IL,חלב בקרטון 3% 1 ליטר,ליטרים,1.00,ליטר,false,1,5.90,5.90,true,1,
7290102396955,false,חלב 3% בקרטון 2 ליטר,טרה,IL,חלב 3% בקרטון 2 ליטר,ליטרים,2.00,ליטר,false,1,10.90,5.45,true,1,
7290102397006,false,חלב במתיקות מעודנת3% 1ל',טרה,IL,חלב במתיקות 3%,ליטרים,1.00,ליטר,false,1,5.90,5.90,true,1,
7290102397150,false,משקה יוגsip.אפרסק/פספ250,טרה,IL,משקה יוגורט מולר,מיליליטרים,250.00,"100 מ""ל",false,1,5.10,2.04,true,1,
7290102397167,false,משקה יוגsip. תות בננה250,טרה,IL,משקה יוגורט מולר,מיליליטרים,250.00,"100 מ""ל",false,1,5.10,2.04,true,1,
7290102397204,false,גב.צהובה נעם דק 22% 200ג,טרה,IL,גבינה צהובה נעם,גרמים,200.00,100 גרם,false,1,15.40,7.70,true,1,
7290103126674,false,משחה קולגייט הרבל ג'ל100,קולגייט-פלמוליב,BR,משחת שיניים,מיליליטרים,100.00,"100 מ""ל",false,0,12.50,12.50,true,1,
7290103126797,false,"קולגייט פרו ריליף 75 מ""ל",קולגייט-פלמוליב,BR,משחת קולגייט,מיליליטרים,75.00,"100 מ""ל",false,0,25.30,33.73,true,1,
7290103401382,false,קפה נמס פרא אפריקאי200גר,עלית,IL,קפה פרא אפריקאי,גרמים,200.00,100 גרם,false,0,26.90,13.45,true,1,
7290103401429,false,קפה נמס קצב ברזילאי200גר,עלית,IL,קפה נמס ברזילאי,גרמים,200.00,100 גרם,false,0,26.90,13.45,true,1,
7290103401627,false,דנונה אננס3% 150 גרם,שטראוס,IL,דנונה אננס 3%,גרמים,150.00,100 גרם,false,0,4.90,3.27,true,1,
7290103402815,false,אצבעות שוקולד+קרם חלב96ג,עלית,IL,אצבעות שוקולד,גרמים,96.00,100 גרם,false,0,7.60,7.92,true,1,
7290103402839,false,אצבעות שוקולד+עדשים96גרם,עלית,IL,אצבעות שוקולד,גרמים,96.00,100 גרם,false,0,7.60,7.92,true,1,
7290103403874,false,טבלת פסק זמן לבן 110 גרם,עלית,IL,טבלת פסק זמן,גרמים,110.00,100 גרם,false,0,8.10,7.36,true,1,
7290103403973,false,6 אנרג'י שייפ מיקס אגוז,שטראוס,IL,חטיפי אנרג'י 6יח,גרמים,132.00,100 גרם,false,0,15.00,11.36,true,1,
7290103403997,false,אנרג'י שייפ אגוז+שוק25*6,עלית,IL,חטיפי אנרג'י 6יח,גרמים,156.00,100 גרם,false,0,15.00,9.62,true,1,
7290103404017,false,"אנרג'י שייפ פירות ללת""ס",שטראוס,IL,חטיפי אנרג'י 6יח,גרמים,120.00,100 גרם,false,0,16.80,14.00,true,1,
7290103404758,false,סלט כרוב אדום יום יום120,שטראוס,IL,כרוב אדום אחלה,גרמים,120.00,100 גרם,false,0,4.80,4.00,true,1,
7290103406806,false,עוגה בטעם שוקולד 330 גרם,עלית,IL,עוגה בטעם שוקולד,גרמים,330.00,100 גרם,false,0,9.80,2.97,true,1,
7290103407209,false,תפוצ'יפס קידס 30*6 גרם,עלית,IL,תפוצ'יפס קידס6יח,גרמים,180.00,100 גרם,false,0,11.00,6.11,true,1,
7290103407223,false,אצבעות שוק+סוכ.קופצות96ג,עלית,IL,אצבעות שוקולד,גרמים,96.00,100 גרם,false,0,7.60,7.92,true,1,
7290103407421,false,"פסק זמן ללת""ס 45*3 גר",עלית,IL,פסק זמן שלישיה,גרמים,135.00,100 גרם,false,0,16.80,12.44,true,1,
7290104060403,false,מסטיק מאסט בזוקה ענבים28,עלית,IL,מסטיק מאסט בזוקה,גרמים,28.00,100 גרם,false,0,4.30,15.36,true,1,
7290104061127,false,עוגת שוקוצ'יפס 330 גרם,עלית,IL,עוגת שוקוצ'יפס,גרמים,330.00,100 גרם,false,0,9.80,2.97,true,1,
7290104061219,false,רבע לשבע אגוזים 120 גרם,עלית,IL,רבע לשבע אגוז,גרמים,120.00,100 גרם,false,0,11.90,9.92,true,1,
7290104061417,false,חומוס עם טחינה אחלה 400ג,שטראוס,IL,חומוס טחינה אחלה,גרמים,400.00,100 גרם,false,0,10.90,2.73,true,1,
7290104061431,false,חומוס עם צנובר אחלה 400ג,שטראוס,IL,חומוס צנובר אחלה,גרמים,400.00,100 גרם,false,0,10.90,2.73,true,1,
7290104061448,false,חומוס עם חריף אחלה 400 ג,שטראוס,IL,חומוס חריף אחלה,גרמים,400.00,100 גרם,false,0,10.90,2.73,true,1,
7290104062599,false,גמדים תות בננה 100*8 גרם,שטראוס,IL,גמדים תות בננה,גרמים,800.00,100 גרם,false,0,18.50,2.31,true,1,
7290104062681,false,סוכריות מאסט פטל לימון80,עלית,PL,סוכריות מאסט,גרמים,80.00,100 גרם,false,0,7.50,9.38,true,1,
7290104064111,false,אנרג'י שייפ שוק.מריר 6יח,שטראוס,IL,חטיפי אנרג'י 6יח,גרמים,156.00,100 גרם,false,0,15.00,9.62,true,1,
7290104066016,false,"מילקי טופ עדשים 170 מ""ל",שטראוס,IL,מילקי טופ עדשים,מיליליטרים,170.00,"100 מ""ל",false,0,4.90,2.88,true,1,
7290104066566,false,טחינה אחלה 500 גרם,שטראוס,IL,טחינה אחלה 500גר,גרמים,500.00,100 גרם,false,0,14.20,2.84,true,1,
7290104067198,false,ספלנדיד מריר 70%תפוז100ג,עלית,IL,שוקולד ספלנדיד,גרמים,100.00,100 גרם,false,0,10.90,10.90,true,1,
7290104068539,false,מאסט LL מלון ואבטיח 28גר,עלית,IL,מסטיק מאסט,גרמים,28.00,100 גרם,false,0,4.30,15.36,true,1,
7290104068546,false,מסטיק מאסט פליפ קולה28גר,עלית,IL,מסטיק מאסט,גרמים,28.00,100 גרם,false,0,4.30,15.36,true,1,
7290104068676,false,תפוצ'יפס קידס 45 גרם,עלית,IL,תפוצ'יפס קידס,גרמים,45.00,100 גרם,false,0,3.00,6.67,true,1,
7290104500572,false,אפרופו איטליאנו 50 גרם,אסם,,אפרופו איטליאנו,גרמים,50.00,100 גרם,false,0,5.10,10.20,true,1,
7290104502903,false,ביסקוויט ללא גלוטן 200גר,אסם,IL,ביסקוויט,גרמים,200.00,100 גרם,false,0,11.90,5.95,true,1,
7290104503184,false,בראוניז שוק.ריבת חלב380ג,אסם,IL,עוגת בראוניז,גרמים,380.00,100 גרם,false,0,16.00,4.21,true,1,
7290104504228,false,מיני דובונים 20*5 גרם,אסם,,מיני דובונים 5יח,גרמים,100.00,100 גרם,false,0,13.00,13.00,true,1,
7290104509568,false,במבה ללא גלוטן 80 גרם,אסם,IL,במבה ללא גלוטן,גרמים,80.00,100 גרם,false,0,4.30,5.38,true,1,
7290104570162,false,תמר כבוש500גרם,ששון,IL,תמר כבוש500גרם,גרמים,500.00,100 גרם,false,0,16.90,3.38,true,1,
7290104720499,false,דני וניל 125*8 גרם,שטראוס,IL,דני וניל 8 יח',קילוגרמים,1.00,"ק""ג",false,0,15.90,15.90,true,1,
7290104721427,false,מעדן JOY שוקולד 160 גר,שטראוס,IL,מעדן JOY שוקולד,גרמים,160.00,100 גרם,false,0,4.20,2.63,true,1,
7290104721533,false,רצועות פלפלים קלויים400ג,שטראוס,IL,רצועות פלפלים,גרמים,400.00,100 גרם,false,0,15.90,3.98,true,1,
7290104722509,false,רבע לשבע מריר 120 גרם,עלית,IL,רבע לשבע מריר,גרמים,120.00,100 גרם,false,0,11.90,9.92,true,1,
7290104722530,false,תפוצ'יפס שמנת בצל 200גרם,עלית,IL,תפוצ'יפס שמנת,גרמים,200.00,100 גרם,false,0,10.00,5.00,true,1,
7290104723353,false,מארז קפה טורקי לדרך140גר,עלית,IL,מארז טורקי לדרך,גרמים,140.00,100 גרם,false,0,16.00,11.43,true,1,
7290104723674,false,קפה נמס מיובש בהקפאה200ג,עלית,IL,קפה נמס מיובש,גרמים,200.00,100 גרם,false,0,26.70,13.35,true,1,
7290104726224,false,לימבו פטל 125 גרם,שטראוס,IL,לימבו פטל,גרמים,125.00,100 גרם,false,0,2.10,1.68,true,1,
7290104726262,false,דני לשתיה שוקולד 125*4ג,שטראוס,IL,דני לשתיה 4 יח,גרמים,500.00,100 גרם,false,0,10.00,2.00,true,1,
7290104726712,false,מארז מילקי ט.שוקולד170*8,שטראוס,IL,מארז מילקי 8 יח',ליטרים,1.36,ליטר,false,0,20.90,15.37,true,1,
7290104727252,false,פסטו בזיליקום ואגוז140גר,שטראוס,IL,פסטו בזיליקום,גרמים,140.00,100 גרם,false,0,11.00,7.86,true,1,
7290104728242,false,צ'יקו תחליף קפה 130 גרם,עלית,IL,צ'יקו תחליף קפה 130 גרם,גרמים,130.00,100 גרם,false,0,22.90,17.62,true,1,
7290104728310,false,שמנת עמידה לקצפת38% 250מ,יטבתה,IL,שמנת עמידה לקצפת,גרמים,250.00,100 גרם,false,0,6.20,2.48,true,1,
7290104728747,false,החומוסיה של אבי חלק400ג,שטראוס,IL,החומוסיה של אבי,גרמים,400.00,100 גרם,false,0,14.80,3.70,true,1,
7290104728983,false,דנונה פרי בתחתית תות150ג,שטראוס,IL,דנונה פרי,גרמים,150.00,100 גרם,false,0,4.90,3.27,true,1,
7290104729539,false,אנרג'י אגוזים+שוק.חלב6יח,שטראוס,IL,חטיפי אנרג'י,גרמים,180.00,100 גרם,false,0,15.00,8.33,true,1,
7290104850165,false,סכינים מוכספים,,IL,סכינים מוכספים,יחידה,1.00,יחידה,false,0,5.90,5.90,true,1,
7290104852176,false,נר נשמה פחית,,IL,נר נשמה פחית,יחידה,1.00,יחידה,false,0,2.00,2.00,true,1,
7290104960239,false,סבון נקה7 ארומה לבן 750מ,אמיליה קוסמטיקס,IL,תחליב רחצה נקה 7,מיליליטרים,750.00,"100 מ""ל",false,0,9.90,1.32,true,1,
7290104960253,false,סבון נקה7 ארומה לבנדר750,אמיליה קוסמטיקס,IL,תחליב רחצה נרה 7,מיליליטרים,750.00,"100 מ""ל",false,0,9.90,1.32,true,1,
7290104960338,false,תחליב רח.נקה 7 אלוורה750,אמיליה קוסמטיקס,IL,תחליב רחצה נקה 7,מיליליטרים,750.00,"100 מ""ל",false,0,9.90,1.32,true,1,
7290104960352,false,תחליב רחצה נקה 7 שקד 750,אמיליה קוסמטיקס,IL,תחליב רחצה נקה 7,מיליליטרים,750.00,"100 מ""ל",false,0,9.90,1.32,true,1,
7290104961205,false,תח.רחצה נקה7 מלפפו750מ,אמיליה קוסמטיקס,IL,תחליב רחצה נקה,מיליליטרים,750.00,"100 מ""ל",false,0,9.90,1.32,true,1,
7290104961243,false,תח.רחצה נקה7 קוקוס 750מ,אמיליה קוסמטיקס,IL,תחליב רחצה,מיליליטרים,750.00,"100 מ""ל",false,0,9.90,1.32,true,1,
7290104961250,false,תחליב רחצה נקה7 וניל 750,נקה,IL,תחליב רחצה נקה,מיליליטרים,750.00,"100 מ""ל",false,0,9.90,1.32,true,1,
7290104961892,false,"מסכת קרטין נטורל 350 מ""ל",קוסמופארם,IL,מסכת קרטין,מיליליטרים,350.00,"100 מ""ל",false,0,40.00,11.43,true,1,
7290104961991,false,סב.צלול נקה חמאת 500*3מ,אמיליה קוסמטיקס,IL,נקה 7 סבון 3 יח,ליטרים,1.50,ליטר,false,0,19.70,13.13,true,1,
7290104962073,false,דאו.טיטניום,,IL,דאו.טיטניום,מיליליטרים,180.00,"100 מ""ל",false,0,16.80,9.33,true,1,
7290104962134,false,דאו. קרליין רול און נושם,קרליין,IL,רול און נושם,מיליליטרים,75.00,"100 מ""ל",false,0,14.80,19.73,true,1,
7290104962684,false,דאו.נושם ללא אלומיניום75,קרליין,IL,דאו.קרליין,מיליליטרים,75.00,"100 מ""ל",false,0,14.80,19.73,true,1,
7290105180193,false,"בקבוק צר 125מ""ל",אריסטוקרט,IL,"בקבוק צר 125מ""ל",יחידה,1.00,יחידה,false,0,6.80,6.80,true,1,
7290105360250,false,קפסולות מקיאטו 50גרם,עלית,IL,קפסולות מקיאטו,גרמים,50.00,100 גרם,false,0,15.90,31.80,true,1,
7290105360328,false,קפסולות אספרסו חזק 50 גר,עלית,IL,קפסולות אספרסו,גרמים,50.00,100 גרם,false,0,15.90,31.80,true,1,
7290105360335,false,קפסולות אספרסו מעודן50גר,עלית,IL,קפסולות אספרסו,גרמים,50.00,100 גרם,false,0,15.90,31.80,true,1,
7290105360342,false,קפסולות קפוצינו 50גרם,עלית,IL,קפסולות קפוצינו,גרמים,50.00,100 גרם,false,0,15.90,31.80,true,1,
7290105360762,false,"שמן זית 1 עדין 750 מ""ל",יד מרדכי,IL,שמן זית 1 עדין,מיליליטרים,750.00,"100 מ""ל",false,0,34.90,4.65,true,1,
7290105362193,false,עוגות אישיות מגולגלות245,עלית,IL,עוגות אישיות,גרמים,245.00,100 גרם,false,0,13.80,5.63,true,1,
7290105363602,false,כיף כף מקלות קלאסי 40 גר,עלית,IL,כיף כף מקלות,גרמים,40.00,100 גרם,false,0,4.60,11.50,true,1,
7290105364289,false,כיף כף מקלות פצפוצים40גר,עלית,IL,כיף כף מקלות,גרמים,40.00,100 גרם,false,0,4.60,11.50,true,1,
7290105364784,false,שוקולד ביסקוויט לבן 100ג,עלית,IL,שוקולד ביסקוויט,גרמים,100.00,100 גרם,false,0,5.70,5.70,true,1,
7290105364883,false,ביסקוויט עד חצות לבן200ג,עלית,IL,ביסקוויט עד חצות,גרמים,200.00,100 גרם,false,0,12.90,6.45,true,1,
7290105366023,false,חציל בטעם כבד 400 גרם,שטראוס,IL,חציל בטעם כבד,גרמים,400.00,100 גרם,false,0,15.90,3.98,true,1,
7290105366504,false,אצבעות שוקולד לבן 96 גרם,עלית,IL,אצבעות שוקולד,גרמים,96.00,100 גרם,false,0,7.60,7.92,true,1,
7290105367020,false,סימפוניה טבעי 25% 210גרם,שטראוס,IL,גבינת סימפוניה,גרמים,210.00,100 גרם,false,0,12.80,6.10,true,1,
7290105367211,false,עוגת וניל קרם אגוזים 330,עלית,IL,עוגת וניל,גרמים,330.00,100 גרם,false,0,15.00,4.55,true,1,
7290105367600,false,דנונה דיאט אכמניות תחתית,שטראוס,IL,דנונה פרי 3%,גרמים,150.00,100 גרם,false,0,4.90,3.27,true,1,
7290105367617,false,דנונה דיאט תות בתחתית150,שטראוס,IL,דנונה פרי 0%,גרמים,150.00,100 גרם,false,0,4.90,3.27,true,1,
7290105368331,false,"מילקי בטעם תות 170 מ""ל",שטראוס,IL,מילקי טעם תות,מיליליטרים,170.00,"100 מ""ל",false,0,2.80,1.65,true,1,
7290105368355,false,מילקי שוקולד עשיר 133גרם,שטראוס,IL,מילקי שוקולד,גרמים,133.00,100 גרם,false,1,3.90,2.93,true,1,
7290105368379,false,מילקי שוקולד ופצופצים133,שטראוס,IL,מילקי שוקולד,גרמים,133.00,100 גרם,false,1,3.90,2.93,true,1,
7290105368928,false,שמנת 9% יטבתה מהדרין200מ,יטבתה,IL,שמנת 9% יטבתה,מיליליטרים,200.00,"100 מ""ל",false,0,3.10,1.55,true,1,
7290105369451,false,צ'יטוס דולפינים 55 גרם,עלית,IL,צ'יטוס דולפינים,גרמים,55.00,100 גרם,false,0,3.50,6.36,true,1,
7290105431950,false,ליידי ספיד סטיק אבטיח150,קולגייט-פלמוליב,IL,ליידי ספיד סטיק,מיליליטרים,150.00,"100 מ""ל",false,0,15.90,10.60,true,1,
7290105434050,false,דאו. ספיד סטיק,,,דאו. ספיד סטיק,יחידה,1.00,יחידה,false,0,19.90,19.90,true,1,
7290105434074,false,ס.סטיק סטיק חום מאסק 85,קולגייט-פלמוליב,MX,דאו. ספיד סטיק,גרמים,85.00,100 גרם,false,1,19.90,23.41,true,1,
7290105435989,false,"אייר פופס חטיף תפו""א40ג",דיאבטיקום,IL,אייר פופס,גרמים,40.00,100 גרם,false,0,5.00,12.50,true,1,
7290105438539,false,קוקי נייר אפייה 40 דפים,אופל אריזות,IL,קוקי נייר אפיה,יחידה,1.00,יחידה,false,0,9.90,9.90,true,1,
7290105438546,false,קוקי נייר אפייה פרימיום,אופל אריזות,IL,קוקי נייר אפיה,יחידה,1.00,יחידה,false,0,10.90,10.90,true,1,
7290105474056,false,לה קט מעדן סלמון 155ג,PRODUCTS FOOD HIQ,IL,לה קט מעדן מוס,גרמים,155.00,100 גרם,false,0,5.90,3.81,true,1,
7290105500151,false,וודקה פינלנדיה,,IL,וודקה פינלנדיה,מיליליטרים,700.00,"100 מ""ל",false,0,64.90,9.27,true,1,
7290105690456,false,מרק נמס אפונה 26*2 גרם,אסם,IL,מרק נמס אפונה,גרמים,52.00,100 גרם,false,0,6.30,12.12,true,1,
7290105690692,false,מרק נמס ירקות 28*2גר,אסם,IL,מרק נמס ירקות,גרמים,56.00,100 גרם,false,0,6.30,11.25,true,1,
7290105690715,false,מרק נמס תירס 27*2גרם,אסם,IL,מרק נמס תירס,גרמים,54.00,100 גרם,false,0,6.30,11.67,true,1,
7290105691088,false,ביסלי גריל 70*3 גרם,אסם,IL,ביסלי גריל 3 יח,גרמים,210.00,100 גרם,false,0,10.90,5.19,true,1,
7290105691224,false,קריספי טורטיה שום בצל60ג,"פרח תעשיות מזון בע""מ",IL,קריספי טורטיה,גרמים,60.00,100 גרם,false,0,7.80,13.00,true,1,
7290105691248,false,קריספי טורטיה תירס 60 גר,"פרח תעשיות מזון בע""מ",IL,קריספי טורטיה,גרמים,60.00,100 גרם,false,0,7.80,13.00,true,1,
7290105691415,false,בייגלה שמיניות ללא גלוטן,אסם,IL,בייגלה שמיניות,גרמים,250.00,100 גרם,false,0,13.80,5.52,true,1,
7290105691699,false,עוג.ביס בטעם חמאה300ג,כרמית,IL,עוגיות ביס חמאה,גרמים,300.00,100 גרם,false,0,9.90,3.30,true,1,
7290105691934,false,"קמח שמרים 1 ק""ג",תחנת קמח המפרץ,IL,"קמח שמרים 1 ק""ג",קילוגרמים,1.00,"ק""ג",false,0,9.40,9.40,true,1,
7290105692665,false,במבה קרם חלבה 60*4 גרם,אסם,IL,במבה קרם חלבה4יח,גרמים,240.00,100 גרם,false,0,17.00,7.08,true,1,
7290105693341,false,במבה 25*10 גרם,אסם,,במבה 10 יח,גרמים,250.00,100 גרם,false,0,14.90,5.96,true,1,
7290105693457,false,עוגת דמקה שוקו וניל320גר,אסם,IL,עוגת הבית,גרמים,320.00,100 גרם,false,0,11.90,3.72,true,1,
7290105694614,false,ספגטי מהיר הכנה 500 גרם,זארה,IT,ספגטי מהיר הכנה,גרמים,500.00,100 גרם,false,0,5.50,1.10,true,1,
7290105694867,false,אריסה אדומה רפי כהן150ג,צבר,IL,אריסה אדומה,גרמים,150.00,100 גרם,false,0,9.90,6.60,true,1,
7290105694881,false,סחוג ירוק רפי כהן 150 גר,צבר,IL,סחוג ירוק,גרמים,150.00,100 גרם,false,0,10.90,7.27,true,1,
7290105694904,false,מרק פטריות רכיבים טבעיים,אסם,IL,מרק פטריות רכיבים טבעיים,גרמים,220.00,100 גרם,false,0,17.60,8.00,true,1,
7290105694928,false,מרק בצל רכיבים טבעיים220,אסם,IL,מרק בצל,גרמים,220.00,100 גרם,false,0,17.60,8.00,true,1,
7290105694966,false,סחוג אדום רפי כהן 150 גר,צבר,IL,סחוג אדום,גרמים,150.00,100 גרם,false,0,10.90,7.27,true,1,
7290105695024,false,פתיתים אורז ואטריות500ג,אסם,IL,פתיתים אפויים,גרמים,500.00,100 גרם,false,0,6.90,1.38,true,1,
7290105695321,false,עוגת בראוניס פאדג' 380 ג,אסם,IL,עוגת בראוניס,גרמים,380.00,100 גרם,false,0,16.00,4.21,true,1,
7290105961518,false,עוגת שוקו קרם טראפלס330ג,עלית,IL,עוגת שוקו,גרמים,330.00,100 גרם,false,0,15.00,4.55,true,1,
7290105961525,false,שוק.ספלנדיד מריר85% 100ג,שטראוס,IL,שוקולד ספלנדיד,גרמים,100.00,100 גרם,false,0,10.90,10.90,true,1,
7290105964915,false,פופקורן טבעי 80 גרם,עלית,IL,פופקורן טבעי,גרמים,80.00,100 גרם,false,0,5.10,6.38,true,1,
7290105965493,false,ספלנדיד מריר+מוס שוק105ג,עלית,IL,ספלנדיד מריר,גרמים,105.00,100 גרם,false,1,10.90,10.38,true,1,
7290105965509,false,שוק.מריר62% +מוס גאנדויה,עלית,IL,שוקולד ספלנדיד,גרמים,105.00,100 גרם,false,1,10.90,10.38,true,1,
7290105965530,false,בונבוניירה לב לבן קטן50ג,עלית,IL,בונבוניירה לב,גרמים,50.00,100 גרם,false,0,9.90,19.80,true,1,
7290105965738,false,דנונה לשתיה תות בננה267ג,שטראוס,IL,דנונה לשתיה,גרמים,267.00,100 גרם,false,0,5.00,1.87,true,1,
7290105966377,false,"משקה סחלב מהדרין 850 מ""ל",יטבתה,IL,משקה סחלב,מיליליטרים,850.00,"100 מ""ל",false,0,11.10,1.31,true,1,
7290105966469,false,"חומץ בלסמי 250 מ""ל",יד מרדכי,IL,חומץ בלסמי,גרמים,250.00,100 גרם,false,0,14.70,5.88,true,1,
7290105968067,false,חומוס לניגוב+גרגרים400גר,שטראוס,IL,חומוס לניגוב,גרמים,400.00,100 גרם,false,0,10.90,2.73,true,1,
7290105968777,false,פרכיות אנרגי שוק.מריר70ג,שטראוס,IL,פריכיות אנרג'י,גרמים,70.00,100 גרם,false,0,7.80,11.14,true,1,
7290106412675,false,סוכריות דבש,,IL,סוכריות דבש,גרמים,100.00,100 גרם,false,0,4.90,4.90,true,1,
7290106502994,false,זוג הד&שולדרס 2ב500X2 1,פרוקטר אנד גמבל,FR,זוג הד&שולדרס,ליטרים,1.00,ליטר,false,1,39.90,39.90,true,1,
7290106504783,false,פמפרס פרימיום מידה4 20*4,פרוקטר & גמבל,IL,רביעיית פמפרס,יחידה,1.00,יחידה,false,1,81.90,81.90,true,1,
7290106520066,false,רבע לשבע 160 גרם,עלית,IL,רבע לשבע 160 גרם,גרמים,160.00,100 גרם,false,0,11.90,7.44,true,1,
7290106520295,false,דנונה פרו לבן 2.9% 150גר,שטראוס,IL,דנונה פרו לבן,גרמים,150.00,100 גרם,false,1,4.90,3.27,true,1,
7290106520387,false,"בזוקה גולים לל""ס 21 גרם",עלית,IL,"בזוקה גולים לל""ס",גרמים,21.00,100 גרם,false,0,4.90,23.33,true,1,
7290106520417,false,JOYבר שוקולד+ופל מצופ140,שטראוס,IL,JOY בר שוקולד,גרמים,140.00,100 גרם,false,1,4.20,3.00,true,1,
7290106520424,false,JOY בר שוקו.מריר+אגוז140,שטראוס,IL,JOY בר שוקולד,גרמים,140.00,100 גרם,false,1,4.20,3.00,true,1,
7290106520462,false,מילקי קייק 4 * 34 גרם,TSC,IT,מילקי קייק 4יח,גרמים,136.00,100 גרם,false,1,10.00,7.35,true,1,
7290106520813,false,תפוצ'יפס טבעי 50*6 גרם,שטראוס,IL,תפוצ'יפס 6 יח,גרמים,300.00,100 גרם,false,0,14.60,4.87,true,1,
7290106520899,false,חציל בלאדי במיונז400ג,שטראוס,IL,חציל בלאדי אחלה,גרמים,400.00,100 גרם,false,0,15.90,3.98,true,1,
7290106520905,false,סלט טורקי 400 גרם,שטראוס,IL,סלט טורקי,גרמים,400.00,100 גרם,false,0,15.90,3.98,true,1,
7290106521049,false,סלט קוביות סלק 400 גרם,שטראוס,IL,סלט קוביות סלק,גרמים,400.00,100 גרם,false,0,15.90,3.98,true,1,
7290106521612,false,מאגדת טורטית 40*4 גרם,עלית,IL,טורטית 4 יחידות,גרמים,160.00,100 גרם,false,0,12.90,8.06,true,1,
7290106521629,false,מאגדת טוויסט 4 * 28 גרם,עלית,IL,טוויסט 4 יח',גרמים,112.00,100 גרם,false,0,12.90,11.52,true,1,
7290106521650,false,מאגדת טעמי 40*4 גרם,עלית,IL,טעמי 4 יחידות,גרמים,160.00,100 גרם,false,0,12.90,8.06,true,1,
7290106521926,false,קפה טורקי 150 גרם,שטראוס,IL,קפה טורקי,גרמים,150.00,100 גרם,false,1,12.60,8.40,true,1,
7290106522220,false,שוק.קראנצ כדורי דגנים90ג,עלית,IL,שוקולד קראנצ',גרמים,90.00,100 גרם,false,0,5.70,6.33,true,1,
7290106523432,false,דוריטוס דיפ טבעי 200 גרם,עלית,IL,דוריטוס דיפ טבעי 200 גרם,גרמים,200.00,100 גרם,false,0,8.40,4.20,true,1,
7290106525320,false,שוקולית לאפיה 500 גרם,עלית,IL,שוקולית לאפיה,גרמים,500.00,100 גרם,false,0,14.80,2.96,true,1,
7290106525450,false,ספלנדיד קרנץ מלח+קרמל100,עלית,IL,שוקולד ספלנדיד,גרמים,100.00,100 גרם,false,0,10.90,10.90,true,1,
7290106525504,false,טעמי בייגלה 42 גרם,עלית,IL,טעמי בייגלה,גרמים,42.00,100 גרם,false,0,3.90,9.29,true,1,
7290106525689,false,ספלנדיד אגוז.לוז מריר110,שטראוס,IL,ספלנדיד אגוזי לו,גרמים,110.00,100 גרם,false,0,13.80,12.55,true,1,
7290106525702,false,ספלנדיד שקדים וחלב 110גר,שטראוס,IL,ספלנדיד שקדים,גרמים,110.00,100 גרם,false,0,13.80,12.55,true,1,
7290106525917,false,סוכריות ג'לית 25 גרם,שטראוס,IL,סוכריות ג'לית,גרמים,25.00,100 גרם,false,1,2.30,9.20,true,1,
7290106526822,false,פריכיות תחתית חלב 80גרם,שטראוס,IL,פריכיות,גרמים,80.00,100 גרם,false,0,7.80,9.75,true,1,
7290106527386,false,פריכיות אנרג'י שוק.חלב70,שטראוס,IL,פריכיות אנרג'י,גרמים,70.00,100 גרם,false,0,7.80,11.14,true,1,
7290106527423,false,אקטיביה שזיף 1.5% 150*4ג,שטראוס,IL,מארז אקטיביה 4יח,גרמים,600.00,100 גרם,false,0,19.90,3.32,true,1,
7290106527461,false,אקטיביה0%שזיף מיובש150*4,שטראוס,IL,מארז אקטיביה 4יח,גרמים,600.00,100 גרם,false,0,19.90,3.32,true,1,
7290106528864,false,מאסט פפרמינט ממולא25גרם,עלית,IL,מסטיק מאסט,גרמים,25.00,100 גרם,false,1,4.90,19.60,true,1,
7290106571563,false,אפרופו 200 גרם,אסם,IL,אפרופו,גרמים,200.00,100 גרם,false,0,11.00,5.50,true,1,
7290106571877,false,בייגלה שטוחים 60*6 גרם,אסם,IL,בייגלה שטוח 6 יח,גרמים,360.00,100 גרם,false,0,14.30,3.97,true,1,
7290106571907,false,עוגיות שוקולד צ'יפס180ג,אסם,IL,עוגיות פיטנס,גרמים,180.00,100 גרם,false,0,11.90,6.61,true,1,
7290106571921,false,עוגיות חמוציות פיטנס180ג,אסם,IL,עוגיות פיטנס,גרמים,180.00,100 גרם,false,0,11.90,6.61,true,1,
7290106571945,false,עוג.שוקולד מריר פיטנס180,אסם,IL,עוגיות פיטנס,גרמים,180.00,100 גרם,false,1,11.90,6.61,true,1,
7290106572614,false,דובונים פיצה 40 גרם,אסם,IL,דובונים פיצה,גרמים,40.00,100 גרם,false,0,4.30,10.75,true,1,
7290106572652,false,דובונים גן חיות 40 גרם,אסם,IL,דובונים גן חיות,גרמים,40.00,100 גרם,false,0,4.30,10.75,true,1,
7290106572959,false,אפרופו קלאסי מארז 25*5גר,אסם,IL,אפרופו 5 יח,גרמים,125.00,100 גרם,false,0,12.60,10.08,true,1,
7290106572997,false,"קמח שמרים לפיצה 1 ק""ג",תחנת קמח המפרץ,IL,קמח שמרים לפיצה,קילוגרמים,1.00,"ק""ג",false,0,9.40,9.40,true,1,
7290106573086,false,קוסקוס 350*2 גרם,קוסקוס מזון,IL,קוסקוס 2 יח,גרמים,700.00,100 גרם,false,0,10.00,1.43,true,1,
7290106573277,false,חט.קריספי טאפאס זיתים150,אסם,IL,חטיפי קריספי,גרמים,150.00,100 גרם,false,0,11.80,7.87,true,1,
7290106573574,false,חומוס ירושלמי צבר 400גרם,צבר,IL,חומוס צבר,גרמים,400.00,100 גרם,false,0,10.80,2.70,true,1,
7290106573628,false,חומוס עם טחינה צבר 400גר,צבר,IL,חומוס עם טחינה,גרמים,400.00,100 גרם,false,0,10.80,2.70,true,1,
7290106573642,false,חומוס צנובר צבר 400 גרם,צבר,IL,חומוס צנובר,גרמים,400.00,100 גרם,false,0,11.90,2.98,true,1,
7290106573703,false,חציל פיקנטי רפי כהןג400,צבר,IL,חציל פיקנטי צבר,גרמים,400.00,100 גרם,false,0,15.90,3.98,true,1,
7290106573819,false,חומוס אבו גוש צבר 400 גר,צבר,IL,חומוס אבו גוש,גרמים,400.00,100 גרם,false,0,10.90,2.73,true,1,
7290106573963,false,ביסלי ברביקיו 67*3 גרם,אסם,IL,ביסלי ברבקיו 3יח,גרמים,201.00,100 גרם,false,0,10.90,5.42,true,1,
7290106574793,false,עוגת שוקו שוקוצ'יפס350ג,אסם,IL,עוגת הבית,גרמים,350.00,100 גרם,false,0,11.90,3.40,true,1,
7290106574953,false,בייגלה שטוחים שומשום300ג,אסם,IL,בייגלה שטוחים,גרמים,300.00,100 גרם,false,0,7.50,2.50,true,1,
7290106574977,false,בייגלה שטוחים מלח300גרם,אסם,IL,בייגלה שטוחים,גרמים,300.00,100 גרם,false,0,7.50,2.50,true,1,
7290106575011,false,פתיתים פלוס חיטה מלאה400,אסם,IL,פתיתים פלוס,גרמים,400.00,100 גרם,false,0,6.90,1.73,true,1,
7290106575257,false,עוגת סופלה טעם שוקולד340,אסם,IL,עוגת סופלה הבית,גרמים,340.00,100 גרם,false,0,11.90,3.50,true,1,
7290106575271,false,פתיתים פלוס ירקות 400 גר,אסם,IL,פתיתים פלוס,גרמים,400.00,100 גרם,false,0,6.90,1.73,true,1,
7290106575332,false,פתיתים פלוס בורגול 400 ג,קוסקוס מזון,IL,פתיתים פלוס,גרמים,400.00,100 גרם,false,0,6.90,1.73,true,1,
7290106575738,false,מאגדת מיני ג'ויה בראוניז,נסטלה,IL,מאגדת ג'ויה בראו,יחידה,1.00,יחידה,false,0,26.70,26.70,true,1,
7290106576209,false,ביסלי אקסטרים מעושן 70 ג,אסם,IL,ביסלי אקסטרים,גרמים,70.00,100 גרם,false,0,4.50,6.43,true,1,
7290106576391,false,צ'יפסי בטעם שמנת בצל50גר,אסם,IL,חטיף צ'יפסי,גרמים,50.00,100 גרם,false,0,3.40,6.80,true,1,
7290106576513,false,חומוס צבר 400 גרם,צבר,IL,חומוס צבר,גרמים,400.00,100 גרם,false,0,9.40,2.35,true,1,
7290106576537,false,חומוס מסעדה צבר 700גרם,צבר,IL,חומוס מסעדה צבר,גרמים,700.00,100 גרם,false,0,8.90,1.27,true,1,
7290106576773,false,"לה קרמריה שוקולד כשל""פ 1",נסטלה,IL,"לה קרמריה כשל""פ",ליטרים,1.40,ליטר,false,0,21.90,15.64,true,1,
7290106576797,false,"לה קרמריהצמחי וניל כשל""פ",נסטלה,IL,"לה קרמריה כשל""פ",ליטרים,1.40,ליטר,false,0,21.90,15.64,true,1,
7290106576810,false,"לה קרמריהצמחי ריבת כשל""פ",נסטלה,IL,"לה קרמריה צמחי,",ליטרים,1.40,ליטר,false,0,21.90,15.64,true,1,
7290106576834,false,לה קרמריה פונש בננה כשלפ,נסטלה,IL,"לה קרמריה כשל""פ",ליטרים,1.40,ליטר,false,0,21.90,15.64,true,1,
7290106576919,false,"לה קרמריה סורבה כשל""פ .1",נסטלה,IL,"לח קרמריה כשל""פ",ליטרים,1.40,ליטר,false,0,21.90,15.64,true,1,
7290106576957,false,לה קרמריה שוקו וניל כשלפ,נסטלה,IL,"לה קרמריה כשל""פ",ליטרים,1.40,ליטר,false,0,21.90,15.64,true,1,
7290106576971,false,לה קרמריה צמחי שוק כשלפ,נסטלה,IL,"לה קרמריה כשל""פ",ליטרים,1.40,ליטר,false,0,21.90,15.64,true,1,
7290106577039,false,"לה קרמריה וניל+שוק כשל""פ",נסטלה,IL,"לא קרמריה כשל""פ",ליטרים,1.40,ליטר,false,0,21.90,15.64,true,1,
7290106577282,false,טחינה צבר מרובע 400 גרם,צבר,IL,טחינה צבר,גרמים,400.00,100 גרם,false,0,11.80,2.95,true,1,
7290106577480,false,חציל על האש בטחינה400גר,צבר,IL,חציל על האש צבר,גרמים,400.00,100 גרם,false,0,13.80,3.45,true,1,
7290106577503,false,חציל במיונז מרובע 400גרם,צבר,IL,חציל במיונז צבר,גרמים,400.00,100 גרם,false,0,11.80,2.95,true,1,
7290106577541,false,כרוב אדום מרובע צבר400ג,צבר,IL,כרוב אדום צבר,גרמים,400.00,100 גרם,false,0,11.80,2.95,true,1,
7290106577572,false,מטבוחה מרובע צבר 400 גרם,צבר,IL,מטבוחה צבר,גרמים,400.00,100 גרם,false,0,10.90,2.73,true,1,
7290106578050,false,רוטב ויניגרט הדרים290מל,אסם,IL,רוטב וינגרט לסלט,מיליליטרים,290.00,"100 מ""ל",false,0,10.90,3.76,true,1,
7290106578241,false,דובונים 100 גרם,אסם,IL,חטיף דובונים,גרמים,100.00,100 גרם,false,0,8.80,8.80,true,1,
7290106578333,false,חציל על האש מרובע צבר400,צבר,IL,חציל על האש צבר,גרמים,400.00,100 גרם,false,0,11.60,2.90,true,1,
7290106578821,false,עוגת שמרים שוקולד 350גרם,אסם,IL,עוגת שמרים,גרמים,350.00,100 גרם,false,0,16.80,4.80,true,1,
7290106579118,false,פרפקטו ספגטי עתיר בסיבים,זארה,IT,ספגטי עתיר סיבים,גרמים,450.00,100 גרם,false,0,7.60,1.69,true,1,
7290106579132,false,פרפקטו ספירלי טריו 450 ג,זארה,IT,ספירלי טריו,גרמים,450.00,100 גרם,false,0,7.60,1.69,true,1,
7290106579170,false,פרפקטו אטריות פפרדלה450ג,זארה,IT,פרפקטו פפרדלה,גרמים,450.00,100 גרם,false,0,7.50,1.67,true,1,
7290106579231,false,עוגיות תפוז פיטנס 180גרם,אסם,IL,עוגיות פיטנס,גרמים,180.00,100 גרם,false,0,11.90,6.61,true,1,
7290106579293,false,סלט סלק רפי כהן 400 גרם,צבר,IL,סלט סלק רפי כהן,גרמים,400.00,100 גרם,false,0,15.90,3.98,true,1,
7290106579316,false,גל.גויה וניל עוגיות 500,נסטלה,IL,גל.גויה וניל עוגיות 500,מיליליטרים,500.00,"100 מ""ל",false,0,19.70,3.94,true,1,
7290106651272,false,פריכיות אנרג'י,,IL,פריכיות אנרג'י,גרמים,25.00,100 גרם,false,0,4.40,17.60,true,1,
7290106651289,false,פריכיות אנרגי,,IL,פריכיות אנרגי,גרמים,25.00,100 גרם,false,0,4.40,17.60,true,1,
7290106651401,false,דנונה3% 4תות+ 4אפרסק150ג,שטראוס,IL,מארז דנונה 4+4,קילוגרמים,1.20,"ק""ג",false,0,27.70,23.08,true,1,
7290106652484,false,בפלות שוקולד קרנאץ 300גר,עלית,IL,בפלות קראנץ,גרמים,300.00,100 גרם,false,0,6.00,2.00,true,1,
7290106652491,false,בפלות לימון קראנץ 300גר,עלית,IL,בפלות קראנץ,גרמים,300.00,100 גרם,false,0,6.00,2.00,true,1,
7290106653191,false,פיתה קראנצ' טבעי300 גרם,עלית,IL,פיתה קראנצ',גרמים,300.00,100 גרם,false,0,10.00,3.33,true,1,
7290106653207,false,פיתה קראנצ' זעתר 300 גרם,עלית,IL,פיתה קראנצ',גרמים,300.00,100 גרם,false,0,10.00,3.33,true,1,
7290106654235,false,טופי בטעם בזוקה 290 גרם,עלית,IL,טופי בזוקה,גרמים,290.00,100 גרם,false,0,10.40,3.59,true,1,
7290106654921,false,תפוציפס אקסטרא טבעי50ג,שטראוס,IL,תפוצ'יפס אקסטרא,גרמים,50.00,100 גרם,false,0,3.90,7.80,true,1,
7290106654945,false,תפוציפס אקסטרא ברבקיו50ג,שטראוס,IL,תפוצ'יפס אקסטרא,גרמים,50.00,100 גרם,false,0,3.90,7.80,true,1,
7290106654969,false,חומוס כפרי אחלה750גרם,שטראוס,IL,חומוס כפרי אחלה,גרמים,750.00,100 גרם,false,0,8.90,1.19,true,1,
7290106656512,false,בפלות טורטית 360 גרם,עלית,IL,בפלות טורטית,גרמים,360.00,100 גרם,false,0,15.80,4.39,true,1,
7290106656543,false,קפה באלאנס לתחושת שוב180,עלית,IL,קפה באלאנס,גרמים,180.00,100 גרם,false,0,28.70,15.94,true,1,
7290106656734,false,חיוכים וניל 600 גרם,עלית,IL,חיוכים וניל,גרמים,600.00,100 גרם,false,0,14.90,2.48,true,1,
7290106657137,false,תפוציפס אקסטרא טבעי200ג,שטראוס,IL,תפוצ'יפס אקסטרא,גרמים,200.00,100 גרם,false,0,10.00,5.00,true,1,
7290106657144,false,תפוצ'יפס EX שוארמה 50גרם,עלית,IL,תפוצ'יפס שווארמה,גרמים,50.00,100 גרם,false,1,3.90,7.80,true,1,
7290106660960,false,טעמי קרם עוגיות וניל40גר,שטראוס,IL,חטיף טעמי,גרמים,40.00,100 גרם,false,1,3.90,9.75,true,1,
7290106661271,false,מיני אנרג'י מצופה 180גרם,שטראוס,IL,מיני אנרג'י,גרמים,180.00,100 גרם,false,0,15.90,8.83,true,1,
7290106662377,false,רבע לשבע בוטנים 120 גרם,עלית,IL,רבע לשבע בוטנים,גרמים,120.00,100 גרם,false,1,11.90,9.92,true,1,
7290106662612,false,JOY מעדן וניל 3.9% 130גר,שטראוס,IL,JOY מעדן וניל,גרמים,130.00,100 גרם,false,1,3.30,2.54,true,1,
7290106662834,false,סוכריות דומי דובונים22גר,שטראוס,IL,סוכריות גומי,גרמים,22.00,100 גרם,false,1,2.30,10.45,true,1,
7290106662858,false,מאסט תפוח עץ חמוץ 28 גרם,עלית,IL,מסטיק מאסט,גרמים,28.00,100 גרם,false,1,4.30,15.36,true,1,
7290106662865,false,מסטיק מאסט מנגו חריף28גר,עלית,IL,מסטיק מאסט,גרמים,28.00,100 גרם,false,1,4.30,15.36,true,1,
7290106662872,false,מסטיק מאסט קרמל מלוח28ג,עלית,IL,מסטיק מאסט,גרמים,28.00,100 גרם,false,1,4.30,15.36,true,1,
7290106662896,false,חטיפי שוקו.חלב+דגנים100ג,שטראוס,IL,חטיפי אנרג'י 4יח,גרמים,100.00,100 גרם,false,1,10.00,10.00,true,1,
7290106662902,false,חטיפי שוק.חלב דגן+פרי100,שטראוס,IL,חטיפי אנרגי 4יח,גרמים,100.00,100 גרם,false,1,10.00,10.00,true,1,
7290106662964,false,סוכריות גומי יין 100 גרם,עלית,IL,סוכריות גומי יין,גרמים,100.00,100 גרם,false,1,4.90,4.90,true,1,
7290106662971,false,סוכריות ג'לית 80 גרם,עלית,IL,סוכריות ג'לית,גרמים,80.00,100 גרם,false,1,4.90,6.13,true,1,
7290106663121,false,מילקי קייק 34 גרם,TSC,IT,מילקי קייק,גרמים,34.00,100 גרם,false,1,3.00,8.82,true,1,
7290106663343,false,עדשים מיני מיני 17 גרם,שטראוס,IL,עדשים מיני מיני,גרמים,17.00,100 גרם,false,1,2.30,13.53,true,1,
7290106663411,false,מסטיקים בטעם פירות 25גרם,שטראוס,IL,מסטיקים,גרמים,25.00,100 גרם,false,1,2.30,9.20,true,1,
7290106663503,false,קונפיט.תות שדה לייט250ג,יד מרדכי,IL,קונפיטורה תות,גרמים,250.00,100 גרם,false,0,13.70,5.48,true,1,
7290106663527,false,קונפיטורה משמש לייט250ג,יד מרדכי,IL,קונפיטורה משמש,גרמים,230.00,100 גרם,false,0,13.70,5.96,true,1,
7290106663565,false,חלבית - חלבי 300 גרם,עלית,IL,חלבית - חלבי,גרמים,300.00,100 גרם,false,1,17.60,5.87,true,1,
7290106664067,false,לאבנה ש.זית וזעתר10% 400,שטראוס,IL,לאבנה שמן זית,גרמים,400.00,100 גרם,false,1,14.50,3.63,true,1,
7290106664173,false,פיתה קראנצ טפנד זיתים300,עלית,IL,פיתה קראנצ,גרמים,300.00,100 גרם,false,1,10.00,3.33,true,1,
7290106664494,false,דוריטוס פיצה 70 גרם,עלית,IL,דוריטוס פיצה,גרמים,70.00,100 גרם,false,1,3.60,5.14,true,1,
7290106664548,false,רוטב שמנת4+גבינות9% 250מ,שטראוס,IL,רוטב שמנת גבינות,מיליליטרים,250.00,"100 מ""ל",false,1,10.00,4.00,true,1,
7290106664555,false,רוטב שמנת+עגבניות9% 250מ,שטראוס,IL,רוטב שמנת,מיליליטרים,250.00,"100 מ""ל",false,1,10.00,4.00,true,1,
7290106666368,false,חטיפ.שוק.מריר דגן+פרי100,שטראוס,IL,חטיפי אנרג'י 4יח,גרמים,100.00,100 גרם,false,1,10.00,10.00,true,1,
7290106667594,false,דנונה אפרסק 0% 150 גרם,שטראוס,IL,דנונה אפרסק 0%,גרמים,150.00,100 גרם,false,1,4.90,3.27,true,1,
7290106668010,false,בפלות מוקצף 800 גרם,שטראוס,IL,בפלות מוקצף,גרמים,800.00,100 גרם,false,1,19.90,2.49,true,1,
7290106668584,false,"מיץ ליים 250 מ""ל",יד מרדכי,IL,מיץ ליים,מיליליטרים,250.00,"100 מ""ל",false,1,7.80,3.12,true,1,
7290106720039,false,מאסט ספירמינט ממולא25גרם,עלית,IL,מסטיק מאסט,גרמים,25.00,100 גרם,false,1,4.90,19.60,true,1,
7290106720145,false,פודינג וניל שקית 80 גרם,עלית,IL,פודינג וניל שקית,גרמים,80.00,100 גרם,false,0,4.90,6.13,true,1,
7290106720404,false,קפה נמס פרווה 300 גרם,עלית,IL,קפה נמס פרווה,גרמים,300.00,100 גרם,false,0,23.70,7.90,true,1,
7290106720695,false,מיקס חטיפים צהוב 182גרם,עלית,IL,מיקס חטיפים צהוב,גרמים,182.00,100 גרם,false,0,10.80,5.93,true,1,
7290106721371,false,דוריטוס חמוץ מתוק 200גרם,עלית,IL,דוריטוס חמוץ,גרמים,200.00,100 גרם,false,0,8.40,4.20,true,1,
7290106721531,false,דוריטוס חמוץ מתוק 70 גרם,עלית,IL,דוריטוס חמוץ,גרמים,70.00,100 גרם,false,0,3.60,5.14,true,1,
7290106721913,false,מסטיק מרעננת מגדים 66גרם,עלית,IL,מסטיק מרעננת,גרמים,66.00,100 גרם,false,1,9.80,14.85,true,1,
7290106721920,false,מסטיק ספירמינט צ'יקלט66ג,עלית,IL,מסטיק ספירמינט,גרמים,66.00,100 גרם,false,1,9.80,14.85,true,1,
7290106721999,false,מאסט אננס הדר ממולא25גרם,עלית,IL,מסטיק מאסט,גרמים,25.00,100 גרם,false,1,4.90,19.60,true,1,
7290106722057,false,באגט קראנצ זיתים עגבנ300,עלית,IL,באגט קראנצ זיתים,גרמים,300.00,100 גרם,false,1,10.00,3.33,true,1,
7290106722118,false,באגט קראנצ' טעם בצל 300ג,עלית,IL,באגט קראנצ' בצל,גרמים,300.00,100 גרם,false,1,10.00,3.33,true,1,
7290106723504,false,עוג.דגנים עם שבבי שוק150,עלית,IL,עוגיות אנרג'י,גרמים,150.00,100 גרם,false,1,12.80,8.53,true,1,
7290106723511,false,עוג.דגנים עם קינמון150גר,עלית,IL,עוגיות אנרג'י,גרמים,150.00,100 גרם,false,1,12.80,8.53,true,1,
7290106723580,false,בפלות יום הולדת סוכ350.ג,עלית,IL,בפלות יום הולדת,גרמים,350.00,100 גרם,false,1,15.40,4.40,true,1,
7290106723597,false,בפלות כדורי שוק.קוקוס350,עלית,IL,בפלות כדורי שוקו,גרמים,350.00,100 גרם,false,1,15.40,4.40,true,1,
7290106723627,false,עד חצות מריר קוקוס180ג,עלית,IL,עד חצות,גרמים,180.00,100 גרם,false,1,12.90,7.17,true,1,
7290106723634,false,עד חצות ניבס קרמל180גרם,עלית,IL,עד חצות,גרמים,180.00,100 גרם,false,1,12.90,7.17,true,1,
7290106724419,false,עוגיות חיוכים וניל 150גר,עלית,IL,עוגיות חיוכים,גרמים,150.00,100 גרם,false,1,4.50,3.00,true,1,
7290106724433,false,מסטיק קוביות ספירמינט63ג,עלית,IL,מסטיק קוביות,גרמים,63.00,100 גרם,false,1,11.80,18.73,true,1,
7290106724457,false,אנרג'י בייגלה אגוז 6יח',עלית,IL,אנרג'י בייגלה,גרמים,156.00,100 גרם,false,1,15.00,9.62,true,1,
7290106724464,false,אנרג'י ביגלה קרמל 6 יח,עלית,IL,אנרג'י בייגלה,גרמים,156.00,100 גרם,false,1,15.00,9.62,true,1,
7290106724778,false,טעמי קרם עוגיות שוקולד40,שטראוס,IL,חטיף טעמי,גרמים,40.00,100 גרם,false,1,3.90,9.75,true,1,
7290106724808,false,סוכריות נוסטלגיה מנטה80ג,עלית,IL,סוכריות מנטה,גרמים,80.00,100 גרם,false,1,4.90,6.13,true,1,
7290106725423,false,רבע לשבע חלבה 120 גרם,עלית,IL,רבע לשבע חלבה,גרמים,120.00,100 גרם,false,1,11.90,9.92,true,1,
7290106725430,false,מסטיק קוב.אננס הדרים63ג,עלית,IL,מסטיק קוביות,גרמים,63.00,100 גרם,false,1,11.80,18.73,true,1,
7290106726161,false,דנונה פרו אפרסק2.4% 150ג,שטראוס,IL,דנונה פרו אפרסק,גרמים,150.00,100 גרם,false,1,4.90,3.27,true,1,
7290106726178,false,דנונה פרו פירות יער150ג,שטראוס,IL,דנונה פרו פ.יער,גרמים,150.00,100 גרם,false,1,4.90,3.27,true,1,
7290106726307,false,רוטב ירוק ישראלי חריף220,שטראוס,IL,רוטב ירוק חריף,גרמים,220.00,100 גרם,false,1,10.00,4.55,true,1,
7290106726314,false,רוטב אדום ישראלי חריף220,שטראוס,IL,רוטב אדום חריף,גרמים,220.00,100 גרם,false,1,10.00,4.55,true,1,
7290106727045,false,דנונה פרו אננס2.4% 150ג,שטראוס,IL,דנונה פרו אננס,גרמים,150.00,100 גרם,false,1,4.90,3.27,true,1,
7290106728127,false,חלב טבעי בקבוק3.6% 1ליטר,יטבתה,IL,חלב טבעי בקבוק,ליטרים,1.00,ליטר,false,1,7.50,7.50,true,1,
7290106728509,false,קפה נמס200ג+פתי בר250ג,עלית,IL,קפה נמס מארז,יחידה,1.00,יחידה,false,1,19.90,19.90,true,1,
7290107280037,false,מגבונים לניקוי,,IL,מגבונים לניקוי,יחידה,1.00,יחידה,false,0,6.90,6.90,true,1,
7290107280099,false,מגבוני נייר לחים,,IL,מגבוני נייר לחים,יחידה,1.00,יחידה,false,0,16.90,16.90,true,1,
7290107280167,false,תחליב רחצה קרמה וניל750מ,קוסמופארם,IL,תחליב רחצה קרמה,מיליליטרים,750.00,"100 מ""ל",false,0,15.90,2.12,true,1,
7290107280198,false,תחליב רחצה קרמה פרח750מ,קוסמופארם,IL,תחליב רחצה קרמה,מיליליטרים,750.00,"100 מ""ל",false,1,15.90,2.12,true,1,
7290107280389,false,מתז ג'ט לאמבט,,IL,מתז ג'ט לאמבט,מיליליטרים,750.00,"100 מ""ל",false,0,9.00,1.20,true,1,
7290107280396,false,מתז ג'ט למטבח,,IL,מתז ג'ט למטבח,מיליליטרים,750.00,"100 מ""ל",false,0,9.00,1.20,true,1,
7290107280471,false,ספארק טבליות למדיח 30 יח,סנו,IL,טבליות למדיח,יחידה,1.00,יחידה,false,0,20.00,20.00,true,1,
7290107280488,false,סנובון WAVE פרחים 45גר,סנו,IL,סנובון WAVE,גרמים,45.00,100 גרם,false,0,9.80,21.78,true,1,
7290107280495,false,סנובון WAVE לימון 45גר,סנו,IL,סנובון WAVE,גרמים,45.00,100 גרם,false,0,9.80,21.78,true,1,
7290107280501,false,סנובון WAVE אורנים 45גר,סנו,PL,סנובון WAVE,גרמים,45.00,100 גרם,false,0,9.80,21.78,true,1,
7290107280563,false,אוקסיג'ן בייבי,,IL,אוקסיג'ן בייבי,ליטרים,3.00,ליטר,false,0,26.90,8.97,true,1,
7290107280679,false,ספארק טבליות למדיח 70 יח,סנו,IL,טבליות למדיח,יחידה,1.00,יחידה,false,0,49.90,49.90,true,1,
7290107280723,false,נוזל לכלים לימון 700מל,סנו,IL,נוזל לכלים לימון,מיליליטרים,700.00,"100 מ""ל",false,0,7.90,1.13,true,1,
7290107280761,false,ספארק לכלים לימון+משאבה,סנו,IL,נוזל כלים לימון,ליטרים,1.00,ליטר,false,0,10.90,10.90,true,1,
7290107280822,false,ריצפז פרש הום ספא 2 ליטר,החברה הדרומית,IL,ריצפז פרש הום,ליטרים,2.00,ליטר,false,0,19.30,9.65,true,1,
7290107280839,false,קרם גוף קרמה לחות 500 מל,סנו,IL,קרם גוף קרמה,מיליליטרים,500.00,"100 מ""ל",false,1,21.70,4.34,true,1,
7290107640206,false,פינוק מרכך למגע משי700 מ,יוניליוור,IL,מרכך פינוק,מיליליטרים,700.00,"100 מ""ל",false,0,10.00,1.43,true,1,
7290107640213,false,פינוק ת.רחצה למגע משי700,יוניליוור,IL,תחליב רחצה פינוק,מיליליטרים,700.00,"100 מ""ל",false,0,10.00,1.43,true,1,
7290107640435,false,פינוק ת.רחצה לרעננות 700,יוניליוור,IL,תחליב רחצה פינוק,מיליליטרים,700.00,"100 מ""ל",false,1,10.00,1.43,true,1,
7290107640671,false,קליק בייגלה שוקולד לבן70,יוניליוור,IL,קליק בייגלה,גרמים,70.00,100 גרם,false,1,5.90,8.43,true,1,
7290107641012,false,נשנושי ברנפלקס שקדים375ג,יוניליוור,IL,נישנושי ברנפלקס,גרמים,375.00,100 גרם,false,1,17.90,4.77,true,1,
7290107641081,false,שמפו פינוק קשקש.מנטול700,יוניליוור,IL,שמפו פינוק,מיליליטרים,700.00,"100 מ""ל",false,1,10.00,1.43,true,1,
7290107641098,false,פינוק 2ב1 קשקשים 700 מל,יוניליוור,IL,שמפו פינוק,מיליליטרים,700.00,"100 מ""ל",false,1,10.00,1.43,true,1,
7290107642002,false,כריות מיקס 750 גרם,יוניליוור,IL,כריות מיקס,גרמים,750.00,100 גרם,false,1,27.90,3.72,true,1,
7290107870429,false,"רוטב בסיס לבישול 580 מ""ל",אסם,IL,רוטב בסיס לבישול,מיליליטרים,580.00,"100 מ""ל",false,0,15.90,2.74,true,1,
7290107871297,false,פריכונים מיני עש.תיבול25,"פרח תעשיות מזון בע""מ",IL,פריכונים מיני,גרמים,25.00,100 גרם,false,0,4.20,16.80,true,1,
7290107871532,false,מאגדת קרח מילון דובד750,נגה גלידות,IL,מאגדת קרח מילון דובד750,גרמים,750.00,100 גרם,false,7,17.70,2.36,true,1,
7290107871556,false,לחמית מיני כפרית 40 גרם,אסם,IL,לחמית מיני כפרית,גרמים,40.00,100 גרם,false,0,3.90,9.75,true,1,
7290107871761,false,לחמית ירקות קלויים 160גר,אסם,IL,לחמית ירקות,גרמים,160.00,100 גרם,false,1,9.00,5.63,true,1,
7290107871990,false,פסטה צינורות 500 גרם,זארה,IT,פסטה צינורות,גרמים,500.00,100 גרם,false,0,5.40,1.08,true,1,
7290107872126,false,רוטב עגבניות לפיצה420גרם,אסם,IL,רוטב עגבניות,גרמים,420.00,100 גרם,false,0,10.00,2.38,true,1,
7290107872140,false,רוטב עגבניות בזיליקום420,אסם,IL,רוטב עגבניות,גרמים,420.00,100 גרם,false,0,10.00,2.38,true,1,
7290107872164,false,רוטב עגבניות לקציצות420ג,אסם,IL,רוטב לקציצות,גרמים,420.00,100 גרם,false,0,10.00,2.38,true,1,
7290107872188,false,רוטב עגבניות לספגטי420ג,אסם,IL,רוטב עגבניות,גרמים,420.00,100 גרם,false,0,10.00,2.38,true,1,
7290107873086,false,פתיתים אפויים פלוס עדשים,אסם,IL,פתיתים אפויים,גרמים,400.00,100 גרם,false,0,6.90,1.73,true,1,
7290107873185,false,מלך החומוס+פלפל חריף400ג,צבר,IL,מלך החומוס צבר,גרמים,400.00,100 גרם,false,1,12.30,3.08,true,1,
7290107873208,false,חומוס עשיר בטחינה 400גרם,צבר,IL,מלך החומוס צבר,גרמים,400.00,100 גרם,false,1,12.30,3.08,true,1,
7290107873222,false,חומוס עם חריף 400 גרם,צבר,IL,חומוס עם חריף,גרמים,400.00,100 גרם,false,0,11.80,2.95,true,1,
7290107873239,false,פתי בר קרמל 500גרם,אסם,IL,פתיבר קרמל,גרמים,500.00,100 גרם,false,1,10.90,2.18,true,1,
7290107874380,false,לחמית מיני חיטה מלאה40ג,אסם,IL,לחמית מיני,גרמים,40.00,100 גרם,false,0,3.90,9.75,true,1,
7290107874427,false,פריכונים מיני זעתר 25גרם,"פרח תעשיות מזון בע""מ",IL,פריכונים מיני,גרמים,25.00,100 גרם,false,0,4.20,16.80,true,1,
7290107874441,false,פריכונ.מיני בצל מקורמל25,"פרח תעשיות מזון בע""מ",IL,פריכונים מיני,גרמים,25.00,100 גרם,false,0,4.20,16.80,true,1,
7290107875400,false,להקרמריה פיסטוק מוקה 1.4,נסטלה,IL,להקרמריה,ליטרים,1.40,ליטר,false,0,21.70,15.50,true,1,
7290107875820,false,קרוטונים תיבול ביתי 180ג,עינת,IL,קרוטונים אפויים,גרמים,180.00,100 גרם,false,1,11.80,6.56,true,1,
7290107875912,false,מנה חמה פסטה עגבניות62ג,אסם,IL,מנה חמה,גרמים,62.00,100 גרם,false,1,5.90,9.52,true,1,
7290107876032,false,שקדי מרק ואטריות 400 גרם,אסם,IL,שקדי מרק ואטריות,גרמים,400.00,100 גרם,false,1,12.90,3.23,true,1,
7290107876544,false,מרק נמס תירס 18*5 גרם,אסם,IL,מרק נמס תירס 5יח,גרמים,90.00,100 גרם,false,1,10.00,11.11,true,1,
7290107876650,false,מלפפונים במלח 7-9 670גרם,בית השיטה,IL,מלפפונים במלח,גרמים,670.00,100 גרם,false,1,5.90,0.88,true,1,
7290107876803,false,זיתים חרוזית 560 גרם,בית השיטה,IL,זיתים חרוזית,גרמים,560.00,100 גרם,false,1,8.90,1.59,true,1,
7290107876919,false,"פריכוני תפו""א ע.תיבול23ג",אסם,IL,"פריכונים תפו""א",גרמים,23.00,100 גרם,false,1,4.20,18.26,true,1,
7290107876933,false,פריכונים 3דגנים שום 23גר,אסם,IL,פריכונים 3 דגנים,גרמים,23.00,100 גרם,false,1,4.20,18.26,true,1,
7290107877169,false,חטיפי קרקר ללא גלוטן 150,אסם,IL,חטיפי קרקר,גרמים,150.00,100 גרם,false,1,8.90,5.93,true,1,
7290107877428,false,רוטב ויניגרט תפוחים290מ,אסם,IL,רוטב ויניגרט,מיליליטרים,290.00,"100 מ""ל",false,1,10.90,3.76,true,1,
7290107877527,false,מרק נמס עגבניות 30*2גרם,אסם,IL,מרק נמס עגבניות,גרמים,60.00,100 גרם,false,1,6.30,10.50,true,1,
7290107877541,false,מרק נמס טעם עוף 26*2 גרם,אסם,IL,מרק נמס טעם עוף,גרמים,52.00,100 גרם,false,1,6.30,12.12,true,1,
7290107877657,false,רוטב בסיס לבישול5ב1 290מ,אסם,IL,רוטב בסיס לבישול,מיליליטרים,290.00,"100 מ""ל",false,1,12.80,4.41,true,1,
7290107877763,false,במבה במביני 60 גרם,אסם,IL,במבה במביני,גרמים,60.00,100 גרם,false,1,4.30,7.17,true,1,
7290107877961,false,פרפקטו ספגטי 600 גרם,פסטה זארה,IT,פרפקטו ספגטי,גרמים,600.00,100 גרם,false,1,7.60,1.27,true,1,
7290107877992,false,פרפקטו ספירלי 600 גרם,פסטה זארה,IT,פרפקטו ספירלי,גרמים,600.00,100 גרם,false,1,7.60,1.27,true,1,
7290107878074,false,פייבר וואן שקד+אגוז489גר,ג'נרל מילס,US,דגנים פייבר וואן,גרמים,489.00,100 גרם,false,1,23.90,4.89,true,1,
7290107878609,false,פסטה דינוזאורים 350 גרם,לנסי,IT,פסטה דינוזאורים,גרמים,350.00,100 גרם,false,1,5.40,1.54,true,1,
7290107878869,false,עוגת שוקולד דאבל ציפס340,אסם,IL,עוגת שוקולד הבית,גרמים,340.00,100 גרם,false,1,11.90,3.50,true,1,
7290107879477,false,"ג'ויה טופי בננה 500מ""ל",נסטלה,IL,ג'ויה טופי בננה,מיליליטרים,500.00,"100 מ""ל",false,6,19.70,3.94,true,1,
7290107879491,false,"ג'ויה נוצ'ולה 500מ""ל",נסטלה,IL,ג'ויה נוצ'ולה,מיליליטרים,500.00,"100 מ""ל",false,6,19.70,3.94,true,1,
7290107930178,false,סלסה עגבניות חריפה 400גר,שטראוס,IL,סלסה עגבניות,גרמים,400.00,100 גרם,false,1,15.90,3.98,true,1,
7290107930963,false,שוק.פרה חלב אוריגמי 100ג,שטראוס,IL,שוקולד פרה,גרמים,100.00,100 גרם,false,1,5.50,5.50,true,1,
7290107931830,false,סלט משוויה 400 גרם,שטראוס,IL,סלט משוויה,גרמים,400.00,100 גרם,false,1,15.90,3.98,true,1,
7290107932080,false,חלב מועשר3% בקבוק 1ליטר,יטבתה,IL,חלב מועשר 3%,ליטרים,1.00,ליטר,false,1,7.50,7.50,true,1,
7290107932134,false,חלב מועשר1% בקבוק 1ליטר,יטבתה,IL,חלב מועשר 1%,ליטרים,1.00,ליטר,false,1,7.50,7.50,true,1,
7290107933315,false,חלב דל לקטוז בקבוק2% 1ל,יטבתה,IL,חלבדל לקטוז 2%,ליטרים,1.00,ליטר,false,1,7.50,7.50,true,1,
7290107933728,false,תפוצ'יפס סטיקס קטשופ65גר,שטראוס,IL,תפוצ'יפס סטיקס,גרמים,65.00,100 גרם,false,1,3.80,5.85,true,1,
7290107933742,false,תפוצ'יפס סטיקס ברביקיו65,שטראוס,IL,תפוצ'יפס סטיקס,גרמים,65.00,100 גרם,false,1,3.80,5.85,true,1,
7290107934473,false,דנונה אקטיביה1.5% 150*8מ,שטראוס,IL,אקטביה 1.5% 8 יח,ליטרים,1.20,ליטר,false,1,21.90,18.25,true,1,
7290107934480,false,דנונה אקטיביה 3% 150*8מ,שטראוס,IL,אקטביה 3% 8 יח,ליטרים,1.20,ליטר,false,1,21.90,18.25,true,1,
7290107934503,false,דנונה אקטיביה 3% 150*4מל,שטראוס,IL,אקטביה 3% 4 יח,מיליליטרים,600.00,"100 מ""ל",false,1,12.40,2.07,true,1,
7290107970303,false,תערובת ללחם עם גרעינים1ק,פלאקטורפר מולה,DE,תערובת ללחם,קילוגרמים,1.00,"ק""ג",false,1,10.90,10.90,true,1,
7290108200225,false,גולד אבקה להסרת כתמים470,רקיט בנקיזר,IT,וניש גולד אבקה,גרמים,470.00,100 גרם,false,1,10.00,2.13,true,1,
7290108200232,false,גולד אבקה לכב.לבנה 470 ג,רקיט בנקיזר,IT,וניש גולד אבקה,גרמים,470.00,100 גרם,false,1,10.00,2.13,true,1,
7290108200454,false,קולון ג'ל כביסה לבנדר5ל,רקיט בנקיזר,IL,ג'ל כביסה קולון,ליטרים,5.00,ליטר,false,1,34.90,6.98,true,1,
7290108350128,false,40שק.אשפה חזקות אקסטרה,סנו,IL,שקיות אשפה,יחידה,1.00,יחידה,false,1,23.90,23.90,true,1,
7290108350142,false,"סושי שקיות רב""ש 270 יחיד",סנו,IL,"שקיות רב""ש",יחידה,1.00,יחידה,false,1,12.90,12.90,true,1,
7290108350531,false,ספארק לכלים קלאסי+משאבה,סנו,IL,ספארק לכלים,ליטרים,1.00,ליטר,false,1,10.90,10.90,true,1,
7290108500080,false,עוגיות שוקולד צ'יפס100גר,דנקייק,PT,עוגיות שוקוצ'יפס,גרמים,100.00,100 גרם,false,1,5.00,5.00,true,1,
7296058000526,false,פרכיות כוסמת,,IL,פרכיות כוסמת,גרמים,130.00,100 גרם,false,0,8.80,6.77,true,1,
7296073001928,false,"נקטר תפ""ע צלול שופרסל 1ל",שופרסל,IL,"נקטר תפו""ע צלול",ליטרים,1.00,ליטר,false,0,4.20,4.20,true,1,
7296073001942,false,נקטר תפוזים שופרסל 1ליטר,שופרסל,IL,נקטר תפוזים,ליטרים,1.00,ליטר,false,0,4.20,4.20,true,1,
7296073002543,false,שקיות אשפה,,TR,שקיות אשפה,יחידה,1.00,יחידה,false,0,18.90,18.90,true,1,
7296073002567,false,10שקיות אשפה+שרוך שופרסל,שופרסל,TR,שקיות אשפה,יחידה,1.00,יחידה,false,0,11.80,11.80,true,1,
7296073002574,false,50 שקיות אשפה ענק.שופרסל,שופרסל,HK,שקיות אשפה,יחידה,1.00,יחידה,false,0,13.40,13.40,true,1,
7296073002604,false,200שקיות אוכל19X25סמ גלי,שופרסל,IL,שקיות אוכל,יחידה,1.00,יחידה,false,0,7.80,7.80,true,1,
7296073002635,false,נייר טואלט סופר דיל 48גל,שופרסל,IL,נייר טואלט,מטרים,883.00,100 מטר,false,0,37.90,4.29,true,1,
7296073005735,false,עוג.סנדוויץ שוק.שופרס150,שופרסל,IL,עוגיות סנדוויץ,גרמים,150.00,100 גרם,false,0,4.00,2.67,true,1,
7296073005742,false,עוג.סנדוויץ וניל שופרסל,שופרסל,IL,עוגיות סנדוויץ,גרמים,150.00,100 גרם,false,0,4.00,2.67,true,1,
7296073005841,false,אפונה ירוקה שופרסל500גרם,מיה,IL,אפונה ירוקה,גרמים,500.00,100 גרם,false,0,5.90,1.18,true,1,
7296073005858,false,בורגול שופרסל 500 גרם,מיה,IL,בורגול,גרמים,500.00,100 גרם,false,0,4.90,0.98,true,1,
7296073005865,false,גריסי פנינה שופרסל500גרם,מיה,IL,גריסי פנינה,גרמים,500.00,100 גרם,false,0,4.90,0.98,true,1,
7296073005872,false,חומוס גדול שופרסל 500גרם,מיה,IL,חומוס גדול,גרמים,500.00,100 גרם,false,0,5.80,1.16,true,1,
7296073005889,false,חומוס לבן ענק שופרסל500ג,מיה,IL,חומוס לבן ענק,גרמים,500.00,100 גרם,false,0,7.40,1.48,true,1,
7296073005896,false,חיטה שופרסל 500 גרם,מיה,IL,חיטה שופרסל,גרמים,500.00,100 גרם,false,0,4.90,0.98,true,1,
7296073005902,false,כוסמת שופרסל 500 גרם,מיה,IL,כוסמת שופרסל,גרמים,500.00,100 גרם,false,0,7.30,1.46,true,1,
7296073005919,false,עדשים ירוקות שופרסל500ג,מיה,IL,עדשים ירוקות,גרמים,500.00,100 גרם,false,0,4.80,0.96,true,1,
7296073005926,false,עדשים אדומות שופרסל500גר,מיה,IL,עדשים אדומות,גרמים,500.00,100 גרם,false,0,5.90,1.18,true,1,
7296073005957,false,שעועית לבנה שופרסל500גרם,מיה,IL,שעועית לבנה,גרמים,500.00,100 גרם,false,0,9.80,1.96,true,1,
7296073005971,false,שעועית אדומה שופרסל500גר,מיה,IL,שעועית אדומה,גרמים,500.00,100 גרם,false,0,8.80,1.76,true,1,
7296073005988,false,שעועית בובס שופרסל400גרם,מיה,IL,שעועית בובס,גרמים,400.00,100 גרם,false,0,12.80,3.20,true,1,
7296073006008,false,"שעועית לבנה שופרסל 1 ק""ג",מיה,IL,שעועית לבנה,קילוגרמים,1.00,"ק""ג",false,0,17.70,17.70,true,1,
7296073006015,false,"חומוס גדול שופרסל 1 ק""ג",מיה,IL,חומוס גדול,קילוגרמים,1.00,"ק""ג",false,0,9.80,9.80,true,1,
7296073006077,false,שעועית מעורבת שופרסל500ג,מיה,IL,שעועית מעורבת,גרמים,500.00,100 גרם,false,0,12.80,2.56,true,1,
7296073006107,false,"אפונה ירוקה שופרסל 1 ק""ג",מיה,IL,אפונה ירוקה,קילוגרמים,1.00,"ק""ג",false,0,7.80,7.80,true,1,
7296073006114,false,"עדשים ירוקות שופרסל 1ק""ג",מיה,IL,עדשים ירוקות,קילוגרמים,1.00,"ק""ג",false,0,9.80,9.80,true,1,
7296073006121,false,"עדשים אדומות שופרסל 1ק""ג",מיה,IL,עדשים אדומות,קילוגרמים,1.00,"ק""ג",false,0,11.60,11.60,true,1,
7296073006138,false,"חיטה שופרסל 1 ק""ג",מיה,IL,"חיטה 1 ק""ג",קילוגרמים,1.00,"ק""ג",false,0,7.80,7.80,true,1,
7296073006152,false,"גריסים שופרסל 1 ק""ג",מיה,IL,"גריסים 1 ק""ג",קילוגרמים,1.00,"ק""ג",false,0,7.50,7.50,true,1,
7296073006176,false,"סוכר שופרסל 1 ק""ג",סוגת,IL,סוכר לבן,קילוגרמים,1.00,"ק""ג",false,0,3.90,3.90,true,1,
7296073006381,false,מנזנילו בינונ.שופרסל560ג,שופרסל,IL,זיתים ירוקים,גרמים,560.00,100 גרם,false,0,6.30,1.13,true,1,
7296073006398,false,מנזנילו גדול ירוק 560 גר,שופרסל,IL,זיתי מנזנילו,גרמים,560.00,100 גרם,false,0,6.80,1.21,true,1,
7296073006404,false,מלפפון במלח7-9 שופר560.ג,שופרסל,IL,מלפפון במלח,גרמים,560.00,100 גרם,false,0,5.50,0.98,true,1,
7296073006411,false,מלפ.במלח 10-12שופרסל560ג,שופרסל,IL,מלפפון במלח12-,גרמים,560.00,100 גרם,false,0,5.90,1.05,true,1,
7296073006428,false,מלפ.במלח 13-17שופרסל560ג,שופרסל,IL,מלפפון במלח,גרמים,560.00,100 גרם,false,0,8.40,1.50,true,1,
7296073006497,false,גביעי גלידה שופרסל 30יח',גילרו,IL,גביעי גלידה,גרמים,115.00,100 גרם,false,0,8.90,7.74,true,1,
7296073006541,false,גריסים שופרסל 500 גרם,מיה,IL,גריסים שופרסל,גרמים,500.00,100 גרם,false,0,4.50,0.90,true,1,
7296073006640,false,מלפפ.כבישה בית.שופר1.65ק,שופרסל,IL,מלפפון כבוש ביתי,קילוגרמים,1.65,"ק""ג",false,0,24.70,14.97,true,1,
7296073007951,false,100 שק.אשפה+שרוך שופרסל,שופרסל,,שקיות אשפה,יחידה,1.00,יחידה,false,0,32.60,32.60,true,1,
7296073011101,false,קוסקוס עבה שופרסל 350גרם,אסיף תעשיות מזון,IL,קוסקוס עבה,גרמים,350.00,100 גרם,false,0,4.90,1.40,true,1,
7296073011118,false,קוסקוס דק שופרסל 350 גרם,אסיף תעשיות מזון,IL,קוסקוס דק,גרמים,350.00,100 גרם,false,0,4.90,1.40,true,1,
7296073011217,false,פסטה פנה ריגטה31שופר500ג,שופרסל,IT,פסטה פנה ריגטה,גרמים,500.00,100 גרם,false,0,4.90,0.98,true,1,
7296073011224,false,פסטה פוסילי36שופר 500גרם,שופרסל,IL,פסטה פוסילי,גרמים,500.00,100 גרם,false,0,4.90,0.98,true,1,
7296073011248,false,פסטה פרפלה מס57שופרסל500,שופרסל,IT,פסטה פרפלה,גרמים,500.00,100 גרם,false,0,4.90,0.98,true,1,
7296073012009,false,קוסקוס בינוני שופרסל350ג,אסיף תעשיות מזון,IL,קוסקוס בינוני,גרמים,350.00,100 גרם,false,0,4.90,1.40,true,1,
7296073013082,false,חרוזי זיתים שופרסל1.25קג,שופרסל,IL,חרוזי זיתים,קילוגרמים,1.25,"ק""ג",false,0,16.20,12.96,true,1,
7296073016960,false,מפיות נשלפות,שופרסל,IL,מפיות נשלפות,יחידה,1.00,יחידה,false,0,2.90,2.90,true,1,
7296073020356,false,"כוסות ח""פ שופרסל 150 יח'",שופרסל,,"כוסות ח""פ",יחידה,1.00,יחידה,false,0,6.90,6.90,true,1,
7296073020363,false,"50כוסות יין ח""פ שופרסל",שופרסל,IL,"כוסות ח""פ ליין",יחידה,1.00,יחידה,false,0,4.40,4.40,true,1,
7296073020370,false,צלחות גדולות שופרסל 100,שופרסל,IL,"צלחות ח""פ גדולות",יחידה,1.00,יחידה,false,0,17.90,17.90,true,1,
7296073020394,false,"קעריות ח""פ שופרסל 50 יח'",שופרסל,IL,"קעריות ח""פ",יחידה,1.00,יחידה,false,0,12.90,12.90,true,1,
7296073020400,false,"קעריות ח""פ אובלית שופרסל",שופרסל,IL,"קעריות ח""פ",יחידה,1.00,יחידה,false,0,7.90,7.90,true,1,
7296073020431,false,מפיות חד שכבתי 100 יחידו,שופרסל,IL,מפיות חד שכבתי,יחידה,1.00,יחידה,false,0,6.90,6.90,true,1,
7296073020462,false,טחינה גולמית שופרסל 500ג,רושדי תעשיות מזון,IL,טחינה גולמית,גרמים,500.00,100 גרם,false,0,13.90,2.78,true,1,
7296073020936,false,פטריות חתוכות שופרסל400ג,פרוצ'אמפ,DE,פטריות חתוכות,גרמים,400.00,100 גרם,false,0,4.20,1.05,true,1,
7296073021568,false,"קמח לבן שופרסל 1 ק""ג",שופרסל,IL,קמח לבן,קילוגרמים,1.00,"ק""ג",false,0,3.60,3.60,true,1,
7296073021575,false,"קמח תופח שופרסל 1 ק""ג",שופרסל,IL,קמח תופח מאיליו,קילוגרמים,1.00,"ק""ג",false,0,5.90,5.90,true,1,
7296073021582,false,"סולת חיטה שופרסל 1 ק""ג",שופרסל,IL,סולת חיטה,קילוגרמים,1.00,"ק""ג",false,0,4.00,4.00,true,1,
7296073027713,false,מפיות חד שכבתי 180 יח,שופרסל,IL,מפיות חד שכבתי,יחידה,1.00,יחידה,false,0,8.90,8.90,true,1,
7296073030027,false,מפיות דו שכבתי,שופרסל,IL,מפיות דו שכבתי,יחידה,1.00,יחידה,false,0,6.90,6.90,true,1,
7296073033752,false,שמן קנולה שופרסל 1 ליטר,NV AOR,BE,שמן קנולה 1 ל',ליטרים,1.00,ליטר,false,0,6.90,6.90,true,1,
7296073036500,false,שמן קנולה שופרסל 3 ל',NV AOR,BE,שמן קנולה 3 ל',ליטרים,3.00,ליטר,false,0,19.90,6.63,true,1,
7296073037354,false,"טחינה גולמית שופרסל 1ק""ג",רושדי תעשיות מזון,IL,טחינה גולמית,קילוגרמים,1.00,"ק""ג",false,0,24.70,24.70,true,1,
7296073048954,false,"אורז ריזוטו שופרסל 1 ק""ג",מיה,IL,אורז ריזוטו,קילוגרמים,1.00,"ק""ג",false,0,7.50,7.50,true,1,
7296073048992,false,פסטרמה בדבש שופרסל 300גר,מעדני יחיעם,IL,פסטרמה בדבש,גרמים,300.00,100 גרם,false,0,19.90,6.63,true,1,
7296073049029,false,כתף בקר שופרסל 300 גרם,מעדני יחיעם,IL,כתף בקר,גרמים,300.00,100 גרם,false,0,29.60,9.87,true,1,
7296073049043,false,פסטרמה ברבקיו שופרסל300ג,שופרסל,IL,פסטרמה ברבקיו,גרמים,300.00,100 גרם,false,0,19.90,6.63,true,1,
7296073049050,false,פסטרמה רומנית שופרסל300ג,שופרסל,IL,פסטרמה רומנית,גרמים,300.00,100 גרם,false,0,24.90,8.30,true,1,
7296073049074,false,סלמי קוניאק שופרסל 300גר,שופרסל,IL,סלמי קוניאק,גרמים,300.00,100 גרם,false,0,21.70,7.23,true,1,
7296073049135,false,אטריות ביצים דקות שופ200,שיבולים בני דרום,IL,אטריות ביצים,גרמים,200.00,100 גרם,false,0,6.80,3.40,true,1,
7296073053743,false,פסטה קונקיליוני39 שופרסל,שופרסל,IT,פסטה קונקיליוני,גרמים,500.00,100 גרם,false,0,4.90,0.98,true,1,
7296073053750,false,פסטה לומקה ריגטה 48 שופר,שופרסל,IT,פסטה לומקה,גרמים,500.00,100 גרם,false,0,4.90,0.98,true,1,
7296073053767,false,דפי לזניה שופרסל 500 גרם,שופרסל,IT,דפי לזניה,גרמים,500.00,100 גרם,false,0,12.80,2.56,true,1,
7296073058991,false,מוזלי שופרסל 500 גרם,שופרסל,IL,מוזלי שופרסל,גרמים,500.00,100 גרם,false,0,13.90,2.78,true,1,
7296073059097,false,25 מגבונים להסרת איפור,שופרסל,IL,מגבונים לאיפור,יחידה,1.00,יחידה,false,0,9.90,9.90,true,1,
7296073059615,false,קרוטונים לסלט שופרסל250ג,שופרסל,IL,קרוטונים לסלט,גרמים,250.00,100 גרם,false,0,9.70,3.88,true,1,
7296073059691,false,"50 צלחות גדול ח""פ שופרסל",שופרסל,IL,"צלחות ח""פ גדולות",יחידה,1.00,יחידה,false,0,9.90,9.90,true,1,
7296073059707,false,"צלחות קטנות ח""פ שופרסל 5",שופרסל,IL,"צלחות קטנות ח""פ",יחידה,1.00,יחידה,false,0,7.90,7.90,true,1,
7296073059745,false,"לפתניות ח""פ שופרסל 50 יח",שופרסל,IL,"לפתניות ח""פ",יחידה,1.00,יחידה,false,0,7.90,7.90,true,1,
7296073059790,false,"צלחות מרכזיות ח""פ שופרסל",שופרסל,IL,"צלחות מרכז.ח""פ",יחידה,1.00,יחידה,false,0,9.90,9.90,true,1,
7296073059851,false,טחינה שומשום מלא שופ500ג,רושדי תעשיות מזון,IL,טחינה שומשום מלא,גרמים,500.00,100 גרם,false,0,14.80,2.96,true,1,
7296073059998,false,מפיות תלת שכבתי מודפס,שופרסל,IL,מפיות מודפסות,יחידה,1.00,יחידה,false,0,7.90,7.90,true,1,
7296073060024,false,"צלחות קטנות ח""פ שופרסל 1",שופרסל,,"צלחות קטנות ח""פ",יחידה,1.00,יחידה,false,0,12.90,12.90,true,1,
7296073062974,false,"מים מינרל.שופרסל500*6מ""ל",שופרסל,IT,מים מינרלים 6יח',ליטרים,3.00,ליטר,false,0,11.70,3.90,true,1,
7296073066354,false,חטיפי חלווה שופרסל 250 ג,"אחדות בע""מ א.ת. ברקן",IL,חטיפי חלווה,גרמים,250.00,100 גרם,false,0,9.70,3.88,true,1,
7296073066361,false,עוג.סנדביץ' שוקו שופר900,שופרסל,IL,עוגיות סנדביץ',גרמים,900.00,100 גרם,false,0,17.70,1.97,true,1,
7296073066378,false,עוג.סנדביץ' וניל שופר900,שופרסל,IL,עוגיות סנדביץ,גרמים,900.00,100 גרם,false,0,17.70,1.97,true,1,
7296073074434,false,פתי בר גדול שופרסל500גרם,שופרסל,IL,פתי בר שופרסל,גרמים,500.00,100 גרם,false,0,8.90,1.78,true,1,
7296073074441,false,פתי בר שוקו גדול שופר500,שופרסל,IL,פתי בר שוקו,גרמים,500.00,100 גרם,false,0,8.90,1.78,true,1,
7296073074533,false,חומץ טבעי 5% שופרסל 1 ל,שופרסל,IL,חומץ טבעי,ליטרים,1.00,ליטר,false,0,5.90,5.90,true,1,
7296073074649,false,קנלוני שופרסל 250 גרם,שופרסל,IT,קנלוני שופרסל,גרמים,250.00,100 גרם,false,0,8.80,3.52,true,1,
7296073078555,false,בצק עלים שופרסל 1קג,שופרסל,IL,בצק עלים 1קג,קילוגרמים,1.00,"ק""ג",false,0,13.80,13.80,true,1,
7296073078579,false,דבש טבעי שופרסל 350 גרם,שופרסל,IL,דבש טבעי,גרמים,350.00,100 גרם,false,0,16.40,4.69,true,1,
7296073078586,false,דבש טבעי שופרסל צנצ500גר,שופרסל,IL,דבש טבעי שופרסל,גרמים,500.00,100 גרם,false,0,22.80,4.56,true,1,
7296073078609,false,"דבש טבעי שופרסל 1 ק""ג",שופרסל,IL,דבש טבעי,קילוגרמים,1.00,"ק""ג",false,0,38.90,38.90,true,1,
7296073078821,false,4 כריות יפניות שופרסל,פלסטו פוליש,IL,כריות יפניות,יחידה,1.00,יחידה,false,0,7.70,7.70,true,1,
7296073078838,false,6 כריות יפניות שופרסל,פלסטו פוליש,IL,כריות יפניות,יחידה,1.00,יחידה,false,0,8.80,8.80,true,1,
7296073078883,false,9 מטליות ניקוי כללי שופר,שופרסל,IL,מטליות ניקוי 9יח,יחידה,1.00,יחידה,false,0,8.80,8.80,true,1,
7296073078890,false,15מטליות ניקוי כללי שופר,שופרסל,,מטליות לניקוי,יחידה,1.00,יחידה,false,0,13.80,13.80,true,1,
7296073078944,false,קינואה שופרסל 500 גרם,מיה,IL,קינואה,גרמים,500.00,100 גרם,false,0,13.90,2.78,true,1,
7296073078975,false,פריכיות אורז מלא שופר100,שופרסל,IL,פריכיות אורז,גרמים,100.00,100 גרם,false,0,5.90,5.90,true,1,
7296073078982,false,פריכ.אורז 5דגנים שופר100,שופרסל,IL,פריכיות אורז,גרמים,100.00,100 גרם,false,0,5.90,5.90,true,1,
7296073078999,false,פריכ.אורז שיבולת שופר100,שופרסל,IL,פריכיות אורז,גרמים,100.00,100 גרם,false,0,5.90,5.90,true,1,
7296073079002,false,פריכ.דקות אורז מלא ש100.,שופרסל,IL,פריכיות דקות,גרמים,100.00,100 גרם,false,0,6.40,6.40,true,1,
7296073079040,false,פריכיות זעתר שופרסל 50גר,שופרסל,IL,פריכיות אורז,גרמים,50.00,100 גרם,false,0,6.90,13.80,true,1,
7296073079057,false,פריכיות מעושן שופרסל50גר,שופרסל,IL,פריכיות שופרסל,גרמים,50.00,100 גרם,false,0,6.90,13.80,true,1,
7296073079354,false,72 מגבונים שופרסל רפיל,שופרסל,IL,מגבונים שופרסל,יחידה,1.00,יחידה,false,0,5.90,5.90,true,1,
7296073079361,false,מגבונים לחים שופר72*6יח,שופרסל,IL,מגבונים לחים 6יח,יחידה,1.00,יחידה,false,0,24.90,24.90,true,1,
7296073079859,false,קוביות עגבניות שופר800.ג,פריניר,IL,עגבניות קוביות,גרמים,800.00,100 גרם,false,0,5.90,0.74,true,1,
7296073079866,false,עגבניות מרוסקות שופר800ג,פריניר,IL,עגבניות מרוסקות,גרמים,800.00,100 גרם,false,0,5.90,0.74,true,1,
7296073079873,false,רכז עגבניות 28%שופר580ג,פריניר,IL,רכז עגבניות 28%,גרמים,580.00,100 גרם,false,0,5.90,1.02,true,1,
7296073079880,false,רסק עגבניות 22%שופר570ג,פריניר,IL,רסק עגבניות,גרמים,570.00,100 גרם,false,0,5.40,0.95,true,1,
7296073079903,false,רסק עגבניות 22%שופר100ג,פריניר,IL,רסק עגבניות,גרמים,100.00,100 גרם,false,0,1.70,1.70,true,1,
7296073080497,false,שעועית אפויה שופרסל 570ג,פרי גליל,IL,שעועית אפויה,גרמים,570.00,100 גרם,false,0,6.40,1.12,true,1,
7296073080503,false,אפונה גדולה שופרסל550גרם,פרי גליל,IL,אפונה גדולה,גרמים,550.00,100 גרם,false,0,5.40,0.98,true,1,
7296073080510,false,חומוס שלם שופרסל 560 גרם,פרי גליל,IL,חומוס שלם,גרמים,560.00,100 גרם,false,0,5.40,0.96,true,1,
7296073080534,false,תירס מתוק שופרסל 550 גרם,פרי גליל,IL,תירס גרעינים,גרמים,550.00,100 גרם,false,0,5.80,1.05,true,1,
7296073080541,false,אפונה וגזר שופרסל 550 גר,פרי גליל,IL,אפונה וגזר,גרמים,550.00,100 גרם,false,0,5.40,0.98,true,1,
7296073080558,false,תירס לייט שופרסל 550 גרם,פרי גליל,IL,תירס לייט,גרמים,550.00,100 גרם,false,0,6.50,1.18,true,1,
7296073080824,false,שקיות אוכל שופרסל150*2יח,שופרסל,IL,שקיות אוכל 2 יח,יחידה,1.00,יחידה,false,0,9.90,9.90,true,1,
7296073080831,false,שקיות הקפאה שופרסל 100X2,שופרסל,HK,שקיות הקפאה,יחידה,1.00,יחידה,false,0,9.80,9.80,true,1,
7296073081241,false,בייגל.שמיניו.מלוח שופ400,שופרסל,IL,בייגלה שמיניות,גרמים,400.00,100 גרם,false,0,8.80,2.20,true,1,
7296073081449,false,פירורי לחם מוזהב שופר200,שופרסל,IL,פירורי לחם,גרמים,200.00,100 גרם,false,0,5.50,2.75,true,1,
7296073081456,false,פירורי לחם לבן שופרסל200,שופרסל,IL,פירורי לחם לבן,גרמים,200.00,100 גרם,false,0,4.70,2.35,true,1,
7296073081487,false,ציפוי לשניצל פיקנטי 400ג,שופרסל,IL,ציפוי לשניצל,גרמים,400.00,100 גרם,false,0,7.70,1.93,true,1,
7296073081494,false,ציפוי מוזהב לשניצל 400גר,שופרסל,IL,ציפוי לשניצל,גרמים,400.00,100 גרם,false,0,7.70,1.93,true,1,
7296073081548,false,צמר גפן רפואי שופרסל100ג,שופרסל,IL,צמר גפן רפואי,גרמים,100.00,100 גרם,false,0,5.90,5.90,true,1,
7296073081579,false,צמר גפן נתלש שופרסל100גר,שופרסל,IL,צמר גפן נתלש,גרמים,100.00,100 גרם,false,0,6.90,6.90,true,1,
7296073081661,false,מזון יבש לכלבים שופר3.קג,סנשיין מילס,US,מזון יבש לכלבים,קילוגרמים,3.00,"ק""ג",false,0,39.60,13.20,true,1,
7296073081685,false,מזון יבש לחתול שופר1.5.ק,Tuffy's,US,מזון לחתולים,קילוגרמים,1.50,"ק""ג",false,0,27.70,18.47,true,1,
7296073081845,false,9 כריות יפניות שופרסל,פלסטו פוליש,IL,כריות יפניות,יחידה,1.00,יחידה,false,0,9.80,9.80,true,1,
7296073087175,false,ריבת תות שופרסל 370 גרם,LTD 99 CIMA,BG,ריבת תות שדה,גרמים,370.00,100 גרם,false,0,9.00,2.43,true,1,
7296073087250,false,קונפ.אוכמניות שופרסל370ג,LTD 99 CIMA,BG,קונפ.אוכמניות,גרמים,370.00,100 גרם,false,0,11.80,3.19,true,1,
7296073087274,false,קונפ.שזיפים שופרסל 370גר,LTD 99 CIMA,BG,קונפיט.שזיפים,גרמים,370.00,100 גרם,false,0,11.80,3.19,true,1,
7296073087281,false,קונפ.תות שדה שופרסל 370ג,LTD 99 CIMA,BG,קונפיטורת תות,גרמים,370.00,100 גרם,false,0,11.80,3.19,true,1,
7296073087472,false,טונה בשמן שופרסל 160*4גר,תעשיות פילטונה,IL,טונה בשמן 4 יח,גרמים,640.00,100 גרם,false,0,19.90,3.11,true,1,
7296073090502,false,צמר פלדה שופרסל 350 גרם,פלסטו פוליש,IL,צמר פלדה,גרמים,350.00,100 גרם,false,0,12.40,3.54,true,1,
7296073091172,false,פופקורן למיקרו ט.טבעי600,שופרסל,US,פופקורן למיקרו,גרמים,600.00,100 גרם,false,0,13.50,2.25,true,1,
7296073091189,false,פופקורן למיקרו ט.חמאה600,שופרסל,IL,פופקורן למיקרו,גרמים,600.00,100 גרם,false,0,13.50,2.25,true,1,
7296073091226,false,פופקורן גרעינים שופר1.קג,מיה,IL,פופקורן גרעינים,קילוגרמים,1.00,"ק""ג",false,0,8.80,8.80,true,1,
7296073091417,false,בוטן קלוי בקליפה400שופרס,ששון,IL,בוטן קלוי בקליפה,גרמים,400.00,100 גרם,false,0,15.80,3.95,true,1,
7296073091462,false,פיסטוק קלוי200ג שופרסל,ששון,IL,פיסטוק חלבי קלוי,גרמים,200.00,100 גרם,false,0,24.90,12.45,true,1,
7296073091486,false,אגוז קשיו קלוי200גשופרסל,ששון,IL,אגוז קשיו קלוי,גרמים,200.00,100 גרם,false,0,19.90,9.95,true,1,
7296073091493,false,גרעין שחור קלוי200גשופרס,ששון,IL,גרעין שחור קלוי,גרמים,200.00,100 גרם,false,0,6.80,3.40,true,1,
7296073091530,false,שזיף מיובש400גרם שופרסל,ששון,IL,שזיף מיובש,גרמים,400.00,100 גרם,false,0,22.90,5.73,true,1,
7296073091547,false,צימוק בהיר400ג שופרסל,ששון,IL,צימוק בהיר,גרמים,400.00,100 גרם,false,0,20.90,5.23,true,1,
7296073091554,false,צימוק כהה 400 גרם,ששון,IL,צימוק כהה,גרמים,400.00,100 גרם,false,0,17.90,4.48,true,1,
7296073091585,false,שקד קלוף טבעי 200גשופרסל,ששון,IL,שקד קלוף טבעי,גרמים,200.00,100 גרם,false,0,23.90,11.95,true,1,
7296073091608,false,קשיו טבעי 200ג שופרסל,ששון,IL,אגוזי קשיו טבעי,גרמים,200.00,100 גרם,false,0,21.90,10.95,true,1,
7296073091653,false,בננה צ'יפס 250ג שופרסל,ששון,IL,בננה צ'יפס,גרמים,250.00,100 גרם,false,0,11.90,4.76,true,1,
7296073091677,false,חמוציות 250גרם שופרסל,ששון,IL,חמוציות 250גרם,גרמים,250.00,100 גרם,false,0,15.90,6.36,true,1,
7296073093169,false,פלפל חריף שיפקה שופר540ג,שופרסל,IL,פלפל שיפקה,גרמים,540.00,100 גרם,false,0,4.30,0.80,true,1,
7296073094203,false,שעווה טבעית למיקרו 500גר,שופרסל,IL,שעווה דבש טבעית,גרמים,500.00,100 גרם,false,0,13.80,2.76,true,1,
7296073094753,false,חלווה וניל שופרסל 500 גר,"אחדות בע""מ א.ת. ברקן",IL,חלווה וניל,גרמים,500.00,100 גרם,false,0,12.20,2.44,true,1,
7296073094760,false,טונה במי מלח שופרסל160*4,תעשיות פילטונה,IL,טונה במי מלח 4יח,גרמים,640.00,100 גרם,false,0,19.90,3.11,true,1,
7296073095552,false,מסיר לק כחול שופרסל150מל,שופרסל,IL,מסיר לק כחול,מיליליטרים,150.00,"100 מ""ל",false,0,7.80,5.20,true,1,
7296073095576,false,מסיר לק סגול שופרסל150מל,שופרסל,IL,מסיר לק סגול,מיליליטרים,150.00,"100 מ""ל",false,0,7.80,5.20,true,1,
7296073095583,false,"אצטון שופרסל 100 מ""ל",שופרסל,IL,אצטון שופרסל,מיליליטרים,100.00,"100 מ""ל",false,0,2.80,2.80,true,1,
7296073098263,false,גזר גמדי מוקפא שופרסל800,פרי גליל,IL,גזר גמדי 800גר,גרמים,800.00,100 גרם,false,0,13.80,1.73,true,1,
7296073103844,false,תפוח אדמה למיקרו,קטיף,IL,תפוח אדמה למיקרו,יחידה,1.00,יחידה,false,0,5.50,5.50,true,1,
7296073106074,false,טליאטלה שופרסל 500 גרם,שופרסל,IT,פסטה טליאטלה,גרמים,500.00,100 גרם,false,0,9.80,1.96,true,1,
7296073106098,false,פריכיות דק.כוסמת שופר100,שופרסל,IL,פריכיות כוסמת,גרמים,100.00,100 גרם,false,0,6.40,6.40,true,1,
7296073107392,false,גרנולה צימוק שקד תפוח400,שופרסל,DE,גרנולה שופרסל,גרמים,400.00,100 גרם,false,0,13.90,3.48,true,1,
7296073107408,false,גרנולה שוקו.פקאן שופר400,שופרסל,IL,גרנולה שוקולד,גרמים,400.00,100 גרם,false,0,13.90,3.48,true,1,
7296073107828,false,שמן סויה שופרסל 1 ליטר,שופרסל,,שמן סויה,ליטרים,1.00,ליטר,false,0,6.90,6.90,true,1,
7296073107989,false,גרעיני תירס שופרסל 800 ג,פרי גליל,IL,גרעיני תירס,גרמים,800.00,100 גרם,false,0,14.80,1.85,true,1,
7296073107996,false,פול ירוק שופרסל 800 גרם,פרי גליל,IL,פול ירוק,גרמים,800.00,100 גרם,false,0,20.70,2.59,true,1,
7296073108061,false,קלחי תירס שופרסל 1 קג,פרי גליל,IL,קלחי תירס 1קג,קילוגרמים,1.00,"ק""ג",false,0,17.70,17.70,true,1,
7296073108085,false,שעועית צהובה חתוכה שופרס,פרי גליל,IL,שעועית צהובה,גרמים,800.00,100 גרם,false,0,15.80,1.98,true,1,
7296073108122,false,לקט סיני שופרסל 800 גרם,פרי גליל,IL,לקט סיני,גרמים,800.00,100 גרם,false,0,16.80,2.10,true,1,
7296073108245,false,עלי תרד שטופים לאכילה,פרסקו,IL,עלי תרד שטופים,גרמים,200.00,100 גרם,false,0,9.00,4.50,true,1,
7296073108252,false,עלי בייבי שטופים לאכילה,פרסקו,IL,עלי בייבי שטופים,גרמים,110.00,100 גרם,false,0,9.50,8.64,true,1,
7296073108269,false,חסה ערבית שטופה לאכילה,פרסקו,IL,חסה ערבית שטופה,גרמים,250.00,100 גרם,false,0,8.90,3.56,true,1,
7296073108313,false,סלט קולסלאו שטוף לאכילה,פרסקו,IL,סלט קולסלאו שטוף,גרמים,400.00,100 גרם,false,0,8.00,2.00,true,1,
7296073108344,false,לקט קלאסי שטוף לאכילה,פרסקו,IL,לקט קלאסי שטוף,גרמים,350.00,100 גרם,false,0,9.90,2.83,true,1,
7296073108368,false,לקט הגינה שטוף לאכילה,פרסקו,IL,לקט הגינה שטוף,גרמים,300.00,100 גרם,false,0,9.90,3.30,true,1,
7296073108443,false,"קמח מלא שופרסל 1 ק""ג",שופרסל,IL,קמח חיטה מלא,קילוגרמים,1.00,"ק""ג",false,0,6.00,6.00,true,1,
7296073108467,false,תבניות מאורכות שופרסל 5,שופרסל,IL,תבניות 5 יח',יחידה,1.00,יחידה,false,0,6.90,6.90,true,1,
7296073108474,false,תבניות עם מכסה שופרסל 4,שופרסל,IL,תבניות עם מכסה,יחידה,1.00,יחידה,false,0,9.90,9.90,true,1,
7296073108481,false,תבניות קטנות+מכסה שופרסל,שופרסל,IL,תבניות עם מכסה,יחידה,1.00,יחידה,false,0,7.90,7.90,true,1,
7296073108498,false,תבניות עגולות שופרסל 5 י,שופרסל,IL,תבניות עגולות,יחידה,1.00,יחידה,false,0,9.90,9.90,true,1,
7296073108504,false,תבניות גדולות שופרסל 5 י,שופרסל,IL,תבניות גדולות,יחידה,1.00,יחידה,false,0,9.90,9.90,true,1,
7296073108511,false,3 תבניות ענקיות שופרסל,שופרסל,IL,תבניות ענקיות,יחידה,1.00,יחידה,false,0,9.90,9.90,true,1,
7296073108573,false,קרם קרקר שופרסל 230 גרם,מגדנית הדר,IL,קרם קרקר,גרמים,230.00,100 גרם,false,0,7.50,3.26,true,1,
7296073108658,false,קרקר חיטה מלאה שופרסל900,מגדנית הדר,IL,קרקר חיטה מלאה,גרמים,900.00,100 גרם,false,0,19.70,2.19,true,1,
7296073109099,false,"תירוש ענבים טבעי 750מ""ל*",הכורמים,IL,תירוש ענבים,מיליליטרים,750.00,"100 מ""ל",false,0,13.00,1.73,true,1,
7296073109112,false,תירוש ענבים טבעי 1.5 ל*',הכורמים,IL,תירוש ענבים,ליטרים,1.50,ליטר,false,0,17.70,11.80,true,1,
7296073109822,false,תמר מג'הול 400ג שופרסל,הדיקלאים,IL,תמר מג'הול 400ג,גרמים,400.00,100 גרם,false,0,16.90,4.23,true,1,
7296073112396,false,100צמרונים פלסטיק שופרסל,שופרסל,IL,צמרונים פלסטיק,יחידה,1.00,יחידה,false,0,2.00,2.00,true,1,
7296073112402,false,300צמרונים קופ.פטנט שופר,שופרסל,IL,מקלוני צמר גפן,יחידה,1.00,יחידה,false,0,10.10,10.10,true,1,
7296073112426,false,צמרונים שופרסל 200 יח',שופרסל,IL,צמרונים שופרסל 200 יח',יחידה,1.00,יחידה,false,0,5.90,5.90,true,1,
7296073112433,false,צמרונים שופרסל 400 יח',שופרסל,IL,מקלוני צמר גפן,יחידה,1.00,יחידה,false,0,10.10,10.10,true,1,
7296073112464,false,פוזילי חיטה מלא.שופר500ג,שופרסל,IT,פוזילי שופרסל,גרמים,500.00,100 גרם,false,0,7.50,1.50,true,1,
7296073112617,false,6 ספוג.לניקוי מופלא שופר,שופרסל,DE,6 ספוג.לניקוי מופלא שופר,יחידה,1.00,יחידה,false,0,8.80,8.80,true,1,
7296073113256,false,חרדל דיז'ון שופרסל 370גר,שופרסל,FR,חרדל דיז'ון,גרמים,370.00,100 גרם,false,0,5.90,1.59,true,1,
7296073113263,false,חרדל צרפתי שופרסל 370גרם,שופרסל,FR,חרדל צרפתי,גרמים,370.00,100 גרם,false,0,6.50,1.76,true,1,
7296073115717,false,סודה לשתיה שופרסל 50 גרם,שופרסל,,סודה לשתיה,גרמים,50.00,100 גרם,false,0,2.10,4.20,true,1,
7296073115724,false,אבקת אפיה שופרסל 10X10גר,שופרסל,IL,אבקת אפיה 10יח,גרמים,100.00,100 גרם,false,0,3.00,3.00,true,1,
7296073115731,false,אבקת סוכר שופרסל 100 גרם,שופרסל,IL,אבקת סוכר,גרמים,100.00,100 גרם,false,0,1.80,1.80,true,1,
7296073115748,false,סוכר וניל שופרסל 10X10גר,שופרסל,IL,סוכר וניל 10יח,גרמים,100.00,100 גרם,false,0,3.00,3.00,true,1,
7296073115755,false,קורנפלור שופרסל 500 גרם,שופרסל,,קורנפלור,גרמים,500.00,100 גרם,false,0,6.80,1.36,true,1,
7296073116769,false,קוקוס טחון שופרסל 100גרם,מיה,IL,קוקוס טחון,גרמים,100.00,100 גרם,false,0,3.80,3.80,true,1,
7296073116776,false,קוקוס טחון שופרסל 400גרם,מיה,IL,קוקוס טחון,גרמים,400.00,100 גרם,false,0,11.70,2.93,true,1,
7296073116783,false,שומשום שופרסל 100 גרם,מיה,IL,שומשום שופרסל,גרמים,100.00,100 גרם,false,0,3.80,3.80,true,1,
7296073116790,false,שומשום שופרסל 400 גרם,מיה,IL,שומשום שופרסל,גרמים,400.00,100 גרם,false,0,11.80,2.95,true,1,
7296073116806,false,שמן סויה שופרסל 3 ליטר,שופרסל,,שמן סויה,ליטרים,3.00,ליטר,false,0,20.40,6.80,true,1,
7296073116813,false,קמח תירס שופרסל 400 גרם,מיה,IL,קמח תירס,גרמים,400.00,100 גרם,false,0,5.50,1.38,true,1,
7296073116837,false,קוואקר שופרסל 500 גרם,שופרסל,DE,קוואקר שופרסל,גרמים,500.00,100 גרם,false,0,9.60,1.92,true,1,
7296073117094,false,שוק.צ'יפס מריר שופרסל300,אופנהיימר,IL,שוקולד צ'יפס,גרמים,300.00,100 גרם,false,0,9.80,3.27,true,1,
7296073117636,false,זוג כפפות גומי M שופרסל,שופרסל,IL,כפפות גומי,יחידה,1.00,יחידה,false,0,7.80,7.80,true,1,
7296073117643,false,זוג כפפות גומי L שופרסל,שופרסל,CN,כפפות גומי,יחידה,1.00,יחידה,false,0,7.80,7.80,true,1,
7296073117650,false,זוג כפפות גומי XL שופרסל,שופרסל,,זוג כפפות שופרסל,יחידה,1.00,יחידה,false,0,7.80,7.80,true,1,
7296073119302,false,60 שקיות מתכלות שופרסל,שופרסל,TR,שקיות אשפה,יחידה,1.00,יחידה,false,0,19.80,19.80,true,1,
7296073120018,false,100 נרות חימום בלוק,שופרסל,IL,נרות חימום,יחידה,1.00,יחידה,false,0,19.70,19.70,true,1,
7296073121176,false,תמר חלאוי 400ג שופרסל,הדיקלאים,IL,תמר חלאוי400גרם,גרמים,400.00,100 גרם,false,0,12.90,3.23,true,1,
7296073121183,false,תמר דקל נור 400ג שופרסל,הדיקלאים,IL,תמר דקל נור 400ג,גרמים,400.00,100 גרם,false,0,12.90,3.23,true,1,
7296073121190,false,תמר אמרי 400גרם שופרסל,הדיקלאים,IL,תמר אמרי 400 גרם,גרמים,400.00,100 גרם,false,0,12.90,3.23,true,1,
7296073121589,false,בייגלה אצבעות שומשום330ג,שופרסל,IL,בייגלה אצבעות,גרמים,330.00,100 גרם,false,0,8.80,2.67,true,1,
7296073122296,false,פסטרמה מסורתית שופר300.ג,שופרסל,IL,פסטרמה מסורתית,גרמים,300.00,100 גרם,false,0,21.70,7.23,true,1,
7296073122333,false,שקדי מרק בשקית שופר400.ג,שופרסל,IL,שקדי מרק בשקית,גרמים,400.00,100 גרם,false,0,6.90,1.73,true,1,
7296073123675,false,מיץ עגבניות בק.זכוכית 1ל,שופרסל,IL,מיץ עגבניות,ליטרים,1.00,ליטר,false,0,6.80,6.80,true,1,
7296073123712,false,"תמצית רום שופרסל 50 מ""ל",מיה,,תמצית רום,מיליליטרים,50.00,"100 מ""ל",false,0,3.80,7.60,true,1,
7296073123729,false,"תמצית וניל שופרסל 50 מ""ל",מיה,IL,תמצית וניל,מיליליטרים,50.00,"100 מ""ל",false,0,3.80,7.60,true,1,
7296073123972,false,ניוקי קטנים שופרסל500גרם,שופרסל,IT,ניוקי קטנים,גרמים,500.00,100 גרם,false,0,9.80,1.96,true,1,
7296073124016,false,עדשים שחורות שופרסל 500ג,מיה,IL,עדשים שחורות,גרמים,500.00,100 גרם,false,0,8.00,1.60,true,1,
7296073124160,false,שום קפוא מגשית שופרסל 80,שופרסל,IL,שום קפוא מגשית,גרמים,80.00,100 גרם,false,0,8.80,11.00,true,1,
7296073124177,false,שום כתוש צנצנת שופרסל200,שופרסל,IL,שום כתוש,גרמים,200.00,100 גרם,false,0,12.80,6.40,true,1,
7296073124375,false,פירורי לחם חיטה מלאה200ג,שופרסל,IL,פירורי לחם,גרמים,200.00,100 גרם,false,0,5.90,2.95,true,1,
7296073124382,false,ספגטיני מספר 3 שופרסל500,שופרסל,IT,ספגטיני מס' 3,גרמים,500.00,100 גרם,false,0,4.90,0.98,true,1,
7296073124399,false,ספגטי מספר 5 שופרסל 500ג,שופרסל,IT,ספגטי מס' 5,גרמים,500.00,100 גרם,false,0,4.90,0.98,true,1,
7296073125327,false,מלפפונים בחומץ10-12 540ג,שופרסל,IL,מלפפונים בחומץ,גרמים,540.00,100 גרם,false,0,5.90,1.09,true,1,
7296073125334,false,מלפפונים בחומץ13-17 540ג,שופרסל,IL,מלפפונים בחומץ,גרמים,540.00,100 גרם,false,0,8.40,1.56,true,1,
7296073125525,false,עוגות אישיות קרם שוקו350,שופרסל,IT,עוגות אישיות,גרמים,350.00,100 גרם,false,0,15.90,4.54,true,1,
7296073125532,false,עוגות אישיות ק.חלב350גרם,שופרסל,IT,עוגות אישיות,גרמים,350.00,100 גרם,false,0,15.90,4.54,true,1,
7296073125822,false,שמן חמניות שופרסל 1 ליטר,NV AOR,BE,שמן חמניות,ליטרים,1.00,ליטר,false,0,12.50,12.50,true,1,
7296073125907,false,מי פה ט.מנטה שופרסל500מל,שופרסל,ES,מי פה מנטה,מיליליטרים,500.00,"100 מ""ל",false,0,16.80,3.36,true,1,
7296073125914,false,מי פה ט.מרענן שופרסל500מ,שופרסל,ES,מי פה טעם מרענן,מיליליטרים,500.00,"100 מ""ל",false,0,16.80,3.36,true,1,
7296073125921,false,"5 סכיני גילוח ח""פ לנשים",שופרסל,US,סכיני גילוח,יחידה,1.00,יחידה,false,0,5.00,5.00,true,1,
7296073125938,false,4 סכיני גילוח לנשים שופר,שופרסל,US,סכיני גילוח,יחידה,1.00,יחידה,false,0,15.50,15.50,true,1,
7296073125945,false,"5 סכיני גילוח ח""פ לגבר",שופרסל,US,סכיני גילוח,יחידה,1.00,יחידה,false,0,5.00,5.00,true,1,
7296073125952,false,"אורז יסמין שופרסל 1 ק""ג",ltd co produce Uthai,TH,אורז יסמין,קילוגרמים,1.00,"ק""ג",false,0,9.80,9.80,true,1,
7296073128229,false,מעדן תות שדה שופרסל284גר,LTD 99 CIMA,BG,מעדן תות שדה,גרמים,284.00,100 גרם,false,0,10.00,3.52,true,1,
7296073128236,false,מעדן מישמש שופרסל 284 גר,LTD 99 CIMA,BG,מעדן מישמש,גרמים,284.00,100 גרם,false,0,10.00,3.52,true,1,
7296073128267,false,מעדן פירות אדומ.שופר284ג,LTD 99 CIMA,BG,מעדן פירות אדומ.,גרמים,284.00,100 גרם,false,0,10.00,3.52,true,1,
7296073129431,false,פתיתים קוסקוס שופרסל500ג,אסיף תעשיות מזון,IL,פתיתים קוסקוס,גרמים,500.00,100 גרם,false,0,4.90,0.98,true,1,
7296073129455,false,פתיתים אורז שופרסל 500גר,אסיף תעשיות מזון,IL,פתיתים אורז,גרמים,500.00,100 גרם,false,0,4.90,0.98,true,1,
7296073129462,false,פתיתים לבבות שופרסל500גר,אסיף תעשיות מזון,IL,פתיתים לבבות,גרמים,500.00,100 גרם,false,0,4.90,0.98,true,1,
7296073129479,false,פתיתים כוכבים שופרסל500ג,אסיף תעשיות מזון,IL,פתיתים כוכבים,גרמים,500.00,100 גרם,false,0,4.90,0.98,true,1,
7296073129516,false,נר נשמה 24 שעות שופרסל,שופרסל,IL,נר נשמה,יחידה,1.00,יחידה,false,0,2.00,2.00,true,1,
7296073129523,false,נר נשמה שבועי שופרסל,שופרסל,IL,נר נשמה שבועי,יחידה,1.00,יחידה,false,0,12.20,12.20,true,1,
7296073129530,false,נרות חימום בשקית 50 יח',שופרסל,IL,נרות חימום,יחידה,1.00,יחידה,false,0,9.90,9.90,true,1,
7296073129547,false,קנולה כבישה קרה שופרסל1ל,NV AOR,BE,שמן קנולה,ליטרים,1.00,ליטר,false,0,13.10,13.10,true,1,
7296073130499,false,"מיץ לימון שופרסל 200 מ""ל",סי פרווידר,IT,מיץ לימון שופרסל,מיליליטרים,200.00,"100 מ""ל",false,0,5.50,2.75,true,1,
7296073130635,false,נקטר אקזוטי שופרסל 1ליטר,שופרסל,IL,נקטר אקזוטי,ליטרים,1.00,ליטר,false,0,4.20,4.20,true,1,
7296073132165,false,ממרח קרם קקאו+אגוזים350ג,שופרסל,IT,ממרח קרם קקאו,גרמים,350.00,100 גרם,false,0,9.80,2.80,true,1,
7296073132400,false,"מיץ לימון שופרסל 500 מ""ל",סי פרווידר,IT,מיץ לימון,מיליליטרים,500.00,"100 מ""ל",false,0,7.80,1.56,true,1,
7296073132448,false,שמן תירס שופרסל 1 ליטר,NV AOR,BE,שמן תירס שופרסל,ליטרים,1.00,ליטר,false,0,13.00,13.00,true,1,
7296073132462,false,לבבות דקל חתוכ.שופר400.ג,אינדוסטריה אגריקולה,EC,לבבות דקל,גרמים,400.00,100 גרם,false,0,8.00,2.00,true,1,
7296073132479,false,לבבות דקל שלמים שופר400ג,אינדוסטריה אגריקולה,EC,לבבות דקל שלמים,גרמים,400.00,100 גרם,false,0,8.50,2.13,true,1,
7296073132806,false,חרוזי זיתים שופרסל560גרם,קבוצת יבנה,IL,חרוזי זיתים,גרמים,560.00,100 גרם,false,0,8.30,1.48,true,1,
7296073132820,false,סלק בואקום 500 גרם,שופרסל,XX,סלק בואקום 500ג,גרמים,500.00,100 גרם,false,0,8.00,1.60,true,1,
7296073132936,false,עוגת מאפין שיש שופרסל400,גידרון,IL,עוגת מאפין,גרמים,400.00,100 גרם,false,0,9.90,2.48,true,1,
7296073132943,false,עוגת מאפין שוק.שופרסל400,גידרון,IL,עוגת מאפין,גרמים,400.00,100 גרם,false,0,9.90,2.48,true,1,
7296073132950,false,עוגת מאפין וניל שופר400ג,גידרון,IL,עוגת מאפין,גרמים,400.00,100 גרם,false,0,9.90,2.48,true,1,
7296073132967,false,מגבוני אף לתינוק 30 יח',שופרסל,IL,מגבוני אף לתינוק,יחידה,1.00,יחידה,false,0,8.00,8.00,true,1,
7296073132974,false,צלחות גדולות לבן שופרסל,שופרסל,,צלחות גדולות,יחידה,1.00,יחידה,false,0,19.90,19.90,true,1,
7296073132981,false,25צלחות בינונ.לבן שופרסל,שופרסל,IL,צלחות בינוניות,יחידה,1.00,יחידה,false,0,12.90,12.90,true,1,
7296073132998,false,25צלחות קטנות לבן שופרסל,שופרסל,IL,צלחות קטנות,יחידה,1.00,יחידה,false,0,9.90,9.90,true,1,
7296073133001,false,קעריות מרק לבן שופרסל 25,שופרסל,,קעריות מרק,יחידה,1.00,יחידה,false,0,9.90,9.90,true,1,
7296073133018,false,מגשים אובליים לבן שופרסל,שופרסל,IL,מגשים אובליים,יחידה,1.00,יחידה,false,0,19.90,19.90,true,1,
7296073133056,false,צלחות קרם אלגנט גדולות,שופרסל,IL,צלחות קרם גדולות,יחידה,1.00,יחידה,false,0,19.90,19.90,true,1,
7296073133063,false,צלחות בינונית קרם שופרסל,שופרסל,IL,צלחות בינוניות,יחידה,1.00,יחידה,false,0,12.90,12.90,true,1,
7296073133100,false,לפתניות קרם שופרסל 25 יח,שופרסל,,לפתניות,יחידה,1.00,יחידה,false,0,7.90,7.90,true,1,
7296073134442,false,קרקר חיטה שופרסל 300 גרם,שופרסל,IL,קרקר חיטה,גרמים,300.00,100 גרם,false,0,12.80,4.27,true,1,
7296073134459,false,קרקר סגנ.שוודי שופרסל300,שופרסל,,קרקר שוודי,גרמים,300.00,100 גרם,false,0,12.80,4.27,true,1,
7296073134534,false,קפה טורקי שופרסל 100 גרם,שופרסל,IL,קפה טורקי שופרסל,גרמים,100.00,100 גרם,false,0,5.00,5.00,true,1,
7296073134879,false,"משק""ל תפוזים שופרסל 1.5ל",שופרסל,IL,משקה קל תפוזים,ליטרים,1.50,ליטר,false,0,4.90,3.27,true,1,
7296073134886,false,"משק""ל אשכוליות שופרסל1.5",שופרסל,IL,משקה קל אשכוליות,ליטרים,1.50,ליטר,false,0,4.90,3.27,true,1,
7296073134916,false,"משק""ל ענבים שופרסל 1.5 ל",שופרסל,IL,משקה קל ענבים,ליטרים,1.50,ליטר,false,0,4.90,3.27,true,1,
7296073134930,false,שעועית ארגנטינאית 500גרם,מיה,IL,שעועית ארגנטינאי,גרמים,500.00,100 גרם,false,0,9.80,1.96,true,1,
7296073136842,false,חמאת בוטנים שופרסל510גרם,שופרסל,US,חמאת בוטנים,גרמים,510.00,100 גרם,false,0,12.90,2.53,true,1,
7296073137450,false,רצועת עיסוי דו צדדית,שופרסל,CN,רצועת עיסוי,יחידה,1.00,יחידה,false,0,10.00,10.00,true,1,
7296073137474,false,רצועת רחצה חבל שופרסל,שופרסל,CN,רצועת רחצה חבל,יחידה,1.00,יחידה,false,0,10.00,10.00,true,1,
7296073137504,false,ספוג כרית מכותנה שופרסל,שופרסל,CN,ספוג כרית מכותנה,יחידה,1.00,יחידה,false,0,9.80,9.80,true,1,
7296073137528,false,מברשת ליפה + ידית שופרסל,שופרסל,,מברשת ליפה+ידית,יחידה,1.00,יחידה,false,0,10.00,10.00,true,1,
7296073140672,false,ממרח קרם קקאו שופרסל750ג,שופרסל,,ממרח קרם קקאו,גרמים,750.00,100 גרם,false,0,18.70,2.49,true,1,
7296073140979,false,60מגן תחתון נורמל שופרסל,שופרסל,IL,מגן תחתון שופרסל,יחידה,1.00,יחידה,false,0,10.00,10.00,true,1,
7296073140986,false,52מגן תחתון לארג' שופרסל,שופרסל,IL,מגן תחתון שופרסל,יחידה,1.00,יחידה,false,0,10.00,10.00,true,1,
7296073140993,false,28 תחבושות נורמל+ שופרסל,שופרסל,DE,תחבושות שופרסל,יחידה,1.00,יחידה,false,0,10.00,10.00,true,1,
7296073141006,false,24 תחבושות סופר+ שופרסל,שופרסל,DE,תחבושות שופרסל,יחידה,1.00,יחידה,false,0,10.00,10.00,true,1,
7296073141082,false,נרות חימום בשקית,,IL,נרות חימום בשקית,יחידה,1.00,יחידה,false,0,19.60,19.60,true,1,
7296073141143,false,שוקולד חלב שופרסל100 גרם,שופרסל,CH,שוקולד חלב,גרמים,100.00,100 גרם,false,0,5.00,5.00,true,1,
7296073143437,false,"ברנפלקס ללת""ס שופרסל 500",שופרסל,,"ברנפלקס ללת""ס",גרמים,500.00,100 גרם,false,0,16.80,3.36,true,1,
7296073143727,false,פתיתים קוסקוס 3 צבעים500,אסיף תעשיות מזון,IL,פתיתים קוסקוס,גרמים,500.00,100 גרם,false,0,5.90,1.18,true,1,
7296073143758,false,עוגת בראוניס שופרסל400גר,גידרון,IL,עוגת בראוניס,גרמים,400.00,100 גרם,false,0,13.80,3.45,true,1,
7296073146933,false,שוק.אוורירי מריר שופר100,שופרסל,CH,שוקולד אוורירי,גרמים,100.00,100 גרם,false,0,5.00,5.00,true,1,
7296073146940,false,שוק.אוורירי חלב שופר100ג,שופרסל,CH,שוקולד אוורירי,גרמים,100.00,100 גרם,false,0,5.00,5.00,true,1,
7296073146957,false,שוק.חלב שברי אגוז שופ100,שופרסל,CH,שוקולד חלב אגוז,גרמים,100.00,100 גרם,false,0,5.00,5.00,true,1,
7296073150435,false,תערובת לעוגה,,,תערובת לעוגה,גרמים,560.00,100 גרם,false,0,14.00,2.50,true,1,
7296073150466,false,תערובת לפנקייק שופרסל400,שופרסל,IL,תערובת לפנקייק,גרמים,400.00,100 גרם,false,0,14.00,3.50,true,1,
7296073150527,false,קורנפלקס שופרסל 750 גרם,שופרסל,,קורנפלקס שופרסל,גרמים,750.00,100 גרם,false,0,10.90,1.45,true,1,
7296073151463,false,פריכיות דקות דל נתרן100ג,שופרסל,IL,פריכיות דקות,גרמים,100.00,100 גרם,false,0,6.40,6.40,true,1,
7296073151470,false,פריכיות קטנות 3דגנים 50ג,שופרסל,IL,פריכיות קטנות,גרמים,50.00,100 גרם,false,0,6.90,13.80,true,1,
7296073151524,false,צנימים שופרסל 320 גרם,שופרסל,IT,צנימים שופרסל,גרמים,320.00,100 גרם,false,0,8.60,2.69,true,1,
7296073151548,false,"מלח בישול שופרסל 1 ק""ג",מלח הארץ אילת,IL,מלח בישול שופרסל,קילוגרמים,1.00,"ק""ג",false,0,1.80,1.80,true,1,
7296073151555,false,"מלח שולחן שופרסל 1 ק""ג",מלח הארץ אילת,IL,מלח שולחן שופרסל,קילוגרמים,1.00,"ק""ג",false,0,1.80,1.80,true,1,
7296073153290,false,מזון לחתול מיקס שופרסל3ק,Tuffy's,IL,מזון לחתולים,קילוגרמים,3.00,"ק""ג",false,0,48.00,16.00,true,1,
7296073153849,false,זוג רדידי אלומינ7.5*0.3מ,שופרסל,IL,זוג רדידי אלומינ,מטרים,15.00,מטר,false,0,9.80,0.65,true,1,
7296073153870,false,זוג רדיד.אלומינ7.5*0.45מ,שופרסל,IL,זוג רדידי אלומינ,מטרים,15.00,מטר,false,0,15.80,1.05,true,1,
7296073153894,false,ניילון נצמד שופרסל 30*2מ,שופרסל,IL,זוג ניילון נצמד,מטרים,60.00,מטר,false,0,8.80,0.15,true,1,
7296073156604,false,שוק.חלב עם אגוזי לוז100ג,שופרסל,CH,שוקולד+אגוזי לוז,גרמים,100.00,100 גרם,false,0,6.80,6.80,true,1,
7296073156628,false,שוק.מריר+אגוזי לוז 100גר,שופרסל,,שוקולד+אגוזי לוז,גרמים,100.00,100 גרם,false,0,6.80,6.80,true,1,
7296073160663,false,פסטה פוזילי 3 דקות 500 ג,שופרסל,,פסטה פוזילי,גרמים,500.00,100 גרם,false,0,5.90,1.18,true,1,
7296073161479,false,פריכ.תירס+זרעי פשתן 100ג,שופרסל,IL,פריכיות תירס,גרמים,100.00,100 גרם,false,0,6.40,6.40,true,1,
7296073161493,false,שוק.מריר60%שופרסל 100*2ג,שופרסל,,שוקולד מריר זוג,גרמים,200.00,100 גרם,false,0,11.80,5.90,true,1,
7296073161509,false,שוק.חלב אגוזי לוז100*3גר,שופרסל,CH,שוקולד אגוז 3 יח,גרמים,300.00,100 גרם,false,0,18.10,6.03,true,1,
7296073161516,false,שוק.מריר+אגוזים שלמ100*3,שופרסל,,שוקולד אגוז 3 יח,גרמים,300.00,100 גרם,false,0,18.10,6.03,true,1,
7296073161721,false,נייר אפיה שופרסל 50 דפים,שופרסל,NO,נייר אפיה שופרסל,יחידה,1.00,יחידה,false,0,12.90,12.90,true,1,
7296073161981,false,עוג.מילוי קרם שוק.שופ150,שופרסל,,עוגיות קרם שוקו,גרמים,150.00,100 גרם,false,0,7.50,5.00,true,1,
7296073161998,false,עוג.מילוי קרם קפה שופ150,שופרסל,,עוגיות קרם קפה,גרמים,150.00,100 גרם,false,0,7.50,5.00,true,1,
7296073162001,false,עוג.קרם אגוז לוז שופר150,שופרסל,,עוגיות קרם אגוז,גרמים,150.00,100 גרם,false,0,7.50,5.00,true,1,
7296073162520,false,ברזלית בצלינדר שופרסל6יח,פלסטו פוליש,IL,ברזלית בצלינדר,יחידה,1.00,יחידה,false,0,13.80,13.80,true,1,
7296073163084,false,נקניקיות וינר שופרסל400ג,מעדני יחיעם,IL,נקניקיות וינר,גרמים,400.00,100 גרם,false,0,11.80,2.95,true,1,
7296073163107,false,נקניקיות וינר שופרסל1.5ק,שופרסל,IL,נקניקיות וינר,קילוגרמים,1.50,"ק""ג",false,0,28.90,19.27,true,1,
7296073163190,false,גרנולה אגוזים שופרסל400ג,שופרסל,,גרנולה אגוזים,גרמים,400.00,100 גרם,false,0,17.70,4.43,true,1,
7296073169239,false,רוטב עגבניות לשקשוקה260ג,שופרסל,,רוטב לשקשוקה,גרמים,260.00,100 גרם,false,0,3.90,1.50,true,1,
7296073169253,false,רוטב עגבניות עם שום260גר,שופרסל,,רוטב עגבניות,גרמים,260.00,100 גרם,false,0,3.90,1.50,true,1,
7296073169543,false,40 מטליות רב שימושיות,שופרסל,IL,"מטליות רב""ש",יחידה,1.00,יחידה,false,0,18.70,18.70,true,1,
7296073169550,false,3 מטליות מיקרופייבר שופר,שופרסל,,מטליות מיקרופיבר,יחידה,1.00,יחידה,false,0,12.80,12.80,true,1,
7296073169796,false,שוקולד מריר נוגט+שקד100ג,שופרסל,,שוקולד מריר נוגט,גרמים,100.00,100 גרם,false,0,7.80,7.80,true,1,
7296073169802,false,שוק.חלב נוגט+שקד+שופר100,שופרסל,,שוקולד חלב נוגט,גרמים,100.00,100 גרם,false,0,7.80,7.80,true,1,
7296073169833,false,שוק.מריר 72%ל.סוכר100גר,שופרסל,,שוקולד ללא סוכר,גרמים,100.00,100 גרם,false,0,8.80,8.80,true,1,
7296073169840,false,שוק.חלב ל.סוכר שופרסל100,שופרסל,,שוקולד ללא סוכר,גרמים,100.00,100 גרם,false,0,8.80,8.80,true,1,
7296073169857,false,שוק.חלב+אגוז ללא סוכר100,שופרסל,,שוקולד ללא סוכר,גרמים,100.00,100 גרם,false,0,8.80,8.80,true,1,
7296073170143,false,מטליות לניקוי כללי 50יח,שופרסל,,מטליות לחות,יחידה,1.00,יחידה,false,0,9.80,9.80,true,1,
7296073170167,false,וופל בלגי מצופה שופרס400,גילרו,IL,ופל בלגי מצופה,גרמים,400.00,100 גרם,false,0,9.80,2.45,true,1,
7296073170853,false,צ'יפס קלאסי שופרסל 2.5קג,תפוגן,IL,צ'יפס קלאסי,קילוגרמים,2.50,"ק""ג",false,0,29.90,11.96,true,1,
7296073170860,false,צ'יפס קלאסי שופרסל 1.5קג,תפוגן,IL,צ'יפס קלאסי,קילוגרמים,1.50,"ק""ג",false,0,22.70,15.13,true,1,
7296073170877,false,צ'יפס אמריקאי שופרסל 1.5,תפוגן,IL,צ'יפס אמריקאי,קילוגרמים,1.50,"ק""ג",false,0,22.90,15.27,true,1,
7296073170884,false,סטייק צ'יפס שופרסל 1.5קג,תפוגן,IL,סטייק צ'יפס,קילוגרמים,1.50,"ק""ג",false,0,22.90,15.27,true,1,
7296073170891,false,צ'יפס זיגזג שופרסל 1.5קג,תפוגן,IL,צ'יפס זיגזג,קילוגרמים,1.50,"ק""ג",false,0,22.90,15.27,true,1,
7296073170921,false,30 מגני תחתון פלקסיפורם,שופרסל,IL,מגני תחתון,יחידה,1.00,יחידה,false,0,6.80,6.80,true,1,
7296073170938,false,44 מגני תחתון לונג +,שופרסל,IL,מגני תחתון,יחידה,1.00,יחידה,false,0,10.00,10.00,true,1,
7296073171362,false,כדורי צמר גפן,,,כדורי צמר גפן,יחידה,1.00,יחידה,false,0,6.80,6.80,true,1,
7296073173045,false,דבש טבעי לחיץ שופרסל500ג,שופרסל,,דבש לחיץ שופרסל,גרמים,500.00,100 גרם,false,0,26.70,5.34,true,1,
7296073173199,false,אפונה ירוקה עדינה שופרסל,שופרסל,IL,אפונה עדינה,גרמים,600.00,100 גרם,false,0,14.90,2.48,true,1,
7296073173212,false,שעועית ירוקה שלמה שופרסל,ARDO,BE,שעועית ירוקה,גרמים,800.00,100 גרם,false,0,15.80,1.98,true,1,
7296073173229,false,שעועית ירוקה חתוכה שופרס,ARDO,BE,שעועית ירוקה,גרמים,800.00,100 גרם,false,0,14.80,1.85,true,1,
7296073173304,false,"קמח חיטה לאפיית לחם 1ק""ג",שופרסל,,קמח לאפית לחם,קילוגרמים,1.00,"ק""ג",false,0,5.90,5.90,true,1,
7296073174233,false,תבניות קרטון,,,תבניות קרטון,יחידה,1.00,יחידה,false,0,8.90,8.90,true,1,
7296073178972,false,"חומץ בלסמי שופרסל 500מ""ל",שופרסל,,חומץ בלסמי,מיליליטרים,500.00,"100 מ""ל",false,0,17.90,3.58,true,1,
7296073179412,false,פול ירוק קפוא 800גרם,LTD ALEX COLD,EG,פול ירוק קפוא 800גרם,גרמים,800.00,100 גרם,false,0,20.70,2.59,true,1,
7296073179863,false,דבש טבעי לחיץ שופרסל250ג,שופרסל,,דבש לחיץ,גרמים,250.00,100 גרם,false,0,12.90,5.16,true,1,
7296073180265,false,מגבונים נשטפ.לילדים40*3,שופרסל,,מגבונים נשטפים3*,יחידה,1.00,יחידה,false,0,9.80,9.80,true,1,
7296073180425,false,רוטב לפסטה,,,רוטב לפסטה,גרמים,350.00,100 גרם,false,0,10.80,3.09,true,1,
7296073180432,false,רוטב לפסטה,,,רוטב לפסטה,גרמים,350.00,100 גרם,false,0,10.80,3.09,true,1,
7296073180449,false,רוטב לפסטה,,,רוטב לפסטה,גרמים,350.00,100 גרם,false,0,10.80,3.09,true,1,
7296073180630,false,מטליות לחות לרצפה 10יח,טרופיקל דגיל,IL,מטליות לחות,יחידה,1.00,יחידה,false,0,9.80,9.80,true,1,
7296073180784,false,צפיות חד שכבתי,,,צפיות חד שכבתי,יחידה,1.00,יחידה,false,0,4.40,4.40,true,1,
7296073180852,false,חטיפי דגנים 5 יח,,,חטיפי דגנים 5 יח,גרמים,210.00,100 גרם,false,0,11.90,5.67,true,1,
7296073180869,false,חטיפי דגנים 5 יח,,,חטיפי דגנים 5 יח,גרמים,210.00,100 גרם,false,0,11.90,5.67,true,1,
7296073180876,false,טלק ריחני שופרסל,,IL,טלק ריחני שופרסל,גרמים,200.00,100 גרם,false,0,10.00,5.00,true,1,
7296073180944,false,מטלית רצפה,,CN,מטלית רצפה,יחידה,1.00,יחידה,false,0,8.80,8.80,true,1,
7296073187363,false,פחם דרום אמריקאי,,PY,פחם דרום אמריקאי,קילוגרמים,2.00,"ק""ג",false,0,12.90,6.45,true,1,
7296073188476,false,כפפות L,,IL,כפפות L,יחידה,1.00,יחידה,false,0,19.90,19.90,true,1,
7296073188520,false,נייר סנדביץ,,PL,נייר סנדביץ,יחידה,1.00,יחידה,false,0,11.70,11.70,true,1,
7296073188674,false,חטיפי קרקר,,,חטיפי קרקר,גרמים,350.00,100 גרם,false,0,8.90,2.54,true,1,
7296073188681,false,חטיפי קרקר,,,חטיפי קרקר,גרמים,325.00,100 גרם,false,0,8.90,2.74,true,1,
7296073188704,false,חטיפי קרקר,,,חטיפי קרקר,גרמים,300.00,100 גרם,false,0,8.90,2.97,true,1,
7296073188711,false,חטיפי קרקר,,,חטיפי קרקר,גרמים,350.00,100 גרם,false,0,8.90,2.54,true,1,
7296073189282,false,פולי סויה בקליפה 450גרם,LTD NEWLAND,CN,פולי סויה,גרמים,450.00,100 גרם,false,0,11.90,2.64,true,1,
7296073189558,false,קרקר מלוח,,IL,קרקר מלוח,גרמים,220.00,100 גרם,false,0,6.40,2.91,true,1,
7296073189589,false,פקאן טבעי 200גרם שופרסל,שקרצי,IL,פקאן טבעי 200גרם,גרמים,200.00,100 גרם,false,0,24.70,12.35,true,1,
7296073189602,false,בוטן מטוגן 400גרם שופרסל,שקרצי,IL,בוטן מטוגן,גרמים,400.00,100 גרם,false,0,15.90,3.98,true,1,
7296073189688,false,ג.חמניה קלוף150ג שופרסל,ששון,IL,גרעין חמניה 150ג,גרמים,150.00,100 גרם,false,0,5.80,3.87,true,1,
7296073190615,false,פריכיות אורז,,,פריכיות אורז,גרמים,264.00,100 גרם,false,0,13.90,5.27,true,1,
7296073191162,false,יין אדום מתוק קדרון650מל,הכורמים,IL,יין אדום מתוק קדרון650מל,מיליליטרים,650.00,"100 מ""ל",false,0,14.40,2.22,true,1,
7296073191230,false,מפת שולחן פלסטיק,,IL,מפת שולחן פלסטיק,יחידה,1.00,יחידה,false,0,6.10,6.10,true,1,
7296073191261,false,תחתיות ארטישוק שופר390גר,Raal El Conservas,ES,תחתיות ארטישוק,גרמים,390.00,100 גרם,false,0,8.30,2.13,true,1,
7296073191421,false,קפה טורקי 4 יח,,IL,קפה טורקי 4 יח,גרמים,400.00,100 גרם,false,0,17.90,4.48,true,1,
7296073191445,false,ג'ל מסיר כתמים,,IL,ג'ל מסיר כתמים,ליטרים,3.00,ליטר,false,0,22.70,7.57,true,1,
7296073192633,false,שעועית לבנה שופרסל 800גר,פרי גליל,GB,שעועית לבנה,גרמים,800.00,100 גרם,false,0,16.80,2.10,true,1,
7296073192657,false,גרגרי חומוס שופרסל 800גר,פרי גליל,GB,גרגרי חומוס,גרמים,800.00,100 גרם,false,0,15.80,1.98,true,1,
7296073192893,false,סבון כחול שופרסל 500*3,אמיליה קוסמטיקס,IL,סבון שופרסל,ליטרים,1.50,ליטר,false,0,13.80,9.20,true,1,
7296073192930,false,סבון ורוד שופרסל 500*3,אמיליה קוסמטיקס,IL,סבון שופרסל,ליטרים,1.50,ליטר,false,0,13.80,9.20,true,1,
7296073192947,false,סבון ירוק שופרסל 500*3,אמיליה קוסמטיקס,IL,סבון שופרסל,ליטרים,1.50,ליטר,false,0,13.80,9.20,true,1,
7296073195146,false,דייסת שיבולת שופרסל200,שופרסל,IL,דייסת שיבולת,גרמים,200.00,100 גרם,false,0,9.80,4.90,true,1,
7296073195191,false,טחינה שומשום מלא גרין500,"אחדות בע""מ א.ת. ברקן",IL,טחינה שומשום מלא,גרמים,500.00,100 גרם,false,0,16.50,3.30,true,1,
7296073195207,false,טחינה אורגנית גרין 500גר,"אחדות בע""מ א.ת. ברקן",IL,טחינה אורגנית גרין 500גר,גרמים,500.00,100 גרם,false,0,16.50,3.30,true,1,
7296073195252,false,פריכיות אורז מלא,,IL,פריכיות אורז מלא,גרמים,100.00,100 גרם,false,0,6.80,6.80,true,1,
7296073195894,false,אטריות דקיקות שופרסל400ג,שיבולים בני דרום,IL,אטריות דקיקות,גרמים,400.00,100 גרם,false,0,4.90,1.23,true,1,
7296073197461,false,שוקולד חלב 3 יח,,CH,שוקולד חלב 3 יח,גרמים,300.00,100 גרם,false,0,12.90,4.30,true,1,
7296073197478,false,שוקולד מריר 3 יח,,CH,שוקולד מריר 3 יח,גרמים,300.00,100 גרם,false,0,12.90,4.30,true,1,
7296073197652,false,ארוחת אטריות בטעם ירקות,LTD EVERGLORY,CN,ארוחת אטריות,גרמים,65.00,100 גרם,false,0,3.90,6.00,true,1,
7296073197669,false,ארחת אטריות בטעם בקר65ג,LTD EVERGLORY,CN,ארוחת אטריות,גרמים,65.00,100 גרם,false,0,3.90,6.00,true,1,
7296073197676,false,ארוחת אטריות בטעם עוף65ג,LTD EVERGLORY,CN,ארוחת אטריות,גרמים,65.00,100 גרם,false,0,3.90,6.00,true,1,
7296073199014,false,נודלס דק להקפצה 400 גרם,INDUSTRY ANLIDA LONGHAI FUJIAN,CN,נודלס דק להקפצה,גרמים,400.00,100 גרם,false,0,9.80,2.45,true,1,
7296073199274,false,קמח חיטה מלאה,,IL,קמח חיטה מלאה,קילוגרמים,1.00,"ק""ג",false,0,8.80,8.80,true,1,
7296073199380,false,רוטב צ'ילי מתוק שופר810ג,תאי פרידה אינדסטרי,TH,רוטב צ'ילי מתוק,גרמים,810.00,100 גרם,false,0,12.80,1.58,true,1,
7296073200758,false,מיני קרוטונים,,AT,מיני קרוטונים,גרמים,400.00,100 גרם,false,0,19.70,4.93,true,1,
7296073200987,false,פטריות חתוכות 3 * 400 גר,פרוצ'אמפ,DE,פטריות חתוכות3יח,קילוגרמים,1.20,"ק""ג",false,0,11.90,9.92,true,1,
7296073201410,false,נודלס רחב להקפצה 400ג,פרוצ'אמפ,CN,נודלס רחב להקפצה,גרמים,400.00,100 גרם,false,0,9.80,2.45,true,1,
7296073201427,false,סילאן 350 גרם,,IL,סילאן 350 גרם,גרמים,350.00,100 גרם,false,0,8.80,2.51,true,1,
7296073201434,false,סילאן שופרסל,,IL,סילאן שופרסל,גרמים,900.00,100 גרם,false,0,13.80,1.53,true,1,
7296073202479,false,שוקולד מריר 6 יח,,CH,שוקולד מריר 6 יח,גרמים,600.00,100 גרם,false,0,22.90,3.82,true,1,
7296073202493,false,שוקולד חלב 6 יח,,CH,שוקולד חלב 6 יח,גרמים,600.00,100 גרם,false,0,22.90,3.82,true,1,
7296073202813,false,קרם ידיים לעור רגיל 100,אמיליה קוסמטיקס,IL,קרם ידיים שופרסל,מיליליטרים,100.00,"100 מ""ל",false,0,9.90,9.90,true,1,
7296073203391,false,"מיקס מזון לכלבים 3 ק""ג",EFFEFFE,IT,מיקס מזון לכלבים,קילוגרמים,3.00,"ק""ג",false,0,39.60,13.20,true,1,
7296073204879,false,שניצל תירס שופרסל 750גרם,תפוגן,IL,שניצל תירס,גרמים,750.00,100 גרם,false,0,18.70,2.49,true,1,
7296073204886,false,חטיפי תירס שופרסל 600גרם,תפוגן,IL,חטיפי תירס,גרמים,600.00,100 גרם,false,0,18.70,3.12,true,1,
7296073205081,false,מיונז,,IL,מיונז,גרמים,500.00,100 גרם,false,0,6.90,1.38,true,1,
7296073205111,false,"ניוקי תפו""א",,IT,"ניוקי תפו""א",גרמים,500.00,100 גרם,false,0,12.90,2.58,true,1,
7296073205418,false,פוסילי מלא,,IT,פוסילי מלא,גרמים,500.00,100 גרם,false,0,8.40,1.68,true,1,
7296073205463,false,פנה אורגני,,IT,פנה אורגני,גרמים,500.00,100 גרם,false,0,8.40,1.68,true,1,
7296073205692,false,רוטב פסטה שום אורגני 350,אלת'אה אס.פי.איי,IT,רוטב פסטה שום,גרמים,350.00,100 גרם,false,0,13.90,3.97,true,1,
7296073205708,false,רוט.פסט.בזיליקום אורג350,אלת'אה אס.פי.איי,IT,רוטב פסטה,גרמים,350.00,100 גרם,false,0,13.90,3.97,true,1,
7296073205722,false,תמר מגהול אורגני,,IL,תמר מגהול אורגני,גרמים,400.00,100 גרם,false,0,21.00,5.25,true,1,
7296073205975,false,מסיר לק,,IL,מסיר לק,מיליליטרים,100.00,"100 מ""ל",false,0,10.20,10.20,true,1,
7296073206347,false,דבש אקליפטוס,,IL,דבש אקליפטוס,גרמים,500.00,100 גרם,false,0,24.70,4.94,true,1,
7296073206354,false,דבש הדרים,,IL,דבש הדרים,גרמים,500.00,100 גרם,false,0,24.70,4.94,true,1,
7296073206682,false,טונה בשמן קנולה 160*4ג,תעשיות פילטונה,IL,טונה בשמן 4 יח,גרמים,640.00,100 גרם,false,0,19.90,3.11,true,1,
7296073206989,false,משחה לתינוק שופרסל 110ג,אמיליה קוסמטיקס,IL,משחה לתינוק,גרמים,110.00,100 גרם,false,0,9.80,8.91,true,1,
7296073207016,false,תח.רחצה לתינוק שופרסל750,אמיליה קוסמטיקס,IL,תחליב רחצה תינוק,מיליליטרים,750.00,"100 מ""ל",false,0,9.90,1.32,true,1,
7296073207078,false,בוטן קלוף קלוי300 שופרסל,ששון,IL,בוטן קלוף קלוי,גרמים,300.00,100 גרם,false,0,11.80,3.93,true,1,
7296073207115,false,מגבונים נשטפים,,IL,מגבונים נשטפים,יחידה,1.00,יחידה,false,0,5.90,5.90,true,1,
7296073207122,false,3 מגבונים נשטפים,,IL,3 מגבונים נשטפים,יחידה,1.00,יחידה,false,0,9.90,9.90,true,1,
7296073208136,false,סרדינים פיקנטיים,,TH,סרדינים פיקנטיים,גרמים,110.00,100 גרם,false,0,5.30,4.82,true,1,
7296073209126,false,ספוג רחצה,,IL,ספוג רחצה,יחידה,1.00,יחידה,false,0,6.80,6.80,true,1,
7296073209133,false,ספוג רחצה,,IL,ספוג רחצה,יחידה,1.00,יחידה,false,0,6.80,6.80,true,1,
7296073209140,false,ספוג רחצה,,IL,ספוג רחצה,יחידה,1.00,יחידה,false,0,6.80,6.80,true,1,
7296073209225,false,"3ספוגיות קירצוף 9*72 ס""מ",פלסטו פוליש,IL,ספוגיות קירצוף,יחידה,1.00,יחידה,false,0,7.90,7.90,true,1,
7296073209928,false,בייגלה שטוח,,IL,בייגלה שטוח,גרמים,300.00,100 גרם,false,0,7.90,2.63,true,1,
7296073209935,false,בייגלה שטוח,,IL,בייגלה שטוח,גרמים,300.00,100 גרם,false,0,7.90,2.63,true,1,
7296073211488,false,"טחינה אורגנית גרין 1 ק""ג","אחדות בע""מ א.ת. ברקן",IL,טחינה אורגנית,קילוגרמים,1.00,"ק""ג",false,0,32.90,32.90,true,1,
7296073211624,false,"פילה אמנון ק""ג",שופרסל,CN,פילה אמנון,קילוגרמים,0.00,"ק""ג",true,0,39.90,39.90,true,1,
7296073211822,false,"רוטב סויה לבישול 700 מ""ל",תאי פרידה אינדסטרי,TH,רוטב סויה,מיליליטרים,700.00,"100 מ""ל",false,0,12.80,1.83,true,1,
7296073211969,false,וופל בלגי שופרסל 200 גרם,גילרו,IL,וופל בלגי,גרמים,200.00,100 גרם,false,0,4.00,2.00,true,1,
7296073212096,false,מרק עוף שופרסל 400 גרם,פרי גליל,IL,מרק עוף,גרמים,400.00,100 גרם,false,0,12.80,3.20,true,1,
7296073212119,false,מרק טעם עוף שופרסל400ג,פרי גליל,IL,מרק טעם עוף,גרמים,400.00,100 גרם,false,0,9.80,2.45,true,1,
7296073212126,false,מרק בצל שופרסל 400 גרם,פרי גליל,IL,מרק בצל,גרמים,400.00,100 גרם,false,0,15.80,3.95,true,1,
7296073213949,false,ג'ל כביסה מרוכז,,IL,ג'ל כביסה מרוכז,ליטרים,3.00,ליטר,false,0,21.70,7.23,true,1,
7296073215820,false,כורכום טחון,,IL,כורכום טחון,גרמים,100.00,100 גרם,false,0,7.70,7.70,true,1,
7296073215844,false,כורכום טחון,,IL,כורכום טחון,גרמים,40.00,100 גרם,false,0,6.70,16.75,true,1,
7296073215851,false,כורכום במיכל,,IL,כורכום במיכל,גרמים,100.00,100 גרם,false,0,9.80,9.80,true,1,
7296073215868,false,כורכום במיכל,,IL,כורכום במיכל,גרמים,400.00,100 גרם,false,0,21.70,5.43,true,1,
7296073215875,false,כמון טחון,,IL,כמון טחון,גרמים,100.00,100 גרם,false,0,7.70,7.70,true,1,
7296073215899,false,כמון טחון,,IL,כמון טחון,גרמים,100.00,100 גרם,false,0,10.80,10.80,true,1,
7296073215905,false,כמון טחון,,IL,כמון טחון,גרמים,400.00,100 גרם,false,0,25.00,6.25,true,1,
7296073215912,false,קנמון טחון,,IL,קנמון טחון,גרמים,100.00,100 גרם,false,0,6.30,6.30,true,1,
7296073215943,false,אורגנו בשקית,,IL,אורגנו בשקית,גרמים,20.00,100 גרם,false,0,5.30,26.50,true,1,
7296073215998,false,אבקת שום,,IL,אבקת שום,גרמים,50.00,100 גרם,false,0,6.70,13.40,true,1,
7296073216001,false,תערובת תיבול עוף,,IL,תערובת תיבול עוף,גרמים,100.00,100 גרם,false,0,7.70,7.70,true,1,
7296073216018,false,תערובת תיבול,,IL,תערובת תיבול,גרמים,100.00,100 גרם,false,0,7.70,7.70,true,1,
7296073216032,false,תערובת גריל עוף,,IL,תערובת גריל עוף,גרמים,150.00,100 גרם,false,0,10.80,7.20,true,1,
7296073216049,false,תערוב תיבול,,IL,תערוב תיבול,גרמים,100.00,100 גרם,false,0,6.30,6.30,true,1,
7296073216063,false,חוואג' למרק,,IL,חוואג' למרק,גרמים,100.00,100 גרם,false,0,7.70,7.70,true,1,
7296073216087,false,עלי דפנה,,IL,עלי דפנה,גרמים,20.00,100 גרם,false,0,6.00,30.00,true,1,
7296073216094,false,בהרט,,IL,בהרט,גרמים,100.00,100 גרם,false,0,6.70,6.70,true,1,
7296073216100,false,צ'ילי כתוש,,IL,צ'ילי כתוש,גרמים,25.00,100 גרם,false,0,6.00,24.00,true,1,
7296073216117,false,אבקת קרי,,IL,אבקת קרי,גרמים,100.00,100 גרם,false,0,5.60,5.60,true,1,
7296073216124,false,בזיליקום תבלין,,IL,בזיליקום תבלין,גרמים,30.00,100 גרם,false,0,5.10,17.00,true,1,
7296073216148,false,פלפל שחור טחון,,IL,פלפל שחור טחון,גרמים,100.00,100 גרם,false,0,12.20,12.20,true,1,
7296073216193,false,פלפל שחור,,IL,פלפל שחור,גרמים,90.00,100 גרם,false,0,15.40,17.11,true,1,
7296073216223,false,פפריקה מתוקה,,IL,פפריקה מתוקה,גרמים,80.00,100 גרם,false,0,6.10,7.63,true,1,
7296073216230,false,פפריקה מתוקה,,IL,פפריקה מתוקה,גרמים,40.00,100 גרם,false,0,7.70,19.25,true,1,
7296073216247,false,פפריקה מתוקה,,IL,פפריקה מתוקה,גרמים,100.00,100 גרם,false,0,10.80,10.80,true,1,
7296073216261,false,פפריקה מתוקה,,IL,פפריקה מתוקה,גרמים,80.00,100 גרם,false,0,6.10,7.63,true,1,
7296073216278,false,פפריקה מרוקאית,,IL,פפריקה מרוקאית,גרמים,90.00,100 גרם,false,0,8.80,9.78,true,1,
7296073216285,false,פפריקה מתוקה,,IL,פפריקה מתוקה,גרמים,400.00,100 גרם,false,0,22.80,5.70,true,1,
7296073216292,false,פפריקה חריפה,,IL,פפריקה חריפה,גרמים,80.00,100 גרם,false,0,6.10,7.63,true,1,
7296073216315,false,מלח לימון,,IL,מלח לימון,גרמים,100.00,100 גרם,false,0,6.60,6.60,true,1,
7296073216322,false,מלח לימון,,IL,מלח לימון,גרמים,170.00,100 גרם,false,0,9.80,5.76,true,1,
7296073216339,false,מלח לימון,,IL,מלח לימון,גרמים,700.00,100 גרם,false,0,22.70,3.24,true,1,
7296073217602,false,נייר טואלט,,IL,נייר טואלט,מטרים,662.00,מטר,false,0,32.90,0.05,true,1,
7296073218159,false,תיבול לקציצות,,IL,תיבול לקציצות,גרמים,100.00,100 גרם,false,0,5.60,5.60,true,1,
7296073218166,false,פלפל אנגלי שלם,,IL,פלפל אנגלי שלם,גרמים,25.00,100 גרם,false,0,6.50,26.00,true,1,
7296073218173,false,תיבול גריל דג,,IL,תיבול גריל דג,גרמים,100.00,100 גרם,false,0,5.60,5.60,true,1,
7296073218234,false,סוכר חום אורגני,,IL,סוכר חום אורגני,קילוגרמים,1.00,"ק""ג",false,0,11.80,11.80,true,1,
7296073218333,false,פופקורן מופחת,,US,פופקורן מופחת,גרמים,510.00,100 גרם,false,0,13.50,2.65,true,1,
7296073218661,false,מטליות לרצפה 3יח,,CN,מטליות לרצפה 3יח,יחידה,1.00,יחידה,false,0,19.70,19.70,true,1,
7296073218722,false,"סט אוכל עגול ח""פ",,IL,"סט אוכל עגול ח""פ",יחידה,1.00,יחידה,false,0,79.00,79.00,true,1,
7296073218746,false,"סט אוכל לבן ח""פ",,IL,"סט אוכל לבן ח""פ",יחידה,1.00,יחידה,false,0,79.00,79.00,true,1,
7296073218753,false,פתי בר,,NL,פתי בר,גרמים,500.00,100 גרם,false,0,8.90,1.78,true,1,
7296073218807,false,בישקוטים,,IT,בישקוטים,גרמים,200.00,100 גרם,false,0,6.80,3.40,true,1,
7296073218920,false,לחם אחיד פרוס שופרסל 750,מאפיית שלמה א. אנג'ל,IL,לחם אחיד פרוס,גרמים,750.00,100 גרם,false,0,5.90,0.79,true,1,
7296073219088,false,מיונז אמיתי 1 קג,,IL,מיונז אמיתי 1 קג,קילוגרמים,1.00,"ק""ג",false,0,15.80,15.80,true,1,
7296073219118,false,אבקת כביסה,,IL,אבקת כביסה,קילוגרמים,2.50,"ק""ג",false,0,19.90,7.96,true,1,
7296073219149,false,פירורי לחם מוזהב,,IL,פירורי לחם מוזהב,גרמים,350.00,100 גרם,false,0,6.90,1.97,true,1,
7296073219156,false,פירורי לחם לבן,,IL,פירורי לחם לבן,גרמים,350.00,100 גרם,false,0,5.90,1.69,true,1,
7296073219255,false,קפה נמס,,IL,קפה נמס,גרמים,200.00,100 גרם,false,0,12.80,6.40,true,1,
7296073219262,false,קפה טורקי עם הל,,IL,קפה טורקי עם הל,גרמים,100.00,100 גרם,false,0,5.90,5.90,true,1,
7296073219330,false,לחם אחיד פרוס,,IL,לחם אחיד פרוס,גרמים,750.00,100 גרם,false,0,5.90,0.79,true,1,
7296073219347,false,לחם אחיד פרוס750ג שופרסל,מאפית ברמן,IL,לחם אחיד פרוס,גרמים,750.00,100 גרם,false,0,5.90,0.79,true,1,
7296073219354,false,משטח לייבוש כלים,,CN,משטח לייבוש כלים,יחידה,1.00,יחידה,false,0,8.80,8.80,true,1,
7296073219576,false,שקיות אשפה,,IL,שקיות אשפה,יחידה,1.00,יחידה,false,0,19.80,19.80,true,1,
7296073219606,false,כדורי דגנים,,IL,כדורי דגנים,גרמים,500.00,100 גרם,false,0,11.90,2.38,true,1,
7296073219668,false,עלי גפן ממולאים 400 גרם,LTD ESME,TR,עלי גפן ממולאים,גרמים,400.00,100 גרם,false,0,6.90,1.73,true,1,
7296073219675,false,פלפל שחור גרוס,,IL,פלפל שחור גרוס,גרמים,80.00,100 גרם,false,0,9.70,12.13,true,1,
7296073219880,false,פודינג שוקולד,,IL,פודינג שוקולד,גרמים,95.00,100 גרם,false,0,4.50,4.74,true,1,
7296073219897,false,פודינג וניל,,IL,פודינג וניל,גרמים,80.00,100 גרם,false,0,4.50,5.63,true,1,
7296073219903,false,ג'לי פטל,,IL,ג'לי פטל,גרמים,85.00,100 גרם,false,0,5.00,5.88,true,1,
7296073219910,false,ג'לי משמש,,IL,ג'לי משמש,גרמים,85.00,100 גרם,false,0,5.00,5.88,true,1,
7296073219927,false,ג'לי תות,,IL,ג'לי תות,גרמים,85.00,100 גרם,false,0,5.00,5.88,true,1,
7296073219941,false,חטיף דגנים שוקו+שוק23*6ג,back and Snack,AT,חטיף דגנים,גרמים,138.00,100 גרם,false,0,9.90,7.17,true,1,
7296073219958,false,חט.דגנים שוקו+מריר23*6ג,back and Snack,AT,חטיף דגנים,גרמים,138.00,100 גרם,false,0,9.90,7.17,true,1,
7296073219965,false,חט.דגנים שוק.חלב+בוט23*6,back and Snack,AT,חטיף בוטנים,גרמים,138.00,100 גרם,false,0,9.90,7.17,true,1,
7296073220022,false,אבקת קקאו,,IL,אבקת קקאו,גרמים,150.00,100 גרם,false,0,8.80,5.87,true,1,
7296073220077,false,שוקולד חלב,,CH,שוקולד חלב,גרמים,100.00,100 גרם,false,0,5.50,5.50,true,1,
7296073220084,false,שוקולד חלב במילו,,CH,שוקולד חלב במילו,גרמים,100.00,100 גרם,false,0,5.50,5.50,true,1,
7296073220183,false,עוגיות שוקוצ'יפס,,DE,עוגיות שוקוצ'יפס,גרמים,225.00,100 גרם,false,0,7.90,3.51,true,1,
7296073220251,false,אבקת קקאו,,IL,אבקת קקאו,גרמים,500.00,100 גרם,false,0,23.70,4.74,true,1,
7296073220275,false,וופל ט.שוקולד שופרסל500ג,מנעמים,IL,וופל טעם שוקולד,גרמים,500.00,100 גרם,false,0,8.90,1.78,true,1,
7296073220282,false,וופלים ט.לימון שופרסל500,מנעמים,IL,וופל טעם לימון,גרמים,500.00,100 גרם,false,0,8.90,1.78,true,1,
7296073220404,false,פטל אדום קפוא שופרסל 300,d.o.o Lukowa,YU,פטל אדום,גרמים,300.00,100 גרם,false,0,16.80,5.60,true,1,
7296073220435,false,מיקס פירות יער קפוא 300,d.o.o Lukowa,YU,מיקס פירות יער,גרמים,300.00,100 גרם,false,0,16.80,5.60,true,1,
7296073221326,false,"כפית קרם ח""פ 100 יח'",.,IL,"כפית קרם ח""פ",יחידה,1.00,יחידה,false,0,5.90,5.90,true,1,
7296073221333,false,"מזלג קרם ח""פ 100 יח'",.,IL,"מזלג קרם ח""פ",יחידה,1.00,יחידה,false,0,7.90,7.90,true,1,
7296073221340,false,"סכין קרם ח""פ 100 יח'",.,IL,"סכין קרם ח""פ",יחידה,1.00,יחידה,false,0,7.90,7.90,true,1,
7296073221678,false,"סוכריות לל""ס בטעם מנטה80",טופגאם,IL,סוכריות ללא סוכר,גרמים,80.00,100 גרם,false,0,5.90,7.38,true,1,
7296073221791,false,וופל בטעם אגוזים 400 גרם,מנעמים,IL,וופל אגוזים,גרמים,400.00,100 גרם,false,0,8.90,2.23,true,1,
7296073222200,false,פסטרמה הודו על גחלים שופ,מעדני יחיעם,IL,פסטרמה הודו,גרמים,300.00,100 גרם,false,0,19.90,6.63,true,1,
7296073222217,false,צמד חמד שופרסל 600 גרם,מעדני יחיעם,IL,צמד חמד נקניק,גרמים,600.00,100 גרם,false,0,21.90,3.65,true,1,
7296073222279,false,נקניקיות וינר שופרסל 1קג,מעדני יחיעם,IL,נקניקיות וינר,קילוגרמים,1.00,"ק""ג",false,0,22.80,22.80,true,1,
7296073222309,false,ג'חנון קפוא שופרסל 650 ג,אופרה,IL,ג'חנון קפוא שופר,גרמים,650.00,100 גרם,false,0,11.80,1.82,true,1,
7296073222316,false,ג'חנון אפוי שופרסל 650ג,אופרה,IL,ג'חנון אפוי שופר,גרמים,650.00,100 גרם,false,0,14.80,2.28,true,1,
7296073222323,false,מלווח קפוא שופרסל700ג,אופרה,IL,מלווח קפוא שופרס,גרמים,700.00,100 גרם,false,0,11.80,1.69,true,1,
7296073222774,false,"כוסות קפה ח""פ",,IL,"כוסות קפה ח""פ",יחידה,1.00,יחידה,false,0,5.90,5.90,true,1,
7296073222811,false,סילאן טבעי,,IL,סילאן טבעי,גרמים,340.00,100 גרם,false,0,16.80,4.94,true,1,
7296073222897,false,סט אוכל עגול קרם,,IL,סט אוכל עגול קרם,יחידה,1.00,יחידה,false,0,79.00,79.00,true,1,
7296073223009,false,שמן זית,,IT,שמן זית,מיליליטרים,750.00,"100 מ""ל",false,0,29.90,3.99,true,1,
7296073223061,false,תה ירוק,,LK,תה ירוק,גרמים,37.00,100 גרם,false,0,12.90,34.86,true,1,
7296073223078,false,תה ירוק,,LK,תה ירוק,גרמים,37.00,100 גרם,false,0,12.90,34.86,true,1,
7296073223085,false,תה ירוק,,LK,תה ירוק,גרמים,37.00,100 גרם,false,0,12.90,34.86,true,1,
7296073223115,false,תה קלאסי,,LK,תה קלאסי,גרמים,150.00,100 גרם,false,0,9.80,6.53,true,1,
7296073223993,false,מזון חתולים,,IL,מזון חתולים,גרמים,400.00,100 גרם,false,0,6.90,1.73,true,1,
7296073224006,false,מזון חתולים,,FR,מזון חתולים,גרמים,400.00,100 גרם,false,0,6.90,1.73,true,1,
7296073224013,false,מזון חתולים,,FR,מזון חתולים,גרמים,400.00,100 גרם,false,0,6.90,1.73,true,1,
7296073224044,false,מזון לכלב,,FR,מזון לכלב,גרמים,400.00,100 גרם,false,0,6.80,1.70,true,1,
7296073224051,false,מזון כלבים,,FR,מזון כלבים,גרמים,400.00,100 גרם,false,0,6.80,1.70,true,1,
7296073224228,false,דבש טבעי,,IL,דבש טבעי,קילוגרמים,1.00,"ק""ג",false,0,38.90,38.90,true,1,
7296073224365,false,קמח שמרים,,IL,קמח שמרים,קילוגרמים,1.00,"ק""ג",false,0,8.80,8.80,true,1,
7296073224433,false,אורז חום עגול,,IL,אורז חום עגול,גרמים,500.00,100 גרם,false,0,10.80,2.16,true,1,
7296073224549,false,זרעי פשתן,,IL,זרעי פשתן,גרמים,500.00,100 גרם,false,0,9.80,1.96,true,1,
7296073224556,false,שיבולת שועל,,IL,שיבולת שועל,גרמים,500.00,100 גרם,false,0,10.80,2.16,true,1,
7296073224563,false,סלט טחינה שופרסל 400 גרם,סלטי שמיר,IL,סלט טחינה,גרמים,400.00,100 גרם,false,0,7.90,1.98,true,1,
7296073224587,false,כרוב אדום שופרסל 400 גרם,סלטי שמיר,IL,סלט כרוב אדום,גרמים,400.00,100 גרם,false,0,7.90,1.98,true,1,
7296073224594,false,סלט חציל במיונז שופר400ג,סלטי שמיר,IL,סלט חצילים מיונז,גרמים,400.00,100 גרם,false,0,7.90,1.98,true,1,
7296073224600,false,"חומוס שופרסל 1 ק""ג",סלטי שמיר,IL,סלט חומוס,קילוגרמים,1.00,"ק""ג",false,0,9.90,9.90,true,1,
7296073224631,false,"אורז פרסי שופרסל 1 ק""ג",ltd co produce Uthai,TH,אורז פרסי,קילוגרמים,1.00,"ק""ג",false,0,5.90,5.90,true,1,
7296073224648,false,"אורז פרסי שופרסל 5 ק""ג",ltd co produce Uthai,TH,"אורז פרסי 5 ק""ג",קילוגרמים,5.00,"ק""ג",false,0,24.70,4.94,true,1,
7296073224761,false,חליטת נענע שופרסל 25שק,רפאלס,DE,חליטת נענע,גרמים,50.00,100 גרם,false,0,11.80,23.60,true,1,
7296073224785,false,חליטת קמומיל שופרסל 25שק,רפאלס,DE,חליטת קמומיל,גרמים,37.00,100 גרם,false,0,11.80,31.89,true,1,
7296073224792,false,ג'ל כביסה קפס,,IL,ג'ל כביסה קפס,יחידה,1.00,יחידה,false,0,11.90,11.90,true,1,
7296073224808,false,ג'ל כביסה שופרסל,,IL,ג'ל כביסה שופרסל,יחידה,1.00,יחידה,false,0,19.80,19.80,true,1,
7296073224815,false,מרכך מרוכז כחול,,IL,מרכך מרוכז כחול,ליטרים,1.00,ליטר,false,0,9.90,9.90,true,1,
7296073224822,false,מרכך מרוכז ורוד,,IL,מרכך מרוכז ורוד,ליטרים,1.00,ליטר,false,0,9.90,9.90,true,1,
7296073224839,false,מרכך מרוכז לבן,,IL,מרכך מרוכז לבן,ליטרים,1.00,ליטר,false,0,9.90,9.90,true,1,
7296073224846,false,מרכך מרוכז סגול,,IL,מרכך מרוכז סגול,ליטרים,1.00,ליטר,false,0,9.90,9.90,true,1,
7296073224884,false,לקט ירקות מעורבים 800גרם,ARDO,BE,לקט ירקות,גרמים,800.00,100 גרם,false,0,16.80,2.10,true,1,
7296073224891,false,אפונה ירוקה קפואה שופרסל,ARDO,BE,אפונה ירוקה,גרמים,800.00,100 גרם,false,0,11.90,1.49,true,1,
7296073224907,false,אפונה וגזר שופרסל 800גרם,ARDO,BE,אפונה וגזר,גרמים,800.00,100 גרם,false,0,13.80,1.73,true,1,
7296073224976,false,חצאי אפרסקים,,GR,חצאי אפרסקים,גרמים,820.00,100 גרם,false,0,6.40,0.78,true,1,
7296073225010,false,ריבועי דגנים+קינמון500גר,פודס,LT,ריבועי דגנים,גרמים,500.00,100 גרם,false,0,11.90,2.38,true,1,
7296073225072,false,לחמניות שופרסל 6יח75*גר,מאפיית שלמה א. אנג'ל,IL,לחמניות 6יחידות,גרמים,450.00,100 גרם,false,0,8.90,1.98,true,1,
7296073225164,false,עוגת שמרים עם שוקולד400ג,גידרון,IL,עוגת שמרים,גרמים,400.00,100 גרם,false,0,13.80,3.45,true,1,
7296073225195,false,שמ.זית אורג.כתית גרין750,OLIVENSA,ES,שמן זית אורגני,ליטרים,0.75,ליטר,false,1,44.90,59.87,true,1,
7296073225218,false,משמש מיובש 200גרם שופרסל,SA AKCA OSMAN,IL,משמש מארז 200גרם,גרמים,200.00,100 גרם,false,0,18.70,9.35,true,1,
7296073225249,false,ג.חמניה ללא מלח200ג שופר,ששון,IL,גרעין חמנייה,גרמים,200.00,100 גרם,false,0,6.80,3.40,true,1,
7296073225256,false,ג.חמניה ק.עפולה 200ג שופ,ששון,IL,גרעין חמנייה,גרמים,200.00,100 גרם,false,0,6.80,3.40,true,1,
7296073225263,false,עוגיות עם שמנת,,IT,עוגיות עם שמנת,גרמים,300.00,100 גרם,false,0,7.90,2.63,true,1,
7296073225270,false,עוגיות בציפוי,,IT,עוגיות בציפוי,גרמים,300.00,100 גרם,false,0,7.90,2.63,true,1,
7296073225287,false,עוגיות חיטה מלאה,,IT,עוגיות חיטה מלאה,גרמים,300.00,100 גרם,false,0,7.90,2.63,true,1,
7296073225454,false,פטל שחור קפוא שופרסל 300,d.o.o Lukowa,YU,פטל שחור קפוא,גרמים,300.00,100 גרם,false,0,16.80,5.60,true,1,
7296073225461,false,פיצה מרגריטה 350גרם,SOCICO CON S.R.L AR,IT,פיצה מרגריטה,גרמים,350.00,100 גרם,false,0,14.90,4.26,true,1,
7296073225478,false,פיצה מרגריטה עם זיתים 35,SOCICO CON S.R.L AR,IT,פיצה עם זיתים,יחידה,1.00,יחידה,false,0,15.80,15.80,true,1,
7296073225492,false,רסק עגבניות 22% 260 גרם,פריניר,IL,רסק עגבניות,גרמים,260.00,100 גרם,false,0,3.10,1.19,true,1,
7296073225508,false,כוסות קפה גדולות שופרסל,.,CN,כוסות קפה גדולות,יחידה,1.00,יחידה,false,0,12.90,12.90,true,1,
7296073225560,false,"וופל שוקולד ללת""ס200גרם",מנעמים,IL,וופל שוקולד ללתס,גרמים,200.00,100 גרם,false,0,6.80,3.40,true,1,
7296073225577,false,"וופל בלגי שוקו.ללת""ס200ג",גילרו,IL,וופל בלגי שוקולד,גרמים,200.00,100 גרם,false,0,7.80,3.90,true,1,
7296073225591,false,אורז בסמטי,,IN,אורז בסמטי,קילוגרמים,1.00,"ק""ג",false,0,12.80,12.80,true,1,
7296073225607,false,חטיפי קרקר,,IT,חטיפי קרקר,גרמים,150.00,100 גרם,false,0,7.80,5.20,true,1,
7296073225614,false,חטיפי קרקר,,IT,חטיפי קרקר,גרמים,150.00,100 גרם,false,0,7.80,5.20,true,1,
7296073225621,false,חטיפי קרקר,,IT,חטיפי קרקר,גרמים,150.00,100 גרם,false,0,7.80,5.20,true,1,
7296073225638,false,חטיפי קרקר,,IT,חטיפי קרקר,גרמים,150.00,100 גרם,false,0,7.80,5.20,true,1,
7296073225737,false,שעועית אזוקי,,IL,שעועית אזוקי,גרמים,500.00,100 גרם,false,0,11.80,2.36,true,1,
7296073225744,false,חצילים על האש שופרסל400ג,סלטי שמיר,IL,סלט חצילים,גרמים,400.00,100 גרם,false,0,7.90,1.98,true,1,
7296073225751,false,חציל בטחינה 400 גרם,סלטי שמיר,IL,סלט חציל בטיחנה,גרמים,400.00,100 גרם,false,0,7.90,1.98,true,1,
7296073225775,false,רצועות סלק שופרסל 400גרם,סלטי שמיר,IL,סלט סלק שופרסל,גרמים,400.00,100 גרם,false,0,7.90,1.98,true,1,
7296073225782,false,פוקט טישיו 6 יח,,IT,פוקט טישיו 6 יח,יחידה,1.00,יחידה,false,0,9.80,9.80,true,1,
7296073226154,false,ביסקוויט שוקולד מריר125,.,DE,ביסקוויט מצופה,גרמים,125.00,100 גרם,false,0,7.80,6.24,true,1,
7296073226161,false,ביסקוויט שוקולד חלב125גר,.,DE,ביסקוויט מצופה,גרמים,125.00,100 גרם,false,0,7.80,6.24,true,1,
7296073226291,false,חיתולים שופרסל,,IL,חיתולים שופרסל,יחידה,1.00,יחידה,false,0,29.90,29.90,true,1,
7296073226307,false,חיתולים שופרסל,,IL,חיתולים שופרסל,יחידה,1.00,יחידה,false,0,29.90,29.90,true,1,
7296073226314,false,חיתולים שופרסל,,IL,חיתולים שופרסל,יחידה,1.00,יחידה,false,0,29.90,29.90,true,1,
7296073226321,false,חיתולים שופרסל,,IL,חיתולים שופרסל,יחידה,1.00,יחידה,false,0,29.90,29.90,true,1,
7296073226338,false,חיתולים שופרסל,,IL,חיתולים שופרסל,יחידה,1.00,יחידה,false,0,29.90,29.90,true,1,
7296073226536,false,וופל קוביות קרם אגוז250ג,בלקוני,IT,וופל קוביות,גרמים,250.00,100 גרם,false,0,10.80,4.32,true,1,
7296073226550,false,דובדבנים חמוצים מגולענים,Kft Gloster,HU,דובדבנים חמוצים,גרמים,720.00,100 גרם,false,0,10.40,1.44,true,1,
7296073226680,false,חט.דגנים שוק.חלב+ביסקויט,back and Snack,IL,חטיף דגנים,גרמים,138.00,100 גרם,false,0,9.90,7.17,true,1,
7296073227069,false,מים בטעם ענבים,,IL,מים בטעם ענבים,ליטרים,1.50,ליטר,false,0,4.90,3.27,true,1,
7296073227083,false,מים בטעם תפוח,,IL,מים בטעם תפוח,ליטרים,1.50,ליטר,false,0,4.90,3.27,true,1,
7296073227090,false,מים בטעם אפרסק,,IL,מים בטעם אפרסק,ליטרים,1.50,ליטר,false,0,4.90,3.27,true,1,
7296073228851,false,מגבונ.ללא בישום 64*5יח,שופרסל,IL,מגבונים,יחידה,1.00,יחידה,false,0,23.90,23.90,true,1,
7296073229407,false,אטריות אורז אדום דק 226ג,LTD FOOD ETHICAL,IL,אטריות אורז,גרמים,226.00,100 גרם,false,0,8.80,3.89,true,1,
7296073229667,false,סירופ טעם מייפל,,IL,סירופ טעם מייפל,גרמים,600.00,100 גרם,false,0,10.80,1.80,true,1,
7296073229704,false,ג'ל רחצה פפאיה שופרסל750,"טרופיקל דגיל תעשיות קוסמטיקה בע""מ",IL,ג'ל רחצה,מיליליטרים,750.00,"100 מ""ל",false,0,8.80,1.17,true,1,
7296073229711,false,ג'ל רח.פסיפלורה שופרס750,"טרופיקל דגיל תעשיות קוסמטיקה בע""מ",IL,ג'ל רחצה,מיליליטרים,750.00,"100 מ""ל",false,0,8.80,1.17,true,1,
7296073229728,false,ג'ל רח. אלוורה שופרסל750,"טרופיקל דגיל תעשיות קוסמטיקה בע""מ",IL,ג'ל רחצה,מיליליטרים,750.00,"100 מ""ל",false,0,8.80,1.17,true,1,
7296073229735,false,תחליב רח.קלאסי שופרסל750,"טרופיקל דגיל תעשיות קוסמטיקה בע""מ",IL,תחליב רחצה,מיליליטרים,750.00,"100 מ""ל",false,0,8.80,1.17,true,1,
7296073229742,false,תחליב רח.מאסק שופרסל750,"טרופיקל דגיל תעשיות קוסמטיקה בע""מ",IL,תחליב רחצה,מיליליטרים,750.00,"100 מ""ל",false,0,8.80,1.17,true,1,
7296073229759,false,תחליב רח.ונילה שופרסל750,"טרופיקל דגיל תעשיות קוסמטיקה בע""מ",IL,תחליב רחצה,מיליליטרים,750.00,"100 מ""ל",false,0,8.80,1.17,true,1,
7296073229872,false,קטשופ שופרסל 750 גרם,סוגל,PT,קטשופ,גרמים,750.00,100 גרם,false,0,8.80,1.17,true,1,
7296073229940,false,"אורז בסמטי בצנצנת 1 ק""ג",.,IN,אורז בסמטי,קילוגרמים,1.00,"ק""ג",false,0,13.90,13.90,true,1,
7296073229957,false,פיצוצי נוגט,,IL,פיצוצי נוגט,גרמים,750.00,100 גרם,false,0,14.80,1.97,true,1,
7296073229964,false,פיצוצי שוקו,,IL,פיצוצי שוקו,גרמים,750.00,100 גרם,false,0,14.80,1.97,true,1,
7296073230021,false,מנקה רצפות כחול 2 ליטר,קליר כימיקלים,IL,מנקה רצפות כחול,ליטרים,2.00,ליטר,false,0,10.00,5.00,true,1,
7296073230038,false,מנקה רצפות ורוד 2 ליטר,קליר כימיקלים,IL,מנקה רצפות,ליטרים,2.00,ליטר,false,0,10.00,5.00,true,1,
7296073230045,false,מנקה רצפות סגול 2 ליטר,קליר כימיקלים,IL,מנקה רצפות,ליטרים,2.00,ליטר,false,0,10.00,5.00,true,1,
7296073230052,false,מנקה רצפות דוחה חרקים2ל,קליר כימיקלים,IL,מנקה רצפות,ליטרים,2.00,ליטר,false,0,10.00,5.00,true,1,
7296073230076,false,מנקה רצפות שיש וקרמיקה2ל,קליר כימיקלים,IL,מנקה רצפות,ליטרים,2.00,ליטר,false,0,17.70,8.85,true,1,
7296073230113,false,לפתן פירות בסירופ קל225ג,.,CN,לפתן פירות,גרמים,225.00,100 גרם,false,0,4.50,2.00,true,1,
7296073230410,false,"כוסות קפה ח""פ",,IL,"כוסות קפה ח""פ",יחידה,1.00,יחידה,false,0,7.90,7.90,true,1,
7296073230465,false,"סכינים ח""פ עבה שקוף50יח'",.,IL,50סכין עבה,יחידה,1.00,יחידה,false,0,9.90,9.90,true,1,
7296073230519,false,ניילון נצמד 150 מטר,אופל אריזות,IL,ניילון נצמד,מטרים,150.00,מטר,false,0,25.70,0.17,true,1,
7296073230601,false,"אורז ארוך מלא 1 ק""ג",ltd co produce Uthai,TH,אורז ארוך מלא,קילוגרמים,1.00,"ק""ג",false,0,8.00,8.00,true,1,
7296073230618,false,"אורז תאילנדי 1 ק""ג",ltd co produce Uthai,TH,אורז תאילנדי,קילוגרמים,1.00,"ק""ג",false,0,4.80,4.80,true,1,
7296073230632,false,דגני טבעות דבש 500 גרם,UAB FOODS CERERA,LT,טבעות דבש,גרמים,500.00,100 גרם,false,0,11.90,2.38,true,1,
7296073230663,false,מגבות נייר שופרסל 8 גל.,שניב תעשיות נייר,IL,מגבות נייר,מטרים,84.00,מטר,false,0,11.90,0.14,true,1,
7296073230700,false,אקונומיקה מבושמת 4 ליטר,קליר כימיקלים,IL,אקונומיקה מבושמת,ליטרים,4.00,ליטר,false,0,9.90,2.48,true,1,
7296073230724,false,אקונומיקה 4 ליטר,קליר כימיקלים,IL,אקונומיקה 4 ליטר,ליטרים,4.00,ליטר,false,0,8.80,2.20,true,1,
7296073230731,false,נוזל כלים 24% תפוח 750מל,קליר כימיקלים,IL,נוזל לכלים תפוח,מיליליטרים,750.00,"100 מ""ל",false,0,6.90,0.92,true,1,
7296073230755,false,מיץ ענבים תירוש 1 ליטר,יקבי ירושלים,IL,מיץ ענבים תירוש,ליטרים,1.00,ליטר,false,0,10.00,10.00,true,1,
7296073230816,false,נוזל לכלים 24% לימון750מ,קליר כימיקלים,IL,נוזל לכלים לימון,מיליליטרים,750.00,"100 מ""ל",false,0,6.90,0.92,true,1,
7296073230854,false,קינואה שופרסל 500 גרם,granos dr procesadora,PE,קינואה,גרמים,500.00,100 גרם,false,0,13.90,2.78,true,1,
7296073230885,false,גלילי וופל קרם אגוזים100,מנעמים,IL,גלילי וופל,גרמים,100.00,100 גרם,false,1,4.90,4.90,true,1,
7296073230939,false,מים מינרלים שופרסל1.5*6ל,LTD TRADE NOVA,BG,מים מינרלים 6 יח,ליטרים,9.00,ליטר,false,0,9.90,1.10,true,1,
7296073231240,false,חט.פריכיות שוקו חלב18*5ג,בנליין פודס,YU,חטיף פריכיות,גרמים,90.00,100 גרם,false,1,9.90,11.00,true,1,
7296073231264,false,חט.פריכיות שוקו תות18*5,בנליין פודס,YU,חטיף פריכיות,גרמים,90.00,100 גרם,false,1,9.90,11.00,true,1,
7296073231271,false,מרכ.כביסה ורוד שופרסל 4ל,גליל כימיקלים,IL,מרכך כביסה,ליטרים,4.00,ליטר,false,1,14.80,3.70,true,1,
7296073231288,false,מרכך כביסה סגול 4 ליטר,גליל כימיקלים,IL,מרכך כביסה,ליטרים,4.00,ליטר,false,1,14.80,3.70,true,1,
7296073231295,false,מרכ.כביסה כחול שופרסל 4ל,גליל כימיקלים,IL,מרכך כביסה,ליטרים,4.00,ליטר,false,1,14.80,3.70,true,1,
7296073231455,false,"גביעי גלידה ללת""ס 24 יח",מנעמים,IL,גביעי גלידה,יחידה,1.00,יחידה,false,1,10.80,10.80,true,1,
7296073231547,false,חלב 1% בקרטון שופרסל 1ל,מחלבות רמת הגולן,IL,חלב 1% קרטון 1ל',ליטרים,1.00,ליטר,false,1,5.10,5.10,true,1,
7296073231554,false,חלב 3% בקרטון שופרסל 1ל,מחלבות רמת הגולן,IL,חלב 3% קרטון 1ל',ליטרים,1.00,ליטר,false,1,5.20,5.20,true,1,
7296073231561,false,שמנת עמידה לקצפת38% 250ג,מחלבות רמת הגולן,IL,שמנת עמידה 38%,מיליליטרים,250.00,"100 מ""ל",false,1,5.60,2.24,true,1,
7296073231578,false,שוקו בקרטון שופרסל 1 ל',מחלבות רמת הגולן,IL,שוקו קרטון 1ליטר,ליטרים,1.00,ליטר,false,1,8.80,8.80,true,1,
7296073232124,false,גב.פרמז'ן קשה27%שופר200ג,.,IT,משולש פרמז'ן,גרמים,200.00,100 גרם,false,1,20.90,10.45,true,1,
7296073232377,false,חלב1% נטול לקטוז גרין1ל,מחלבת רמת-הגולן,IL,חלב נטול לקטוז,ליטרים,1.00,ליטר,false,1,7.90,7.90,true,1,
7296073232384,false,שוקו נטול לקטוז1%גרין1ל,מחלבת רמת-הגולן,IL,שוקו נטול לקטוז,ליטרים,1.00,ליטר,false,1,7.90,7.90,true,1,
7296073232391,false,"סוכר לבן שופרסל 1 ק""ג","אגרנה צוקר בע""מ",AT,סוכר לבן,קילוגרמים,1.00,"ק""ג",false,1,3.90,3.90,true,1,
7296073232445,false,משקה חלב מועשר 3% 1 ליטר,מחלבות רמת הגולן,IL,משקה חלב מועשר3%,ליטרים,1.00,ליטר,false,1,7.90,7.90,true,1,
7296073232629,false,מרגרינה ללא מלח 200 גרם,בסלר גידה וה קימייה סאן,TR,מרגרינה ללא מלח,גרמים,200.00,100 גרם,false,1,3.80,1.90,true,1,
7296073232636,false,מרגרינה בטעם חמאה 200 גר,בסלר גידה וה קימייה סאן,TR,מרגרינה ט.חמאה,גרמים,200.00,100 גרם,false,1,3.80,1.90,true,1,
7296073232643,false,חטיפי וופל קרם אגוזים150,חברת איבר קקאו,ES,חטיפי וופל,גרמים,150.00,100 גרם,false,1,5.00,3.33,true,1,
7296073234111,false,עוגיות מרוקאיות מקלות600,גידרון,IL,עוגיות מרוקאיות,גרמים,600.00,100 גרם,false,1,16.80,2.80,true,1,
7296073234128,false,עוגיות מיני פרפריות 600,גידרון,IL,עוגיות פרפריות,גרמים,600.00,100 גרם,false,1,16.80,2.80,true,1,
7296073234678,false,חטיף בוטנים שופרסל 80 גר,חטיפי העמק,IL,חטיף בוטנים,גרמים,80.00,100 גרם,false,1,3.50,4.38,true,1,
7296073234685,false,חטיף בוטנים 10 * 25גר,חטיפי העמק,IL,חטיף בוטנים 10יח,גרמים,250.00,100 גרם,false,1,12.80,5.12,true,1,
7296073234692,false,חטיף חיטה בטעם גריל 70ג,מנה,IL,חטיף חיטה גריל,גרמים,70.00,100 גרם,false,1,3.40,4.86,true,1,
7296073234708,false,חטיף בטעם גריל 200 גרם,מנה,IL,חטיף בטעם גריל 200 גרם,גרמים,200.00,100 גרם,false,1,5.90,2.95,true,1,
7296073234715,false,חטיף חיטה בטעם בצל 70גרם,מנה,IL,חטיף חיטה בצל,גרמים,70.00,100 גרם,false,1,3.40,4.86,true,1,
7296073234722,false,חטיף בטעם בצל 200 גרם,מנה,IL,חטיף בטעם בצל 200 גרם,גרמים,200.00,100 גרם,false,1,5.90,2.95,true,1,
7296073234739,false,חטיף חיטה טעם ברביקיו70ג,מנה,IL,חטיף חיטה ברבקיו,גרמים,70.00,100 גרם,false,1,3.40,4.86,true,1,
7296073234746,false,חטיף בטעם ברביקיו 200גרם,מנה,IL,חטיף בטעם ברביקיו 200גרם,גרמים,200.00,100 גרם,false,1,5.90,2.95,true,1,
7296073234753,false,חטיף תירס קלאסי 50 גרם,מנה,IL,חטיף תירס קלאסי 50 גרם,גרמים,50.00,100 גרם,false,1,4.30,8.60,true,1,
7296073234777,false,חטיף תפוחי אדמה 40 גרם,מנה,IL,חטיף תפוחי אדמה,גרמים,40.00,100 גרם,false,1,3.70,9.25,true,1,
7296073235187,false,עוגיות מלוחות אפויות600ג,גידרון,IL,עוגיות מלוחות,גרמים,600.00,100 גרם,false,1,16.80,2.80,true,1,
7296073235613,false,ממרח תמרים 450 גרם,חצר כנרת מוצרי תמר,IL,ממרח תמרים,גרמים,450.00,100 גרם,false,1,5.40,1.20,true,1,
7296073235637,false,דבש טבעי מפרחי שדה 350ג,אפידבה,RO,דבש טבעי,גרמים,350.00,100 גרם,false,1,16.40,4.69,true,1,
7296073235774,false,נוזל לניקוי אסלות 1ליטר,קליר כימיקלים,IL,נוזל לאסלות,ליטרים,1.00,ליטר,false,1,5.80,5.80,true,1,
7296073236122,false,"צלחת ח""פ9"" עבה במיוחד66",.,CN,צלחת חד פעמית,יחידה,1.00,יחידה,false,1,22.90,22.90,true,1,
7296073236221,false,גרעיני תירס ואקום 340ג,"צ'אנג 1959 בע""מ",TH,גרעיני תירס,גרמים,340.00,100 גרם,false,1,5.00,1.47,true,1,
7296073236238,false,"סכין שקוף עבה ח""פ 100 יח",.,TR,סכין שקוף עבה,יחידה,1.00,יחידה,false,1,12.90,12.90,true,1,
7296073236245,false,"מזלג שקוף עבה ח""פ 100 יח",.,TR,מזלג שקוף עבה,יחידה,1.00,יחידה,false,1,12.90,12.90,true,1,
7296073236252,false,"כפית שקוף עבה ח""פ 100 יח",.,TR,כפית שקוף עבה,יחידה,1.00,יחידה,false,1,12.90,12.90,true,1,
7296073236269,false,"כף שקוף עבה ח""פ 100 יח",.,TR,כף שקוף עבה,יחידה,1.00,יחידה,false,1,12.90,12.90,true,1,
7296073236290,false,חט.קראנצ+'שוקולד מריר5יח,ויטליה ניקול,MK,חטיפי קראנצ' 5יח,גרמים,210.00,100 גרם,false,1,11.90,5.67,true,1,
7296073236306,false,אקונומיקה סופר מבושמת4ל,קליר כימיקלים,IL,אקונומיקה מבושמת,ליטרים,4.00,ליטר,false,1,11.80,2.95,true,1,
7296073236313,false,ג'ל אקונומיקה שופרסל 4ל,קליר כימיקלים,IL,ג'ל אקונומיקה,ליטרים,4.00,ליטר,false,1,11.80,2.95,true,1,
7296073236368,false,גבינה צהובה 28% 200 גרם,ויליפוד,IL,גבינה צהובה 28%,גרמים,200.00,100 גרם,false,1,10.00,5.00,true,1,
7296073236412,false,50 דפי שעווה שופרסל,שופרסל,CN,דפי שעווה שופרסל,יחידה,1.00,יחידה,false,1,15.80,15.80,true,1,
7296073236764,false,סירופ בטעם פטל 1 ליטר,"פרי נטו משקאות בע""מ",IL,סירופ פטל,ליטרים,1.00,ליטר,false,1,10.80,10.80,true,1,
7296073236771,false,סירופ בטעם תפוחים 1 ליטר,"פרי נטו משקאות בע""מ",IL,סירופ תפוחים,ליטרים,1.00,ליטר,false,1,10.80,10.80,true,1,
7296073236788,false,סירופ בטעם ענבים 1 ליטר,"פרי נטו משקאות בע""מ",IL,סירופ ענבים,ליטרים,1.00,ליטר,false,1,10.80,10.80,true,1,
7296073236887,false,סלט גזר מרוקאי 400 גרם,סלטי שמיר,IL,סלט גזר מרוקאי,גרמים,400.00,100 גרם,false,1,7.90,1.98,true,1,
7296073236931,false,קליונז מופחת קלוריות500ג,מיטב,IL,קליונז,גרמים,500.00,100 גרם,false,1,8.80,1.76,true,1,
7296073237112,false,חט.שוקס כדורי דגנ.שוקו70,שקדיה,IL,חטיף שוקס,גרמים,70.00,100 גרם,false,1,4.90,7.00,true,1,
7296073237129,false,חטיף שוקס וופל חלב70גרם,שקדיה,IL,חטיף שוקס,גרמים,70.00,100 גרם,false,1,4.90,7.00,true,1,
7296073237136,false,חט.שוקס ביסקויט שוק.חלב,שקדיה,IL,חטיף שוקולד שוקס,גרמים,70.00,100 גרם,false,1,4.90,7.00,true,1,
7296073237143,false,חט.שוקס ביסקוויט מיקס70ג,שקדיה,IL,חטיף שוקס,גרמים,70.00,100 גרם,false,1,4.90,7.00,true,1,
7296073237167,false,חט.שוקס קורנפלקס חלב70ג,שקדיה,IL,חטיף שוקס,גרמים,70.00,100 גרם,false,1,4.90,7.00,true,1,
7296073237631,false,שוק.מריר 81% 100 גרם,פריי )שוקולד(,CH,שוקולד מריר 81%,גרמים,100.00,100 גרם,false,1,10.00,10.00,true,1,
7296073237655,false,שוק.מריר 72% קקאו 100 גר,פריי )שוקולד(,CH,שוקולד מריר 72%,גרמים,100.00,100 גרם,false,1,10.00,10.00,true,1,
7296073237662,false,שוק72%. מריר תפוז 100גרם,פריי )שוקולד(,CH,שוקולד מריר תפוז,גרמים,100.00,100 גרם,false,1,10.00,10.00,true,1,
7296073237686,false,שוקולד חלב+אגוזי לוז100ג,פריי )שוקולד(,CH,שוקולד אגוזי לוז,גרמים,100.00,100 גרם,false,1,10.00,10.00,true,1,
7296073237747,false,חמאה הולנדית 200 גרם,SPRL MATHOT,BE,חמאה הולדית,גרמים,200.00,100 גרם,false,1,6.80,3.40,true,1,
7296073237853,false,קפסולות קפה שופרסל סגול,רוני רג'ואן ושות,IL,קפסולות קפה,גרמים,50.00,100 גרם,false,1,14.90,29.80,true,1,
7296073237877,false,קפסולות קפה שופרסל זהב,רוני רג'ואן ושות,IL,קפסולות קפה,גרמים,50.00,100 גרם,false,1,14.90,29.80,true,1,
7296073237884,false,קפסולות קפה שופרסל שחור,רוני רג'ואן ושות,IL,קפסולות קפה,גרמים,50.00,100 גרם,false,1,14.90,29.80,true,1,
7296073237891,false,קפסולות קפה שופרסל אדום,רוני רג'ואן ושות,IL,קפסולות קפה,גרמים,50.00,100 גרם,false,1,14.90,29.80,true,1,
7296073239239,false,"כוסות קפה ח""פ שופרסל 50",.,IL,"כוסות קפה ח""פ",יחידה,1.00,יחידה,false,1,5.90,5.90,true,1,
7296073239956,false,כוסות אספרסו חד פעמי 50,.,CN,"כוסות אספרסו ח""פ",יחידה,1.00,יחידה,false,1,5.90,5.90,true,1,
7296073240211,false,נייר טואלט דו שכבתי 32 ג,שניב תעשיות נייר,IL,נייר טואלט,מטרים,573.00,מטר,false,1,24.90,0.04,true,1,
7296073240853,false,"וופלים שופרסל 1 ק""ג",מנעמים,IL,וופלים,קילוגרמים,1.00,"ק""ג",false,1,14.80,14.80,true,1,
7296073241522,false,ממחטות אף 100*5 יח,שניב תעשיות נייר,IL,ממחטות אף 5 יח,יחידה,1.00,יחידה,false,1,9.80,9.80,true,1,
7296073241553,false,"שוקו בשקית 225*6 מ""ל",מחלבות רמת הגולן,IL,שוקו בשקית 6 יח,ליטרים,1.35,ליטר,false,1,10.00,7.41,true,1,
7296073242062,false,64מגבונים מבושמים שופרסל,דינמיק,IL,מגבונים מבושמים,יחידה,1.00,יחידה,false,1,6.80,6.80,true,1,
7296073242277,false,תאנים מיובשות300ג שופרסל,SA AKCA OSMAN,TR,תאנים 300גרם,גרמים,300.00,100 גרם,false,1,12.90,4.30,true,1,
7296101063836,false,סט גומיות,,,סט גומיות,יחידה,1.00,יחידה,false,0,10.90,10.90,true,1,
7312040017683,false,וודקה אבסולוט,,SE,וודקה אבסולוט,מיליליטרים,700.00,"100 מ""ל",false,0,69.90,9.99,true,1,
7501013132038,false,נקטר מנגו,,MX,נקטר מנגו,ליטרים,1.00,ליטר,false,0,9.00,9.00,true,1,
7501013132106,false,מיץ אננס טבעי,,IL,מיץ אננס טבעי,מיליליטרים,1000.00,"100 מ""ל",false,0,9.00,0.90,true,1,
7501013132403,false,מיץ קוקוס אננס 1 ליטר,ELORO.S.A COMERCIAIZADOR,MX,מיץ קוקוס אננס,ליטרים,1.00,ליטר,false,1,9.00,9.00,true,1,
7501064191466,false,בירה קורונה 6 יח,,,בירה קורונה 6 יח,ליטרים,2.13,ליטר,false,0,44.90,21.08,true,1,
7610243003497,false,דורגול מסיר אבן,,IL,דורגול מסיר אבן,ליטרים,1.00,ליטר,false,0,24.70,24.70,true,1,
7610400080552,false,שוק.אקסלנס בלאק קרנט100ג,לינדט ושפרונגלי קילשברג,CH,שוקולד אקסלנס,גרמים,100.00,100 גרם,false,0,16.00,16.00,true,1,
7613031608850,false,דגני בוקר פיטנס 625 גרם,נסטלה,FR,דגני בוקר פיטנס 625 גרם,גרמים,625.00,100 גרם,false,0,27.70,4.43,true,1,
7613032045753,false,דגנ.בוקר פיטנס שוקולד375,נסטלה,FR,פיטנס שוקולד,גרמים,375.00,100 גרם,false,0,20.90,5.57,true,1,
7613032416157,false,דגני פיטנס שקדים ודבש355,נסטלה,FR,דגני פיטנס שקדים,גרמים,355.00,100 גרם,false,0,20.90,5.89,true,1,
7613033539107,false,מחית תפוח בננה שלב2 130ג,נסטלה,PL,מחית שלב 2 מטרנה,גרמים,130.00,100 גרם,false,0,5.00,3.85,true,1,
7613033539206,false,מחית ירקות שלב 2 130 גרם,נסטלה,PL,מחית שלב 2 מטרנה,גרמים,130.00,100 גרם,false,0,6.50,5.00,true,1,
7613033539800,false,מחית פירות טרופ.שלב3 190,נסטלה,PL,מחית שלב 3 מטרנה,גרמים,190.00,100 גרם,false,0,5.90,3.11,true,1,
7613033548192,false,פיטנס שוקולד מריר 375גרם,נסטלה,FR,פיטנס שוקולד,גרמים,375.00,100 גרם,false,0,20.90,5.57,true,1,
7613033592843,false,"דוגלי גזע קטן 3 ק""ג",נסטלה פורינה,HU,דוגלי גזע קטן,קילוגרמים,3.00,"ק""ג",false,0,49.00,16.33,true,1,
7613033592867,false,"דוגלי בשר וכבד 3 ק""ג",נסטלה פורינה,HU,דוגלי בשר וכבד,קילוגרמים,3.00,"ק""ג",false,0,35.00,11.67,true,1,
7613034042170,false,פיטנס שקדים ודבש 585 גרם,נסטלה,FR,פיטנס שקדים ודבש,גרמים,585.00,100 גרם,false,0,26.70,4.56,true,1,
7613034792785,false,מולטי צ'יריוס 565 גרם,סי.פי אנגליה,GB,מולטי צ'יריוס,גרמים,565.00,100 גרם,false,0,23.90,4.23,true,1,
7613034928931,false,חטיף קיט קאט אצבעות45גרם,נסטלה,DE,חטיף קיט קאט,גרמים,45.00,100 גרם,false,0,3.40,7.56,true,1,
7616500553460,false,שוקולד מריר,,CH,שוקולד מריר,גרמים,100.00,100 גרם,false,0,9.90,9.90,true,1,
7616500553705,false,שוקובלוק מריר,,CH,שוקובלוק מריר,גרמים,100.00,100 גרם,false,0,5.90,5.90,true,1,
7617014149330,false,קפסולות קפה,,,קפסולות קפה,גרמים,96.00,100 גרם,false,0,29.60,30.83,true,1,
7617014149354,false,קפסולות קפה,,,קפסולות קפה,גרמים,96.00,100 גרם,false,0,29.60,30.83,true,1,
7617014149408,false,קפסולות קפה,,,קפסולות קפה,גרמים,96.00,100 גרם,false,0,29.60,30.83,true,1,
7622201050757,false,שוקולד מילקה קרמל 100גרם,מונדלייז,DE,שוקולד מילקה,גרמים,100.00,100 גרם,false,0,8.40,8.40,true,1,
7622300001568,false,קפה ג'קובס קרוננג 200 גר,מונדלייז,DE,קפה נמס ג'קובס,גרמים,200.00,100 גרם,false,0,29.90,14.95,true,1,
7622300292508,false,וופל ממולא מילקה 180 גרם,מונדלייז,CZ,וופל ממולא מילקה,גרמים,180.00,100 גרם,false,0,10.00,5.56,true,1,
7622300356767,false,עוג.שוקולד צ'יפס מילק168,מונדלייז,PL,עוגיות שוקוצ'יפס,גרמים,168.00,100 גרם,false,0,10.00,5.95,true,1,
7622300495046,false,מילקה אקסטרה קקאו 100גר,מונדלייז,DE,שוקולד מילקה,גרמים,100.00,100 גרם,false,0,8.40,8.40,true,1,
7622300498429,false,שוקולד מילקה קרם תות 100,מונדלייז,DE,שוקולד מילקה,גרמים,100.00,100 גרם,false,0,8.40,8.40,true,1,
7622300503079,false,ביסקוויט מצופה שוקו200גר,מונדלייז,PL,ביסקוויט מצופה,גרמים,200.00,100 גרם,false,0,10.00,5.00,true,1,
7622300617820,false,שוקולד מילקה אוראו 100 ג,מונדלייז,DE,שוקולד מילקה,גרמים,100.00,100 גרם,false,0,8.40,8.40,true,1,
7622300772314,false,עוגיות אוראו 66 גרם,מונדלייז,ES,עוגיות אוראו,גרמים,66.00,100 גרם,false,0,5.00,7.58,true,1,
7622400005190,false,שוקולד מילקה חום לבן100ג,מונדלייז,DE,שוקולד מילקה חום לבן100ג,גרמים,100.00,100 גרם,false,0,8.40,8.40,true,1,
7622400006753,false,שוק.קוטדור 70% קקאו100גר,מונדלייז,BE,שוקולד קוטדור,גרמים,100.00,100 גרם,false,0,16.10,16.10,true,1,
7702018016808,false,סכין גילוח ונוס ריביירה,פרוקטר & גמבל,MX,סכין גילוח לנשים,יחידה,1.00,יחידה,false,0,23.70,23.70,true,1,
7702018851263,false,מכשיר גילוח פיוז'ן ידני,פרוקטר & גמבל,PL,מכשיר גילוח,יחידה,1.00,יחידה,false,0,50.40,50.40,true,1,
7702018997022,false,12סכינ.גילוח פיוז'ן ידני,פרוקטר & גמבל,DE,סכיני גילוח,יחידה,1.00,יחידה,false,0,198.20,198.20,true,1,
7702174068833,false,יוגטה אייס קרים בשקית216,אלדור,CO,לקקן יוגטה,גרמים,216.00,100 גרם,false,0,7.90,3.66,true,1,
7792860006218,false,בייבי דול לקקן 24 גרם,לרטייר,AR,בייבי דול לקקן,גרמים,24.00,100 גרם,false,0,2.20,9.17,true,1,
7804414000877,false,"דון חוליו מרלו 750 מ""ל",צ'ילה לואיס פיליפה אדוארדס,CL,דון חוליו מרלו,מיליליטרים,750.00,"100 מ""ל",false,0,37.10,4.95,true,1,
7804414000884,false,"דון חוליו שרדונה 750 מ""ל",צ'ילה לואיס פיליפה אדוארדס,CL,דון חוליו שרדו,מיליליטרים,750.00,"100 מ""ל",false,0,37.10,4.95,true,1,
7891024030974,false,משחת קולגייט טריפל אקש75,קולגייט-פלמוליב,PL,משחת שיניים,מיליליטרים,75.00,"100 מ""ל",false,1,6.90,9.20,true,1,
7891024100363,false,קולגייט סנסיטיב פרו רליף,קולגייט-פלמוליב,BR,משחת קולגייט,מיליליטרים,75.00,"100 מ""ל",false,0,25.30,33.73,true,1,
7891024124826,false,קולגייט אופטיק וייט 75מל,קולגייט-פלמוליב,IL,משחת קולגייט,מיליליטרים,75.00,"100 מ""ל",false,0,26.70,35.60,true,1,
8000040500012,false,וויסקי ווילד טרקי בורבון,DISTILLIN NICHOIS AUSTIN,US,וויסקי,מיליליטרים,700.00,"100 מ""ל",false,1,89.90,12.84,true,1,
8000113003402,false,קמח תירס,,IT,קמח תירס,קילוגרמים,1.00,"ק""ג",false,0,16.20,16.20,true,1,
8000380001958,false,ממרח אגוזים לואקר 320גרם,לואקר,IT,ממרח אגוזים,גרמים,320.00,100 גרם,false,0,19.70,6.16,true,1,
8000380003723,false,גראנד פטיסרי אגוז 100גרם,לואקר,IT,גראנד פטיסרי,גרמים,100.00,100 גרם,false,0,11.60,11.60,true,1,
8000380004669,false,וופל לואקר קקאו 200 גרם,לואקר,IT,וופל לואקר קקאו,גרמים,200.00,100 גרם,false,0,12.80,6.40,true,1,
8000380004676,false,ופלים לואקר וניל 200 גרם,לואקר,IT,ופלים לואקר,גרמים,200.00,100 גרם,false,0,12.80,6.40,true,1,
8000380004911,false,ופלים קואדרטיני אגוז250ג,לואקר,IT,ופל קואדרטיני,גרמים,250.00,100 גרם,false,0,11.90,4.76,true,1,
8000380004942,false,וופלים קאודרטיני וניל250,לואקר,AT,וופלים קאודרטיני,גרמים,250.00,100 גרם,false,0,11.90,4.76,true,1,
8000380004966,false,ופלים קואדרטיני קקאו250ג,לואקר,IT,ופל קואדרטיני,גרמים,250.00,100 גרם,false,0,11.90,4.76,true,1,
8000380007219,false,ופלים לואקר ט.אגוזים175ג,לואקר,IT,ופלים לואקר,גרמים,175.00,100 גרם,false,0,11.80,6.74,true,1,
8000380106028,false,וופל טורטינה אורגינל125ג,לואקר,IT,וופל טורטינה,גרמים,125.00,100 גרם,false,0,13.90,11.12,true,1,
8000380142484,false,וופל קואדרטיני מריר250גר,לואקר,IT,וופל קואדרטיני,גרמים,250.00,100 גרם,false,0,11.90,4.76,true,1,
8000380148325,false,וופל לואקר שוק.אגוז26X4ג,לואקר,IT,חטיפי לואקר 4 יח,גרמים,104.00,100 גרם,false,0,11.90,11.44,true,1,
8000380153534,false,טורטינה שוקולד לבן 125גר,לואקר,IT,טורטינה לבן,גרמים,125.00,100 גרם,false,0,13.90,11.12,true,1,
8000380156573,false,בונ.ורד הדולמיטים 150גרם,לואקר,IT,ורד הדולומיטים,גרמים,150.00,100 גרם,false,0,25.90,17.27,true,1,
8000380156849,false,שוקולד לואקר מריר 87 גרם,לואקר,IT,שוקולד לואקר,גרמים,87.00,100 גרם,false,0,8.80,10.11,true,1,
8000380156856,false,שוקולד לואקר לבן 87 גרם,לואקר,IT,שוקולד לואקר,גרמים,87.00,100 גרם,false,0,8.80,10.11,true,1,
8000500023624,false,חטיף קינדר הפי היפו 5יח',פררו - אלבה,IT,קינדר הפי היפו,גרמים,102.00,100 גרם,false,0,11.90,11.67,true,1,
8000500023976,false,בונ.רפאלו 150 גרם,פררו - אלבה,PL,בונבונ.רפאלו,גרמים,150.00,100 גרם,false,0,15.90,10.60,true,1,
8000500026731,false,ביצי הפתעה קינדר20ג3*יח',פררו אס.פי.אי,IT,ביצי קינדר,גרמים,60.00,100 גרם,false,1,13.90,23.17,true,1,
8000500029350,false,קינדר בואנו 43*3 גרם,פררו - אלבה,IT,קינדר בואנו,גרמים,129.00,100 גרם,false,0,11.90,9.22,true,1,
8000500037874,false,בונ.פררו רושה 200 גרם,פררו - אלבה,IT,בונבונירה רושר,גרמים,200.00,100 גרם,false,0,25.30,12.65,true,1,
8000500071083,false,שוקולד קינדר 200 גרם,פררו - אלבה,IT,שוקולד חלב קינדר,גרמים,200.00,100 גרם,false,0,13.80,6.90,true,1,
8000500075708,false,ביצי קינדר ג'וי כחול20*3,פררו - אלבה,PL,קינדר ג'וי כחול,גרמים,60.00,100 גרם,false,0,13.90,23.17,true,1,
8000500121436,false,קינדר בואנו לבן 39*3 גרם,פררו - אלבה,PL,קינדר בואנו לבן,גרמים,117.00,100 גרם,false,0,11.90,10.17,true,1,
8000500126325,false,ביצי קינדר ג'וי ורוד20*3,פררו - אלבה,PL,קינדר ג'וי ורוד,גרמים,60.00,100 גרם,false,0,13.90,23.17,true,1,
8000500148433,false,טיק טק דובד+פסיפלור16*4ג,פררו - אלבה,EC,4 סוכריות טיק טק,גרמים,64.00,100 גרם,false,0,10.90,17.03,true,1,
8002270866524,false,סן פלגרינו,,IL,סן פלגרינו,ליטרים,1.00,ליטר,false,0,8.90,8.90,true,1,
8002450001103,false,"ספומנטה ורדי 750 מ""ל",בוסקה,IT,"ספומנטה ורדי 750 מ""ל",מיליליטרים,750.00,"100 מ""ל",false,0,29.60,3.95,true,1,
8002450202005,false,"ורדי אסאי 750 מ""ל",בוסקה,IL,ורדי אסאי,מיליליטרים,750.00,"100 מ""ל",false,0,29.60,3.95,true,1,
8002450204009,false,"ורדי אפרסק 750 מ""ל",בוסקה,IT,ורדי אפרסק,מיליליטרים,750.00,"100 מ""ל",false,0,29.60,3.95,true,1,
8002910004798,false,פיניש מפיץ ריח לימון,רקיט בנקיזר,HU,מפיץ ריח למדיח,יחידה,1.00,יחידה,false,0,10.00,10.00,true,1,
8003230001245,false,"ליקר לימונצ'לו 500 מ""ל",טורינו דיסטילאטי,IT,"ליקר לימונצ'לו 500 מ""ל",מיליליטרים,500.00,"100 מ""ל",false,0,70.30,14.06,true,1,
8003440982617,false,מסטיק סטיקס מלון+לימונ4י,פרפטי ואן מלה,TR,מנטוס סטיקס,גרמים,76.00,100 גרם,false,1,10.40,13.68,true,1,
8003440982624,false,מסטיק סטיקס פטל תפוז19*4,פרפטי ואן מלה,TR,מנטוס סטיקס,גרמים,76.00,100 גרם,false,1,10.40,13.68,true,1,
8004030081024,false,טונה בשמן זית ופלפל160גר,בולטון,IT,טונה בשמן זית,גרמים,160.00,100 גרם,false,0,14.90,9.31,true,1,
8004030344938,false,טונה בשמן זית 80*3גרם,בולטון,IT,טונה ריו מרה 3יח,גרמים,240.00,100 גרם,false,0,26.70,11.13,true,1,
8005110170300,false,עגבניות חתוכות דק 400*3ג,,,עגבניות חתוכות דק 400*3ג,קילוגרמים,1.20,"ק""ג",false,0,16.90,14.08,true,1,
8005200496525,false,נסטי בטעם אפרסק 1.5 ליטר,סן-פלגרינו,IT,נסטי בטעם אפרסק,ליטרים,1.50,ליטר,false,0,7.50,5.00,true,1,
8005200536528,false,נסטי מנגו אננס 1.5 ליטר,סן-פלגרינו,IT,נסטי מנגו אננס,ליטרים,1.50,ליטר,false,0,7.50,5.00,true,1,
8005200556526,false,נסטי בטעם לימון 1.5 ליטר,סן-פלגרינו,IT,נסטי בטעם לימון,ליטרים,1.50,ליטר,false,0,7.50,5.00,true,1,
8005200786527,false,נסטי בטעם תפוח 1.5 ליטר,סן-פלגרינו,IT,נסטי בטעם תפוח,ליטרים,1.50,ליטר,false,0,7.50,5.00,true,1,
8011033011279,false,קוסקוס מרקש,,IT,קוסקוס מרקש,קילוגרמים,1.00,"ק""ג",false,0,9.90,9.90,true,1,
8017128280414,false,מטאטא צבעוני סופר+מקל,המברשת רוחמה,IL,מטאטא צבעוני,יחידה,1.00,יחידה,false,0,29.70,29.70,true,1,
8017128301270,false,יעה פס גומי,המברשת רוחמה,IL,יעה פס גומי,יחידה,1.00,יחידה,false,0,6.90,6.90,true,1,
8032880800243,false,פיקניק הפתעה 50 גרם,הוסטה,IT,פיקניק הפתעה,גרמים,50.00,100 גרם,false,0,7.40,14.80,true,1,
8076800000139,false,פסטה פארפלה 500 גרם,ברילה,IT,פסטה פארפלה,גרמים,500.00,100 גרם,false,1,6.90,1.38,true,1,
8076800195019,false,ספגטי מס' 1 קפליני500גרם,ברילה,IT,ספגטי ברילה,גרמים,500.00,100 גרם,false,0,6.90,1.38,true,1,
8076800195033,false,ספגטיני מס' 3 500 גרם,ברילה,IT,ספגטיני מס' 3,גרמים,500.00,100 גרם,false,0,6.90,1.38,true,1,
8076800195057,false,ספגטיני מס' 5 ברילה500גר,ברילה,IT,ספגטי מס 5 ברילה,גרמים,500.00,100 גרם,false,0,6.90,1.38,true,1,
8076800315479,false,פסטה דיטלוני ריגוטוני500,ברילה,IL,פסטה מיסטה,גרמים,500.00,100 גרם,false,0,6.90,1.38,true,1,
8076802085738,false,פנה ריגטה מס73' 500 גרם,ברילה,IL,פנה ריגטה ברילה,גרמים,500.00,100 גרם,false,0,6.90,1.38,true,1,
8076802085936,false,קונצ'יליה ריגטי 500 גרם,ברילה,IT,קונצ'יליה,גרמים,500.00,100 גרם,false,0,6.90,1.38,true,1,
8076802085981,false,פסטה פוזילי מס98' 500גרם,ברילה,IT,פוזילי ברילה,גרמים,500.00,100 גרם,false,0,6.90,1.38,true,1,
8076808050440,false,פסטה מקרוני מס44' 500 גר,ברילה,IT,מקרוני ברילה,גרמים,500.00,100 גרם,false,0,6.90,1.38,true,1,
8076808060654,false,פסטה פרפלה מס65' 500 גרם,ברילה,IL,פסטה פרפלה ברילה,גרמים,500.00,100 גרם,false,0,6.90,1.38,true,1,
8076808070882,false,קנלוני ברילה 250 גרם,ברילה,IT,קנלוני ברילה 250 גרם,גרמים,250.00,100 גרם,false,0,13.80,5.52,true,1,
8076808150072,false,ספגטי מס' 7 500 גרם,ברילה,IT,ספגטי ברילה,גרמים,500.00,100 גרם,false,0,6.90,1.38,true,1,
8076809501415,false,מצה פנה טריקולור 78 500ג,ברילה,IT,מצה פנה טריקול,גרמים,500.00,100 גרם,false,0,13.80,2.76,true,1,
8076809512268,false,פסטה גירנדולה מס34' 500ג,ברילה,IT,פסטה גירנדולה,גרמים,500.00,100 גרם,false,0,6.90,1.38,true,1,
8076809513388,false,רוטב לפסטה ארביאטה400גרם,ברילה,IT,רוטב לפסטה,גרמים,400.00,100 גרם,false,0,13.90,3.48,true,1,
8076809513395,false,רוטב פומודורו ברילה 400ג,ברילה,IT,רוטב פומודורו ברילה 400ג,גרמים,400.00,100 גרם,false,0,13.90,3.48,true,1,
8076809513654,false,בסיס לרוטב בולונז 400 גר,ברילה,IT,בסיס לרוטב,גרמים,400.00,100 גרם,false,0,13.90,3.48,true,1,
8076809513692,false,רוטב לפסטה נפוליטנה400גר,ברילה,IT,רוטב לפסטה,גרמים,400.00,100 גרם,false,0,13.90,3.48,true,1,
8076809513739,false,רוטב בזיליקום ברילה400גר,ברילה,IT,רוטב בזיליקום,גרמים,400.00,100 גרם,false,0,13.90,3.48,true,1,
8076809523561,false,רוטב עגבניות טוסקנה400ג,ברילה,IT,רוטב עגבניות,גרמים,400.00,100 גרם,false,0,13.90,3.48,true,1,
8076809523738,false,לזניה ברילה 500 גרם,ברילה,IT,לזניה ברילה,גרמים,500.00,100 גרם,false,0,21.70,4.34,true,1,
8076809529419,false,ספגטי מחיטה מלאה 500 גרם,ברילה,IT,ספגטי חיטה מלא,גרמים,500.00,100 גרם,false,0,13.40,2.68,true,1,
8076809529433,false,פנטה רגטה מחיטה מלאה500ג,ברילה,IT,פנטה רגטה,גרמים,500.00,100 גרם,false,0,13.40,2.68,true,1,
8076809537100,false,פתיתים סלנטני ברילה500ג,ברילה,IT,פתיתים סלנטיני,גרמים,500.00,100 גרם,false,0,6.90,1.38,true,1,
8076809545440,false,אטריות ל.גלוטן ברילה400ג,ברילה,IT,אטריות ללא גלוטן,גרמים,400.00,100 גרם,false,1,10.90,2.73,true,1,
8076809545457,false,צינורות ל.גלוטן ברילה400,ברילה,IT,ברילה צינורות,גרמים,400.00,100 גרם,false,1,10.90,2.73,true,1,
8410076600622,false,קראנץ שבבי שוקולד 210ג,ג'נרל מילס,GB,נייצר וואלי שוקו,גרמים,210.00,100 גרם,false,0,19.90,9.48,true,1,
8410076610270,false,נייטשר ואלי פופקורן שקד5,ג'נרל מילס,ES,חטיף נייטשר ואלי,גרמים,100.00,100 גרם,false,1,19.70,19.70,true,1,
8410076610287,false,נייטשר ואלי פופק.מצופ5יח,ג'נרל מילס,ES,חטיף נייטשר ואלי,גרמים,100.00,100 גרם,false,1,19.70,19.70,true,1,
8410104039134,false,"פיניש לניקוי מדיח 250מ""ל",רקיט בנקיזר,PL,פיניש ניקוי מדיח,מיליליטרים,250.00,"100 מ""ל",false,0,10.00,4.00,true,1,
8410104133092,false,"קלגון 1 ק""ג",רקיט בנקיזר,PL,"קלגון אבקה 1 ק""ג",קילוגרמים,1.00,"ק""ג",false,0,19.90,19.90,true,1,
8410104437268,false,פיניש מפיג ריח למדיח,רקיט בנקיזר,IT,פיניש מפיג ריח למדיח,יחידה,1.00,יחידה,false,0,10.00,10.00,true,1,
8410179007489,false,פסטה פרפלה בורחס 500גרם,דה מטיאס אגרו,IT,פסטה פרפלה,גרמים,500.00,100 גרם,false,0,7.10,1.42,true,1,
8410179007502,false,פסטה פנה ריגטה בורחס500ג,דה מטיאס אגרו,IT,פסטה פנה,גרמים,500.00,100 גרם,false,0,7.10,1.42,true,1,
8410179007519,false,פסטה פוזילי בורחס 500גרם,דה מטיאס אגרו,IT,פסטה פוזילי,גרמים,500.00,100 גרם,false,0,7.10,1.42,true,1,
8410179100043,false,שמן זית בורחס מעולה750מל,PONTU BORGES ACEITES,ES,שמן זית בורחס,מיליליטרים,750.00,"100 מ""ל",false,0,36.90,4.92,true,1,
8412674103109,false,עוגיות סנדוויץ,,ES,עוגיות סנדוויץ,גרמים,250.00,100 גרם,false,0,8.80,3.52,true,1,
8412674103727,false,עוג.סנדוויץ שוקולד 176גר,מרבה,NL,עוגיות גוגו'ס,גרמים,176.00,100 גרם,false,0,5.50,3.13,true,1,
8420241129575,false,חטיפי מיני וופל קרמל 200,נטרה,ES,חטיפי מיני וופל,גרמים,200.00,100 גרם,false,0,7.90,3.95,true,1,
8420241129582,false,חטיפי מיני נוגט בוטני200,נטרה,ES,חטיפי מיני נוגט,גרמים,200.00,100 גרם,false,0,7.90,3.95,true,1,
8423207206488,false,סלים דליס מצופה שוקולד6י,סלים דליס,ES,חטיפי דגנים מרבה,גרמים,120.00,100 גרם,false,0,10.00,8.33,true,1,
8423207206495,false,סלים דליס שוקולד מריר6י,סלים דליס,ES,חטיפי דגנים מרבה,גרמים,120.00,100 גרם,false,0,10.00,8.33,true,1,
8423207206501,false,סלים דליס רב דגנים חלב6י,סלים דליס,ES,חטיפי דגנים מרבה,גרמים,120.00,100 גרם,false,0,10.00,8.33,true,1,
8423207208680,false,סלים דליס ילדים ש.חלב6יח,סלים דליס,ES,סלים דליס 6 יח,גרמים,120.00,100 גרם,false,1,10.00,8.33,true,1,
8423207208697,false,סלים דליס ילדים ש.לבן6יח,סלים דליס,ES,סלים דליס 6 יח,גרמים,120.00,100 גרם,false,1,10.00,8.33,true,1,
8425206000081,false,ריבת חלב,,IL,ריבת חלב,גרמים,450.00,100 גרם,false,0,19.70,4.38,true,1,
8590160891652,false,קפה נמס ג'קובס גולד200ג,מונדלייז,DE,קפה גיקובס גולד,גרמים,200.00,100 גרם,false,0,29.60,14.80,true,1,
8594019381295,false,דגני בוקר שוקולד מריר340,סמיקס,CZ,דגנים גו פיט,גרמים,340.00,100 גרם,false,0,8.90,2.62,true,1,
8690572775691,false,שמפו גליס אויל אלקסר650מ,הובי קוסמטיקס,TR,שמפו גליס,מיליליטרים,650.00,"100 מ""ל",false,1,19.90,3.06,true,1,
8690637073373,false,תה ליפטון ארל גריי 25שק',יוניליוור,TR,תה ארל גריי 25שק,גרמים,50.00,100 גרם,false,0,8.40,16.80,true,1,
8690637538858,false,"דאו.אקס שוקולד 150 מ""ל",יוניליוור,TR,דאודורנט אקס,מיליליטרים,150.00,"100 מ""ל",false,0,14.90,9.93,true,1,
8690637538940,false,"דאודורנט אקס וייס 150מ""ל",יוניליוור,TR,דאודורנט אקס,מיליליטרים,150.00,"100 מ""ל",false,0,14.90,9.93,true,1,
8690637543494,false,דאו.אקס ספריי 150AFRICAמ,יוניליוור,TR,דאודורנט אקס,מיליליטרים,150.00,"100 מ""ל",false,0,14.90,9.93,true,1,
8690637555084,false,בדין אקסטרא פריחת התפוז,יוניליוור,TR,מרכך בדין אקסטרא,מיליליטרים,960.00,"100 מ""ל",false,0,18.90,1.97,true,1,
8690637611698,false,דאו.אקס לגבר אנרכי 150 מ,יוניליוור,TR,דאודורנט אקס,מיליליטרים,150.00,"100 מ""ל",false,0,14.90,9.93,true,1,
8690637631009,false,אקס בודי ספריי אפולו 150,יוניליוור,IL,אקס בודי ספריי,מיליליטרים,150.00,"100 מ""ל",false,0,14.90,9.93,true,1,
8690637682537,false,בדין אקסטרה זהב 960מל,יוניליוור,IL,בדין אקסטרה,מיליליטרים,960.00,"100 מ""ל",false,0,18.90,1.97,true,1,
8690637682551,false,בדין אקסטרה שחור960מל,יוניליוור,IL,בדין אקסטרה,מיליליטרים,960.00,"100 מ""ל",false,0,18.90,1.97,true,1,
8690637682575,false,בדין אקסטרה אדום960מל,יוניליוור,IL,בדין אקסטרה,מיליליטרים,960.00,"100 מ""ל",false,0,18.90,1.97,true,1,
8690637704291,false,"דאב שמפו משקם 600 מ""ל",יוניליוור,TR,דאב שמפו משקם,מיליליטרים,600.00,"100 מ""ל",false,0,19.30,3.22,true,1,
8690637704413,false,"דאב מרכך משקם 600 מ""ל",יוניליוור,TR,דאב מרכך משקם,מיליליטרים,600.00,"100 מ""ל",false,0,19.30,3.22,true,1,
8690637704437,false,דאב שמפו שמני הזנה 600 מ,יוניליוור,TR,שמפו דאב,מיליליטרים,600.00,"100 מ""ל",false,0,19.30,3.22,true,1,
8690637704451,false,דאב מרכך שמני הזנה 600 מ,יוניליוור,TR,דאב מרכך,מיליליטרים,600.00,"100 מ""ל",false,0,19.30,3.22,true,1,
8690770322598,false,שמרים יבשים 125 גרם,הנמל,,שמרים יבשים 125 גרם,גרמים,125.00,100 גרם,false,0,4.60,3.68,true,1,
8690777204071,false,פלפל חריף,,TR,פלפל חריף,גרמים,640.00,100 גרם,false,0,11.90,1.86,true,1,
8690777206051,false,חציל קלוי,,TR,חציל קלוי,גרמים,650.00,100 גרם,false,0,11.90,1.83,true,1,
8690777221405,false,פלפל אדום קלוי,,,פלפל אדום קלוי,גרמים,650.00,100 גרם,false,0,11.90,1.83,true,1,
8690784211703,false,גליידארוסול חבצלות 300מל,vaill aerosol coster,TR,גלייד מטהר אוויר,מיליליטרים,300.00,"100 מ""ל",false,0,6.90,2.30,true,1,
8690784211802,false,גלייד אירוסול לבנדר 300מ,vaill aerosol coster,TR,גלייד מטהר אוויר,מיליליטרים,300.00,"100 מ""ל",false,0,6.90,2.30,true,1,
8690784511339,false,דאק לאסלה 5ב1ניחוח ים,דאופלור S.P.I,IT,דאק לאסלה 5ב1,יחידה,1.00,יחידה,false,1,6.90,6.90,true,1,
8690784511445,false,דאק לאסלה 5ב1ניחוח לבנדר,דאופלור S.P.I,IT,דאק לאסלה 5ב1,יחידה,1.00,יחידה,false,1,6.90,6.90,true,1,
8691530010793,false,רוטב רימונים 345 גרם,אריפאולו,TR,רוטב רימונים,גרמים,345.00,100 גרם,false,0,17.70,5.13,true,1,
8693323001902,false,סוכ.ג'לי פטל אוכמניות250,סאאדת,TR,סוכריות ג'לי,גרמים,250.00,100 גרם,false,0,7.90,3.16,true,1,
8693323006907,false,ג'לי בצורת לבבות 250 גרם,סאאדת,IL,ג'לי לבבות,גרמים,250.00,100 גרם,false,0,7.90,3.16,true,1,
8693323012908,false,סוכ.ג'לי פטל ואוכמניו800,סאאדת,IL,סוכריות ג'לי,גרמים,800.00,100 גרם,false,0,18.60,2.33,true,1,
8693323031909,false,מרשמלו ממולא גלי 90 גרם,סאאדת,IL,מרשמלו ממולא גלי 90 גרם,גרמים,90.00,100 גרם,false,0,4.20,4.67,true,1,
8693323045012,false,סוכ.ג'לי בצורת אבטיח250ג,סאדאט,TR,סוכריות ג'לי,גרמים,250.00,100 גרם,false,0,7.90,3.16,true,1,
8693323689018,false,סוכ.ג'לי בצורת בננה250גר,סאדאט,TR,סוכריות ג'לי,גרמים,250.00,100 גרם,false,1,7.90,3.16,true,1,
8693323689025,false,סוכריות ג'לי תות וניל250,סאדאט,TR,סוכריות ג'לי,גרמים,250.00,100 גרם,false,1,7.90,3.16,true,1,
8693323689131,false,סוכ.ג'לי טעם תות וניל800,סאדאט,TR,סוכריות ג'לי,גרמים,800.00,100 גרם,false,1,18.60,2.33,true,1,
8693323690106,false,סוכ. גומי בטעם בננה100ג,סאדאט,TR,סוכריות גומי,גרמים,100.00,100 גרם,false,1,4.90,4.90,true,1,
8693323690113,false,סוכ. ג'לי דובונים 100גרם,סאדאט,TR,סוכריות ג'לי,גרמים,100.00,100 גרם,false,1,4.90,4.90,true,1,
8693323690137,false,סוכ. ג'לי פטל+אוכמנ100גר,סאדאט,TR,סוכריות ג'לי,גרמים,100.00,100 גרם,false,1,4.90,4.90,true,1,
8693323690144,false,סוכ. ג'לי תולעים חמוץ100,סאדאט,TR,סוכריות ג'לי,גרמים,100.00,100 גרם,false,1,4.90,4.90,true,1,
8693495037853,false,קולגייט 2מברשת סלים סופט,קולגייט-פלמוליב,CN,2 מברשות קולגייט,יחידה,1.00,יחידה,false,0,32.60,32.60,true,1,
8693495045643,false,פלמוליב ספא אפרסק500מ,קולגייט-פלמוליב,TR,סבון פלמוליב,מיליליטרים,500.00,"100 מ""ל",false,1,20.70,4.14,true,1,
8695504121102,false,ביצי שוקולד נסטלה 20*3 ג,נסטלה,,ביצי שוקולד 3 יח,גרמים,60.00,100 גרם,false,0,9.80,16.33,true,1,
8697420502072,false,מיץ רימונים,,IL,מיץ רימונים,ליטרים,1.00,ליטר,false,0,18.10,18.10,true,1,
8697530910743,false,פאל מאל כחול חפיסה,bat,TR,פאל מאל חפ.,יחידה,1.00,יחידה,false,0,27.50,27.50,false,1,
8697530910750,false,פאל מאל כחול ארוך חפ.,bat,TR,פאל מאל חפ.,יחידה,1.00,יחידה,false,0,27.50,27.50,false,1,
8697530910781,false,פאל מאל אדום חפיסה,bat,TR,פאל מאל,יחידה,1.00,יחידה,false,0,27.50,27.50,false,1,
8697530910941,false,פאל מאל כחול 10 יח',bat,TR,פאל מאל,יחידה,1.00,יחידה,false,0,259.90,259.90,false,1,
8697530911276,false,קנט קצר חפיסה,bat,TR,קנט קצר חפיסה,יחידה,1.00,יחידה,false,0,33.50,33.50,false,1,
8698720485515,false,תרסיס שמן זית 142 גרם,גאטה,TR,תרסיס שמן זית,גרמים,142.00,100 גרם,false,1,14.90,10.49,true,1,
8710103543329,false,מוצץ אוונט ללא ביספ0-6.,אוונט,IL,מוצץ אוונט,יחידה,1.00,יחידה,false,0,49.50,49.50,true,1,
8710502064814,false,עוג.שוקוציפס מרקם רך175ג,מרבה,NL,עוג.שוקוציפס מרקם רך175ג,גרמים,175.00,100 גרם,false,1,10.90,6.23,true,1,
8710502139017,false,עוג.טריפל שוקוצ'יפס180גר,מרבה,NL,עוגיות שוקוצ'יפס,גרמים,180.00,100 גרם,false,0,10.90,6.06,true,1,
8710502420016,false,עוג.שוקולד צ'יפס קרמל175,מרבה,ES,עוגיות מרבה,גרמים,175.00,100 גרם,false,0,10.90,6.23,true,1,
8710800961310,false,מנטוס טעם תות 4יח37.5X'ג,פרפטי ואן מלה ברדה,NL,מנטוס תות 4 יח,גרמים,150.00,100 גרם,false,0,10.90,7.27,true,1,
8711700665834,false,סבון מוצק דאב 100*6 גרם,יוניליוור,IL,סבון דאב שישייה,גרמים,600.00,100 גרם,false,0,19.90,3.32,true,1,
8711700796712,false,אקס ג'ל רחצה אפולו 400מ,יוניליוור,IL,אקס ג'ל רחצה,מיליליטרים,400.00,"100 מ""ל",false,0,10.00,2.50,true,1,
8712400802499,false,נוטרילון שלב1- 800 גרם,נוטרישיה קאלק,NL,נוטרילון שלה1-,גרמים,800.00,100 גרם,false,0,57.90,7.24,true,1,
8712400802536,false,נוטרילון שלב3- 800 גרם,נוטרישיה קאלק,NL,נוטרילון שלב3-,גרמים,800.00,100 גרם,false,0,57.90,7.24,true,1,
8712561594240,false,תח.רחצה דאב הזנה עמוק500,יוניליוור,DE,תחליב רחצה דאב,מיליליטרים,500.00,"100 מ""ל",false,1,10.00,2.00,true,1,
8712561594608,false,תח.רחצה להזנה עמוקה 750מ,יוניליוור,DE,תחליב רחצה דאב,מיליליטרים,750.00,"100 מ""ל",false,1,22.90,3.05,true,1,
8712561611183,false,תח. רחצה דאב תה ירוק 500,יוניליוור,DE,תחליב רחצה דאב,מיליליטרים,500.00,"100 מ""ל",false,1,10.00,2.00,true,1,
8712561626286,false,תחליב רחצה דאב זוהר 750מ,יוניליוור,DE,תחליב רחצה דאב,מיליליטרים,750.00,"100 מ""ל",false,1,22.90,3.05,true,1,
8712561645959,false,תחליב רחצה דאב פיסטוק500,יוניליוור,DE,תחליב רחצה דאב,מיליליטרים,500.00,"100 מ""ל",false,1,10.00,2.00,true,1,
8712561650366,false,"אקס ג'ל רחצה בלאק 400מ""ל",יוניליוור,GB,אקס ג'ל רחצה,מיליליטרים,400.00,"100 מ""ל",false,0,10.00,2.50,true,1,
8712561653220,false,תחליב רחצה דאב תאנה 750,יוניליוור,DE,תחליב רחצה דאב,מיליליטרים,750.00,"100 מ""ל",false,1,22.90,3.05,true,1,
8714789095653,false,"משחה קולגייט הרבל100 מ""ל",קולגייט-פלמוליב,IL,משחת שיניים,מיליליטרים,100.00,"100 מ""ל",false,0,12.50,12.50,true,1,
8714789132549,false,קולגייט הרבל להלבנה100מל,קולגייט-פלמוליב,BR,משחת שיניים,מיליליטרים,100.00,"100 מ""ל",false,0,12.50,12.50,true,1,
8714789177229,false,4 מב.קולגייט אקסטרה קלין,קולגייט-פלמוליב,VN,4 מברשות שיניים,יחידה,1.00,יחידה,false,0,10.00,10.00,true,1,
8714789237039,false,קולגייט מולטי פרוטקשן75מ,קולגייט-פלמוליב,PL,משחת שיניים,מיליליטרים,75.00,"100 מ""ל",false,0,10.00,13.33,true,1,
8714789303925,false,2 מברשות קולגייט סנסטיב,קולגייט-פלמוליב,CH,2 מברשות קולגייט סנסטיב,יחידה,1.00,יחידה,false,0,40.10,40.10,true,1,
8714789402932,false,אג'קס חגיגת פרחי.ורוד1.5,קולגייט-פלמוליב,GR,אג'קס לניקוי,ליטרים,1.50,ליטר,false,0,17.90,11.93,true,1,
8714789450315,false,פלמוליב לכלים לימון1.5ל',קולגייט-פלמוליב,IL,פלמוליב לכלים,ליטרים,1.50,ליטר,false,0,12.80,8.53,true,1,
8714789462912,false,פלמוליב לכלים מנטה 1 ל',קולגייט-פלמוליב,GR,פלמוליב לכלים,ליטרים,1.00,ליטר,false,0,12.70,12.70,true,1,
8714789529561,false,קולגייט פרו ריליף+הלבנ75,קולגייט-פלמוליב,BR,משחת קולגייט,מיליליטרים,75.00,"100 מ""ל",false,0,25.30,33.73,true,1,
8714789552897,false,קולגייט טוטל אדוונס 100מ,קולגייט-פלמוליב,PL,משחת קולגייט,מיליליטרים,100.00,"100 מ""ל",false,0,14.90,14.90,true,1,
8714789582764,false,מרסס לניקוי חלונות 750 מ,קולגייט-פלמוליב,IL,מרסס לניקוי חלונות 750 מ,מיליליטרים,750.00,"100 מ""ל",false,0,10.00,1.33,true,1,
8714789686530,false,פלמוליב לכלים קלאסי900מל,קולגייט-פלמוליב,GR,פלמוליב לכלים,מיליליטרים,900.00,"100 מ""ל",false,0,9.80,1.09,true,1,
8714789740058,false,זוג מברשת שיניים קולגייט,קולגייט-פלמוליב,IL,זוג מברשת שיניים,יחידה,1.00,יחידה,false,0,19.90,19.90,true,1,
8714789791913,false,אג'קס פרחי לוטוס 1.5 ל,קולגייט-פלמוליב,GR,אג'קס פרחי לוטוס,ליטרים,1.50,ליטר,false,0,17.90,11.93,true,1,
8714789834467,false,פלמוליב נוזל לכלים 1.5ל',קולגייט-פלמוליב,GR,פלמוליב לכלים,ליטרים,1.50,ליטר,false,0,12.80,8.53,true,1,
8714789855929,false,משחת קולגייט טוטל גאם75מ,קולגייט-פלמוליב,IL,משחת קולגייט,מיליליטרים,75.00,"100 מ""ל",false,0,21.70,28.93,true,1,
8714789930848,false,משחת אופטיק וייט אינסט75,קולגייט-פלמוליב,PL,משחת קולגייט,מיליליטרים,75.00,"100 מ""ל",false,0,26.70,35.60,true,1,
8715700419732,false,מתבל עגבניות היינץ700גרם,היינץ,NL,מתבל עגבניות,גרמים,700.00,100 גרם,false,0,10.00,1.43,true,1,
8718114047249,false,סבון מוצק דאב 100*6 גרם,יוניליוור,DE,סבון דאב שישייה,גרמים,600.00,100 גרם,false,0,19.90,3.32,true,1,
8718951001596,false,אג'קס ספריי לאמבטיה600מל,קולגייט-פלמוליב,GR,אג'קס לאמבטיה,מיליליטרים,600.00,"100 מ""ל",false,1,10.00,1.67,true,1,
8718951001602,false,אג'קס ספריי רב פעולות600,קולגייט-פלמוליב,GR,אג'קס רב פעולות,מיליליטרים,600.00,"100 מ""ל",false,1,10.00,1.67,true,1,
8718951007963,false,פלמוליב לכלים לימון500מל,קולגייט-פלמוליב,GR,פלמוליב לכלים,מיליליטרים,500.00,"100 מ""ל",false,1,6.90,1.38,true,1,
8723400771241,false,מנטוס ענבים 4יח37.5*'ג,פרפטי ואן מלה ברדה,TR,מנטוס רביעייה,גרמים,150.00,100 גרם,false,0,10.90,7.27,true,1,
8801055706952,false,נסקפה קפוצ'ינו קרמל170גר,נסטלה,KR,קפוצ'ינו קרמל,גרמים,170.00,100 גרם,false,0,19.30,11.35,true,1,
8801055706976,false,נסקפה קפוצ'ינו וניל185ג,נסטלה,KR,קפוצ'ינו וניל,גרמים,185.00,100 גרם,false,0,19.30,10.43,true,1,
8801055707010,false,נסקפה קפוצינו קלאסיק125ג,נסטלה,KR,נס קפה קפוצ'ינו,גרמים,125.00,100 גרם,false,0,19.30,15.44,true,1,
8801055707188,false,נסקפה קפוצ'ינו אגוזים180,נסטלה,KR,נס קפה קפוצ'ינו,גרמים,180.00,100 גרם,false,0,19.30,10.72,true,1,
8801055707423,false,נסקפה קפוצינו שוק.לבן180,נסטלה,KR,נסקפה קפוצ'ינו,גרמים,180.00,100 גרם,false,0,19.30,10.72,true,1,
8850389105825,false,סאפה אלוורה ענבים 1 ליטר,FOOD GENERAL SAPANAN,TH,סאפה ענבים,ליטרים,1.00,ליטר,false,0,10.00,10.00,true,1,
8850389105832,false,סאפה אלוורה תפוחים 1ליטר,FOOD GENERAL SAPANAN,TH,סאפה תפוחים,ליטרים,1.00,ליטר,false,0,10.00,10.00,true,1,
8850389105849,false,סאפה אלוורה אפרסק 1 ליטר,FOOD GENERAL SAPANAN,TH,סאפה אפרסק,ליטרים,1.00,ליטר,false,0,10.00,10.00,true,1,
8850632604259,false,יוגטה חמוץ מקלות תות 50ג,סאאדת,TH,יוגטה ממתק חמוץ,גרמים,50.00,100 גרם,false,0,4.60,9.20,true,1,
8850632604266,false,יוגטה חמוץ מקלות קולה50ג,סאאדת,TH,יוגטה ממתק חמוץ,גרמים,50.00,100 גרם,false,0,4.60,9.20,true,1,
8850632604402,false,יוגטה חמוץ שטיח מעורב50ג,סאאדת,TH,יוגטה ממתק חמוץ,גרמים,50.00,100 גרם,false,0,4.60,9.20,true,1,
8857101301008,false,רוטב צ'ילי,,TH,רוטב צ'ילי,מיליליטרים,700.00,"100 מ""ל",false,0,9.80,1.40,true,1,
8888021200256,false,שמינית סוללות AA,אנרג'ייזר,US,שמינית סוללות,יחידה,1.00,יחידה,false,0,26.80,26.80,true,1,
8888021200720,false,שמינית סוללות AAA,אנרג'ייזר,US,8 סוללות AAA,יחידה,1.00,יחידה,false,0,26.80,26.80,true,1,
8888111030053,false,מיץ אננס 100%טבעי 240*4מ,פילפאק,PH,מיץ אננס 4 יח,מיליליטרים,960.00,"100 מ""ל",false,1,11.90,1.24,true,1,
8901537024014,false,אורז בסמטי,,IN,אורז בסמטי,קילוגרמים,1.00,"ק""ג",false,0,11.90,11.90,true,1,
8992760221028,false,עוגיות אוראו 137 גרם,מונדלייז,ID,עוגיות אוראו,גרמים,137.00,100 גרם,false,1,6.90,5.04,true,1,
9000100833110,false,סומט הכול ב1- 70 טבליות,הנקל סוד,DE,סומט טבליות,יחידה,1.00,יחידה,false,1,45.50,45.50,true,1,
9000100843256,false,"גליס שמן משקם 75מ""ל",הנקל סוד,DE,גליס שמן משקם,מיליליטרים,75.00,"100 מ""ל",false,0,24.90,33.20,true,1,
9001616669927,false,"מאמ בקבוק 260 מ""ל",.,HU,מאמ בקבוק 260,יחידה,1.00,יחידה,false,0,34.90,34.90,true,1,
9310072000282,false,טים טם ביסקויט שו.חלב200,ארנולטס,AU,ביסקויט טים טאם,גרמים,200.00,100 גרם,false,0,19.90,9.95,true,1,
9310072013855,false,טים טם ביסקויט דאבל 200ג,ארנולטס,AU,ביסקויט טים טם,גרמים,200.00,100 גרם,false,0,19.90,9.95,true,1,
9310088007671,false,14 תחבושות דיפנד סופר,חוגלה קימברלי,VN,תחבושות דיפנד,יחידה,1.00,יחידה,false,0,19.90,19.90,true,1,
9310088007688,false,12 תחבושות דיפנד אקסטרה,חוגלה קימברלי,VN,תחבושות דיפנד,יחידה,1.00,יחידה,false,0,19.90,19.90,true,1,
9322969000015,false,פריכיות תירס 150 גרם,אלגם גיל,AU,פריכיות תירס 150 גרם,גרמים,150.00,100 גרם,false,0,12.80,8.53,true,1,
