code,internal_code,name,manufacturer_name,manufacture_country,manufacturer_item_description,unit_qty,quantity,unit_of_measure,weighted,qty_in_package,price,unit_of_measure_price,allow_discount,status,item_id
14,true,נילוס 200 גר,ישרא גל דברי מזון,,,יח`,1,,false,1,14.90,14.90,false,1,
142,true,פיתה,מאפיית כפיר צ. ידעי בעמ,,,יח`,1,,false,1,1.50,1.50,false,1,
196,true,גודי פטור מעמ,ספקים שונים,,,יח`,1,,false,1,0.01,0.01,false,1,
319,true,תו סיבוס פטור מעמ,ספקים שונים,,,יח`,1,,false,1,0.01,0.01,false,1,
321,true,תן ביס פטור מעמ,ספקים שונים,,,יח`,1,,false,1,0.01,0.01,false,1,
501,true,ראש קוקוס,בכורי שדה דרום 2002 בעמ,,,יח`,1,,false,1,9.90,9.90,false,1,
600,true,סנדוויץ`עובד,קבוצת אסם סחר שות. מוגבלת,,,יח`,1,,false,1,3,3,false,1,
2003,true,אבוקדו,גליל שוק מקומי אגשח*שיק ל60 יו,,,"ק""ג",1,,true,1,9.90,9.90,false,1,
2004,true,אבטיח,י.ל. החקלאים שיווק והפצה בעמ*ש,,,"ק""ג",1,,true,1,5.90,5.90,false,1,
2006,true,ארטישוק,אנונה שיווק בעמ*שיק 45 יום*,,,"ק""ג",1,,true,1,25,25,false,1,
2007,true,בטטה,משק כרמי ייצור ושיווק תוצרת*שי,,,"ק""ג",1,,true,1,8.90,8.90,false,1,
2009,true,בננות,גליל שוק מקומי אגשח*שיק ל60 יו,,,"ק""ג",1,,true,1,5.90,5.90,false,1,
2010,true,בצל יבש,רביבו יהודה חקלאות ונכסים בעמ,,,"ק""ג",1,,true,1,4.90,4.90,true,1,
2012,true,אננס,פירות הכרמל אגשח בעמ*שיק 45 יו,,,יח`,1,,false,1,40,40,false,1,
2013,true,גויאבה,אלדד קליימן שיווק בעמ*שיק 40 י,,,"ק""ג",1,,true,1,19.90,19.90,false,1,
2015,true,דלעת,שוסטר תעשיות מזון בעמ*שיק ל 60,,,"ק""ג",1,,true,1,9.90,9.90,false,1,
2016,true,דלורית,שוסטר תעשיות מזון בעמ*שיק ל 60,,,"ק""ג",1,,true,1,6.90,6.90,false,1,
2017,true,תפוח זהוב,בראשית - אגודה שיתופית חקלאית-,,,"ק""ג",1,,true,1,9.90,9.90,false,1,
2019,true,חסה עגולה,הירוקים של רצון בעמ,,,יח`,1,,false,1,5.90,5.90,false,1,
2020,true,חסה רגילה,הירוקים של רצון בעמ,,,יח`,1,,false,1,4.90,4.90,false,1,
2021,true,חצילים,שיווק העשור ירקות הזהב בעמ - (,,,"ק""ג",1,,true,1,6.90,6.90,false,1,
2022,true,ירק,א.אדמה (2007) בעמ,,,יח`,1,,false,1,3.90,3.90,false,1,
2024,true,כרוב לבן,תעשיות תוצרת חקלאית אביטן בני,,,"ק""ג",1,,true,1,3.90,3.90,true,1,
2025,true,כרובית,ד.ע. ימין גידול ושיווק ירקות*ש,,,"ק""ג",1,,true,1,8.90,8.90,false,1,
2027,true,לימון,אתרוג תוצרת חקלאית*שיק 30 יום*,,,"ק""ג",1,,true,1,8.90,8.90,false,1,
2028,true,מלפפון,נסים מאיר חקלאי בעמ*שיק 30 יום,,,"ק""ג",1,,true,1,5.90,5.90,false,1,
2029,true,מלון,בננות החוף אגשח בעמ,,,"ק""ג",1,,true,1,7.90,7.90,false,1,
2033,true,תפוח סמיט,בראשית - אגודה שיתופית חקלאית-,,,"ק""ג",1,,true,1,9.90,9.90,false,1,
2034,true,תפוח סטארקינג חרמון,בראשית - אגודה שיתופית חקלאית-,,,"ק""ג",1,,true,1,9.90,9.90,false,1,
2035,true,סלק,מלוא הסל שיווק ירקות בעמ*שיק 3,,,"ק""ג",1,,true,1,5.90,5.90,true,1,
2036,true,עגבניה,שיווק העשור ירקות הזהב בעמ - (,,,"ק""ג",1,,true,1,5.90,5.90,true,1,
2038,true,פטריות שמפיניון יחידה,מרינה פטריות הגליל בעמ,,,יח`,1,,false,1,9.90,9.90,true,1,
2039,true,פומלה,מהדרין תנופורט ייצוא פרי אור -,,,"ק""ג",1,,true,1,8.90,8.90,false,1,
2040,true,פלפל ירוק,ינאי - מרכז פרי והירק בעמ*שיק,,,"ק""ג",1,,true,1,7.90,7.90,false,1,
2041,true,פלפל חריף,שיווק העשור ירקות הזהב בעמ - (,,,"ק""ג",1,,true,1,8.90,8.90,false,1,
2043,true,צנונית,תוצרת הנגב אגודה שיתופית חקלאי,,,יח`,1,,false,1,6.90,6.90,false,1,
2044,true,צנון,עמית בראון שיווק עמ*שיק 40 יום,,,"ק""ג",1,,true,1,5.90,5.90,false,1,
2046,true,קולורבי,תעשיות תוצרת חקלאית אביטן בני,,,"ק""ג",1,,true,1,6.90,6.90,false,1,
2047,true,קלמנטינה,תעשיות תוצרת חקלאית אביטן בני,,,"ק""ג",1,,true,1,6.90,6.90,false,1,
2048,true,קישואים,אשר שי אלבז *שיק 30 יום*,,,"ק""ג",1,,true,1,8.90,8.90,false,1,
2049,true,קיווי,בראשית - אגודה שיתופית*שיק 45,,,"ק""ג",1,,true,1,19.90,19.90,false,1,
2050,true,פומלית,תעשיות תוצרת חקלאית אביטן בני,,,"ק""ג",1,,true,1,8.90,8.90,false,1,
2051,true,לפת,מלוא הסל שיווק ירקות בעמ*שיק 3,,,"ק""ג",1,,true,1,6.90,6.90,false,1,
2054,true,שומר,תעשיות תוצרת חקלאית אביטן בני,,,"ק""ג",1,,true,1,6.90,6.90,false,1,
2058,true,תפוא לבן,עוגן שיווק ואריזות בעמ,,,"ק""ג",1,,true,1,3.90,3.90,false,1,
2059,true,תפוזים,הדרי קטיף אריזה ושיווק בעמ*שיק,,,"ק""ג",1,,true,1,5.90,5.90,false,1,
2060,true,תירס ארוז,צמח שיווק תוצרת חקלאית *שיק 30,,,"ק""ג",1,,true,1,9.90,9.90,false,1,
2061,true,פלפל אדום,י.ל. החקלאים שיווק והפצה בעמ*ש,,,"ק""ג",1,,true,1,8.90,8.90,false,1,
2063,true,אגס,טריפל סל בעמ,,,"ק""ג",1,,true,1,12.90,12.90,false,1,
2064,true,כרוב אדום,תעשיות תוצרת חקלאית אביטן בני,,,"ק""ג",1,,true,1,5.90,5.90,false,1,
2065,true,פלפל חריף אדום,דובדבן שיווק בעמ*שיק 60 יום*,,,"ק""ג",1,,true,1,9.90,9.90,false,1,
2066,true,פלפל בהיר,שיווק העשור ירקות הזהב בעמ - (,,,"ק""ג",1,,true,1,9.90,9.90,false,1,
2067,true,פלפל צהוב,ב.ד. גידול ירקות בעמ*שיק 30 יו,,,"ק""ג",1,,true,1,8.90,8.90,false,1,
2068,true,אפרסמון,מור פירות השרון בעמ-לא לחייב,,,"ק""ג",1,,true,1,12.90,12.90,false,1,
2071,true,וירטיקלית פטרוזליה,ורטיקל פילד בעמ*קונסיגנציה*,,,יח`,1,,false,1,5,5,false,1,
2072,true,בצל אדום,רביבו יהודה חקלאות ונכסים בעמ,,,"ק""ג",1,,true,1,6.90,6.90,false,1,
2074,true,שרי ארוז,צימן עגבניות שיווק רמת הנגב בע,,,יח`,1,,false,1,9.90,9.90,false,1,
2082,true,תפוח פינק,בראשית - אגודה שיתופית חקלאית-,,,"ק""ג",1,,true,1,12.90,12.90,false,1,
2092,true,פלפל שושקה,י.ל. החקלאים שיווק והפצה בעמ*ש,,,"ק""ג",1,,true,1,9.90,9.90,false,1,
2094,true,תפוח ענה,ח.ע בסד שיווק פירות בעמ,,,"ק""ג",1,,true,1,9.90,9.90,false,1,
2095,true,סברס,מהדרין תנופורט יצוא *שיק 30 יו,,,"ק""ג",1,,true,1,29.90,29.90,false,1,
2099,true,שזיף אדום,בועז את עמיר בעמ*שיק 40 יום*,,,"ק""ג",1,,true,1,15.90,15.90,false,1,
2104,true,מבצע ירקות,שפע בפרי ארצנו בעמ,,,"ק""ג",1,,true,1,4.90,4.90,false,1,
2111,true,בטטה ירושלמית כסביה,הררי מאיר ובניו הובלות בקרור ב,,,"ק""ג",1,,true,1,12.90,12.90,false,1,
2113,true,פלפל כתום,י.ל. החקלאים שיווק והפצה בעמ*ש,,,"ק""ג",1,,true,1,8.90,8.90,false,1,
2114,true,ערמונים תפזורת,בכורי שדה דרום 2002 בעמ,,,"ק""ג",1,,true,1,19.90,19.90,false,1,
2116,true,קישואים עגולים,עמית בראון שיווק עמ*שיק 40 יום,,,"ק""ג",1,,true,1,9.90,9.90,false,1,
2120,true,תפוא אדום,עוגן שיווק ואריזות בעמ,,,"ק""ג",1,,true,1,4.90,4.90,false,1,
2122,true,רימון,אלדד קליימן שיווק בעמ*שיק 40 י,,,"ק""ג",1,,true,1,8.90,8.90,false,1,
2127,true,ענבים ירוקים טלי,לכיש מושב עובדים להתישבות*30 י,,,"ק""ג",1,,true,1,29.90,29.90,false,1,
2128,true,פסיפלורה,מורנים פירות סובטרופים בעמ,,,יח`,1,,false,1,19.90,19.90,false,1,
2130,true,אנונה,גליל שוק מקומי אגשח*שיק ל60 יו,,,"ק""ג",1,,true,1,18.90,18.90,false,1,
2132,true,ברוקולי ארוז,בננות החוף אגשח בעמ,,,יח`,1,,false,1,10,10,false,1,
2134,true,תפוח נאשי,בראשית - אגודה שיתופית חקלאית-,,,"ק""ג",1,,true,1,14.90,14.90,false,1,
2144,true,קישוא זוקיני,שיווק העשור ירקות הזהב*שיק 30,,,"ק""ג",1,,true,1,9.90,9.90,false,1,
2155,true,קרמבולה,י.פסטרנק ושות` תוצרת חקלאית בע,,,"ק""ג",0,"ק""ג",true,1,19.90,19.90,false,1,
2159,true,קלמנטינה ברשת,מהדרין תנופורט יצוא *שיק 30 יו,,,"ק""ג",1,,true,1,5.90,5.90,false,1,
2165,true,פטריות תפזורת גדולות למילוי,חוות השמפיניון בעמ,,,"ק""ג",1,,true,1,39.90,39.90,false,1,
2168,true,תפוח ברשת,אמצע השוק בעמ,,,"ק""ג",1,,true,1,9.90,9.90,false,1,
2170,true,שעועית ירוקה,בננות החוף אגשח בעמ,,,יח`,1,,false,1,10,10,false,1,
2173,true,חציל בלדי,י.ל. החקלאים שיווק והפצה בעמ*ש,,,"ק""ג",1,,true,1,7.90,7.90,false,1,
2186,true,תפוח גלה,בראשית - אגודה שיתופית חקלאית-,,,"ק""ג",1,,true,1,9.90,9.90,false,1,
6007,true,חלה פרג/שומשום,י.את א. ברמן בעמ,,,יח`,1,,false,1,5.90,5.90,false,1,
7472,true,אנטריקוט עגל טרי מוכשר סטייק,אדום אדום - תנובה בקר,,,"ק""ג",1,,true,1,149,149,false,1,
9391,true,אוסובוקו עגל טרי מוכשר,אדום אדום - תנובה בקר,,,"ק""ג",1,"ק""ג",true,1,49.90,49.90,true,1,
10106,true,צוואר צלעות עגל עע חלק,אדום אדום - תנובה בקר,,,"ק""ג",1,,true,1,49.90,49.90,false,1,
11004,true,הולנדית+שויצרית+צ`דר,גבינות הכפר בעמ,,,"ק""ג",1000,גרם,true,1,29,2.90,false,1,
12001,true,מעושנת,גבינות הכפר בעמ,,,"ק""ג",1000,גרם,true,1,38,3.80,false,1,
14005,true,מקסיקנית,גבינות הכפר בעמ,,,"ק""ג",1000,גרם,true,1,36,3.60,false,1,
15002,true,גבינה שום שמיר+זיתים במישקל,גבינות הכפר בעמ,,,"ק""ג",1000,גרם,true,1,36,3.60,false,1,
15474,true,פריסקיז מעדני הבית 1.45,שחורי אריה ואנסטסיה,,,יח`,1450,גרם,false,1,35.90,2.48,false,1,
23489,true,דג סלמון נורבגי טרי שלם - נקי,מאסטרפוד בעמ,,,"ק""ג",100,גרם,true,1,79,79,true,1,
38995,true,חזה עגל כשר,אדום אדום - תנובה בקר,,,"ק""ג",1,"ק""ג",true,1,49.90,49.90,true,1,
40004,true,פקאן טבעי במשקל,וואלי מרקט 2018 א.ד.ע. בעמ,,,"ק""ג",1000,גרם,true,1,130,13,false,1,
42992,true,צוואר צלעות עע עגל,אדום אדום - תנובה בקר,,,"ק""ג",1,,true,1,49.90,49.90,false,1,
44637,true,גרעיני חמניה מקולפת במשקל,וואלי מרקט 2018 א.ד.ע. בעמ,,,"ק""ג",1000,גרם,true,1,24,2.40,false,1,
45979,true,בשר ראש טרי מוכשר,אדום אדום - תנובה בקר,,,"ק""ג",1,"ק""ג",true,1,49.90,49.90,false,1,
46129,true,לשון עגל טרי מוכשר,אדום אדום - תנובה בקר,,,"ק""ג",1,"ק""ג",true,1,59.90,59.90,false,1,
46549,true,מוצרלה חריץ תנובה,תנובה - חלב,,,"ק""ג",1000,גרם,true,1,76,7.60,false,1,
46662,true,סקנדינבית 31% תנובה,תנובה - חלב,,,"ק""ג",1000,גרם,true,1,76,7.60,false,1,
47485,true,בולגרית פיראוס 24% פח 3 קג`תנובה,תנובה - חלב,,,"ק""ג",1000,גרם,true,1,56,5.60,false,1,
47997,true,אסאדו טרי מוכשר,אדום אדום - תנובה בקר,,,"ק""ג",1,,true,1,59.90,59.90,false,1,
55183,true,צפתית מלבנית 5% פיראוס מעודנת,תנובה - חלב,,,"ק""ג",1000,גרם,true,1,42,4.20,false,1,
59297,true,גבינה לבנה 5% טעמים במשקל,מחלבות גד שיווק 1992 בעמ,,,"ק""ג",1000,גרם,true,1,25,2.50,false,1,
81816,true,אוסובוקו עגל טרי חלק,אדום אדום - תנובה בקר,,,"ק""ג",1,"ק""ג",true,1,49.90,49.90,false,1,
86415,true,כף עגל טרי מוכשר,אדום אדום - תנובה בקר,,,"ק""ג",1,,true,1,79.90,79.90,true,1,
89652,true,סטייק עם עצם חלק,אדום אדום - תנובה בקר,,,"ק""ג",1,"ק""ג",true,1,118,118,true,1,
230047,true,סטייק עם עצם כשר,אדום אדום - תנובה בקר,,,"ק""ג",1,,true,1,118,118,true,1,
277394,true,דג בס טרי נקי,מאסטרפוד בעמ,,,"ק""ג",1,,true,1,49.90,49.90,true,1,
282305,true,דג לברק טרי נקי,מאסטרפוד בעמ,,,"ק""ג",1,,true,1,69,69,true,1,
318103,true,פסטרמה ברבקיו יחיעם,מעדני יחיעם (1993) בעמ,,,"ק""ג",1000,גרם,true,1,69,6.90,true,1,
318165,true,פסטרמה אמיתית על גחלים יחיעם,מעדני יחיעם (1993) בעמ,,,"ק""ג",1000,גרם,true,1,79,7.90,true,1,
318288,true,חזה הודו בדבש יחיעם,מעדני יחיעם (1993) בעמ,,,"ק""ג",1000,גרם,true,1,79,7.90,true,1,
318493,true,כתף בקר מפולפל יחיעם,מעדני יחיעם (1993) בעמ,,,"ק""ג",1000,גרם,true,1,103,10.30,false,1,
318707,true,סלמי מעושן 500גרם,מעדני יחיעם (1993) בעמ,,,יח`,500,גרם,false,1,29.90,5.98,false,1,
318738,true,נקניק עוף 450גרם,מעדני יחיעם (1993) בעמ,,,יח`,450,גרם,false,1,11.90,2.64,false,1,
318899,true,סלמי פיין מעדנייה יחיעם,מעדני יחיעם (1993) בעמ,,,"ק""ג",1000,גרם,true,1,49,4.90,true,1,
319049,true,פסטרמה גלילית יחיעם,מעדני יחיעם (1993) בעמ,,,"ק""ג",1000,גרם,true,1,49,4.90,true,1,
319759,true,סלמי תה יחיעם מעדנייה,מעדני יחיעם (1993) בעמ,,,"ק""ג",1000,גרם,true,1,49,4.90,true,1,
328900,true,נפוליאון טבעי גבינת שמנת 25% מעדניה,תנובה - חלב,,,"ק""ג",1000,גרם,true,1,46,4.60,false,1,
328917,true,נפוליאון זיתים גבינת שמנת 24% מעדניה,תנובה - חלב,,,"ק""ג",1000,גרם,true,1,46,4.60,false,1,
328924,true,נפוליאון שום שמיר גבינת שמנת 25% מעדניה,תנובה - חלב,,,"ק""ג",1000,גרם,true,1,46,4.60,false,1,
344478,true,פילה מדומה טרי חלק,אדום אדום - תנובה בקר,,,"ק""ג",1,,true,1,79.90,79.90,true,1,
360201,true,אמנון טרי נקי,מאסטרפוד בעמ,,,"ק""ג",1,,true,1,29.90,29.90,true,1,
363400,true,סלמי פפרוני טירת צבי,תנובה קפואים,,,"ק""ג",1000,גרם,true,1,80,8,true,1,
363462,true,סלמי איטלקי טירת צבי,תנובה קפואים,,,"ק""ג",1000,גרם,true,1,80,8,true,1,
363486,true,נקניק תה טירת צבי,תנובה קפואים,,,"ק""ג",1000,גרם,true,1,53,5.30,true,1,
365046,true,כתף בקר מעושן טירת צבי,תנובה קפואים,,,"ק""ג",1000,גרם,true,1,98,9.80,false,1,
365398,true,חזה הודו בדבש טירת צבי,תנובה קפואים,,,"ק""ג",1000,גרם,true,1,80,8,true,1,
365510,true,צלי כתף טרי חלק,אדום אדום - תנובה בקר,,,"ק""ג",1,,true,1,89.90,89.90,false,1,
365954,true,פסטרמה גחלים טירת צבי,תנובה קפואים,,,"ק""ג",1000,גרם,true,1,80,8,true,1,
366203,true,דג בורי טרי נקי,מאסטרפוד בעמ,,,"ק""ג",1,,true,1,39,39,false,1,
369549,true,פילה מדומה טרי מוכשר,אדום אדום - תנובה בקר,,,"ק""ג",1,"ק""ג",true,1,79.90,79.90,true,1,
370741,true,גבינה לבנה מלוחה מחלב עיזים 19% מעדנייה,ג.וילי-פוד אינטרנשיונל **גבינו,,,"ק""ג",1000,גרם,true,1,70,7,false,1,
372204,true,דג ברמונדי נקי שלם,מאסטרפוד בעמ,,,"ק""ג",1,,true,1,49.90,49.90,true,1,
395408,true,גבנצ 28% נעם חריץ פיקוח מעדנייה,החב` המרכזית - טרה,,,"ק""ג",1000,גרם,true,1,44.79,4.48,false,1,
395415,true,גבנצ 9% נעם חריץ מעדנייה,החב` המרכזית - טרה,,,"ק""ג",1000,גרם,true,1,76,7.60,false,1,
395422,true,גבנצ 22% נעם חריץ פיקוח מעדנייה,החב` המרכזית - טרה,,,"ק""ג",1000,גרם,true,1,42.58,4.26,false,1,
456850,true,חזה אסאדו טרי מוכשר מוביל,אדום אדום - תנובה בקר,,,"ק""ג",1,"ק""ג",true,1,59.90,59.90,false,1,
482049,true,בולגריה בקוביות עם שמן ותבלינים,ג.וילי-פוד אינטרנשיונל **גבינו,,,"ק""ג",1000,גרם,true,1,65,6.50,false,1,
485232,true,צלי כתף טרי מוכשר,אדום אדום - תנובה בקר,,,"ק""ג",1,,true,1,89.90,89.90,true,1,
530260,true,מרטודלה רחב זוגלובק,זוגלובק שיווק בעמ,,,"ק""ג",1000,גרם,true,1,35,3.50,false,1,
535791,true,קורנביף ניו יורק זוגלובק מעדנייה,זוגלובק שיווק בעמ,,,"ק""ג",1000,גרם,true,1,110,11,true,1,
554655,true,מוצרלה נקניק מעושן 22% מעדנייה גד,מחלבות גד שיווק 1992 בעמ,,,"ק""ג",1000,גרם,true,1,84,8.40,false,1,
554792,true,בולגרית 5% 16% מעודנת- גד מעדניה,מחלבות גד שיווק 1992 בעמ,,,"ק""ג",1000,גרם,true,1,56,5.60,false,1,
554914,true,גבינה צפתית רכה 5% מעדנייה גד,מחלבות גד שיווק 1992 בעמ,,,"ק""ג",1000,גרם,true,1,60,6,false,1,
554969,true,שמנות 30% גד,מחלבות גד שיווק 1992 בעמ,,,"ק""ג",1000,גרם,true,1,45,4.50,false,1,
554990,true,כדורי מוצרלה במים גד פרסקה מעדניה,מחלבות גד שיווק 1992 בעמ,,,"ק""ג",1000,גרם,true,1,92,9.20,false,1,
560915,true,דג דניס טרי נקי,מאסטרפוד בעמ,,,"ק""ג",1,,true,1,65,65,true,1,
560946,true,דג קרפיון מצונן נקי,מאסטרפוד בעמ,,,"ק""ג",1,,true,1,29.90,29.90,true,1,
571515,true,פילה סלמון נורבגי שלם -טרי,מאסטרפוד בעמ,,,"ק""ג",1,,true,1,109,109,true,1,
611136,true,כבד עוף קפוא,קורניש חן (1987) בעמ,,,"ק""ג",1,,true,1,11.90,11.90,false,1,
616575,true,גרון הודו קפוא,ג.ת. שיווק בן בקר בעמ,,,"ק""ג",1000,גרם,true,1,24.90,2.49,false,1,
632599,true,ירכיים עוף-עטרה,נטו מלינדה סחר - עטרה,,,"ק""ג",1,,true,1,31.90,31.90,false,1,
644820,true,שניצל ארוז קפוא מוביל חזה פרוס,עוף ירושלים שיווק בעמ,,,"ק""ג",1,,true,1,29.90,29.90,false,1,
658926,true,פילה מרלוזה 100% דג קפוא תנובה,תנובה קפואים,,,"ק""ג",0,גרם,true,1,32.90,32.90,false,1,
659312,true,פילה סלמון תנובה בואקום קפוא,תנובה קפואים,,,"ק""ג",1,,true,1,74.90,74.90,false,1,
663135,true,קוביות סלומון קפוא,תנובה קפואים,,,יח`,1,,false,1,29.90,29.90,false,1,
684123,true,כתף טרי חלק ללא עצם,אדום אדום - תנובה בקר,,,"ק""ג",1,,true,1,79.90,79.90,true,1,
745237,true,שריר עגל טרי מוכשר,אדום אדום - תנובה בקר,,,"ק""ג",1,,true,1,54.90,54.90,false,1,
756325,true,כתף טרי מוכשר ללא עצם,אדום אדום - תנובה בקר,,,"ק""ג",1,"ק""ג",true,1,79.90,79.90,true,1,
820859,true,סטייק עין אנטריקוט קפוא פריגומרק מוביל,נחמיה לחוביץ בעמ,,,"ק""ג",1,,true,1,49.90,49.90,false,1,
821009,true,אצבעות אנטריקוט קפוא,נחמיה לחוביץ בעמ,,,"ק""ג",1,,true,1,54.90,54.90,false,1,
821016,true,שוק אווז ארוז קפוא,בלדי בעמ,,,"ק""ג",1,,true,1,82.90,82.90,false,1,
907970,true,פסטרמה כפרית טירת צבי,תנובה קפואים,,,"ק""ג",1000,גרם,true,1,53,5.30,false,1,
915630,true,מגוון זיתים,א.מ.ס.ש ניהול והשקעות בעמ-קונס,,,"ק""ג",0,גרם,true,1,50,50,false,1,
976433,true,קשיו קלוי,קונסיגנציה-דין שיווק וקליה 202,,,"ק""ג",1000,גרם,true,1,95,9.50,false,1,
976457,true,גרעין אבטיח,קונסיגנציה-דין שיווק וקליה 202,,,"ק""ג",1000,גרם,true,1,59,5.90,false,1,
976471,true,גרעיני דלעת מקולפת,קונסיגנציה-דין שיווק וקליה 202,,,"ק""ג",1000,גרם,true,1,65,6.50,false,1,
976501,true,צימוק חום,קונסיגנציה-דין שיווק וקליה 202,,,"ק""ג",1000,גרם,true,1,30,3,false,1,
976532,true,אפונה קלויה,קונסיגנציה-דין שיווק וקליה 202,,,"ק""ג",1000,גרם,true,1,50,5,false,1,
976556,true,צנובר,קונסיגנציה-דין שיווק וקליה 202,,,"ק""ג",1000,גרם,true,1,199,19.90,false,1,
976594,true,פול מצרי/ אפונה קלויה,קונסיגנציה-דין שיווק וקליה 202,,,"ק""ג",1000,גרם,true,1,55,5.50,false,1,
976600,true,משמש,קונסיגנציה-דין שיווק וקליה 202,,,"ק""ג",1000,גרם,true,1,55,5.50,false,1,
976662,true,פקאן טבעי,קונסיגנציה-דין שיווק וקליה 202,,,"ק""ג",1000,גרם,true,1,135,13.50,false,1,
976716,true,תירס/ סויה,קונסיגנציה-דין שיווק וקליה 202,,,"ק""ג",1000,גרם,true,1,50,5,false,1,
976754,true,מנצ`ס,קונסיגנציה-דין שיווק וקליה 202,,,"ק""ג",1000,גרם,true,1,55,5.50,false,1,
976761,true,אגוז מלך קלוף,קונסיגנציה-דין שיווק וקליה 202,,,"ק""ג",1000,גרם,true,1,79,7.90,false,1,
976778,true,שקד מולבן משובב,קונסיגנציה-דין שיווק וקליה 202,,,"ק""ג",1000,גרם,true,1,120,12,false,1,
976785,true,קשיו מסוכר,קונסיגנציה-דין שיווק וקליה 202,,,"ק""ג",1000,גרם,true,1,85,8.50,false,1,
976808,true,בוטן קליפה קלוי,קונסיגנציה-דין שיווק וקליה 202,,,"ק""ג",1000,גרם,true,1,23,2.30,false,1,
976846,true,פיסטוק קלוף,קונסיגנציה-דין שיווק וקליה 202,,,"ק""ג",1000,גרם,true,1,199,19.90,false,1,
976860,true,שקד מולבן חצאים,קונסיגנציה-דין שיווק וקליה 202,,,"ק""ג",1000,גרם,true,1,120,12,false,1,
976884,true,פקאן סיני מסוכר,קונסיגנציה-דין שיווק וקליה 202,,,"ק""ג",1000,גרם,true,1,118,11.80,false,1,
977010,true,קבוקים,קונסיגנציה-דין שיווק וקליה 202,,,"ק""ג",1000,גרם,true,1,35,3.50,false,1,
977027,true,פיסטוק קלוי,קונסיגנציה-דין שיווק וקליה 202,,,"ק""ג",1000,גרם,true,1,97,9.70,false,1,
977089,true,קשיו טבעי,קונסיגנציה-דין שיווק וקליה 202,,,"ק""ג",1000,גרם,true,1,89,8.90,false,1,
977102,true,תערובת פיצוחים,קונסיגנציה-דין שיווק וקליה 202,,,"ק""ג",1000,גרם,true,1,95,9.50,false,1,
977324,true,בוטן מסוכר,קונסיגנציה-דין שיווק וקליה 202,,,"ק""ג",1000,גרם,true,1,45,4.50,false,1,
977454,true,גרעין שחור,קונסיגנציה-דין שיווק וקליה 202,,,"ק""ג",10,גרם,true,1,29,290,false,1,
977478,true,בוטן קלוי ענק,קונסיגנציה-דין שיווק וקליה 202,,,"ק""ג",1000,גרם,true,1,37,3.70,false,1,
977485,true,גרעין לבן,קונסיגנציה-דין שיווק וקליה 202,,,"ק""ג",1000,גרם,true,1,45,4.50,false,1,
977492,true,בונדוק טבעי,קונסיגנציה-דין שיווק וקליה 202,,,"ק""ג",1000,גרם,true,1,110,11,false,1,
977645,true,חטיף יפני,קונסיגנציה-דין שיווק וקליה 202,,,"ק""ג",1000,גרם,true,1,65,6.50,false,1,
977676,true,שקד קלוי,קונסיגנציה-דין שיווק וקליה 202,,,"ק""ג",1000,גרם,true,1,98,9.80,false,1,
977683,true,פקאן קלוף קלוי,קונסיגנציה-דין שיווק וקליה 202,,,"ק""ג",1000,גרם,true,1,150,15,false,1,
977706,true,אגוז ברזיל טבעי,קונסיגנציה-דין שיווק וקליה 202,,,"ק""ג",1000,גרם,true,1,100,10,false,1,
977751,true,צימוק ג`מבו,קונסיגנציה-דין שיווק וקליה 202,,,"ק""ג",1000,גרם,true,1,44,4.40,false,1,
977782,true,תאנים יבשות,קונסיגנציה-דין שיווק וקליה 202,,,"ק""ג",1000,גרם,true,1,49,4.90,false,1,
977799,true,שזיפים ללא גלעין,קונסיגנציה-דין שיווק וקליה 202,,,"ק""ג",1000,גרם,true,1,47,4.70,false,1,
977850,true,צימוק לבן קטן,קונסיגנציה-דין שיווק וקליה 202,,,"ק""ג",1000,גרם,true,1,37,3.70,false,1,
978024,true,בננה צ`יפס,קונסיגנציה-דין שיווק וקליה 202,,,"ק""ג",1000,גרם,true,1,35,3.50,false,1,
978321,true,מנגו מסוכר,קונסיגנציה-דין שיווק וקליה 202,,,"ק""ג",1000,גרם,true,1,40,4,false,1,
989761,true,שקד טחון,קונסיגנציה-דין שיווק וקליה 202,,,"ק""ג",1000,גרם,true,1,90,9,false,1,
989778,true,חמוציות מסוכרות,קונסיגנציה-דין שיווק וקליה 202,,,"ק""ג",1000,גרם,true,1,45,4.50,false,1,
1007246,true,מגש אקס אל 24 יח`,טמפו משקאות בעמ,,,יח`,1,,false,1,65,65,false,1,
1022085,true,גבינת פקורינו מחלב כבשים 36% שומן,ג.וילי-פוד אינטרנשיונל **גבינו,,,"ק""ג",1,גרם,true,1,110,11000,false,1,
1053577,true,שריר הזרוע מס`8 קפוא חבד,בלדי בעמ,,,"ק""ג",1,,true,1,49.90,49.90,false,1,
1121023,true,פסטרמה של פעם יחיעם,מעדני יחיעם (1993) בעמ,,,"ק""ג",1000,גרם,true,1,79,7.90,false,1,
1121146,true,פסטרמה הודו מעושנת יחיעם,מעדני יחיעם (1993) בעמ,,,"ק""ג",1000,גרם,true,1,79,7.90,true,1,
1121672,true,פסטרמה מעודנת בפפריקה 300 גר` יחיעם,מעדני יחיעם (1993) בעמ,,,יח`,300,גרם,false,1,21.90,7.30,true,1,
1209042,true,רוסטביף עגל עטרה,נטו מלינדה סחר - עטרה,,,"ק""ג",1,,true,1,59.90,59.90,false,1,
1209103,true,עוף קפוא טחון מהדרין עטרה (500 גרם),נטו מלינדה סחר - עטרה,,,יח`,500,גרם,false,1,13.90,2.78,false,1,
1230331,true,כאמל בוקס,גלוברנדס בעמ - שיווק סיגריות,,,יח`,1,,false,1,34,34,true,1,
1231932,true,וינסטון כחול בוקס,גלוברנדס בעמ - שיווק סיגריות,,,יח`,1,,false,1,33.50,33.50,true,1,
1235938,true,וינסטון כחול ארוך,גלוברנדס בעמ - שיווק סיגריות,,,יח`,1,,false,1,33.50,33.50,true,1,
1319161,true,בשר מס` 3 חזה,נחמיה לחוביץ בעמ,,,"ק""ג",1,,true,1,29.90,29.90,false,1,
1322888,true,פילה בקר קפוא,נחמיה לחוביץ בעמ,,,"ק""ג",1,גרם,true,1,159,15900,false,1,
1385159,true,קוביות לגולש טרי ארוז מוכשר,אדום אדום - תנובה בקר,,,"ק""ג",0,גרם,true,1,69.90,69.90,false,1,
1415269,true,פילסברי עוגת שמרים תפוע,קונסיגנציה ג`נרל מילס ישראל בע,,,יח`,1,,false,1,21.90,21.90,false,1,
1415276,true,פילסברי עוגת שמרים שוקולד,קונסיגנציה ג`נרל מילס ישראל בע,,,יח`,1,,false,1,21.90,21.90,false,1,
1423711,true,שניצל עגל טרי,אדום אדום - תנובה בקר,,,"ק""ג",1,,true,1,79.90,79.90,true,1,
1433521,true,טחון להמבורגר מאנטריקוט חלק,אדום אדום - תנובה בקר,,,"ק""ג",1,,true,1,59.90,59.90,true,1,
1461075,true,פילסברי חלה שמינייה,קונסיגנציה ג`נרל מילס ישראל בע,,,יח`,1,,false,1,11.90,11.90,false,1,
1461105,true,פילסברי לחם מחמצת לבן,קונסיגנציה ג`נרל מילס ישראל בע,,,יח`,1,,false,1,16.90,16.90,false,1,
1461112,true,פילסברי לחם מחמצת דגנים,קונסיגנציה ג`נרל מילס ישראל בע,,,יח`,1,,false,1,16.90,16.90,false,1,
1461860,true,פילסברי 10 פיתות,קונסיגנציה ג`נרל מילס ישראל בע,,,יח`,1,,false,1,13.90,13.90,false,1,
1461884,true,פילסברי קוקטייל בולגרית בצק חמאה,קונסיגנציה ג`נרל מילס ישראל בע,,,"ק""ג",10,"ק""ג",true,1,52,5.20,false,1,
1516065,true,חזה עוף פרוס דק דק טרי ארוז,קורניש חן (1987) בעמ,,,"ק""ג",1,,true,1,37.90,37.90,true,1,
1567043,true,פסטרמה מעודנת על גחלים יחיעם,מעדני יחיעם (1993) בעמ,,,"ק""ג",1000,גרם,true,1,49,4.90,true,1,
1664384,true,עצמות בקר טרי,אדום אדום - תנובה בקר,,,"ק""ג",1,,true,1,39.90,39.90,false,1,
1710159,true,גולש עגל קפוא,לאטי עזרא בעמ,,,"ק""ג",1,,true,1,35.90,35.90,false,1,
1710289,true,דג מקרל ארוז,בלדי בעמ,,,"ק""ג",1,,true,1,19.90,19.90,false,1,
1714676,true,קוביות לגולש טרי ארוז חלק צוואר צלעות,אדום אדום - תנובה בקר,,,"ק""ג",0,גרם,true,1,69.90,69.90,false,1,
1714898,true,בשר ראש עגל קפוא מוביל,נחמיה לחוביץ בעמ,,,"ק""ג",0,גרם,true,1,59.90,59.90,false,1,
1842751,true,צלעות טלה חלק טרי ארוז כבש,אדום אדום - תנובה בקר,,,"ק""ג",1,,true,1,149,149,false,1,
1875926,true,חזה חצוי פרימיום טרי ארוז,עוף עוז שיווק בעמ,,,"ק""ג",1,,true,1,35.90,35.90,false,1,
1989364,true,מקרל פרוס בשמן מעדניה,סלטי שמיר 2006 בעמ,,,"ק""ג",1000,גרם,true,1,119,11.90,false,1,
1989395,true,הרינג כבוש עם בצל מעדניה,סלטי שמיר 2006 בעמ,,,"ק""ג",1000,גרם,true,1,60,6,false,1,
2013006,true,פסטרמה מקסיקנית זוגלובק,זוגלובק שיווק בעמ,,,"ק""ג",1000,גרם,true,1,79,7.90,true,1,
2013037,true,פסטרמה פרגיות זוגלובק על לבנים 2% שומן ז,זוגלובק שיווק בעמ,,,"ק""ג",1000,גרם,true,1,79,7.90,true,1,
2013174,true,פסטרמה של פעם זוגלובק,זוגלובק שיווק בעמ,,,"ק""ג",1000,גרם,true,1,79,7.90,true,1,
2105572,true,צלי כתף מעובד מחפוד,עוף ירושלים שיווק בעמ,,,"ק""ג",1,,true,1,49.90,49.90,false,1,
2139645,true,שניצל עגל טרי ארוז חלק,אדום אדום - תנובה בקר,,,"ק""ג",0,"ק""ג",true,1,79.90,79.90,false,1,
2198031,true,פסט. פרגית ללחמניה,זוגלובק שיווק בעמ,,,"ק""ג",1000,גרם,true,1,79,7.90,true,1,
2198048,true,פסט. הודו בתיבול שווארמה,זוגלובק שיווק בעמ,,,"ק""ג",1000,גרם,true,1,79,7.90,true,1,
2198062,true,פסט. הודו אקסטרה מעושנת,זוגלובק שיווק בעמ,,,"ק""ג",1000,גרם,true,1,79,7.90,true,1,
2198116,true,הברזילאית מעדנייה,זוגלובק שיווק בעמ,,,"ק""ג",1000,גרם,true,1,110,11,true,1,
2206019,true,כרעיים עוף טרי ארוז,קורניש חן (1987) בעמ,,,"ק""ג",1,,true,1,25.90,25.90,true,1,
2206033,true,שוקיים עוף טרי ארוז,קורניש חן (1987) בעמ,,,"ק""ג",1,,true,1,29.90,29.90,false,1,
2206040,true,כנפיים עוף טרי ארוז,קורניש חן (1987) בעמ,,,"ק""ג",1,,true,1,12.90,12.90,true,1,
2206057,true,חזה עוף טרי שלם ארוז,קורניש חן (1987) בעמ,,,"ק""ג",1,,true,1,32.90,32.90,true,1,
2206064,true,חזה עוף פרוס טרי ארוז שניצל,קורניש חן (1987) בעמ,,,"ק""ג",1,,true,1,34.90,34.90,true,1,
2206088,true,פרגיות עוף טרי ארוז,קורניש חן (1987) בעמ,,,"ק""ג",1,,true,1,59.90,59.90,false,1,
2206101,true,סטייק פרגית ללא עור,קורניש חן (1987) בעמ,,,"ק""ג",1,,true,1,54.90,54.90,true,1,
2206118,true,כבד עוף לצליה טרי ארוז,קורניש חן (1987) בעמ,,,"ק""ג",1,,true,1,15.90,15.90,false,1,
2206125,true,לבבות עוף טרי ארוז,קורניש חן (1987) בעמ,,,"ק""ג",1,,true,1,26.90,26.90,false,1,
2206408,true,חזה הודו נקבה טרי ארוז מוביל,קורניש חן (1987) בעמ,,,"ק""ג",1,,true,1,25.90,25.90,false,1,
2206415,true,שוקיים הודו נקבה טרי ארוז מוביל,קורניש חן (1987) בעמ,,,"ק""ג",1,,true,1,25.90,25.90,false,1,
2206422,true,כנפיים הודו נקבה טרי ארוז מוביל,קורניש חן (1987) בעמ,,,"ק""ג",1,,true,1,16.90,16.90,false,1,
2206453,true,כבד הודו טרי ארוז מוביל,קורניש חן (1987) בעמ,,,"ק""ג",1,,true,1,14.90,14.90,false,1,
2206484,true,שווארמה הודו נקבה טרי ארוז מוביל,קורניש חן (1987) בעמ,,,"ק""ג",1,,true,1,59.90,59.90,false,1,
2209071,true,פילה עוף טרי ארוז,קורניש חן (1987) בעמ,,,"ק""ג",1,,true,1,34.90,34.90,false,1,
2300885,true,גבינת צ`דר אנגלי כתום משקל,א. סיימן סחר בעמ,,,"ק""ג",1000,גרם,true,1,125,12.50,false,1,
2345060,true,מאסדם הולנדי אמיתי חצי גלגל,נטו מלינדה סחר בעמ,,,"ק""ג",1000,גרם,true,1,90,9,false,1,
2370017,true,גבינת גאודה בתוספת תערובת בזיליקום ושום,ג.וילי-פוד אינטרנשיונל **גבינו,,,"ק""ג",1000,גרם,true,1,80,8,false,1,
2370123,true,גבינת עיזים רכה 29% שומן מעדניה,ג.וילי-פוד אינטרנשיונל **גבינו,,,"ק""ג",1000,גרם,true,1,80,8,false,1,
2370130,true,גבינת ברי צרפתית מעדנייה וילי פוד,ג.וילי-פוד אינטרנשיונל **גבינו,,,"ק""ג",1000,גרם,true,1,80,8,false,1,
2370284,true,גבינת קשקבל חצי קשה 31% שומן וילי פוד,ג.וילי-פוד אינטרנשיונל **גבינו,,,"ק""ג",1000,גרם,true,1,99,9.90,false,1,
2370420,true,גבינת גאודה מהולנד 30% שומן-מעדניה,ג.וילי-פוד אינטרנשיונל **גבינו,,,"ק""ג",1000,גרם,true,1,59,5.90,false,1,
2370475,true,גבינת דנהבלו בשלה עם עובש כחול 31% מעדנ,ג.וילי-פוד אינטרנשיונל **גבינו,,,"ק""ג",1000,גרם,true,1,55,5.50,false,1,
2370529,true,גבינת שמנת למעדניה 30%,ג.וילי-פוד אינטרנשיונל **גבינו,,,"ק""ג",1000,גרם,true,1,39.90,3.99,false,1,
2370994,true,גבינת גאודה עם פטריות כמהין,ג.וילי-פוד אינטרנשיונל **גבינו,,,"ק""ג",1000,גרם,true,1,110,11,false,1,
2371571,true,פסטרמה פרגיות טירת צבי,תנובה קפואים,,,"ק""ג",1000,גרם,true,1,80,8,true,1,
2385127,true,לאבנה שמן זית מעדנייה גד,מחלבות גד שיווק 1992 בעמ,,,"ק""ג",1000,גרם,true,1,41,4.10,false,1,
2385486,true,שמנות 30% טעמים מהדרין מעדנייה גד,מחלבות גד שיווק 1992 בעמ,,,"ק""ג",1000,גרם,true,1,45,4.50,false,1,
2385608,true,לבאנה 5% מעדנייה גד,מחלבות גד שיווק 1992 בעמ,,,"ק""ג",1000,גרם,true,1,40,4,false,1,
2403517,true,חזה אווז ארוז קפוא,בלדי בעמ,,,"ק""ג",1,"ק""ג",true,1,179,179,false,1,
2410874,true,רבעי פרגיות ממולא,לאטי עזרא בעמ,,,"ק""ג",1,,true,1,49.80,49.80,false,1,
2447016,true,שפיץ צאך/ פיקניה/ רוסביף ארוז טרי,אדום אדום - תנובה בקר,,,"ק""ג",0,"ק""ג",true,1,129,129,false,1,
2447405,true,צוואר ללא עצם מוכשר טרי מ,אדום אדום - תנובה בקר,,,"ק""ג",1,,true,1,54.90,54.90,true,1,
2447498,true,ויסברטן עגל טרי מוכשר,אדום אדום - תנובה בקר,,,"ק""ג",1,"ק""ג",true,1,79.90,79.90,true,1,
2447573,true,שייטל עגל טרי מוכשר,אדום אדום - תנובה בקר,,,"ק""ג",1,,true,1,89.90,89.90,false,1,
2447924,true,קיט נתחים לקצב טחון מוכשר,אדום אדום - תנובה בקר,,,"ק""ג",1,,true,1,44.90,44.90,true,1,
2461098,true,נילוס פרוס,גול סחר בעמ,,,"ק""ג",1,,true,1,44.90,44.90,false,1,
2461494,true,טונה שלם גוש בלי,גול סחר בעמ,,,"ק""ג",1,,true,1,39.90,39.90,false,1,
2519409,true,צוואר ללא עצם חלק טרי מו,אדום אדום - תנובה בקר,,,"ק""ג",1,,true,1,59.90,59.90,true,1,
2519461,true,אסאדו טרי חלק,אדום אדום - תנובה בקר,,,"ק""ג",0,"ק""ג",true,1,59.90,59.90,false,1,
2519546,true,אנטריקוט עגל טרי חלק ללא עצם סטייק,אדום אדום - תנובה בקר,,,"ק""ג",1,"ק""ג",true,1,149,149,false,1,
2519607,true,קיט נתחים לקצב טחון חלק,אדום אדום - תנובה בקר,,,"ק""ג",1,,true,1,49.90,49.90,true,1,
2519980,true,צלעות ללא עצם חלק טרי מוב,אדום אדום - תנובה בקר,,,"ק""ג",1,,true,1,59.90,59.90,false,1,
2596448,true,חזה בקר כבוש(קורנדביף),לאטי עזרא בעמ,,,"ק""ג",1,,true,1,35.90,35.90,false,1,
2596523,true,סטייק אנטריקוט משובח בואקום,לאטי עזרא בעמ,,,"ק""ג",1,,true,1,78.90,78.90,false,1,
2608127,true,פילסברי בייגל רומני,קונסיגנציה ג`נרל מילס ישראל בע,,,יח`,1,,false,1,4.50,4.50,false,1,
2608363,true,פילסברי לחמניות המבורגר רביעייה,קונסיגנציה ג`נרל מילס ישראל בע,,,יח`,1,,false,1,13.90,13.90,false,1,
2608509,true,פילסברי לחם מחמצת זיתי קלמנטה,קונסיגנציה ג`נרל מילס ישראל בע,,,יח`,1,,false,1,16.90,16.90,false,1,
2608516,true,פילסברי לחם מחמצת מקמח מלא,קונסיגנציה ג`נרל מילס ישראל בע,,,יח`,1,,false,1,16.90,16.90,false,1,
2608578,true,פילסברי מקל פילו קרם פטיסייר,קונסיגנציה ג`נרל מילס ישראל בע,,,"ק""ג",10,"ק""ג",true,1,42,4.20,false,1,
2750130,true,פילסברי חליות,קונסיגנציה ג`נרל מילס ישראל בע,,,יח`,1,,false,1,12.90,12.90,false,1,
2750154,true,פילסברי לחמניות יאמיס שישייה,קונסיגנציה ג`נרל מילס ישראל בע,,,יח`,1,,false,1,13.90,13.90,false,1,
2750178,true,פילסברי ג`בטה כפרית,קונסיגנציה ג`נרל מילס ישראל בע,,,יח`,1,,false,1,4.50,4.50,false,1,
2750406,true,סופגניה פילסברי,קונסיגנציה ג`נרל מילס ישראל בע,,,יח`,1,,false,1,3.90,3.90,false,1,
2750963,true,פילסברי בגט רוסטיק,קונסיגנציה ג`נרל מילס ישראל בע,,,יח`,1,,false,1,7.90,7.90,false,1,
2750987,true,פילסברי חלה קלועה מתוקה,קונסיגנציה ג`נרל מילס ישראל בע,,,יח`,1,,false,1,11.90,11.90,false,1,
2757535,true,בורקס פילו אצבעות גבינה 700 שלושת האופים,נטו מלינדה סחר בעמ,,,יח`,700,גרם,false,1,19.90,2.84,true,1,
2900320,true,קצוות פריסה נקניק טירת צבי,תנובה קפואים,,,"ק""ג",1000,גרם,true,1,15,1.50,false,1,
2900436,true,פסטרמה איטלקית טירת צבי,תנובה קפואים,,,"ק""ג",1000,גרם,true,1,80,8,true,1,
2919612,true,אסאדו עגל קפוא 9 גלם מוביל קשתית,נחמיה לחוביץ בעמ,,,"ק""ג",1,,true,1,43.90,43.90,false,1,
2927518,true,טבעות פילה עגל קפוא חלק זוהר,זהר בשר עופות ובשר בעמ,,,"ק""ג",0,גרם,true,1,38.90,38.90,false,1,
2929130,true,דנאבלו גבינה+עובש משקל,נטו מלינדה סחר בעמ,,,"ק""ג",1000,גרם,true,1,110,11,false,1,
2939498,true,מס 8 שריר עטרה לא מעובד,נטו מלינדה סחר - עטרה,,,"ק""ג",1,,true,1,52.90,52.90,false,1,
3001620,true,בשר מס` 2 צלעות,נחמיה לחוביץ בעמ,,,"ק""ג",1,,true,1,29.90,29.90,false,1,
3006120,true,טאמפס שכונתי- פלפל ממולא בגבינה,הגבינות של ניצן,,,"ק""ג",1000,גרם,true,1,149,14.90,false,1,
3163847,true,בשר מס` 4 כתף בקר .,נחמיה לחוביץ בעמ,,,"ק""ג",1,,true,1,29.90,29.90,false,1,
3272006,true,מקלוני סויה,קונסיגנציה-דין שיווק וקליה 202,,,"ק""ג",1000,גרם,true,1,80,8,false,1,
3272273,true,חמוציות ללתס,קונסיגנציה-דין שיווק וקליה 202,,,"ק""ג",1000,גרם,true,1,89,8.90,false,1,
3423909,true,חטיף שוקולד לבן עם שברי עוגיות הרשי 43 ג,ליימן שליסל בעמ,,,יח`,1,,false,1,4.90,4.90,false,1,
3444009,true,חטיף שוקולד חלב עם חמאת בוטנים הרשי 42 ג,ליימן שליסל בעמ,,,יח`,1,,false,1,3.90,3.90,false,1,
3561025,true,בייגל רול דגנים בונז`ור,קבוצת אסם סחר שות. מוגבלת,,,יח`,1,,false,1,4.20,4.20,false,1,
3561032,true,בייגל רול בונז`ור,קבוצת אסם סחר שות. מוגבלת,,,יח`,1,,false,1,4.20,4.20,false,1,
3571154,true,סטייק טונה בוואקום מוביל,נ.ת.נ.ג.ב החזקות יעוץ וניהול ב,,,"ק""ג",1,,true,1,49.90,49.90,false,1,
3578085,true,גבינת מוצרלה 21% מעדניה,ג.וילי-פוד אינטרנשיונל **גבינו,,,"ק""ג",1000,גרם,true,1,52,5.20,false,1,
3593163,true,בשר מס 6 בדץ נווה ציון אשפר מוביל פילה,בלדי בעמ,,,"ק""ג",1,,true,1,39.90,39.90,false,1,
3593170,true,בשר מס 5 בדץ נווה ציון צלי כתף קפוא,ישראל פלדמן בעמ,,,"ק""ג",1,,true,1,94.90,94.90,false,1,
3593187,true,בשר מס 2 בדץ נווה ציון צלעות קפוא,ישראל פלדמן בעמ,,,"ק""ג",1,,true,1,39.90,39.90,false,1,
3632367,true,פילה ברבוניה,נ.ת.נ.ג.ב החזקות יעוץ וניהול ב,,,יח`,400,גרם,false,1,19.90,4.98,false,1,
3632404,true,פילה מרלוזה ארגנטיני ללא עור מוביל,בלדי בעמ,,,"ק""ג",1,,true,1,32.90,32.90,false,1,
3648306,true,מקרל מעושן מעדנייה סלטי שמיר,סלטי שמיר 2006 בעמ,,,"ק""ג",1000,גרם,true,1,89,8.90,false,1,
3796021,true,רצועות לטחינה /בשר לחמין קפוא,נחמיה לחוביץ בעמ,,,"ק""ג",1,,true,1,19.90,19.90,false,1,
3893843,true,פילה מושט ללא עור,בלו פיש גורמה סולושנס בעמ,,,"ק""ג",1,,true,1,29.90,29.90,false,1,
4026448,true,פילסברי בורקיטס בולגרית,קונסיגנציה ג`נרל מילס ישראל בע,,,"ק""ג",10,"ק""ג",true,1,42,4.20,false,1,
4033736,true,לחם עננים בסגנון בריוש 500 גר`,י.את א. ברמן בעמ,,,יח`,500,גרם,false,1,13.90,2.78,false,1,
4043108,true,מ@מס שוקו 89 גר`,מרס ריגלי ישראל בעמ,,,יח`,89,גרם,false,1,5.90,6.63,false,1,
4043205,true,מ@מס פיאנטס,מרס ריגלי ישראל בעמ,,,יח`,92.70,גרם,false,1,5.90,6.36,false,1,
4068394,true,קממבר בקר גלגל גד מעדנייה,מחלבות גד שיווק 1992 בעמ,,,"ק""ג",1000,גרם,true,1,92,9.20,false,1,
4122607,true,עמק לייט 9% חריץ מעדניה צהובה,תנובה - חלב,,,"ק""ג",1000,גרם,true,1,75,7.50,false,1,
4128401,true,פטה פיראוס 20%,תנובה - חלב,,,"ק""ג",1000,גרם,true,1,105,10.50,false,1,
4135324,true,פיראוס בולגרית 5% מעודנת,תנובה - חלב,,,"ק""ג",1000,גרם,true,1,43,4.30,false,1,
4136291,true,צפתית/מעודנת 5%,תנובה - חלב,,,"ק""ג",1000,גרם,true,1,51,5.10,false,1,
4136833,true,בולגרית פיראוס %16למעדניה,תנובה - חלב,,,"ק""ג",1000,גרם,true,1,58,5.80,false,1,
4194178,true,מחפוד-עוף קפוא מס`1,עוף ירושלים שיווק בעמ,,,"ק""ג",1,,true,1,24.90,24.90,false,1,
4194239,true,מחפוד-חזה עוף קפוא,עוף ירושלים שיווק בעמ,,,"ק""ג",1,,true,1,31.90,31.90,false,1,
4194536,true,מחפוד חזה עוף טרי ארוז,קורניש חן (1987) בעמ,,,"ק""ג",1,,true,1,33.90,33.90,true,1,
4194543,true,מחפוד כרעיים עוף טרי ארוז,קורניש חן (1987) בעמ,,,"ק""ג",1,,true,1,33.90,33.90,true,1,
4194550,true,מחפוד כנפיים עוף טרי ארוז,קורניש חן (1987) בעמ,,,"ק""ג",1,,true,1,13.90,13.90,false,1,
4239107,true,צלעות אונטריפ טרי כשר,הקבוצה הירושלמית ליצור ושווק ב,,,"ק""ג",1,,true,1,79.90,79.90,false,1,
4239909,true,אצבעות אנטריקוט טרי כשר,הקבוצה הירושלמית ליצור ושווק ב,,,"ק""ג",1,,true,1,59.90,59.90,false,1,
4256197,true,גאודה עיזים הולנדית,נטו מלינדה סחר בעמ,,,"ק""ג",1000,גרם,true,1,120,12,false,1,
4649159,true,בשר מס` 5 צלי כתף חלק מוביל,נחמיה לחוביץ בעמ,,,"ק""ג",1,,true,1,59.90,59.90,false,1,
4725426,true,עמק פיקוח 28% חריץ צהובה,תנובה - חלב,,,"ק""ג",1000,גרם,true,1,44.79,4.48,false,1,
4725846,true,חריץ גאודה קולקשן תנובה,תנובה - חלב,,,"ק""ג",1000,גרם,true,1,76,7.60,false,1,
4751001,true,סופגניה אריאל עם ריבה,מאפיית אריאל בעמ,,,יח`,1,,false,1,2.90,2.90,true,1,
4751002,true,סופגניה אריאל ללא ריבה,מאפיית אריאל בעמ,,,יח`,1,,false,1,2.90,2.90,true,1,
4751003,true,מיני סופגניה אריאל עם ריבה,מאפיית אריאל בעמ,,,יח`,1,,false,1,1.90,1.90,true,1,
4751004,true,מיני סופגניה אריאל ללא ריבה,מאפיית אריאל בעמ,,,יח`,1,,false,1,1.90,1.90,true,1,
4859954,true,כנפיים עוף קפוא מוביל,קורניש חן (1987) בעמ,,,"ק""ג",1,,true,1,9.90,9.90,false,1,
5041198,true,קבב ביתי קפוא מעדני הטלה (1 קג),לאטי עזרא בעמ,,,יח`,1,"ק""ג",false,1,44.90,44.90,false,1,
5079412,true,גבנצ חריץ אמנטל נעם מעדנייה,החב` המרכזית - טרה,,,"ק""ג",1000,גרם,true,1,72,7.20,false,1,
5358005,true,נסיכת הנילוס שלם,גול סחר בעמ,,,"ק""ג",1,,true,1,29.90,29.90,false,1,
5384295,true,גבינה חצי קשה גאודה 28%,ג.וילי-פוד אינטרנשיונל בעמ,,,"ק""ג",1000,גרם,true,1,47,4.70,false,1,
5384899,true,גבינת פטינה 21% מעדניה,ג.וילי-פוד אינטרנשיונל **גבינו,,,"ק""ג",1000,גרם,true,1,27,2.70,false,1,
5387227,true,בשר מס 8 שריר זרוע,נחמיה לחוביץ בעמ,,,"ק""ג",1,,true,1,29.90,29.90,false,1,
5719158,true,פילסברי בייגל סימיט,קונסיגנציה ג`נרל מילס ישראל בע,,,יח`,1,,false,1,4.50,4.50,false,1,
5992247,true,חלומי 24% מעדנייה גד,מחלבות גד שיווק 1992 בעמ,,,"ק""ג",1000,גרם,true,1,95,9.50,false,1,
5992858,true,פטה עיזים 5%-20% גד מעדניה,מחלבות גד שיווק 1992 בעמ,,,"ק""ג",1000,גרם,true,1,110,11,false,1,
6010032,true,מצוני 5 ליטר יבנה,גבינות הכפר בעמ,,,"ק""ג",1000,גרם,true,1,10,1,false,1,
6040619,true,גבינת טבורוג 5% יבנה,גבינות הכפר בעמ,,,"ק""ג",1000,גרם,true,1,22,2.20,false,1,
6041043,true,גבינת צימוקים יבנה,גבינות הכפר בעמ,,,"ק""ג",1000,גרם,true,1,23,2.30,false,1,
6131188,true,פילה סלמון,נ.ת.נ.ג.ב החזקות יעוץ וניהול ב,,,"ק""ג",1,,true,1,69.90,69.90,false,1,
6131539,true,פילה לברק(בס)מוביל,ישראל פלדמן בעמ,,,"ק""ג",0,"ק""ג",true,1,42.90,42.90,false,1,
6131706,true,פילה אמנון (מושט) קפוא,נ.ת.נ.ג.ב החזקות יעוץ וניהול ב,,,"ק""ג",1,,true,1,24.90,24.90,false,1,
6131829,true,פילה סלמון מנות,נ.ת.נ.ג.ב החזקות יעוץ וניהול ב,,,"ק""ג",1,,true,1,79.90,79.90,false,1,
6131935,true,טונה פרוס בוואקום,נ.ת.נ.ג.ב החזקות יעוץ וניהול ב,,,"ק""ג",1,,true,1,39.90,39.90,false,1,
6222497,true,פקאן מצופה בטעמים,קונסיגנציה-דין שיווק וקליה 202,,,"ק""ג",1000,גרם,true,1,99,9.90,false,1,
6464811,true,בשר מס` 6 פילה מדומה,נחמיה לחוביץ בעמ,,,"ק""ג",1,,true,1,34.90,34.90,false,1,
6464828,true,בשר מס` 8 שריר,ישראל פלדמן בעמ,,,"ק""ג",1,,true,1,29.90,29.90,false,1,
6511010,true,פרמז`נו במשקל,ג.וילי-פוד אינטרנשיונל **גבינו,,,"ק""ג",1000,גרם,true,1,100,10,false,1,
6632111,true,ביצי דג זהבון קפוא 250 גר`,דגי מהדרין בעמ,,,יח`,250,גרם,false,1,25.90,10.36,false,1,
6707079,true,כרעיים עוף קפוא,עוף עוז שיווק בעמ,,,"ק""ג",1,,true,1,25.90,25.90,false,1,
6714213,true,בשר צלי כתף מס 5 מוכשר מוביל,נחמיה לחוביץ בעמ,,,"ק""ג",1,,true,1,59.90,59.90,false,1,
6714428,true,רגל עגל פרוס מוכשר מוביל,לאטי עזרא בעמ,,,"ק""ג",1,,true,1,32.90,32.90,false,1,
6714824,true,עצמות עגל ארוז,לאטי עזרא בעמ,,,"ק""ג",1,,true,1,16.90,16.90,false,1,
6728265,true,צלעות ללא עצם מוכשר טרי מ,אדום אדום - תנובה בקר,,,"ק""ג",1,,true,1,54.90,54.90,false,1,
6728418,true,דנבר סטייק עגלה טרי פרמיום מוכשר,אדום אדום - תנובה בקר,,,"ק""ג",1,,true,1,119,119,false,1,
6728555,true,אונטריב עגלה טרי פרימיום מוכשר,אדום אדום - תנובה בקר,,,"ק""ג",1,,true,1,75.90,75.90,false,1,
6728616,true,אנטריקוט עם עצם עגלה טרי פרמיום מוכשר,אדום אדום - תנובה בקר,,,"ק""ג",1,,true,1,139,139,false,1,
6728692,true,פריים ריב עגלה טרי פרמיום מוכשר,אדום אדום - תנובה בקר,,,"ק""ג",1,,true,1,149,149,false,1,
6739247,true,פסט. איטלקית זוגלובק,זוגלובק שיווק בעמ,,,"ק""ג",1000,גרם,true,1,79,7.90,true,1,
6739810,true,לשון בקר מוביל חלק קפוא,נחמיה לחוביץ בעמ,,,"ק""ג",1,,true,1,39.90,39.90,false,1,
6765871,true,שקד טבעי במשקל,קונסיגנציה-דין שיווק וקליה 202,,,"ק""ג",1000,גרם,true,1,89,8.90,false,1,
6804051,true,פילסברי בורקס גבינה,קונסיגנציה ג`נרל מילס ישראל בע,,,"ק""ג",10,"ק""ג",true,1,42,4.20,false,1,
6804068,true,פילסברי בורקס תפוא,קונסיגנציה ג`נרל מילס ישראל בע,,,"ק""ג",10,"ק""ג",true,1,42,4.20,false,1,
6804082,true,פילסברי ביס שוקולד,קונסיגנציה ג`נרל מילס ישראל בע,,,"ק""ג",10,"ק""ג",true,1,42,4.20,false,1,
6804099,true,פילסברי גביניות,קונסיגנציה ג`נרל מילס ישראל בע,,,"ק""ג",10,"ק""ג",true,1,42,4.20,false,1,
6804136,true,פילסברי קרואסון,קונסיגנציה ג`נרל מילס ישראל בע,,,"ק""ג",10,"ק""ג",true,1,42,4.20,false,1,
6804143,true,פילסברי רוגעלך,קונסיגנציה ג`נרל מילס ישראל בע,,,"ק""ג",10,"ק""ג",true,1,42,4.20,false,1,
6804174,true,פילסבורי שנק קינמון,קונסיגנציה ג`נרל מילס ישראל בע,,,"ק""ג",1000,גרם,true,1,42,4.20,false,1,
6804785,true,פילסברי עוגת שמרים גבינה,קונסיגנציה ג`נרל מילס ישראל בע,,,יח`,1,,false,1,21.90,21.90,false,1,
6805362,true,חצי בגט פילסברי,קונסיגנציה ג`נרל מילס ישראל בע,,,יח`,1,,false,1,3.20,3.20,false,1,
6805379,true,פילסברי שליש בגט לבן,קונסיגנציה ג`נרל מילס ישראל בע,,,יח`,1,,false,1,2.50,2.50,false,1,
6805386,true,פילסברי שליש בגט כפרי,קונסיגנציה ג`נרל מילס ישראל בע,,,יח`,1,,false,1,2.50,2.50,false,1,
8169325,true,בשר מס`2 תפארת אנש,מרכז הבשר (2001) ירושלים בעמ,,,"ק""ג",1,,true,1,49.90,49.90,false,1,
8175760,true,גבינת מנצ`גו(חלב כבשים),ג.וילי-פוד אינטרנשיונל **גבינו,,,"ק""ג",1000,גרם,true,1,89,8.90,false,1,
8175777,true,איבריקו ויליפוד,ג.וילי-פוד אינטרנשיונל **גבינו,,,"ק""ג",1000,גרם,true,1,80,8,false,1,
8175906,true,גאודה מחלב עיזים חצי קשה 32%,ג.וילי-פוד אינטרנשיונל **גבינו,,,"ק""ג",1000,גרם,true,1,99,9.90,false,1,
8298346,true,טחול ממולא קפוא מוביל,לוגסי מ.ס. מוצרי בשר בעמ-שיק ל,,,"ק""ג",0,"ק""ג",true,1,79.90,79.90,false,1,
8298773,true,טחולית כשר,לוגסי מ.ס. מוצרי בשר בעמ-שיק ל,,,"ק""ג",0,"ק""ג",true,1,79.90,79.90,false,1,
8403191,true,גבינת קשקבל צאן בשלה משקל,א. סיימן סחר בעמ,,,"ק""ג",1000,גרם,true,1,110,11,false,1,
8403900,true,גאודה עגבניות וזיתים-מעדנייה,א. סיימן סחר בעמ,,,"ק""ג",1000,גרם,true,1,119,11.90,false,1,
8403917,true,גאודה פסטו ירוק-מעדנייה,א. סיימן סחר בעמ,,,"ק""ג",1000,גרם,true,1,139,13.90,false,1,
8461047,true,סיימן ברי לה רוסטיק מעדנייה,א. סיימן סחר בעמ,,,"ק""ג",1000,גרם,true,1,147,14.70,false,1,
8500128,true,פילסברי עוגות שמרים מאפית,קונסיגנציה ג`נרל מילס ישראל בע,,,יח`,1,,false,1,25.90,25.90,false,1,
8577267,true,עוף טרי שלם ארוז,קורניש חן (1987) בעמ,,,"ק""ג",1,,true,1,19.90,19.90,false,1,
8830676,true,תערובת מן הטבע,קונסיגנציה-דין שיווק וקליה 202,,,יח`,1,,false,1,5,5,false,1,
8899055,true,פילסברי עוגיות אוזניים,קונסיגנציה ג`נרל מילס ישראל בע,,,"ק""ג",10,"ק""ג",true,1,42,4.20,false,1,
8899093,true,פילסברי לחם איטלקי רגיל,קונסיגנציה ג`נרל מילס ישראל בע,,,יח`,1,,false,1,7.90,7.90,false,1,
8899345,true,פילסברי לחמניית שמינייה קלועה,קונסיגנציה ג`נרל מילס ישראל בע,,,יח`,1,,false,1,4.20,4.20,false,1,
8899505,true,בגט לבן פילסברי,קונסיגנציה ג`נרל מילס ישראל בע,,,יח`,1,,false,1,4.90,4.90,false,1,
8899512,true,פילסברי בגט כפרי,קונסיגנציה ג`נרל מילס ישראל בע,,,יח`,1,,false,1,4.90,4.90,false,1,
8899628,true,פילסברי בורקס תורכי תפוא,קונסיגנציה ג`נרל מילס ישראל בע,,,"ק""ג",1,,true,1,42,42,false,1,
8899642,true,פילסברי בורקס תורכי פטריות,קונסיגנציה ג`נרל מילס ישראל בע,,,"ק""ג",1,,true,1,42,42,false,1,
8899772,true,פילסברי קוקיס שוקו שוקו,קונסיגנציה ג`נרל מילס ישראל בע,,,"ק""ג",1,,true,1,52,52,false,1,
9068955,true,חמניות קלופות,קונסיגנציה-דין שיווק וקליה 202,,,"ק""ג",1000,גרם,true,1,45,4.50,false,1,
9069174,true,שקד מסוכר במשקל,קונסיגנציה-דין שיווק וקליה 202,,,"ק""ג",1000,גרם,true,1,90,9,false,1,
9069990,true,תערובת הבית תפזורת,קונסיגנציה-דין שיווק וקליה 202,,,"ק""ג",1000,גרם,true,1,100,10,false,1,
9077490,true,זית מרוקאי,קונסיגנציה-דין שיווק וקליה 202,,,"ק""ג",1000,גרם,true,1,44,4.40,false,1,
9077575,true,זיתים,קונסיגנציה-דין שיווק וקליה 202,,,"ק""ג",1000,גרם,true,1,44,4.40,false,1,
9077650,true,זית יווני,קונסיגנציה-דין שיווק וקליה 202,,,"ק""ג",1000,גרם,true,1,59,5.90,false,1,
9077667,true,מלפפון/ ירקות,קונסיגנציה-דין שיווק וקליה 202,,,"ק""ג",1000,גרם,true,1,30,3,false,1,
9090017,true,תבלין,קונסיגנציה-דין שיווק וקליה 202,,,"ק""ג",1000,גרם,true,1,100,10,false,1,
9099461,true,פפריקה במשקל,קונסיגנציה-דין שיווק וקליה 202,,,"ק""ג",1000,גרם,true,1,65,6.50,false,1,
9951387,true,לוקום ממולא,קונסיגנציה-דין שיווק וקליה 202,,,"ק""ג",1000,גרם,true,1,85,8.50,false,1,
9951400,true,סוכריות גומי,קונסיגנציה-דין שיווק וקליה 202,,,"ק""ג",1000,גרם,true,1,45,4.50,false,1,
9951417,true,ליקריץ,קונסיגנציה-דין שיווק וקליה 202,,,"ק""ג",1000,גרם,true,1,59,5.90,false,1,
9951424,true,פרלינים,קונסיגנציה-דין שיווק וקליה 202,,,"ק""ג",1000,גרם,true,1,89,8.90,false,1,
9951448,true,תבלינים קבוצה 1,קונסיגנציה-דין שיווק וקליה 202,,,"ק""ג",1000,גרם,true,1,70,7,false,1,
9951455,true,תבלינים קבוצה 2,קונסיגנציה-דין שיווק וקליה 202,,,"ק""ג",1000,גרם,true,1,74,7.40,false,1,
9951561,true,סוכריות קשות,קונסיגנציה-דין שיווק וקליה 202,,,"ק""ג",0,גרם,true,1,40,40,false,1,
32147230,true,מיץ לימון 200 מל,דנשר (1963) בעמ,,,יח`,200,"מ""ל",false,1,8.90,4.45,false,1,
54051140,true,מעדן סויה בטעם וניל אלפרו (125x4 גרם),שטראוס גרופ בעמ,,,יח`,500,גרם,false,1,15.90,3.18,false,1,
54051157,true,מעדן סויה בטעם שוקולד אלפרו (125x4 גרם),שטראוס גרופ בעמ,,,יח`,500,גרם,false,1,15.90,3.18,false,1,
59068907,true,פאל מאל כול דמי סלימס,גלוברנדס בעמ - שיווק סיגריות,,,יח`,1,,false,1,29,29,true,1,
59068914,true,פאל מאל סילבר דמי סלימס בודד,גלוברנדס בעמ - שיווק סיגריות,,,יח`,1,,false,1,29,29,true,1,
72940754,true,מילקי וניל,שטראוס גרופ בעמ/מצונן,,,יח`,130,"מ""ל",false,1,2.80,2.15,false,1,
72940761,true,מילקי שוקו,שטראוס גרופ בעמ/מצונן,,,יח`,130,"מ""ל",false,1,2.90,2.23,false,1,
72940952,true,מילקי פי 2 קצפת,שטראוס גרופ בעמ/מצונן,,,יח`,170,"מ""ל",false,1,3.90,2.29,false,1,
72940976,true,כרוב אדום 250,שטראוס גרופ בעמ/מצונן,,,יח`,250,גרם,false,1,8.90,3.56,false,1,
72940983,true,חומוס אחלה 250 גר,שטראוס גרופ בעמ/מצונן,,,יח`,250,גרם,false,1,6.90,2.76,false,1,
72941041,true,מילקי מיני שוקולד,שטראוס גרופ בעמ/מצונן,,,יח`,130,"מ""ל",false,1,2,1.54,false,1,
72945308,true,שמרים טריים קובייה שמרית (50 גרם),שטראוס גרופ בעמ/מצונן,,,יח`,50,גרם,false,1,3.50,7,false,1,
72961506,true,יוגורט עם תות 1.5% פרילי (125 גרם),תנובה - חלב,,,יח`,125,"מ""ל",false,1,3.50,2.80,false,1,
72961520,true,יוגורט עם אננס 1.5% פרילי (125 גרם),תנובה - חלב,,,יח`,125,"מ""ל",false,1,3.50,2.80,false,1,
72961544,true,יוגורט בטעם תות שדה 3% באדי (125 גרם),תנובה - חלב,,,יח`,125,"מ""ל",false,1,3,2.40,false,1,
72983997,true,גולף גולד 100 קופסא קשיחה,דובק בעמ,,,יח`,1,,false,1,35,35,true,1,
72984000,true,גולף סילבר 100 קופסא קשיחה,דובק בעמ,,,יח`,1,,false,1,35,35,true,1,
72986233,true,מעדן חלב בטעם וניל באדי (125 גרם),תנובה - חלב,,,יח`,125,"מ""ל",false,1,2.90,2.32,false,1,
72986240,true,מעדן חלב בטעם שוקולד באדי (125 גרם),תנובה - חלב,,,יח`,125,"מ""ל",false,1,2.90,2.32,false,1,
72986370,true,גלידת פיינטים וניל צרפתי בן אנד גריס,מוצרי איכות אמריקאיים בעמ,,,יח`,420,"מ""ל",false,1,19.90,4.74,true,1,
72986424,true,גלידת פיינטים קרם עוגיות,מוצרי איכות אמריקאיים בעמ,,,יח`,420,"מ""ל",false,1,19.90,4.74,true,1,
72986448,true,גלידת פיינטים טופי קרנץ,מוצרי איכות אמריקאיים בעמ,,,יח`,420,"מ""ל",false,1,19.90,4.74,true,1,
72986455,true,גלידת פיינטים ניו-יורק סופר,מוצרי איכות אמריקאיים בעמ,,,יח`,420,"מ""ל",false,1,19.90,4.74,true,1,
72986479,true,גלידת פיינטים צאנקי מנקי,מוצרי איכות אמריקאיים בעמ,,,יח`,420,"מ""ל",false,1,19.90,4.74,true,1,
72989425,true,גלידת פיינטים שוקולד בראוניס,מוצרי איכות אמריקאיים בעמ,,,יח`,420,"מ""ל",false,1,19.90,4.74,true,1,
72991374,true,טיים רד,דובק בעמ,,,יח`,1,,false,1,32.50,32.50,true,1,
72991381,true,טיים 100 ארוך בודד,דובק בעמ,,,יח`,1,,false,1,28,28,false,1,
72991497,true,נובלס פילטר,דובק בעמ,,,יח`,1,,false,1,32.50,32.50,true,1,
72991527,true,מוסטנג רד,דובק בעמ,,,יח`,1,,false,1,29,29,true,1,
72991886,true,גלידת פיינטים בן אנד גריס פיינט 500 מל,מוצרי איכות אמריקאיים בעמ,,,יח`,500,"מ""ל",false,1,19.90,3.98,true,1,
72993637,true,דני שוקולד בודד,שטראוס גרופ בעמ/מצונן,,,יח`,125,"מ""ל",false,1,2.60,2.08,false,1,
76136184,true,פאל מאל סופר סלים כחול,גלוברנדס בעמ - שיווק סיגריות,,,יח`,1,,false,1,30,30,true,1,
80052760,true,בואנו קינדר בודד,פרימיום-חברה לדברי מתיקה ולמסח,,,יח`,1,,false,1,3.90,3.90,false,1,
80136194,true,חטיף היפו אגוזי לוז 5 יח,פרימיום-חברה לדברי מתיקה ולמסח,,,יח`,90,גרם,false,1,11.90,13.22,false,1,
80176800,true,ממרח אגוזי לוז נוטלה (750 גרם),פרימיום-חברה לדברי מתיקה ולמסח,,,יח`,750,גרם,false,1,24.90,3.32,false,1,
80177173,true,ממרח אגוזי לוז נוטלה (350 גרם),פרימיום-חברה לדברי מתיקה ולמסח,,,יח`,350,גרם,false,1,14.90,4.26,false,1,
80177616,true,אצבעות שוקולד קינדר (8 יח`- 100 גרם),פרימיום-חברה לדברי מתיקה ולמסח,,,יח`,1,,false,1,7.90,7.90,false,1,
80310167,true,קינדר מקסי שישיה,פרימיום-חברה לדברי מתיקה ולמסח,,,יח`,125,גרם,false,1,9.90,7.92,true,1,
80761761,true,קינדר בואנו לבן בודד 0.43 גר`,פרימיום-חברה לדברי מתיקה ולמסח,,,יח`,43,גרם,false,1,3.90,9.07,false,1,
80769545,true,מסטיק מנטוס פיור פרש בטעם לימון ללס 60,ליימן שליסל בעמ,,,יח`,60,גרם,false,1,9.90,16.50,true,1,
80773429,true,מסטיק מנטוס פיור פרש בטעם תות ללס 60 גר,ליימן שליסל בעמ,,,יח`,60,גרם,false,1,9.90,16.50,true,1,
80773443,true,מסטיק מנטוס בטעם מנטה עדין ללס,ליימן שליסל בעמ,,,יח`,60,גרם,false,1,9.90,16.50,true,1,
80776307,true,מסטיק מנטוס ביג בטעם פירות-מנטה ללס 90,ליימן שליסל בעמ,,,יח`,1,,false,1,16.90,16.90,false,1,
80790990,true,מסטיק מנטוס טעם פירות מנטה ללס,ליימן שליסל בעמ,,,יח`,60,גרם,false,1,9.90,16.50,true,1,
80794233,true,מסטיק מנטוס ביג בטעם מנטה ללס 90 גר`,ליימן שליסל בעמ,,,יח`,1,,false,1,16.90,16.90,false,1,
80804697,true,מסטיק מנטוס וויט ביג טעם מנטה מתוקה ללס,ליימן שליסל בעמ,,,יח`,105,גרם,false,1,16.90,16.10,false,1,
80832560,true,סוכריות מנטוס פירות יער ללס,ליימן שליסל בעמ,,,יח`,21,גרם,false,1,6.90,32.86,false,1,
80843184,true,מסטיק מנטוס טעם ענבים ללס 60 גר,ליימן שליסל בעמ,,,יח`,60,גרם,false,1,9.90,16.50,true,1,
80850885,true,מסטיק מנטוס וויט מנטה עדינה ללס,ליימן שליסל בעמ,,,יח`,1,,false,1,9.90,9.90,false,1,
80854753,true,סוכריות מנטוס מנטה ללס,ליימן שליסל בעמ,,,יח`,1,,false,1,6.90,6.90,false,1,
80864295,true,גומי לעיסה ללא סוכר בטעם מנטה עדינה 60 ג,ליימן שליסל בעמ,,,יח`,60,גרם,false,1,9.90,16.50,true,1,
80896081,true,מסטיק מנטוס פיור פרש טעם אבטיח ללס 60 ג,ליימן שליסל בעמ,,,יח`,60,גרם,false,1,9.90,16.50,true,1,
80913467,true,מסטיק מנטוס טעם מנטה ללס 60 גר,ליימן שליסל בעמ,,,יח`,60,גרם,false,1,9.90,16.50,true,1,
80945468,true,גומי לעיסה ללא סוכר בטעם מנטה מתוקה 60 ג,ליימן שליסל בעמ,,,יח`,60,גרם,false,1,9.90,16.50,true,1,
80974215,true,מסטיק מנטוס פיור ללס בבקבוק בטעם תות 90,ליימן שליסל בעמ,,,יח`,1,,false,1,17.90,17.90,false,1,
80974482,true,ביצת קינדר ג`וי בודד כחול,פרימיום-חברה לדברי מתיקה ולמסח,,,יח`,20,גרם,false,1,4.90,24.50,false,1,
80979128,true,מסטיק מנטוס טעם דובדבן ללס 60 גר,ליימן שליסל בעמ,,,יח`,60,גרם,false,1,9.90,16.50,true,1,
80982470,true,מסטיק מנטוס פיור פרש בטעם מנטה חזקה ללס,ליימן שליסל בעמ,,,יח`,60,גרם,false,1,9.90,16.50,true,1,
80986348,true,גומי לעיסה ללא סוכר 60 גר`פיור וויט מנט,ליימן שליסל בעמ,,,יח`,60,גרם,false,1,9.90,16.50,true,1,
80995128,true,מסטיק מנטוס בטעם הדרים 60 גר`,ליימן שליסל בעמ,,,יח`,60,גרם,false,1,9.90,16.50,false,1,
87108651,true,מנטוס רביעיה,ליימן שליסל בעמ,,,יח`,150,גרם,false,1,13.90,9.27,true,1,
87108712,true,מנטוס רביעיה,ליימן שליסל בעמ,,,יח`,150,גרם,false,1,13.90,9.27,true,1,
90087974,true,חומץ טבעי מתפוחים 750 מל תומר,תומר יבוא ושיווק מוצרי מזון (1,,,יח`,750,"מ""ל",false,1,12.90,1.72,false,1,
90162602,true,משקה אנרגיה רד בול (250 מל),דיפלומט היינץ,,,יח`,250,"מ""ל",false,1,5.90,2.24,true,1,
90162800,true,רד בול משקה אנרגיה 250 מל ללס,דיפלומט היינץ,,,יח`,250,"מ""ל",false,1,5.90,2.24,true,1,
90424038,true,רד בול טרופי 250 מל,דיפלומט היינץ,,,יח`,250,"מ""ל",false,1,5.90,2.24,false,1,
90446269,true,משקה אנרגיה רד בול (250 מל),דיפלומט היינץ,,,יח`,250,"מ""ל",false,1,5.90,2.24,true,1,
90448867,true,רד בול משקה אנרגיה ללא פחמימות 250 מל,דיפלומט היינץ,,,יח`,250,"מ""ל",false,1,5.90,2.24,true,1,
90453427,true,רד בול משקה אנרגיה פיטאיה 250 מל,דיפלומט היינץ,,,יח`,250,"מ""ל",false,1,5.90,2.24,true,1,
9800800056,true,נוטלה אנד גו 52 גרם,פרימיום-חברה לדברי מתיקה ולמסח,,,יח`,52,גרם,false,1,5.50,10.58,true,1,
11182700954,true,קינג קול שעועית שחורה 454 גרם,מור-ים מרקטינג בעמ,,,יח`,439,גרם,false,1,9.90,2.26,false,1,
11210000094,true,טבסקו 60 מל,ציון תורג`מן בעמ,,,יח`,60,"מ""ל",false,1,12.90,21.50,false,1,
11210002500,true,טבסקו באפלו 150,ציון תורג`מן בעמ,,,יח`,150,"מ""ל",false,1,22.90,15.27,false,1,
11210009387,true,טבסקו 60 מל,ציון תורג`מן בעמ,,,יח`,60,"מ""ל",false,1,12.90,21.50,false,1,
11210607040,true,טבסקו מעושן 60 מל,ציון תורג`מן בעמ,,,יח`,60,"מ""ל",false,1,12.90,21.50,false,1,
11210698055,true,טבסקו רוטב סרירצה 556 גר`,ציון תורג`מן בעמ,,,יח`,556,"מ""ל",false,1,29.90,5.38,false,1,
12300119139,true,ווינסטון כחול בוקס פאקט) (200,גלוברנדס בעמ - שיווק סיגריות,,,יח`,1,,false,1,315,315,false,1,
13495113506,true,חטיף ביסקויט שוקולד חלב קליק (75 גרם),יוניליוור ישראל שיווק בעמ,,,יח`,75,גרם,false,1,6.50,8.67,true,1,
13495113513,true,חטיף כדורים שוקולד חלב קליק (75 גרם),יוניליוור ישראל שיווק בעמ,,,יח`,75,גרם,false,1,6.50,8.67,true,1,
13495113520,true,חטיף קורנפלקס שוקולד חלב קליק (75 גרם),יוניליוור ישראל שיווק בעמ,,,יח`,75,גרם,false,1,6.50,8.67,true,1,
13495113537,true,חטיף שוקולד חום לבן קליק (75 גרם),יוניליוור ישראל שיווק בעמ,,,יח`,75,גרם,false,1,6.50,8.67,true,1,
13495113551,true,קליק שקיות עוגי,יוניליוור ישראל שיווק בעמ,,,יח`,75,גרם,false,1,6.50,8.67,true,1,
13495113582,true,חטיף כריות שוקולד חלב קליק (75 גרם),יוניליוור ישראל שיווק בעמ,,,יח`,75,גרם,false,1,6.50,8.67,true,1,
16000185517,true,פייבר וואן 555 גר`,קבוצת אסם סחר שות. מוגבלת,,,יח`,555,גרם,false,1,22.90,4.13,true,1,
16000423534,true,נייטשר וואלי 210 גר`שיבולת שועל ושוקולד,ליימן שליסל בעמ,,,יח`,210,גרם,false,1,14.90,7.10,false,1,
16000548404,true,נייטשר וואלי 210 גר`שיבולת שועל ודבש,ליימן שליסל בעמ,,,יח`,175,גרם,false,1,14.90,8.51,false,1,
16000548503,true,נייטשר וואלי 210 גר`מייפל וסוכר חום,ליימן שליסל בעמ,,,יח`,210,גרם,false,1,14.90,7.10,false,1,
16000548909,true,נייטשר וואלי 210 גר`מעורב,ליימן שליסל בעמ,,,יח`,210,גרם,false,1,14.90,7.10,false,1,
16229909819,true,קרם קוקוס 1 ליטר,גורי מוצרי צריכה (1991) בעמ,,,יח`,1,1 ליטר,false,1,24.90,24.90,false,1,
16229924263,true,קרם קוקוס 250 מל Aroy D,גורי מוצרי צריכה (1991) בעמ,,,יח`,250,"מ""ל",false,1,9.80,3.92,false,1,
18000701223,true,פילסברי תערובת שוקולד,ליימן שליסל בעמ,,,יח`,517,גרם,false,1,16.90,3.27,false,1,
18000703494,true,תערובת להכנת עוגת וניל פילסברי (500 גרם),ליימן שליסל בעמ,,,יח`,524,גרם,false,1,18.90,3.61,false,1,
18000703517,true,פילסברי תערובת שיש,ליימן שליסל בעמ,,,יח`,559,גרם,false,1,18.90,3.38,false,1,
18000766413,true,תערובת לעוגת בראוניס פילסברי (550 גרם),ליימן שליסל בעמ,,,יח`,609,גרם,false,1,18.90,3.10,false,1,
22200956932,true,ספיד סטיק 24/7 ג`ל כחול,ש.שסטוביץ בעמ,,,יח`,0,גרם,false,1,16.90,16.90,false,1,
22200956949,true,ספיד סטיק 24/7 ג`ל קול פיוזן יבוא מקביל,בית הצעצוע בעמ,,,יח`,51,גרם,false,1,14.90,29.22,false,1,
25675120037,true,מקלות חמוצות 100,גורי ע.ע.ע בעמ,,,יח`,100,גרם,false,1,8.90,8.90,false,1,
25675120068,true,מקלות חמוצות 100,גורי ע.ע.ע בעמ,,,יח`,100,גרם,false,1,8.90,8.90,false,1,
30000315989,true,קוואקר פרוטאין חמוציות ושקדים 372 גר`,שטראוס פריטו ליי בעמ,,,יח`,372,גרם,false,1,22.90,6.16,false,1,
31200001597,true,חמוציות אושן ספריי,ליימן שליסל בעמ,,,יח`,170,גרם,false,1,13.90,8.18,true,1,
33617322616,true,ואזה מקמח שיפון קלה ( 270 גר`),גורי מוצרי צריכה (1991) בעמ,,,יח`,270,גרם,false,1,13.90,5.15,true,1,
33617340610,true,ואזה מקמח שיפון 275 גר`,גורי מוצרי צריכה (1991) בעמ,,,יח`,275,גרם,false,1,13.90,5.05,true,1,
34000544028,true,חטיף גומ טויז תות,ליימן שליסל בעמ,,,יח`,198,גרם,false,1,8.90,4.49,false,1,
35000458476,true,מברשת שיניים ילדים 2+ מארז רביעייה קולגי,ש.שסטוביץ בעמ,,,יח`,1,,false,1,19.90,19.90,false,1,
37600297943,true,מטבל סלסה חריף Chi-Chi`s,ליימן שליסל בעמ,,,יח`,439,גרם,false,1,17.90,4.08,true,1,
37600297967,true,מטבל סלסה בחריפות עדינה Chi-Chi`s,ליימן שליסל בעמ,,,יח`,439,גרם,false,1,18.90,4.31,true,1,
38000138607,true,פרינגלס מלח וחומץ 158 גר`,דיפלומט היינץ,,,יח`,158,גרם,false,1,8.90,5.63,true,1,
38000138638,true,פרינגלס פיצה 158 גר`,דיפלומט היינץ,,,יח`,158,גרם,false,1,8.90,5.63,true,1,
38000138720,true,פרינגלס קראנצ`158 גר`,דיפלומט היינץ,,,יח`,158,גרם,false,1,8.90,5.63,true,1,
38000183690,true,חטיף צ`יפס בטעם ברביקיו פרינגלס (71 גרם),דיפלומט היינץ,,,יח`,67,גרם,false,1,4.90,7.31,false,1,
38000183928,true,פרינגלס דבש וחרדל 158 גר`,דיפלומט היינץ,,,יח`,158,גרם,false,1,8.90,5.63,true,1,
38000202278,true,פרינגלס אורגינל 130 גר`Wavy,דיפלומט היינץ,,,יח`,130,גרם,false,1,8.90,6.85,true,1,
38000232152,true,פרינגלס ברביקיו 158 גר`,דיפלומט היינץ,,,יח`,158,גרם,false,1,8.90,5.63,true,1,
38000232169,true,חטיף צ`יפס אורגינל מידי פרינגלס (67 גרם),דיפלומט היינץ,,,יח`,67,גרם,false,1,4.90,7.31,false,1,
38000232176,true,פרינגלס שמנת בצל 158 גר`,דיפלומט היינץ,,,יח`,158,גרם,false,1,8.90,5.63,true,1,
38000232183,true,פרינגלס אורגינל 149 גר`,דיפלומט היינץ,,,יח`,149,גרם,false,1,8.90,5.97,true,1,
38527591053,true,דגנים מרובעים קינמון קוואקר (411 גרם),שטראוס פריטו ליי בעמ,,,יח`,412,גרם,false,1,19.90,4.83,true,1,
38527591060,true,דגנים מרובעים קוואקר (411 גרם),שטראוס פריטו ליי בעמ,,,יח`,412,גרם,false,1,19.90,4.83,true,1,
40000512943,true,M M שוקולד 303 גר`,מרס ריגלי ישראל בעמ,,,יח`,303,גרם,false,1,19.90,6.57,false,1,
40000514480,true,עדשי שוקולד אם אנד אם (48 גרם),מרס ריגלי ישראל בעמ,,,יח`,1,,false,1,4.90,4.90,true,1,
40000514510,true,עדשי שוקולד בוטנים אם אנד אם (49 גרם),מרס ריגלי ישראל בעמ,,,יח`,49,גרם,false,1,4.90,10,true,1,
41390001079,true,רוטב סויה דל נתרן קיקומן (444 מל),דיפלומט היינץ,,,יח`,444,"מ""ל",false,1,29.90,6.73,true,1,
41390010309,true,רוטב טריאקי קיקומן (444 מל),דיפלומט היינץ,,,יח`,444,"מ""ל",false,1,29.90,6.73,true,1,
42400108153,true,דגני בוקר מתוקים בטעם פירות( 354 גר`)פ,ר.ב מוצרי דגנים בעמ,,,יח`,354,גרם,false,1,20,5.65,false,1,
46214731552,true,עוגיות שוקולד צ`יפס מרבה (225 גרם),ש.שסטוביץ בעמ,,,יח`,225,גרם,false,1,9.90,4.40,true,1,
50000084500,true,פריסקיז נתחי ברבקיו,שחורי אריה ואנסטסיה,,,יח`,1.42,"ק""ג",false,1,35.90,25.28,false,1,
50000100347,true,פריסקיז מעדני חתול,שחורי אריה ואנסטסיה,,,יח`,1.40,"ק""ג",false,1,35.90,25.64,false,1,
55369901673,true,רסק תפוחי עץ+אפרסק ללתס רביעייה 452 גר`,מור-ים מרקטינג בעמ,,,יח`,452,גרם,false,1,13.90,3.08,false,1,
55369902557,true,רביעות רסק תפוחי עץ ממותק בסגנון ביתי 45,מור-ים מרקטינג בעמ,,,יח`,452,גרם,false,1,13.90,3.08,false,1,
55369902564,true,רסק תפוחי עץ ללתס רביעייה 452 גר`אלפסנ,מור-ים מרקטינג בעמ,,,יח`,452,גרם,false,1,13.90,3.08,false,1,
64144090051,true,תרסיס שמן קנולה פאם (148 מל),ליימן שליסל בעמ,,,יח`,148,"מ""ל",false,1,20.90,14.12,true,1,
70177077563,true,תה ארל גריי טווינינג 25 שקיקים,משה סידס ובנו בעמ,,,יח`,1,,false,1,18.90,18.90,false,1,
70221011116,true,טובלרון- שוק`חלבי 100 גרם) (20,דיפלומט היינץ,,,יח`,100,גרם,false,1,6.90,6.90,false,1,
76840002542,true,גלידת פיינטים חמאת בוטנים עם בראוניס,מוצרי איכות אמריקאיים בעמ,,,יח`,420,"מ""ל",false,1,19.90,4.74,true,1,
76840100156,true,גלידת פיינט צ`רי גרסיה דובדבנים וחתיכות,מוצרי איכות אמריקאיים בעמ,,,יח`,473,גרם,false,1,19.90,4.21,true,1,
76840400218,true,גלידת פיינטים בן אנד גריס פיינט תות,מוצרי איכות אמריקאיים בעמ,,,יח`,750,"מ""ל",false,1,19.90,2.65,true,1,
77245110610,true,סוכריות ללס בטעם מנטה מאסט (80 גרם),שטראוס גרופ בעמ,,,יח`,80,גרם,false,1,8.90,11.13,false,1,
77343000127,true,נר נשמה 26 שעות.,אבאל יזמות בעמ,,,יח`,1,,false,1,2.50,2.50,false,1,
77343000233,true,נרות חימום מנורה שי נר (50),אבאל יזמות בעמ,,,יח`,1,,false,1,9.90,9.90,true,1,
77343001100,true,נר נשמה מנורה 26 שעות,אבאל יזמות בעמ,,,יח`,1,,false,1,2.50,2.50,true,1,
77343001117,true,נרות שבת 72 רגיל,אבאל יזמות בעמ,,,יח`,1,,false,1,29.90,29.90,false,1,
77975036976,true,מטבל עגבניות בחריפות עדינה,ליימן שליסל בעמ,,,יח`,439,גרם,false,1,17.90,4.08,false,1,
77975093108,true,סניידרס בייגלה מצופה שוקולד לבן 141 גר`,ליימן שליסל בעמ,,,יח`,141,גרם,false,1,16.90,11.99,true,1,
77975094624,true,סניידרס שברי בייגלה במילוי חמאת בוטנים 2,ליימן שליסל בעמ,,,יח`,283.50,גרם,false,1,14.90,5.26,true,1,
77975094631,true,סניידרס בייגלה במילוי קרם צ`דר ( 226 גר`,ליימן שליסל בעמ,,,יח`,226,גרם,false,1,14.90,6.59,true,1,
77975094761,true,סניידרס שברי בייגל בטעם גבינת צ`אדר,ליימן שליסל בעמ,,,יח`,340,גרם,false,1,14.90,4.38,true,1,
77975094778,true,סניידרס שברי בייגל בטעם דבש וחרדל 340 גר,ליימן שליסל בעמ,,,יח`,340,גרם,false,1,14.90,4.38,true,1,
77975095157,true,סניידרס שברי בייגלה חלפינו 318 גר`,ליימן שליסל בעמ,,,יח`,318,גרם,false,1,14.90,4.69,true,1,
80518532743,true,בלון פסטל שמחה זה אנחנו) (50,שמחה זה אנחנו בעמ,,,יח`,1,,false,1,11.90,11.90,false,1,
80518532859,true,שקית בלונים,שמחה זה אנחנו בעמ,,,יח`,1,,false,1,20.90,20.90,false,1,
305213079004,true,וזלין תחליב גוף צהוב 600 מל,יוניליוור ישראל שיווק בעמ,,,יח`,600,"מ""ל",false,1,19.90,3.32,false,1,
611745285685,true,אבוקדו בשל ארוז - מור בריאות,קונסיגנציה-מור בריאות בעמ,,,יח`,1,,false,1,7.90,7.90,false,1,
621683921354,true,דפי לזניה אורז מלא 280 גר ללא גלוטן,מור-ים מרקטינג בעמ,,,יח`,280,גרם,false,1,25.90,9.25,false,1,
628154383659,true,פרוטי פבלס 311 גר`.,ר.ב מוצרי דגנים בעמ,,,יח`,311,גרם,false,1,21.90,7.04,false,1,
634065859329,true,אוזניות שחור imx,קונסיגנציה-איי.איקס.אם ישראל ב,,,יח`,1,,false,1,28.90,28.90,false,1,
649870166098,true,נייטיב עוף ברוטב לחתול 85 גר,שחורי אריה ואנסטסיה,,,יח`,1,,false,1,4.90,4.90,false,1,
649870166128,true,נייטיב סלמון ברוטב לחתול,שחורי אריה ואנסטסיה,,,יח`,1,,false,1,4.90,4.90,false,1,
651080647519,true,ג`ורדן פלקרס קיסם עם חוט-מנטה,דנשר (1963) בעמ,,,יח`,1,,false,1,11.90,11.90,false,1,
693493065634,true,ניוקי תפוא 3 צבעים אבאל,אבאל יזמות בעמ,,,יח`,500,גרם,false,1,9.90,1.98,false,1,
693493065641,true,טחינה הר כנען 100% 500 גר,אבאל יזמות בעמ,,,יח`,500,גרם,false,1,14.90,2.98,true,1,
693493168786,true,תמר מג`הול גמבו 1קג,סהר ותמר בעמ,,,יח`,1000,גרם,false,1,25,2.50,false,1,
710535495539,true,אורז בסמטי 96% ( 1 קג ) AVEL,אבאל יזמות בעמ,,,יח`,1,"ק""ג",false,1,11.90,11.90,true,1,
768404001640,true,גלידת פיינטים בטעם קפה,מוצרי איכות אמריקאיים בעמ,,,יח`,420,"מ""ל",false,1,19.90,4.74,true,1,
769904000607,true,שקדי מרק 200 גר`ללא גלוטן,בטר אנד דיפרנט בעמ,,,יח`,200,גרם,false,1,9.90,4.95,false,1,
835811000297,true,כוסות קרטון 50 יח`9OZ הנמל,הנמל אריזות ושיווק (1984) בעמ,,,יח`,1,,false,1,13.90,13.90,false,1,
835811000396,true,נייר אפייה לתבנית מוארכות 30 יח הנמל,הנמל אריזות ושיווק (1984) בעמ,,,יח`,1,,false,1,9.90,9.90,false,1,
835811000488,true,קערה תבור מלבן 2 ליטר הנמל,הנמל אריזות ושיווק (1984) בעמ,,,יח`,1,,false,1,9.90,9.90,false,1,
835811001201,true,מגש אובלי בינוני מדקל 5 יח`1(8*29 סמ),הנמל אריזות ושיווק (1984) בעמ,,,יח`,1,,false,1,19.90,19.90,false,1,
835811003106,true,כפות הגשה 10 יח`שקוף,הנמל אריזות ושיווק (1984) בעמ,,,יח`,1,,false,1,9.90,9.90,false,1,
835811003427,true,צלחות גדול מקנה סוכר 1 קג הנמל,הנמל אריזות ושיווק (1984) בעמ,,,יח`,1,,false,1,36.90,36.90,true,1,
835811003458,true,מזלגות אלגנט שקוף 50 יח` הנמל,הנמל אריזות ושיווק (1984) בעמ,,,יח`,1,,false,1,9.90,9.90,true,1,
835811003465,true,סכינים אלגנט שקוף 50 יח` הנמל,הנמל אריזות ושיווק (1984) בעמ,,,יח`,1,,false,1,9.90,9.90,true,1,
835811003472,true,כפות אלגנט שקוף 50 יח` הנמל,הנמל אריזות ושיווק (1984) בעמ,,,יח`,1,,false,1,9.90,9.90,true,1,
835811003489,true,כפיות אלגנט שקוף 50 יח` הנמל,הנמל אריזות ושיווק (1984) בעמ,,,יח`,1,,false,1,9.90,9.90,true,1,
835811003588,true,צלחות קלאסי גדול לבן 65 יח` הנמל,הנמל אריזות ושיווק (1984) בעמ,,,יח`,1,,false,1,34.90,34.90,true,1,
835811003595,true,צלחות קלאסי קטן לבן 65 יח`,הנמל אריזות ושיווק (1984) בעמ,,,יח`,1,,false,1,24.90,24.90,true,1,
835811004189,true,פירורי לחם הנמל (800גרם),הנמל אריזות ושיווק (1984) בעמ,,,יח`,800,גרם,false,1,9.90,1.24,false,1,
835811004202,true,מפת שולחן 6 יח עבה ניילון הנמל,הנמל אריזות ושיווק (1984) בעמ,,,יח`,1,,false,1,9.90,9.90,false,1,
835811004219,true,מפה שולחן 8 יח עבה ניילון הנמל,הנמל אריזות ושיווק (1984) בעמ,,,יח`,45,גרם,false,1,9.90,22,false,1,
835811004226,true,מפת שולחן עבה בגליל 45 מטר,הנמל אריזות ושיווק (1984) בעמ,,,יח`,1,,false,1,34.90,34.90,true,1,
835811004271,true,סלטינה אמרקאית 100 יח`הנמל,הנמל אריזות ושיווק (1984) בעמ,,,יח`,1,,false,1,27.90,27.90,false,1,
835811004707,true,פרורי לחם מוזהבים הנמל (440 גרם),הנמל אריזות ושיווק (1984) בעמ,,,יח`,440,גרם,false,1,5.90,1.34,false,1,
835811005018,true,כוסות יהלום 50 יח` הנמל,הנמל אריזות ושיווק (1984) בעמ,,,יח`,1,,false,1,15.90,15.90,true,1,
835811005407,true,כוסות קפה לדרך 12 יח`הנמל,הנמל אריזות ושיווק (1984) בעמ,,,יח`,12,יח`,false,1,13.90,1.16,false,1,
835811005704,true,נייר עטיפה לכריכים 100 יח`הנמל,הנמל אריזות ושיווק (1984) בעמ,,,יח`,1,,false,1,9.90,9.90,false,1,
835811005810,true,מגש הכסף תבנית מרובע קטן+מכסה 10 יח`,הנמל אריזות ושיווק (1984) בעמ,,,יח`,1,,false,1,9.90,9.90,false,1,
835811005933,true,מגש הכסף תבנית אלומ`ענק 5 יח`,הנמל אריזות ושיווק (1984) בעמ,,,יח`,1,,false,1,9.90,9.90,false,1,
835811005940,true,מגש הכסף תבנית אלומ` גדולה+ מכסה 8 יח`,הנמל אריזות ושיווק (1984) בעמ,,,יח`,1,,false,1,9.90,9.90,false,1,
835811005957,true,מגש הכסף תבנית אלומ` +90 מכסה 8 יח`,הנמל אריזות ושיווק (1984) בעמ,,,יח`,1,,false,1,9.90,9.90,false,1,
835811005971,true,מפת שלחן אל בד עם רנר מודפס 120*270 הנמל,הנמל אריזות ושיווק (1984) בעמ,,,יח`,1,,false,1,9.90,9.90,false,1,
835811006220,true,צלחות ענק מקנה סוכר טבעי 25 יח`הנמל,הנמל אריזות ושיווק (1984) בעמ,,,יח`,1,,false,1,12.90,12.90,false,1,
835811006244,true,צלחות גדולות מקנה סוכר טבעי 25 יח`הנמל,הנמל אריזות ושיווק (1984) בעמ,,,יח`,1,,false,1,12.90,12.90,false,1,
835811006435,true,מגש הכסף תבנית מלבןעמוק+ מכסה 9 יח`,הנמל אריזות ושיווק (1984) בעמ,,,יח`,1,,false,1,9.90,9.90,false,1,
835811007302,true,כפות אלגנט קרם 50 יח` הנמל,הנמל אריזות ושיווק (1984) בעמ,,,יח`,1,,false,1,9.90,9.90,true,1,
835811007357,true,סלטינות אובלי 25 יח`הנמל,הנמל אריזות ושיווק (1984) בעמ,,,יח`,1,,false,1,5.90,5.90,true,1,
835811008729,true,צלחות אמריקאיות ענק 10 אונז`100 יח`הנמ,הנמל אריזות ושיווק (1984) בעמ,,,יח`,1,,false,1,79.90,79.90,false,1,
835811008736,true,צלחות אמריקאיות גדול 9 100 יח`הנמל,הנמל אריזות ושיווק (1984) בעמ,,,יח`,1,,false,1,59.90,59.90,false,1,
835811008743,true,קינואה 500 גר`הנמל,הנמל אריזות ושיווק (1984) בעמ,,,יח`,500,גרם,false,1,15.90,3.18,true,1,
835811008774,true,צלחות אמרקאיות קטן 7 100 יח,הנמל אריזות ושיווק (1984) בעמ,,,יח`,1,,false,1,39.90,39.90,false,1,
835811008781,true,מרקיה אמריקאית 100 יח`הנמל,הנמל אריזות ושיווק (1984) בעמ,,,יח`,1,,false,1,37.90,37.90,false,1,
835811008989,true,כוסות קרטון 50 יח`12OZ הנמל,הנמל אריזות ושיווק (1984) בעמ,,,יח`,1,,false,1,22.90,22.90,false,1,
835811008996,true,כוסות קרטון 50 יח` OZ הנמל,הנמל אריזות ושיווק (1984) בעמ,,,יח`,1,,false,1,19.90,19.90,true,1,
835811009412,true,צלחות קטנות 25 יח`מעורב הנמל,הנמל אריזות ושיווק (1984) בעמ,,,יח`,1,,false,1,10.90,10.90,false,1,
835811009429,true,צלחות גדולות צבע 25 יח`מעורב הנמל,הנמל אריזות ושיווק (1984) בעמ,,,יח`,1,,false,1,16.90,16.90,false,1,
839762000641,true,משקה איילנד 1 ליטר מנגו,טמפו משקאות בעמ,,,יח`,1,1 ליטר,false,1,12.90,12.90,false,1,
839762000658,true,משקה גויאבה איילנד (1 ליטר),טמפו משקאות בעמ,,,יח`,1,1 ליטר,false,1,12.90,12.90,false,1,
850014985165,true,חטיף לכלב ג`ק לייט 127 גר,שחורי אריה ואנסטסיה,,,יח`,127,גרם,false,1,14.90,11.73,false,1,
855958006556,true,צורו טונה 56 גרם,שחורי אריה ואנסטסיה,,,יח`,1,,false,1,15.90,15.90,false,1,
856591000055,true,עוגיות מזרחיות קריספי עבאדי (400 גרם),תה ויסוצקי (ישראל) בעמ,,,יח`,400,גרם,false,1,16.90,4.23,false,1,
856591000062,true,עוגיות מזרחיות עם מלח עבאדי (400 גרם),תה ויסוצקי (ישראל) בעמ,,,יח`,400,גרם,false,1,16.90,4.23,false,1,
856591000109,true,עוגיות מזרחיות עבאדי 400 גר`,תה ויסוצקי (ישראל) בעמ,,,יח`,400,גרם,false,1,16.90,4.23,false,1,
856591000512,true,עוגיות מזרחיות עבאדי מקלונים פריכים 400,תה ויסוצקי (ישראל) בעמ,,,יח`,400,גרם,false,1,16.90,4.23,true,1,
856591000918,true,מארז חטיף טבעי עבאדי) (8X40,תה ויסוצקי (ישראל) בעמ,,,יח`,320,גרם,false,1,14.90,4.66,false,1,
856591000949,true,עבאדי קטנטנים חטיף טבעי 350 גרם,תה ויסוצקי (ישראל) בעמ,,,יח`,350,גרם,false,1,15.90,4.54,true,1,
856591000970,true,מקלונים בטעם חריף 400 גר` עבאדי,תה ויסוצקי (ישראל) בעמ,,,יח`,400,גרם,false,1,16.90,4.23,true,1,
859547004084,true,ספוג ניקוי SCRUB DADDY LEMON,ר.ב מוצרי דגנים בעמ,,,יח`,1,,false,1,17.90,17.90,false,1,
859547004329,true,ספוג ניקוי SCRUB DAFFY,ר.ב מוצרי דגנים בעמ,,,יח`,1,,false,1,17.90,17.90,false,1,
859547004466,true,ספוג ניקוי SCRUB MOMMY,ר.ב מוצרי דגנים בעמ,,,יח`,1,,false,1,17.90,17.90,false,1,
884912102102,true,בלוברי מורנינג אוככמניות 382 גר`,ר.ב מוצרי דגנים בעמ,,,יח`,382,גרם,false,1,25.90,6.78,false,1,
884912129512,true,דגני בוקר קוקו פבלס 311 גר .,ר.ב מוצרי דגנים בעמ,,,יח`,311,גרם,false,1,21.90,7.04,false,1,
884912342737,true,פרוטי פבלס ללא גלוטן וופל קריספי 326 גר`,ר.ב מוצרי דגנים בעמ,,,יח`,425,גרם,false,1,22,5.18,false,1,
884912359162,true,האני באנצס שקדים 340 גר`.,ר.ב מוצרי דגנים בעמ,,,יח`,340,גרם,false,1,21.90,6.44,false,1,
884912359483,true,האני באנצס באנצס תות 340 גר`,ר.ב מוצרי דגנים בעמ,,,יח`,340,גרם,false,1,21.90,6.44,false,1,
884912365200,true,דגני בוקר אוראו 311 גר`,ר.ב מוצרי דגנים בעמ,,,יח`,311,גרם,false,1,22,7.07,false,1,
893594002068,true,פופקורנס צ`יפס עם מלח ים .,שטראוס פריטו ליי בעמ,,,יח`,32,גרם,false,1,5.90,18.44,false,1,
1230000068314,false,בשר טחון ביונד מיט מארז זוגות 300ג,זנברגן וורלד פינסט מיט ב,,,יח`,300,גרם,false,1,29.90,9.97,false,1,
1230000116022,false,המבורגר ביונד מיט מארז זוגות 226ג,ביונד מיט קליפורניה ארהב,,,יח`,226,גרם,false,1,34.90,15.44,true,1,
3014260228842,false,"קצף גילוח ג'ילט לעור רגיל 200 מ""ל",דיפלומט מפיצים (1968) בעמ,,,יח`,200,"מ""ל",false,1,13.90,6.95,false,1,
3014260240226,false,"קצף גילוח ג'ילט לעור רגיש 200 מ""ל",דיפלומט מפיצים (1986) בע`מ,,,יח`,200,"מ""ל",false,1,13.90,6.95,false,1,
3014260283254,false,סכיני גילוח חד פעמי בלו 2 פלוס ג`ילט) (5,פארמה דיל (פ.א.ב.) שיווק והפצה,,,יח`,1,,false,1,9.90,9.90,false,1,
3046920028004,false,לינדט שוקולד אקסלנס מריר 70% 100 גר,לינדט ושפרונגלי קילשברג,,,יח`,100,גרם,false,1,15.90,15.90,true,1,
3046920028363,false,לינדט אקסלנס 85% מוצקי קקאו 100 גרם,לינדט ושפרונגלי קילשברג,,,יח`,100,גרם,false,1,15.90,15.90,true,1,
3046920029674,false,אקסלנס עם שבבי מלח לינדט (100 גרם),לינדט ושפרונגלי קילשברג,,,יח`,100,גרם,false,1,15.90,15.90,true,1,
3046920029681,false,לינדט שוקולד אקסלנס מילד 85% קקאו 100 גר,משה סידס ובנו בעמ,,,יח`,100,גרם,false,1,15.90,15.90,true,1,
3059940007768,false,"מבשם אוויר אירוויק ספריי וניל אורכידאה 240 מ""ל",רקיט בנקיזר (ניר איסט) בעמ,,,יח`,240,"מ""ל",false,1,9.90,4.13,true,1,
3059943015104,false,"אירוויק מבשם אויר נטול גז בניחוח פריסיה ויסמין 345 מ""ל",רקיט בנקיזר (ניר איסט) בעמ,,,יח`,345,"מ""ל",false,1,14.90,4.32,true,1,
3059943015128,false,מבשם אוויר נטול גז אקווה מיסט בניחוח לבנדר פראי ואוויר הרים,רקיט בנקיזר (ניר איסט) בעמ,,,יח`,345,"מ""ל",false,1,14.90,4.32,true,1,
3059943016507,false,"אירוויק ספריי בניחוח לבנדר וקמומיל 240 מ""ל",רקיט בנקיזר (ניר איסט) בעמ,,,יח`,240,"מ""ל",false,1,9.90,4.13,true,1,
3059943016569,false,"מבשם אוויר אירוויק ספריי פרסיה ויסמין 240 מ""ל",רקיט בנקיזר (ניר איסט) בעמ,,,יח`,240,"מ""ל",false,1,9.90,4.13,true,1,
3068320017846,false,מים מינרלים אוויאן 1 ליטר,קריניציה ויטמינה אס,,,יח`,1,1 ליטר,false,1,10.90,10.90,true,1,
3068320055008,false,מים מינרלים אוויאן 500 מל,קריניציה ויטמינה אס,,,יח`,500,"מ""ל",false,1,6.90,1.32,true,1,
3073781161663,false,גבינה מותכת 18.5% שומן לה וואש קירי,בני ג`ורג` שוקחה (חיפה) בעמ,,,יח`,128,גרם,false,1,11.90,9.30,false,1,
3073781161687,false,גבינה לוואש קרי(מותכת) 16 יח 256 גר,בני ג`ורג` שוקחה (חיפה) בעמ,,,יח`,256,גרם,false,1,22.70,8.87,false,1,
3073781162790,false,גבינה מותכת בייבי בל 120 גרם,א. סיימן סחר בעמ,,,יח`,120,גרם,false,1,21.90,18.25,false,1,
3083681142983,false,שעועית עדינה קפואה בונדואל 600 גר`,קפוא-זן תעשיות מזון בעמ - תפוג,,,יח`,600,גרם,false,1,21.90,3.65,false,1,
3083681143010,false,אפונת גן קפואה בונדואל 600 גר`,קפוא-זן תעשיות מזון בעמ - תפוג,,,יח`,600,גרם,false,1,13.90,2.32,false,1,
3083681143041,false,גרעיני תירס קפואים בונדואל 600 גר`,קפוא-זן תעשיות מזון בעמ - תפוג,,,יח`,600,גרם,false,1,14.90,2.48,false,1,
3083681143652,false,פרוסות חציל בגריל קפואים בונדואל 600ג,קפוא-זן תעשיות מזון בעמ - תפוג,,,יח`,600,גרם,false,1,24.90,4.15,false,1,
3083681143690,false,פרוסות זוקיני בגריל קפואים בונדואל 600ג,קפוא-זן תעשיות מזון בעמ - תפוג,,,יח`,600,גרם,false,1,24.90,4.15,false,1,
3083681143720,false,חצאי פלפלים בגריל קפואים בונדואל 60,קפוא-זן תעשיות מזון בעמ - תפוג,,,יח`,600,גרם,false,1,24.90,4.15,false,1,
3141360054405,false,פיניש מפיץ ריח למדיח בניחוח לימון וליים,רקיט בנקיזר (ניר איסט) בעמ,,,יח`,27,גרם,false,1,14.90,55.19,true,1,
3161911229199,false,חמאה צרפתית רכה למריחה אל & ויר 250 גרם,א. סיימן סחר בעמ,,,יח`,250,גרם,false,1,21.90,8.76,false,1,
3161911366429,false,חמאה צרפתית מלוחה רכה למריחה אלוויר 250 גר',א. סיימן סחר בעמ,,,יח`,250,גרם,false,1,21.90,8.76,false,1,
3228022910023,false,חמאה צרפתית פריזידאן פרזידנט (200 גרם),סוסייטה בארייר דה אי,,,יח`,200,גרם,false,1,14.90,7.45,false,1,
3387390320244,false,פיטנס דגני בוקר מחיטה מלאה עם פירות נסטלה 375 גרם,קבוצת אוסם סחר שותפות מוגבלת,,,יח`,375,גרם,false,1,19.90,5.31,true,1,
3387390525960,false,קראנץ' דגני בוקר עם שוקולד חלב נסטלה 500 גרם,קבוצת אוסם סחר שותפות מוגבלת,,,יח`,500,גרם,false,1,19.90,3.98,true,1,
3387390730852,false,פיטנס דגנים מחיטה מלאה ואורז נסטלה 375 גרם,קבוצת אוסם סחר-שות.מוגבלת,,,יח`,375,גרם,false,1,19.90,5.31,true,1,
3523230026888,false,"גבינת עיזים שום ועשבי תיבול למריחה פירמידה, 140 גרם",א. סיימן סחר בעמ,,,יח`,140,גרם,false,1,21.90,15.64,false,1,
3574660464337,false,קרפרי מגה פק מגן תחתון אוורירי אלוורה 76,ג'\ונסון אנד ג'\ונסון,,,יח`,1,,false,1,19.90,19.90,false,1,
3574661203577,false,ליסטרין אדוונס וויט 500 מל-יבוא מקביל,בית הצעצוע בעמ,,,יח`,500,"מ""ל",false,1,14.90,2.98,false,1,
3574661226491,false,מי פה ליסטרין טוטאל 1 ליטר יבוא מקבי,איינשטיין-צור יבוא-יצוא וסחר ב,,,יח`,1000,"מ""ל",false,1,19.90,1.99,false,1,
3574669907729,false,גונסונס בייבי שמפו לתינוק 750 מל,גונסון אנד גונסון,,,יח`,750,"מ""ל",false,1,24.90,3.32,false,1,
3574669908948,false,"גונסונס בייבי אל סבון לרחצה עדינה 750 מ""ל",גונסון אנד גונסון,,,יח`,750,"מ""ל",false,1,21.90,2.92,false,1,
3574669909204,false,גונסונס בייבי שמן לתינוק 300 מל,ג'ונסונס Johnson's,,,יח`,300,"מ""ל",false,1,21.90,7.30,false,1,
3600522550129,false,קרם אנטי-אייג'ינג יום אייג' ספשיאליסט +45,לוריאל ישראל קוסמטיקס בעמ,,,יח`,1,,false,1,59.90,59.90,true,1,
3600522632436,false,קרם אנטי-אייג'ינג לילה אייג' ספשיאליסט +55,לוריאל ישראל קוסמטיקס בעמ,,,יח`,1,,false,1,59.90,59.90,true,1,
3600523642489,false,מסכת הזנה אינטנסיבית 6 שמנים לשיער יבש,לוריאל ישראל קוסמטיקס בעמ,,,יח`,300,"מ""ל",false,1,24.90,8.30,false,1,
3600523651870,false,שמפו לחיזוק סיב השערה לכל סוגי השיער,לוריאל ישראל קוסמטיקס בעמ,,,יח`,550,"מ""ל",false,1,14.90,2.71,false,1,
3600523651900,false,מרכך לחיזוק סיב השערה לכל סוגי השיער,לוריאל ישראל קוסמטיקס בעמ,,,יח`,550,"מ""ל",false,1,14.90,2.71,false,1,
3600523652242,false,"לוריאל - אלביב שמפו קולור פרוטקט 550 מ""ל",לוריאל ישראל קוסמטיקס בעמ,,,יח`,550,"מ""ל",false,1,14.90,2.71,false,1,
3600523652259,false,"לוריאל - אלביב מרכך קולור פרוטקט 550 מ""ל",לוריאל ישראל קוסמטיקס בעמ,,,יח`,550,"מ""ל",false,1,14.90,2.71,false,1,
3600523652280,false,"לוריאל אלביב שמפו מועשר ב 6 שמנים, 550 מ""ל",לוריאל ישראל קוסמטיקס בעמ,,,יח`,550,"מ""ל",false,1,14.90,2.71,false,1,
3600523755806,false,"לוריאל - אלביב שמפו קוקוס 550 מ""ל",לוריאל ישראל קוסמטיקס בעמ,,,יח`,550,"מ""ל",false,1,14.90,2.71,false,1,
3600523756322,false,"לוריאל - אלביב מרכך קוקוס 550 מ""ל",לוריאל ישראל קוסמטיקס בעמ,,,יח`,550,"מ""ל",false,1,14.90,2.71,false,1,
3600523782567,false,"לוריאל - אלביב שמפו דרים לונג 500 מ""ל",לוריאל ישראל קוסמטיקס בעמ,,,יח`,500,"מ""ל",false,1,14.90,2.98,false,1,
3600524051334,false,אלביב מרכך חומצה היאלורונית 400 מל,לוריאל ישראל קוסמטיקס בעמ,,,יח`,400,"מ""ל",false,1,13.90,3.48,false,1,
3600524055400,false,לוריאל - אלביב שמפו היאלורונית 500 מ''ל,לוריאל ישראל קוסמטיקס בעמ,,,יח`,500,"מ""ל",false,1,14.90,2.98,false,1,
3600541382930,false,גרנייה - מים מיסלרים לכל סוגי העור,לוריאל ישראל קוסמטיקס בעמ,,,יח`,400,"מ""ל",false,1,29.90,7.48,false,1,
3600541402270,false,"גרנייה - דאודורנט ספריי לאישה אינביזיבל BWC (ירוק) 150 מ""ל",לוריאל ישראל קוסמטיקס בעמ,,,יח`,150,"מ""ל",false,1,11.90,7.93,false,1,
3600541740006,false,"גרנייה - דאודורנט ספריי לאישה אקשן קונטרול 72 שעות 150 מ""ל",לוריאל ישראל קוסמטיקס בעמ,,,יח`,150,"מ""ל",false,1,11.90,7.93,false,1,
3600542365710,false,פיור ג`ל ניקוי עור הפנים,לוריאל ישראל קוסמטיקס בעמ,,,יח`,200,"מ""ל",false,1,29.90,14.95,false,1,
3600542366113,false,גרניה בוטניקל קרם לחות ענבים 50 מל,לוריאל ישראל קוסמטיקס בעמ,,,יח`,50,"מ""ל",false,1,29.90,59.80,false,1,
3600542385091,false,"גרנייה - דאודורנט רול און לאישה אקשן קונטרול 72 שעות 50 מ""ל",לוריאל ישראל קוסמטיקס בעמ,,,יח`,1,,false,1,11.90,11.90,false,1,
3600542385268,false,"גרנייה - דאודורנט רול און לאישה אינביזיבל BWC (ורוד) 50 מ""ל",לוריאל ישראל קוסמטיקס בעמ,,,יח`,50,"מ""ל",false,1,11.90,23.80,false,1,
3600542431859,false,גרנייה - קולור נטורלס 5 חום טבעי חדש,לוריאל ישראל קוסמטיקס בעמ,,,יח`,112,"מ""ל",false,1,19.90,17.77,false,1,
3600542431866,false,גרנייה קולור נטורלס צבע לשיער חום בהיר 6,לוריאל ישראל קוסמטיקס בעמ,,,יח`,112,"מ""ל",false,1,19.90,17.77,false,1,
3600542431903,false,גרנייה - קולור נטורלס 10 בלונד סופר בהיר חדש,לוריאל ישראל קוסמטיקס בעמ,,,יח`,112,"מ""ל",false,1,19.90,17.77,false,1,
3600542431965,false,גרנייה - קולור נטורלס 5.52 חום דבש חדש,לוריאל ישראל קוסמטיקס בעמ,,,יח`,112,"מ""ל",false,1,19.90,17.77,false,1,
3600542433266,false,גרנייה - סרום לפנים ויטמין C סקין אקטיב,לוריאל ישראל קוסמטיקס בעמ,,,יח`,1,,false,1,49.90,49.90,false,1,
3607343817547,false,"אדידס - דאודורנט ספריי לגבר קליימקול 150 מ""ל",דנשר (1963) בעמ,,,יח`,150,"מ""ל",false,1,12.90,8.60,false,1,
3661163991146,false,"אדידס - דאודורנט ספריי לאישה קול אנד קר פרש 150 מ""ל",מיוצר עי קונדיטוריית,,,יח`,150,"מ""ל",false,1,19.90,13.27,false,1,
3800718504947,false,ספוג סקוטש שייני 10 יחיד,מ.א.ייצור ויבוא מטליות בעמ,,,יח`,10,יח`,false,1,5,0.50,false,1,
4000351109380,false,שמן קנולה 1 ליטר BROLIO.,המותג-לא פעיל להקלדה,,,יח`,1,1 ליטר,false,1,8.90,8.90,false,1,
4000415004408,false,שוגטן שוקולד קקאו מריר אגוזים 100 גר,לודוויג שוקולד,,,יח`,100,גרם,false,1,5.90,5.90,true,1,
4000415039707,false,שוקולד שוגטן עוגיות וניל טבעי 100ג,לודוויג שוקולד,,,יח`,100,גרם,false,1,5.90,5.90,true,1,
4000415040109,false,שוקולד שוגטן קרמל בראוני טבעי100ג,לודוויג שוקולד,,,יח`,100,גרם,false,1,5.90,5.90,true,1,
4000415111908,false,שוגטן שוקולד סטרציאטלה 100 גרם,לודוויג שוקולד,,,יח`,100,גרם,false,1,5.90,5.90,true,1,
4000415143800,false,שוקולד טרילוגיה טבעי שוגטן 100 גרם,לודוויג שוקולד,,,יח`,100,גרם,false,1,5.90,5.90,true,1,
4000415358303,false,שוקו-פאן ביסקוויט חמישיות 210 גרם,יעד ממתקים בעמ,,,יח`,210,גרם,false,1,8.90,4.24,false,1,
4000415358501,false,חטיפי שוקולד קוקוס שביעייה 175 גרם,יעד ממתקים בעמ,,,יח`,175,גרם,false,1,8.90,5.09,false,1,
4000415440701,false,שוקו-פאן שישיות בוטנים 216 גרם,יעד ממתקים בעמ,,,יח`,216,גרם,false,1,8.90,4.12,false,1,
4000415440909,false,שוקו פאן קרמל שישיה *6 216 גרם,יעד ממתקים בעמ,,,יח`,216,גרם,false,1,8.90,4.12,false,1,
4000415730109,false,שוקולד שוגטן מריר עם אגוזים קצוצים 100גר,לודוויג שוקולד,,,יח`,100,גרם,false,1,5.90,5.90,true,1,
4000415749606,false,שוקולד שוגטן יום הולדת 100 גרם,לודוויג שוקולד,,,יח`,100,גרם,false,1,5.90,5.90,true,1,
4000415851705,false,שוקולד נוגט טבעי שוגטן 100 גרם,"לודוויג שוקולד בע""\מ",,,יח`,100,גרם,false,1,5.90,5.90,true,1,
4000415856601,false,שוקולד לבן טבעי שגוטן 100 גרם,"לודוויג שוקולד בע""\מ",,,יח`,100,גרם,false,1,5.90,5.90,true,1,
4000417019004,false,שוקולד חלב אגוזי לוז שלמים ריטר ספורט 100 גרם,ריטר ספורט Ritter sport,,,יח`,100,גרם,false,1,9.90,9.90,false,1,
4000417022004,false,ריטר ספורט שוקולד חלב מעולה עם צימוקים ואגוזי לוז 100 גרם,ריטר ספורט Ritter sport,,,יח`,100,גרם,false,1,9.90,9.90,false,1,
4000417023001,false,ריטר ספורט שוקולד חלב מעולה עם שקדים שלמים,ריטר ספורט Ritter sport,,,יח`,100,גרם,false,1,9.90,9.90,false,1,
4000417025005,false,שוקולד מריר במילוי מרציפן ריטר ספורט 100 גרם,ריטר ספורט Ritter sport,,,יח`,100,גרם,false,1,9.90,9.90,false,1,
4000417026002,false,שוקולד ריטר ספורט פרלין 100 גרם חלב נוכרי,ריטר ספורט Ritter sport,,,יח`,100,גרם,false,1,9.90,9.90,false,1,
4000417101211,false,גלילי וופל עם קרם אגוזי לוז בציפוי שוקולד חלב,ליימן שליסל בע`מ,,,יח`,150,גרם,false,1,17.90,11.93,true,1,
4000417222008,false,שוקולד ריטר ספורט חלב+שברי אגוזים 100 גרם חלב נוכרי,ריטר ספורט Ritter sport,,,יח`,100,גרם,false,1,9.90,9.90,false,1,
4000417224002,false,"ריטר ספורט טבלת שוקולד מריר אגוזים, 100 גרם",ריטר ספורט Ritter sport,,,יח`,100,גרם,false,1,9.90,9.90,false,1,
4000522009747,false,"מקלות בייגלה תפו""א צ'יו 80 גרם",טרופיקל דגיל תעשיות,,,יח`,80,גרם,false,1,3.90,4.88,false,1,
4000522061752,false,בייגלה צ'יו מקלות מלוחים 100 גרם,ר.ב. מוצרי דגנים בעמ,,,יח`,100,גרם,false,1,3.90,3.90,false,1,
4000607850004,false,שוקולד חלב טבעי שוגטן 100 גרם,"לודוויג שוקולד בע""\מ",,,יח`,100,גרם,false,1,5.90,5.90,true,1,
4000607851001,false,שוקולד חלב אגוזים טבעי שוגטן 100 גרם,"לודוויג שוקולד בע""\מ",,,יח`,100,גרם,false,1,5.90,5.90,true,1,
4000607852008,false,שוקולד מריר טבעי שוגטן 100 גרם,"לודוויג שוקולד בע""\מ",,,יח`,100,גרם,false,1,5.90,5.90,true,1,
4000607854606,false,שוקולד לילדים שוגטן 100 גרם,"לודוויג שוקולד בע""\מ",,,יח`,100,גרם,false,1,5.90,5.90,true,1,
4000607854705,false,שוקולד תות טבעי שוגטן 100 גרם,לודוויג שוקולד,,,יח`,100,גרם,false,1,5.90,5.90,true,1,
4001432773230,false,יין בלו ווין מוסקטו כשר 1 ליטר מאר,היכל היין שקד גולן בעמ,,,יח`,1,1 ליטר,false,1,49.90,49.90,true,1,
4001518003800,false,טורינוס מקלות פריכים עם פלפל ומלח 125 גרם,ר.ב. מוצרי דגנים בעמ,,,יח`,125,גרם,false,1,14.90,11.92,false,1,
4004666042004,false,"מלרוד מרסס משמיד עובש יעקבי 500 מ""ל","יעקב יעקבי ובניו בע""מ",,,יח`,750,"מ""ל",false,1,29.90,3.99,false,1,
4005808293469,false,"ניוואה - דאודורנט ספריי לגבר יבש 150 מ""ל",אלפא- ב.ד.ף בעמ,,,יח`,150,"מ""ל",false,1,14.90,9.93,true,1,
4005808366392,false,שפתון ליובש כחול קלאסי לבלו 48 גרם,טרופיקל דגיל תעשיות,,,יח`,1,,false,1,11.90,11.90,true,1,
4005808368280,false,שפתון ליובש דובדבן לבלו 48 גרם,טרופיקל דגיל תעשיות,,,יח`,100,גרם,false,1,11.90,11.90,true,1,
4005808502004,false,לבלו שפתון סופט ורוד בליסטר 5.5מל,אלפא- ב.ד.ף בעמ,,,יח`,1,,false,1,11.90,11.90,true,1,
4005808515554,false,ניוואה סופט קרם רב שימושי מרקם עדין 300מ,אלפא- ב.ד.ף בעמ,,,יח`,300,"מ""ל",false,1,34.90,11.63,true,1,
4005808702107,false,ניוואה תחליב גוף לעור יבש מאד 500 מל,בטר אנד דיפרנט,,,יח`,500,"מ""ל",false,1,19.90,3.98,false,1,
4005808817405,false,"ג'ל גילוח לעור רגיש ניוואה 200 מ""ל",פרוטרופיק סיה.,,,יח`,200,"מ""ל",false,1,16.90,8.45,false,1,
4005808837359,false,"ניוואה - דאודורנט רול און לאישה פרל אנד ביוטי 50 מ""ל",אלפא- ב.ד.ף בעמ,,,יח`,50,"מ""ל",false,1,12.90,25.80,true,1,
4005808850907,false,שפתון ליובש הידרו קייר בליסטר,אלפא- ב.ד.ף בעמ,,,יח`,100,גרם,false,1,11.90,11.90,true,1,
4005900485243,false,"ניוואה - דאודורנט רול און לגבר דריי פרש 50 מ""ל",אלפא- ב.ד.ף בעמ,,,יח`,50,"מ""ל",false,1,12.90,25.80,true,1,
4007467001096,false,קוביה להדלקת פחמים,בית הצעצוע בעמ,,,יח`,1,,false,1,4.90,4.90,false,1,
4008239313409,false,מעדן ויטקראפט בשר וחמוציות 85 גרם,שחורי אריה ואנסטסיה,,,יח`,1,,false,1,5.90,5.90,false,1,
4008287051032,false,בירה קרומבאכר פילס 0.50 ליטר פחית,מנדלז סי.אר. פרודקשן,,,יח`,500,"מ""ל",false,1,9.90,1.92,true,1,
4008287905786,false,בירה קרומבאכר חיטה 5.3% פחית 500 מל,אגודת הכורמים -כרמל מזרחי,,,יח`,500,"מ""ל",false,1,9.90,1.92,true,1,
4008400290126,false,ק'נדר פינגווי עוגת ספוג במילוי חלבי מצופה שוקולד מריר 30 ג' OUD,פררו טורקיה צ'\יקולטה וו,,,יח`,30,גרם,false,1,3.90,13,false,1,
4009300522935,false,תה ירוק פומפדור לימונית ולואיזה 20 יחידות,"איטיליאן פוד, אס.פי.",,,יח`,30,גרם,false,1,16.90,56.33,true,1,
4009300522966,false,תה ירוק עם נענע פומפדור 20 יחידות,"איטיליאן פוד, אס.פי.",,,יח`,30,גרם,false,1,16.90,56.33,true,1,
4009300525684,false,חליטת צמחים פומפדור ג'ינג'ר ולימון 20 יחידות,ש. שסטוביץ בע`מ,,,יח`,35,גרם,false,1,15.90,45.43,true,1,
4009300530206,false,תה חליטת פומפדור תפוח טורקי 20 יח,ש.שסטוביץ בעמ,,,יח`,1,,false,1,15.90,15.90,true,1,
4009900013581,false,מסטיק אורביט ספרמינט סטיקס משפחתי-חמישיות,"מרס ריגלי ישראל בע""מ",,,יח`,1,,false,1,9.90,9.90,false,1,
4009900379564,false,מסטיק טייפ בטעם פירות הובה בובה (56 גרם),מרס ריגלי קונפקשונרי,,,יח`,56,גרם,false,1,6.90,12.32,false,1,
4009900381352,false,הובה בובה טייפ תות,מרס ריגלי ישראל בעמ,,,יח`,56,גרם,false,1,6.60,11.79,false,1,
4009900385824,false,מסטיק אורביט פפרמינט סטיקס משפחתי-חמישיות,"מרס ריגלי ישראל בע""מ",,,יח`,1,,false,1,9.90,9.90,false,1,
4009900402965,false,אורביט וויט בטעם פירות בקבוקון 46מלבניות,"מרס ריגלי ישראל בע""מ",,,יח`,1,,false,1,10.90,10.90,true,1,
4009900403023,false,אורביט וויט בטעם מנטה בקבוקון 46 מלבניות,"מרס ריגלי ישראל בע""מ",,,יח`,1,,false,1,10.90,10.90,true,1,
4009900420129,false,מסטיק אורביט פרופשנל פפרמינט בקבוקון 64 גר',"מרס ריגלי ישראל בע""מ",,,יח`,1,,false,1,10.90,10.90,true,1,
4009900455299,false,"סוכרית ג'לי אדומה 174 גרם ""סקיטלס""","מרס ריגלי ישראל בע""מ",,,יח`,174,גרם,false,1,8.90,5.11,true,1,
4009900465304,false,סוכריות סקיטלס פירות חמוצים 174 גרם,"מרס ריגלי ישראל בע""מ",,,יח`,174,גרם,false,1,8.90,5.11,true,1,
4009900479998,false,אורביט וויט אוכמניות בקבוקון 46 מלבניות,"מרס ריגלי ישראל בע""מ",,,יח`,1,,false,1,10.90,10.90,true,1,
4009900482417,false,מסטיק אורביט פירות מנטה בקבוקון באבל מינט 45יח,"מרס ריגלי ישראל בע""מ",,,יח`,1,,false,1,10.90,10.90,true,1,
4009900483803,false,מסטיק איירובס מנטה אקליפטוס בקבוקון 60יח',"מרס ריגלי ישראל בע""מ",,,יח`,84,גרם,false,1,13,15.48,false,1,
4009900484060,false,מסטיק אורביט פרופשיונל בטעם מנטה ללא סוכר,"מרס ריגלי ישראל בע""מ",,,יח`,84,גרם,false,1,13,15.48,false,1,
4009900484091,false,מסטיק אורביט פרופשיונל בטעם מנטה ללא סוכר,"מרס ריגלי ישראל בע""מ",,,יח`,84,גרם,false,1,13,15.48,false,1,
4009900484305,false,מסטיק אורביט פרופשיונל סוויטמינט ביגי לבן 60יח',"מרס ריגלי ישראל בע""מ",,,יח`,84,גרם,false,1,13,15.48,false,1,
4009900487283,false,מסטיק אורביט סטיקס מארז חמישייה ללס בטע,"מרס ריגלי ישראל בע""מ",,,יח`,1,,false,1,9.90,9.90,false,1,
4009900496247,false,"מסטיק אורביט לל""ס מלבניות בקבוק בבלימנט 60 יח","מרס ריגלי ישראל בע""מ",,,יח`,84,גרם,false,1,13,15.48,false,1,
4009900500166,false,סוכריות פירות אדום סקיטלס בקבוקון 125ג',"מרס ריגלי ישראל בע""מ",,,יח`,125,גרם,false,1,8.90,7.12,true,1,
4009900509770,false,מסטיק אורביט בטעם תות ללס אריזה מוגדלת,מרס ריגלי ישראל בעמ,,,יח`,1,,false,1,13,13,false,1,
4009900514996,false,מסטיק טעם תות בקבוקון אורביט 64 גרם,"מרס ריגלי ישראל בע""מ",,,יח`,1,,false,1,10.90,10.90,true,1,
4009900531122,false,"מסטיק בטעם מנטה ספירמינט, 64 ג' פרופשיונל אורפיט","מרס ריגלי ישראל בע""מ",,,יח`,1,,false,1,10.90,10.90,true,1,
4009900531573,false,סוכריות סקיטלס סמודיס בטעמי יוגורט ופירות,"מרס ריגלי ישראל בע""מ",,,יח`,174,גרם,false,1,8.90,5.11,true,1,
4009900534918,false,סקיטלס גאיינט פירות 141 גרם,מרס ריגלי ישראל בעמ,,,יח`,141,גרם,false,1,8.90,6.31,true,1,
4009900535519,false,מסטיק אורביט רפרשרס ספירמינט ללא סוכר 15.6גר',"מרס ריגלי ישראל בע""מ",,,יח`,15.60,גרם,false,1,3.90,25,true,1,
4009900535540,false,מסטיק אורביט רפרשרס פפרמינט ללא סוכר 15.6גר',"מרס ריגלי ישראל בע""מ",,,יח`,15.60,גרם,false,1,3.90,25,true,1,
4009900535823,false,מסטיק אורביט רפרשרס באבלמינט ללא סוכר 15.6גר',"מרס ריגלי ישראל בע""מ",,,יח`,15.60,גרם,false,1,3.90,25,true,1,
4009900536257,false,מסטיק אורביט רפרשרס ספירמינט בקבוקון ללא סוכר 67 גר',מרס ריגלי קונפקשונרי,,,יח`,67,גרם,false,1,11.90,17.76,true,1,
4009900536288,false,מסטיק אורביט רפרשרס פפרמינט בקבוקון ללא סוכר 67 גר',מרס ריגלי קונפקשונרי,,,יח`,67,גרם,false,1,11.90,17.76,true,1,
4009900536486,false,מסטיק אורביט רפרשרס באבלמינט בקבוקון ללא סוכר 67 גר',מרס ריגלי קונפקשונרי,,,יח`,67,גרם,false,1,11.90,17.76,true,1,
4009900539340,false,סוכריות ג`יינט פירות סקיטלס סאוור (141 ג,מרס ריגלי קונפקשונרי,,,יח`,141,גרם,false,1,8.90,6.31,true,1,
4009900539401,false,מסטייק אורבייט פייב באונוס מנטה HP,מרס ריגלי ישראל בעמ,,,יח`,14.40,גרם,false,1,3.90,27.08,false,1,
4009900539432,false,מסטייק אורבייט פייב באונוס אבטיח HP,מרס ריגלי ישראל בעמ,,,יח`,14.40,גרם,false,1,3.90,27.08,false,1,
4009900539685,false,"מסטיק פייב באונס בטעם מנטה בקבוקון, 61.8 גרם","מרס ריגלי ישראל בע""מ",,,יח`,67,גרם,false,1,11.90,17.76,false,1,
4009900539746,false,"מסטיק פייב באונס בטעם אבטיח בקבוקון, 61.8 גרם","מרס ריגלי ישראל בע""מ",,,יח`,67,גרם,false,1,11.90,17.76,false,1,
4011100002227,false,באונטי חטיף שוקולד קוקוס מארז 403 גרם,לינדט ושפרונגלי קילשברג,,,יח`,403,גרם,false,1,19.90,4.94,false,1,
4011800528416,false,קורני חטיף דגנים עם בוטנים מתוק-מלוח*6,משה סידס ובנו בעמ,,,יח`,150,גרם,false,1,9.90,6.60,false,1,
4011800567613,false,מאגדת קורני מילק דרק & ואיט 120 גרם,מיוצר עי קונדיטוריית,,,יח`,120,גרם,false,1,9.90,8.25,false,1,
4011800577810,false,מארז חטיפי קורני פרי נוגט 120 גרם,משה סידס ובנו בעמ,,,יח`,120,גרם,false,1,9.90,8.25,false,1,
4011800617714,false,"""קורני"" ביג שוקו בננה50 גרם",מיוצר עי קונדיטוריית,,,יח`,50,גרם,false,1,4.90,9.80,true,1,
4011800617813,false,"""קורני"" ביג בראוניס 50 גרם",משה סידס ובנו בעמ,,,יח`,50,גרם,false,1,4.90,9.80,true,1,
4011800617912,false,קורני ביג נאטס אגוזי,משה סידס ובנו בעמ,,,יח`,50,גרם,false,1,4.90,9.80,true,1,
4011800618315,false,קורני ביג דארק אנד וואיט 40 גר`,משה סידס ובנו בעמ,,,יח`,40,גרם,false,1,4.90,12.25,true,1,
4011800628512,false,חטיף קורני שוקולד חלב 6 יח 150 גר,מיוצר עי קונדיטוריית,,,יח`,150,גרם,false,1,9.90,6.60,false,1,
4011800630515,false,חטיף קורני שוקולד חלב ובננה 6 יח 150 גר,מיוצר עי קונדיטוריית,,,יח`,150,גרם,false,1,9.90,6.60,false,1,
4011800632519,false,חטיף קורני שישייה שוקולד חלבי וקוקוס,מיוצר עי קונדיטוריית,,,יח`,150,גרם,false,1,9.90,6.60,false,1,
4011800633516,false,קורני שוקולד מריר מעולה 58% קקאו 6*1,משה סידס ובנו בעמ,,,יח`,150,גרם,false,1,9.90,6.60,false,1,
4011800636517,false,קורני פרי שוקולד חלב מעולה ללא סוכר 6*1,מיוצר עי קונדיטוריית,,,יח`,120,גרם,false,1,9.90,8.25,false,1,
4013227013414,false,פינה קולדה סרפרז (700 מל),הכרם - משקאות חריפים בעמ,,,יח`,700,"מ""ל",false,1,39.90,5.66,false,1,
4014400900217,false,בונבונריית מרסי מבחר ממתקי שוקולד 400 גרם,קריניציה ויטמינה אס,,,יח`,400,גרם,false,1,39.90,9.98,false,1,
4014400901412,false,מרסי בונבוניירה שוק`מריר 250 גר כשלפ,ליימן שליסל בע`מ,,,יח`,250,גרם,false,1,24.90,9.96,false,1,
4014400904277,false,סוכריות בטעם מנטה אייס פרש סטורק 425 גרם,ליימן שליסל בע`מ,,,יח`,425,גרם,false,1,14.90,3.51,true,1,
4014400904376,false,סוכריות טופי בטעם שוקולד סטורק 325 גרם,קריניציה ויטמינה אס,,,יח`,325,גרם,false,1,14.90,4.58,true,1,
4014400904390,false,סוכריות טופי ממולא חלב סטורק 325 גרם,קריניציה ויטמינה אס,,,יח`,325,גרם,false,1,14.90,4.58,true,1,
4014400910063,false,סוכריות חמאה וורטרס אורגינל (135 גרם),ליימן שליסל בע`מ,,,יח`,135,גרם,false,1,8.90,6.59,false,1,
4014400913910,false,וורטרס אורגינל סוכריות חמאה ממולאות קרם קרמל בשקית,ליימן שליסל בע`מ,,,יח`,125,גרם,false,1,8.90,7.12,false,1,
4014400914696,false,וורטרס אורגינל סוכריות ללא סוכר 80 גרם,ליימן שליסל בע`מ,,,יח`,80,גרם,false,1,8.90,11.13,false,1,
4014400914924,false,"סוכריות בטעם קפה וורטר אורגינל לל""ס 80 גרם",קריניציה ויטמינה אס,,,יח`,80,גרם,false,1,8.90,11.13,false,1,
4014400923711,false,בונבוניירה שוקולד אגוזים טופיפי 125 גרם,ליימן שליסל בע`מ,,,יח`,125,גרם,false,1,12.90,10.32,true,1,
4015000031394,false,"ספטיל - משחה להסרת כתמים 200 מ""ל",גורי שיווק בעמ,,,יח`,200,גרם,false,1,15.90,7.95,false,1,
4015400564034,false,מגן תחתון אולוויז מגה פק לונג פלוס 58 יחידות,דיפלומט מפיצים (1986) בע`מ,,,יח`,1,,false,1,19.90,19.90,true,1,
4015400564454,false,מגני תחתון אולוויז לארג' עם ניחוח מגה פק,דיפלומט מפיצים (1986) בע`מ,,,יח`,1,,false,1,19.90,19.90,true,1,
4015400681670,false,תחבושות אולוויז וליו פק לילה בטוח 18 יחידות,דיפלומט מפיצים (1986) בע`מ,,,יח`,1,,false,1,19.90,19.90,true,1,
4015400690313,false,טמפונים פרל רגולר טמפקס קומפאק 18 יח,דיפלומט מפיצים (1968) בעמ,,,יח`,1,,false,1,21.90,21.90,false,1,
4015400690498,false,טמפונים פרל סופר פלוס טמפקס קומפאק 18 יח,דיפלומט מפיצים (1968) בעמ,,,יח`,1,,false,1,21.90,21.90,false,1,
4015400731719,false,תחבושות היגייניות אולוויז יום ולילה Day & Night,דיפלומט מפיצים (1986) בע`מ,,,יח`,1,,false,1,19.90,19.90,true,1,
4015400746812,false,מגני תחתון אולוויז נורמל עם ניחוח מגה פק,דיפלומט מפיצים (1986) בע`מ,,,יח`,1,,false,1,19.90,19.90,true,1,
4015400755241,false,תחבושות היגייניות אולוויז אולטרה נורמל - 28 יח',דיפלומט מפיצים (1986) בע`מ,,,יח`,1,,false,1,19.90,19.90,true,1,
4015400755487,false,תחבושות היגייניות אולוויז אולטרה לונג - 24 יח',דיפלומט מפיצים (1986) בע`מ,,,יח`,1,,false,1,19.90,19.90,true,1,
4015400990543,false,"אבקת כביסה קולור 8 ק""ג אריאל",דיפלומט מפיצים (1968) בעמ,,,יח`,8,"ק""ג",false,1,59.90,7.49,true,1,
4015600762742,false,שמפו יומיומי למניעת קשקשים הנוסחה הקלאסית,דיפלומט מפיצים (1986) בע`מ,,,יח`,500,"מ""ל",false,1,19.90,3.98,false,1,
4015600762780,false,שמפו וקונדישינר יומיומי למניעת קשקשים הנוסחה הקלאסית 2in1,דיפלומט מפיצים (1986) בע`מ,,,יח`,500,"מ""ל",false,1,19.90,3.98,false,1,
4015600762902,false,"שמפו האד אנד שולדרס מנטול 500 מ""ל",דיפלומט מפיצים (1986) בע`מ,,,יח`,500,"מ""ל",false,1,19.90,3.98,false,1,
4015600763022,false,שמפו יומיומי למניעת קשקשים לשיער יבש/פגום לשיער רך כמשי,דיפלומט מפיצים (1986) בע`מ,,,יח`,500,"מ""ל",false,1,19.90,3.98,false,1,
4015600763251,false,שמפו הד&שולדרס קלאסי 600 מל,דיפלומט מפיצים (1968) בעמ,,,יח`,600,"מ""ל",false,1,23.90,3.98,false,1,
4015600763299,false,"הד שולדרס שמפו קלאסי 2ב1 600מ""ל",דיפלומט מפיצים (1968) בעמ,,,יח`,600,"מ""ל",false,1,23.90,3.98,false,1,
4015600763411,false,שמפו הד&שולדרס מנטול 600 מל,דיפלומט מפיצים (1968) בעמ,,,יח`,600,"מ""ל",false,1,23.90,3.98,false,1,
4015600763459,false,שמפו הד&שולדרס תפוח 600 מל,דיפלומט מפיצים (1968) בעמ,,,יח`,600,"מ""ל",false,1,23.90,3.98,false,1,
4015600763534,false,שמפו הד&שולדרס מגע משי 600 מל,דיפלומט מפיצים (1968) בעמ,,,יח`,600,"מ""ל",false,1,23.90,3.98,false,1,
4015600766658,false,"הד אנד שולדרס שמפו2 ב 1 מנטול 600 מ""ל",דיפלומט מפיצים (1968) בעמ,,,יח`,600,"מ""ל",false,1,23.90,3.98,false,1,
4017040008060,false,דונאטס בציפוי קרם ופצפוצי שוקולד לבן,קונסיגנציה ג`נרל מילס ישראל בע,,,יח`,1,,false,1,6.90,6.90,false,1,
4017040022936,false,דונאטס פילסברי אוראו/מילקה,קונסיגנציה ג`נרל מילס ישראל בע,,,יח`,1,,false,1,7.90,7.90,false,1,
4017100198151,false,בלזן היט ביסקוויט עם מלית קרם בטעם וניל (41%) 220 גרם,הדקלאים אגודת שיתופי,,,יח`,220,גרם,false,1,9.90,4.50,false,1,
4017100219900,false,בלזן וופלטן וופל מגולגל מצופה שוקולד חלב 100 גרם,הדקלאים אגודת שיתופי,,,יח`,100,גרם,false,1,12.90,12.90,true,1,
4017100290008,false,בלזן בסקויט חמאה מצופה שוקולד חלב 125 גרם,הדקלאים אגודת שיתופי,,,יח`,125,גרם,false,1,12.90,10.32,true,1,
4022025261002,false,"בלו ווין גוורצטרמינר כשר 750 מ""ל",היכל היין שקד גולן בעמ,,,יח`,750,"מ""ל",false,1,49.90,6.61,true,1,
4025700001962,false,מילקה טבלה 100 גר' לבן 1/22 (4248023),דיפלומט מפיצים (1968) בעמ**,,,יח`,100,גרם,false,1,6.90,6.90,true,1,
4033100013348,false,סיגריות אל די כחול ארוך בודד,גלוברנדס בעמ - שיווק סיגריות,,,יח`,1,,false,1,32,32,true,1,
4033100014499,false,סיגריות אל די כחול בודד,גלוברנדס בעמ - שיווק סיגריות,,,יח`,1,,false,1,32,32,true,1,
4033100014529,false,סיגריות אל די סלים בודד,גלוברנדס בעמ - שיווק סיגריות,,,יח`,1,,false,1,29,29,true,1,
4033100024146,false,סיגריות ווינסטון קוד בודד,גלוברנדס בעמ - שיווק סיגריות,,,יח`,1,,false,1,32,32,true,1,
4033100024252,false,סיגריות ווינסטון אקווה בודד,גלוברנדס בעמ - שיווק סיגריות,,,יח`,1,,false,1,32,32,true,1,
4033100038914,false,טבק כאמל צהוב + נייר גלגול 30ג',גלוברנדס בעמ - שיווק סיגריות,,,יח`,1,,false,1,67,67,false,1,
4033100046490,false,סיגריות ווינסטון אקווה ארוך בודד,גלוברנדס בעמ - שיווק סיגריות,,,יח`,1,,false,1,32,32,true,1,
4033100064036,false,וינסטון כחול טבק לגלגול חפיסה,גלוברנדס בעמ - שיווק סיגריות,,,יח`,1,,false,1,66.50,66.50,false,1,
4066600601920,false,פאולנר ביתר חיטה מעוננת 500 מל,טמפו משקאות בע`מ,,,יח`,500,"מ""ל",false,1,9.90,1.92,false,1,
4066600999614,false,"בירה פאולנר, בירת חיטה מעוננת, בקבוק 500 מ""ל",טמפו משקאות בע`מ,,,יח`,500,"מ""ל",false,1,10.90,2.12,false,1,
4079400182742,false,בירה פילסנר 4.9% שישייה בקבוק 330 מל,אבאל יזמות בעמ,,,יח`,1.98,1 ליטר,false,1,29.90,14.19,false,1,
4079400330129,false,"בירה פילסנר וולטרס 4.9% 500 מ""ל בפחית",אבאל יזמות בעמ,,,יח`,500,"מ""ל",false,1,5.90,1.12,true,1,
4084500065536,false,פנטן קרם לחות מוגברת לעיצוב שיער 300 מל,דיפלומט מפיצים (1968) בעמ,,,יח`,300,"מ""ל",false,1,19.90,6.63,false,1,
4084500088917,false,נוזל לניקוי כלים לימון פיירי (650 מל),דיפלומט מפיצים (1986) בע`מ,,,יח`,650,"מ""ל",false,1,10.90,1.68,false,1,
4084500371422,false,"אבקת כביסה אריאל שושן צחור 8 ק""ג",דיפלומט מפיצים (1968) בעמ,,,יח`,8000,גרם,false,1,59.90,0.75,true,1,
4084500739253,false,"אוראל בי משחת שיניים- להלבנה לובן מהודר 75 מ""ל",דיפלומט מפיצים (1968) בעמ,,,יח`,75,גרם,false,1,29.90,39.87,true,1,
4084500853836,false,"נוזל כלים פיירי ורדים ומשי 515 מ""ל בד""צ",דיפלומט מפיצים (1986) בע`מ,,,יח`,515,"מ""ל",false,1,10.90,2.12,false,1,
4084500853898,false,"נוזל כלים פיירי אלוורה ומלפפונים 515 מ""ל בד""צ",דיפלומט מפיצים (1986) בע`מ,,,יח`,515,"מ""ל",false,1,10.90,2.12,false,1,
4105120623941,false,"בירה ויינשטפן בק' ח""פ 500 מ""ל",החברה המרכזית להפצת משקאות בעמ,,,יח`,500,"מ""ל",false,1,11.90,2.32,false,1,
4260147890513,false,אטריות ביצים דקות ורמיצ'לי 500ג',דין שיווק וקליה 2021 בעמ,,,יח`,500,גרם,false,1,10.90,2.18,true,1,
4260147890711,false,אטריות ביצים מגולגלות שקדיה 500 גרם,דין שיווק וקליה 2021 בעמ,,,יח`,500,גרם,false,1,10.90,2.18,true,1,
4603400000043,false,וודקה רוסקי יורוסטנדרט (700 מל),רוסקי סטנדרט וודקה,,,יח`,700,"מ""ל",false,1,59.90,8.51,false,1,
4605561010343,false,פילה דג הרינג חתיכות בשמן 500 גרם,דילר בי.אמ.די פורמולה בעמ,,,יח`,500,גרם,false,1,26.90,5.38,true,1,
4605561012613,false,פילה דג הרינג קצוץ בשמן 400 גרם,דילר בי.אם.די. פורמולה בעמ,,,יח`,400,גרם,false,1,15.90,3.98,true,1,
4605561013009,false,פילה דג הרינג בשמן 400 גרם,דילר בי.אם.די. פורמולה בעמ,,,יח`,400,גרם,false,1,15.90,3.98,true,1,
4640018993398,false,פיניש קוואנטום 60 יח' קפסולות ג'ל למדיח כלים,רקיט בנקיזר (ניר איסט) בעמ,,,יח`,1,,false,1,59.90,59.90,true,1,
4710068001692,false,מאסטר קפה בטעם לאטה בפחית 240מ`ל,תאיט מרקטינג אנד דיסטריב,,,יח`,250,"מ""ל",false,1,6.60,2.64,true,1,
4710068001715,false,משקה בטעם טירמיסו מאסטר קפה (240 מל),יוני פרזינדנט אנטרפר,,,יח`,240,"מ""ל",false,1,6.60,2.75,true,1,
4710068001739,false,מאסטר קפה בטעם קולומביאני בפחית 240מ`ל,יוני פרזינדנט אנטרפר,,,יח`,250,"מ""ל",false,1,6.60,2.64,true,1,
4800888150080,false,"דאב - דאודורנט רול און לאישה פרש טאצ' מלפפונים 50 מ""ל",יוניליוור ישראל שיווק בע`מ,,,יח`,50,גרם,false,1,14.90,29.80,false,1,
4800888219541,false,רקסונה - דאודורנט סטיק לאישה פאוודר דרי 50 גרם,"יוניליוור ישראל שיווק בע""מ",,,יח`,50,"מ""ל",false,1,14.90,29.80,false,1,
4810168000011,false,פילה דג הרינג מלוח מצונן 250 גרם,דילר בי.אם.די. פורמולה בעמ,,,יח`,250,גרם,false,1,13.90,5.56,true,1,
4810168000998,false,פילה דג הרינג מלוח מצונן עם בצל בצנצנת חתיכות 260גרם,דילר בי.אם.די. פורמולה בעמ,,,יח`,260,גרם,false,1,17.90,6.88,true,1,
4810168051396,false,בצק שמרים מרודד מוקפא 450 גרם,דילר בי.אמ.די פורמולה בעמ,,,יח`,450,גרם,false,1,8.90,1.98,false,1,
4810168051570,false,"בלינצ'ס במילוי תפו""ע וקינמון מוקפא 360 גרם",דילר בי.אם.די. פורמולה בעמ,,,יח`,360,גרם,false,1,12.90,3.58,true,1,
4810168055875,false,חתיכות פילה דג הרינג מתובל ממולח בשמן 1200 גרם,דילר בי.אם.די. פורמולה בעמ,,,"ק""ג",1000,גרם,true,1,50,5,false,1,
4810168055882,false,חתיכות פילה דג הרינג ממולח בשמן 1200 גרם,דילר בי.אם.די. פורמולה בעמ,,,"ק""ג",1000,גרם,true,1,50,5,false,1,
4810168055905,false,פילה דג הרינג סקנדינבי ממולח בשמן 1200 גרם,דילר בי.אם.די. פורמולה בעמ,,,"ק""ג",1000,גרם,true,1,50,5,false,1,
4810168057435,false,חתיכות פילה דג XXLהרינג מלוח בשמן מצונן 400 גרם,דילר בי.אם.די. פורמולה בעמ,,,יח`,400,גרם,false,1,26.90,6.73,true,1,
4810168057510,false,חתיכות פילה דג הרינג מתובל מלוח בשמן 400 גרם,דילר בי.אם.די. פורמולה בעמ,,,יח`,400,גרם,false,1,26.90,6.73,true,1,
4810168058548,false,חתיכות פילה דג הרינג סקנדינבי ממולח 1200 גרם,דילר בי.אם.די. פורמולה בעמ,,,"ק""ג",1000,גרם,true,1,50,5,false,1,
4810168058975,false,חתיכות פילה דג הרינג סקנדינבי מלוח מצונן 260 גר,דילר בי.אם.די. פורמולה בעמ,,,יח`,260,גרם,false,1,17.90,6.88,true,1,
4823077613203,false,שוקולד רושן מריר + פונדוק שלם 90 גר רושן,דילר בי.אמ.די.אינטרנשויונל בעמ,,,יח`,90,גרם,false,1,7.90,8.78,true,1,
4823077613630,false,חטיף שוקולד רושן ממולה קרם בורלה 43 גרם,דילר בי.אמ.די.אינטרנשויונל בעמ,,,יח`,43,גרם,false,1,3.90,9.07,true,1,
4823077614675,false,ביסקוויט לקפה רושן בטעם חלב 185 גרם,דילר בי.אמ.די.אינטרנשויונל בעמ,,,יח`,185,גרם,false,1,3.90,2.11,true,1,
4823077614699,false,ביסקוויט לקפה רושן בטעם חמאה וניל 185 גרם,דילר בי.אמ.די.אינטרנשויונל בעמ,,,יח`,185,גרם,false,1,3.90,2.11,true,1,
4823077614767,false,שוקולד רושן חלב נוגט בטעם אגוזי לוז 90 גרם,דילר בי.אמ.די.אינטרנשויונל בעמ,,,יח`,90,גרם,false,1,4.90,5.44,true,1,
4823077614804,false,שוקולד רושן חלב נוגט בטעם אוכמניות כחולות 90 גרם,דילר בי.אמ.די.אינטרנשויונל בעמ,,,יח`,90,גרם,false,1,4.90,5.44,true,1,
4823077617041,false,חטיף שוקולד רושן ממולה קרם קרמל 43 גרם,דילר בי.אמ.די.אינטרנשויונל בעמ,,,יח`,43,גרם,false,1,3.90,9.07,true,1,
4823077618161,false,גליליות ופל רושן קונפטו חלב 140 גרם,דילר בי.אמ.די.אינטרנשויונל בעמ,,,יח`,140,גרם,false,1,6.90,4.93,true,1,
4823077621635,false,חטיף שוקולד רושן בטעם חלב 72 גרם,דילר בי.אמ.די.אינטרנשויונל בעמ,,,יח`,72,גרם,false,1,3.90,5.42,true,1,
4823077621642,false,חטיף שוקולד רושן בטעם שוקולד 72 גר,דילר בי.אמ.די.אינטרנשויונל בעמ,,,יח`,72,גרם,false,1,3.90,5.42,true,1,
4823077621659,false,חטיף שוקולד רושן בטעם אגוז 72 גר,דילר בי.אמ.די.אינטרנשויונל בעמ,,,יח`,72,גרם,false,1,3.90,5.42,true,1,
4823077624223,false,"רושן ממתקי סוכריות ג'ילי ""בוני פרוט"" בטעמי פירות 200 גר",דילר בי.אמ.די.אינטרנשויונל בעמ,,,יח`,200,גרם,false,1,6.90,3.45,true,1,
4823077624247,false,"רושן ממתקי סוכריות ג'ילי ""בוני פרוט"" בטעם הדרים 200 גר",דילר בי.אמ.די.אינטרנשויונל בעמ,,,יח`,200,גרם,false,1,6.90,3.45,true,1,
4823077625589,false,וופל וואפרס חלב רושן 216 גר,דילר בי.אמ.די.אינטרנשויונל בעמ,,,יח`,216,גרם,false,1,6.90,3.19,true,1,
4823077625602,false,וופל וואפרס שוקולד רושן 216 גר,דילר בי.אמ.די.אינטרנשויונל בעמ,,,יח`,216,גרם,false,1,6.90,3.19,true,1,
4823077625626,false,וופל וואפרס אגוז רושן 216 גר,דילר בי.אמ.די.אינטרנשויונל בעמ,,,יח`,216,גרם,false,1,6.90,3.19,true,1,
4823077626203,false,שוקולד רושן אורירי מריר 80 גרם,דילר בי.אמ.די.אינטרנשויונל בעמ,,,יח`,80,גרם,false,1,6.90,8.63,true,1,
4823077626227,false,שוקולד רושן אורירי חלב 80 גרם,דילר בי.אמ.די.אינטרנשויונל בעמ,,,יח`,80,גרם,false,1,6.90,8.63,true,1,
4823077626241,false,שוקולד רושן אורירי לבן קרמל 80 גרם,דילר בי.אמ.די.אינטרנשויונל בעמ,,,יח`,80,גרם,false,1,6.90,8.63,true,1,
4823077626364,false,שוקולד רושן אורירי לבן 80 גרם,דילר בי.אמ.די.אינטרנשויונל בעמ,,,יח`,80,גרם,false,1,6.90,8.63,true,1,
4823077630422,false,"סנדוויץ' קרקר חלב וניל רושן 235 גרם "" 2 CRACK """,דילר בי.אמ.די.אינטרנשויונל בעמ,,,יח`,235,גרם,false,1,8.90,3.79,false,1,
4823077631467,false,קרקר עם מלח ים רושן 168 גר HI DAY,דילר בי.אמ.די.אינטרנשויונל בעמ,,,יח`,168,גרם,false,1,4.90,2.92,true,1,
4823077631474,false,קרקר קלאסי רושן 168 גר HI DAY,דילר בי.אמ.די.אינטרנשויונל בעמ,,,יח`,168,גרם,false,1,4.90,2.92,true,1,
4823077631863,false,גליליות ופל רושן קונפטו וניל 140 גרם,דילר בי.אמ.די.אינטרנשויונל בעמ,,,יח`,140,גרם,false,1,6.90,4.93,true,1,
4823077632112,false,וופל רושן בטעם קקאו חלב 216 גרם,דילר בי.אמ.די.אינטרנשויונל בעמ,,,יח`,216,גרם,false,1,6.90,3.19,true,1,
4823077632259,false,חטיף שוקולד רושן עם בוטנים 43 גרם,דילר בי.אמ.די.אינטרנשויונל בעמ,,,יח`,38,גרם,false,1,3.90,10.26,true,1,
4823077632570,false,שוקולד רושן BRUT מריר 85 גרם,דילר בי.אמ.די.אינטרנשויונל בעמ,,,יח`,85,גרם,false,1,6.90,8.12,true,1,
4823077633034,false,"גליליות וופל רושן ""קונאפטו"" קקאו 140 ג",דילר בי.אמ.די.אינטרנשויונל בעמ,,,יח`,140,גרם,false,1,6.90,4.93,true,1,
4823077633058,false,"גליליות וופל רושן ""קונאפטו"" אגוז 140 ג",דילר בי.אמ.די.אינטרנשויונל בעמ,,,יח`,140,גרם,false,1,6.90,4.93,true,1,
4823077633324,false,עוגיות שוקוצ'יפס LOVITA עם חתיכות שוקולד 150 גרם,דילר בי.אמ.די.אינטרנשויונל בעמ,,,יח`,150,גרם,false,1,6.90,4.60,true,1,
4823077633331,false,עוגיות שוקוצ'יפס LOVITA בטעם תפוז 150 גרם,דילר בי.אמ.די.אינטרנשויונל בעמ,,,יח`,150,גרם,false,1,6.90,4.60,true,1,
4823077633348,false,עוגיות שוקוצ'יפס LOVITA עם חתיכות בוטנים 150 גרם,דילר בי.אמ.די.אינטרנשויונל בעמ,,,יח`,150,גרם,false,1,6.90,4.60,true,1,
4823077634178,false,עוגיות רושן LOVITA במילוי תפוח קינמון 168 גרם,דילר בי.אמ.די.אינטרנשויונל בעמ,,,יח`,168,גרם,false,1,6.90,4.11,true,1,
4823077634222,false,עוגיות Lovita ממולאות ג'לי תפוז מצופות צימקאו,דילר בי.אמ.די.אינטרנשויונל בעמ,,,יח`,135,גרם,false,1,6.90,5.11,true,1,
4823077634246,false,עוגיות Lovita ממולאות ג'לי פטל מצופות צימקאו,דילר בי.אמ.די.אינטרנשויונל בעמ,,,יח`,168,גרם,false,1,5.90,3.51,true,1,
4823077634277,false,עוגיות Lovita ממולאות ג'לי תות שדה מצופות צימקאו,דילר בי.אמ.די.אינטרנשויונל בעמ,,,יח`,135,גרם,false,1,6.90,5.11,true,1,
4823077634369,false,שוקולד רושן חלב אוורירי ופצפוצי אורז 85 גר LACMI CRISP,דילר בי.אמ.די.אינטרנשויונל בעמ,,,יח`,85,גרם,false,1,6.90,8.12,true,1,
4823077634376,false,שוקולד רושן חלב אוורירי קרם אגוזים lacmuי 85 גרם,דילר בי.אמ.די.אינטרנשויונל בעמ,,,יח`,85,גרם,false,1,6.90,8.12,true,1,
4823077636004,false,עוגיות Lovita ממולאות ג'לי דובדבן מצופות צימקאו,דילר בי.אמ.די.אינטרנשויונל בעמ,,,יח`,135,גרם,false,1,6.90,5.11,true,1,
4823077636110,false,עוגיות תפוז LOVITAי 420 גרם,דילר בי.אמ.די.אינטרנשויונל בעמ,,,יח`,420,גרם,false,1,16.90,4.02,true,1,
4823077636172,false,וופל רושן בטעם לימון 216 גרם,דילר בי.אמ.די.אינטרנשויונל בעמ,,,יח`,216,גרם,false,1,6.90,3.19,true,1,
4823077636332,false,עוגיות רושן LOVITA במילוי קרם שוקולד 127 גרם,דילר בי.אמ.די.אינטרנשויונל בעמ,,,יח`,127,גרם,false,1,6.90,5.43,false,1,
4823077636561,false,סוכריות ממולאות בטעם חלב קפה קפה לייק 378 גרם,דילר בי.אמ.די.אינטרנשויונל בעמ,,,יח`,378,גרם,false,1,11.90,3.15,true,1,
4903001904192,false,רוטב סויה יאמאסה פרימיום 500מ`ל,הדקלאים אגודת שיתופי,,,יח`,500,"מ""ל",false,1,17.90,3.58,false,1,
5000054359500,false,פריסקיז פטה כבד ועוף 156גרם,קבוצת אוסם סחר-שות.מוגבלת,,,יח`,156,גרם,false,1,6.90,4.42,false,1,
5000157143365,false,מתבל בטעם מיונז וקטשופ היינץ 425 גרם,דיפלומט מפיצים (1968) בעמ**,,,יח`,425,גרם,false,1,14.90,3.51,false,1,
5000159407236,false,מרס חטיף שוקולד עם קרמל 51 גרם,"מרס ריגלי ישראל בע""מ",,,יח`,50,גרם,false,1,3.90,7.80,true,1,
5000159459228,false,חטיף אצבעות קרמל ושוקולד טוויקס (50 גרם),"מרס ריגלי ישראל בע""מ",,,יח`,57,גרם,false,1,3.90,6.84,true,1,
5000159538626,false,טוויקס מארז חטיף 50 גרם חמישייה,"מרס ריגלי ישראל בע""מ",,,יח`,200,גרם,false,1,9.90,4.95,false,1,
5000159538640,false,באונטי מארז חטיף 57 גרם חמישייה,"מרס ריגלי ישראל בע""מ",,,יח`,200,גרם,false,1,9.90,4.95,false,1,
5000168199245,false,שוקולד חלב מעולה בתוספת קרמל מלוח פיור גודייבה 90 ג',"אולקר מקבוצת פלאדיס, ציק",,,יח`,90,גרם,false,1,14.90,16.56,true,1,
5000204114867,false,"גלייד ארוסול בניחוח וניל 300 מ""ל","דנשר (1963) בע,מ",,,יח`,300,"מ""ל",false,1,10.90,3.63,true,1,
5000204115048,false,גלייד ארוסול מבשם אוויר בניחוח לבנדר,"אס.סי ג'\ונסון,מידרכט, ה",,,יח`,300,"מ""ל",false,1,10.90,3.63,true,1,
5000204153842,false,גלייד ספריי אוטומטי מילוי (מילוי בניחוח,קוסטר אירוסול ואלף סאן,,,יח`,269,"מ""ל",false,1,17.90,6.65,true,1,
5000204153903,false,מטהר אוויר גלייד מילוי אוטומטי מרכך כביסה,"קוסטר אירוסול ואלף סאן,",,,יח`,269,"מ""ל",false,1,17.90,6.65,true,1,
5000204155815,false,"גלייד מארז אוטומטי מרכך כביסה 269 מ""ל","דנשר (1963) בע,מ",,,יח`,1,,false,1,44.90,44.90,false,1,
5000204156218,false,מבשם אויר אוטומטי בניחוח לבנדר גלייד 269,יצרן אירוסול: קוסטור איר,,,יח`,1,,false,1,44.90,44.90,false,1,
5000204167610,false,"גלייד ארוסול בניחוח פסטיבל קינמון 300 מ""ל",דנשר (1963) בעמ,,,יח`,300,"מ""ל",false,1,17.90,5.97,false,1,
5000204220933,false,"קוטל מעופפים אירוסול אקליפטוס 300 מ""ל רייד","דנשר (1963) בע,מ",,,יח`,300,"מ""ל",false,1,17.90,5.97,false,1,
5000204243031,false,"נוזל לאסלה ירח פורח 750 מ""ל דאק",טואלט דאק (ג'ונסון),,,יח`,750,"מ""ל",false,1,10.90,1.45,false,1,
5000267024233,false,"וויסקי ג'וני בלאק לייבל עם פורר 700מ""ל",החברה המרכזית להפצת משקאות בעמ,,,יח`,700,"מ""ל",false,1,129.90,18.51,false,1,
5000394137486,false,רביעיות סוללות אופטימום AA דורסל,דיפלומט מפיצים (1968) בעמ,,,יח`,1,,false,1,17.90,17.90,false,1,
5000394137516,false,רביעיות סוללות אופטימום AAA דורסל,דיפלומט מפיצים (1968) בעמ,,,יח`,1,,false,1,17.90,17.90,false,1,
5000394140820,false,שישיות סוללות AA פלוס פאוור דורסל,דיפלומט מפיצים (1986) בע`מ,,,יח`,1,,false,1,16.90,16.90,true,1,
5000394141209,false,שישיות סוללות AAA פלוס פאוור דורסל,דיפלומט מפיצים (1986) בע`מ,,,יח`,1,,false,1,16.90,16.90,true,1,
5000394203884,false,סוללות דורסל ליתיום זוג,דיפלומט מפיצים (1968) בעמ,,,יח`,1,,false,1,14.90,14.90,false,1,
5000394203921,false,זוג סוללות ליתיום 2032 דורסל,דיפלומט מפיצים (1986) בע`מ,,,יח`,1,,false,1,19.90,19.90,false,1,
5010123703547,false,ליסטרין פרש בורסט 500 מל-יבוא מקביל,בית הצעצוע בעמ,,,יח`,500,"מ""ל",false,1,14.90,2.98,false,1,
5010123703585,false,ליסטרין קולמינט 500 מל-יבוא מקביל,רותם מיטרו יבוא וסחר,,,יח`,500,"מ""ל",false,1,14.90,2.98,false,1,
5010123730222,false,ליסטרין טוטאל קר 500 מל-יבוא מקביל,בית הצעצוע בעמ,,,יח`,500,"מ""ל",false,1,14.90,2.98,false,1,
5010182997253,false,רייד תרסיס קוטל ג'וקים/תיקנים 300 מל,אס.סי.ג'ונסון מידרכט,,,יח`,300,"מ""ל",false,1,17.90,5.97,false,1,
5010182997338,false,דאק ג'ל לניקוי אסלות בניחוח רענן 55 מל,"איטיליאן פוד, אס.פי.",,,יח`,55,גרם,false,1,12.90,23.45,false,1,
5010182998861,false,דאק נוזל לניקוי אסלות בניחוח רענן 750 מל,מיוצר עי קונדיטוריית,,,יח`,750,"מ""ל",false,1,10.90,1.45,false,1,
5010677552387,false,"בקרדי בריזר אננס 275 מ""ל בקבוק",בקרדי בריזר Bacardi Breezer,,,יח`,275,"מ""ל",false,1,14,4.98,true,1,
5011417552247,false,"אירוויק מבשם אויר נטול גז בניחוח פשתן ופרחי לילך 345 מ""ל",רקיט בנקיזר (ניר איסט) בעמ,,,יח`,345,"מ""ל",false,1,14.90,4.32,true,1,
5013931015789,false,דישמאטיק ידית הפלא עם כרית פלדה,דישמטיק Dish matic,,,יח`,1,,false,1,19.90,19.90,true,1,
5013931015819,false,מארז כריות פלדה דיש מטיק (2 יח),דישמטיק Dish matic,,,יח`,1,,false,1,19.90,19.90,true,1,
5014271300429,false,"מעדן משמש 100% פרי סנטדלפור 284 גרם לל""ס",סאן דלפור - שמבור,,,יח`,284,גרם,false,1,19.90,7.01,true,1,
5014271310428,false,מעדן דובדבנים שחורים ללא תוספת סוכר 284 גרם,סאן דלפור - שמבור,,,יח`,284,גרם,false,1,19.90,7.01,true,1,
5014271330426,false,מעדן אוכמניות כחולות ללא תוספת סוכר 284 גרם,סאן דלפור - שמבור,,,יח`,284,גרם,false,1,19.90,7.01,true,1,
5014271360423,false,"מעדן תפוזים לל""ס סאן דלפור 284 גרם",סאן דלפור - שמבור,,,יח`,284,גרם,false,1,19.90,7.01,true,1,
5014271400426,false,"מעדן בטעם תות שדה לל""ס סאן דלפור 284 גרם",סאן דלפור - שמבור,,,יח`,284,גרם,false,1,19.90,7.01,true,1,
5014271560427,false,מעדן תפוז וג'ינג'ר ללא סוכר סאן דלפור 284 גר,סאן דלפור - שמבור,,,יח`,284,גרם,false,1,19.90,7.01,true,1,
5014271795980,false,מעדן חמוציות ואוכמניות ללא תוספת סוכר 284 גרם,א. סיימן סחר בעמ,,,יח`,284,גרם,false,1,19.90,7.01,true,1,
5029053002439,false,קלינקס - נייר טואולט קליניקס צהוב 9 גלילים,קימברלי קלארק ישראל שיווק בעמ,,,יח`,1,,false,1,32.90,32.90,false,1,
5029053032658,false,שמיניית ממחטות טישו קלינקס 9 יחידות,קימברלי קלארק ישראל שיווק בעמ,,,יח`,240,גרם,false,1,8.90,3.71,false,1,
5029053510811,false,תחבושות נורמל פלוס עם כנפיים קוטקס 28 יחידות,קימברלי קלארק ישראל שיווק בעמ,,,יח`,1,,false,1,19.90,19.90,false,1,
5029053510828,false,תחבושות סופר פלוס עם כנפיים קוטקס 22יחידות,קימברלי קלארק ישראל שיווק בעמ,,,יח`,1,,false,1,19.90,19.90,false,1,
5029053523446,false,קוטקס - תחבושות אולטרה נייט + כנפיים 20 יח',קימברלי קלארק ישראל שיווק בעמ,,,יח`,1,,false,1,19.90,19.90,false,1,
5029053527598,false,תחתוני ספיגה בנים לתופעת הרטבת לילה 8-15 האגיס,קימברלי קלארק ישראל שיווק בעמ,,,יח`,1,יח`,false,1,39.90,39.90,false,1,
5050083559761,false,דגני בוקר קלוגס קוקו פופס שוקוס 500 גרם,קלוגס מניופקטורינג אספנה,,,יח`,500,גרם,false,1,19.90,3.98,true,1,
5053827215862,false,דגני בוקר קלוגס קוקו פופס בטעם שוקולד (,קלוגס מניופקטורינג אספנה,,,יח`,500,גרם,false,1,19.90,3.98,true,1,
5060517886486,false,"משקה אנרגיה מונסטר אנרג'י בפחית 500 מ""ל",החברה המרכזית להפצת משקאות בעמ,,,יח`,500,"מ""ל",false,1,6.90,1.32,true,1,
5060639128051,false,"משקה אנרגיה מונסטר אולטרה בפחית 500 מ""ל",החברה המרכזית להפצת משקאות בעמ,,,יח`,500,"מ""ל",false,1,6.90,1.32,true,1,
5060639129102,false,"משקה אנרגיה מונסטר אנרג'י מנגו בפחית 500 מ""ל",החברה המרכזית להפצת משקאות בעמ,,,יח`,500,"מ""ל",false,1,6.90,1.32,true,1,
5060751218173,false,"משקה אנרגיה מונסטר אנרג'י piplin punch בפחית 500 מ""ל",החברה המרכזית להפצת משקאות בעמ,,,יח`,500,"מ""ל",false,1,6.90,1.32,true,1,
5060751219033,false,"משקה אנרגיה מונסטר אנרג'י זירו paradise בפחית 500 מ""ל",החברה המרכזית להפצת משקאות בעמ,,,יח`,500,"מ""ל",false,1,6.90,1.32,true,1,
5099864006377,false,תחליף חלב מהדרין שלב 1 סימילאק אדוונס 90,אבוט מעבדות רפואיות,,,יח`,900,גרם,false,1,74.90,8.32,false,1,
5200133120476,false,גלילות וופלים ממולאים קרם אגוזים וקקאו 400 ג',דיפלומט מפיצים (1968) בעמ**,,,יח`,400,גרם,false,1,16.90,4.23,true,1,
5200133120483,false,גליליות וופלים 400 גרם וניל גולדן ברייק,דיפלומט מפיצים (1968) בעמ**,,,יח`,400,גרם,false,1,16.90,4.23,true,1,
5201004020338,false,גליליות קפריס קרם אגוזים שוקולד 400 גר,משה סידס ובנו בעמ,,,יח`,400,גרם,false,1,19.90,4.98,false,1,
5201178801054,false,"קרם רב שימושי ניוואה 250 מ""ל",טרופיקל דגיל תעשיות,,,יח`,250,גרם,false,1,19.90,7.96,false,1,
5201347400545,false,רצועות שעווה מוכנות לשימוש לפנים ולאזורים רגישים,רקיט בנקיזר (ניר איסט) בעמ,,,יח`,1,יח`,false,1,24.90,24.90,false,1,
5201940010110,false,זיתים שחורים קלמטה וילי פוד 250 גרם,ג. וילי-פוד אינטרנשיונל בע`מ,,,יח`,454,גרם,false,1,14.90,3.28,true,1,
5202390015618,false,גבינה צהובה טבעונית אורגינל ויאו לייף 200 ג',דיפלומט מפיצים (1968) בעמ**,,,יח`,200,גרם,false,1,22.90,11.45,true,1,
5202390015885,false,ויולייפ צהובה טבעונית בסגנון צדר פרוסות,ביוט איילנד פודס בעמ,,,יח`,200,גרם,false,1,21.90,10.95,false,1,
5202390020407,false,פטה טבעונית גוש ויולייף 200 ג',דיפלומט מפיצים (1968) בעמ**,,,יח`,200,גרם,false,1,25.90,12.95,true,1,
5202390022319,false,ויולייפ צדר מגורדת 150 גר`,ביוט איילנד פודס בעמ,,,יח`,150,גרם,false,1,21.90,14.60,false,1,
5391523057929,false,סימילאק גולד שלב 1 תרכובת מזון על בסיס חלב,אבוט מעבדות רפואיות,,,יח`,700,גרם,false,1,69.90,9.99,true,1,
5391523057936,false,סימילאק גולד שלב 2 תרכובת מזון על בסיס חלב,אבוט מעבדות רפואיות,,,יח`,700,גרם,false,1,69.90,9.99,true,1,
5391523057943,false,סימילאק גולד שלב 3 תרכובת מזון על בסיס חלב,אבוט מעבדות רפואיות,,,יח`,700,גרם,false,1,69.90,9.99,true,1,
5391523058063,false,סימילאק אדבנס פלוס 1 תרכובת מזון על בסיס חלב,טרופיקל דגיל תעשיות,,,יח`,700,גרם,false,1,64.90,9.27,true,1,
5391523058070,false,סימילאק אדבנס פלוס 3 תרכובת מזון על בסיס חלב,טרופיקל דגיל תעשיות,,,יח`,700,גרם,false,1,64.90,9.27,true,1,
5391523058087,false,סימילאק אדבנס פלוס 2 תרכובת מזון על בסיס חלב,טרופיקל דגיל תעשיות,,,יח`,700,גרם,false,1,64.90,9.27,true,1,
5410076933129,false,אריאל אבקת כביסה שושן צחור 3 קג,דיפלומט מפיצים (1986) בע`מ,,,יח`,3000,גרם,false,1,34.90,1.16,false,1,
5410103161518,false,קרם יום עם פעולה משולשת לעור רגיל ומעורב,לוריאל ישראל קוסמטיקס בעמ,,,יח`,50,"מ""ל",false,1,44.90,89.80,false,1,
5410126006087,false,ביסקויט ביסקפה לוטוס בטעם קרמל 700גר`ב,דיפלומט מפיצים (1968) בעמ**,,,יח`,700,גרם,false,1,23.90,3.41,true,1,
5410126006360,false,לוטוס עוגיות סנדוויץ' במילוי לוטוס 150 גר',דיפלומט מפיצים (1968) בעמ**,,,יח`,150,גרם,false,1,8.90,5.93,false,1,
5410126106183,false,עוגיות לוטוס 50 יחידות ארוזות בנפרד 312 גרם,דיפלומט מפיצים (1968) בעמ**,,,יח`,312,גרם,false,1,14.90,4.78,false,1,
5410126116953,false,ממרח ביסקוויט קרמל לוטוס (400 גרם),דיפלומט מפיצים (1968) בעמ**,,,יח`,400,גרם,false,1,21.90,5.48,true,1,
5410126666038,false,"ביסקוויט קרמל לוטוס 279 גרם בד""צ",דיפלומט מפיצים (1968) בעמ**,,,יח`,279,גרם,false,1,12.90,4.62,false,1,
5410126726947,false,ממרח ביסקוויט קרמל קראנץ' לוטוס 380 גרם,דיפלומט מפיצים (1968) בעמ**,,,יח`,380,גרם,false,1,22.90,6.03,true,1,
5410291021991,false,ממרח אגוזי לוז עם קקאו צ`וקטה (700 גרם),ש. שסטוביץ בע`מ,,,יח`,700,גרם,false,1,19.90,2.84,false,1,
5410291022011,false,ממרח אגוזי לוז עם קקאו צ`וקטה (350 גרם),ש. שסטוביץ בע`מ,,,יח`,350,גרם,false,1,12.90,3.69,true,1,
5410291022738,false,צ'וקטה ממרח חלב ואגוזי לוז עם קקאוי 350ג',ש. שסטוביץ בע`מ,,,יח`,350,גרם,false,1,12.90,3.69,true,1,
5410291022752,false,צ'וקטה ממרח אגוזי לוז עם קקאו פרווה 350 ג',ש. שסטוביץ בע`מ,,,יח`,350,גרם,false,1,12.90,3.69,true,1,
5410291022776,false,צ`וקטה ממרח אגוזי לוז עם קקאו 700 גר`,ש. שסטוביץ בע`מ,,,יח`,700,גרם,false,1,19.90,2.84,false,1,
5410316983693,false,וודקה סמירנוף אייס בודד 275 מ``ל.,החברה המרכזית להפצת משקאות בעמ,,,יח`,275,"מ""ל",false,1,12.90,4.58,true,1,
5410658902413,false,קפסולות קפה אלומיניום דרגת חוזק 08 Fortisimo- Espresso,אבאל יזמות בעמ,,,יח`,1,,false,1,11.90,11.90,true,1,
5410658902420,false,קפסולות קפה אלומיניום דרגת חוזק 10 Fortisimo- Espresso,אבאל יזמות בעמ,,,יח`,1,,false,1,11.90,11.90,true,1,
5410658902437,false,קפסולות קפה אלומיניום דרגת חוזק 07 Fortisimo- Espresso,אבאל יזמות בעמ,,,יח`,1,,false,1,11.90,11.90,true,1,
5410658902444,false,קפסולות קפה אלומיניום דרגת חוזק 14 Fortisimo- Espresso,אבאל יזמות בעמ,,,יח`,1,,false,1,11.90,11.90,true,1,
5410658902819,false,קפסולות קפה אלומיניום דרגת חוזק 12 Fortisimo- Espresso,אבאל יזמות בעמ,,,יח`,1,,false,1,11.90,11.90,true,1,
5411188081852,false,אלפרו משקה סויה בטעם וניל 1 ליטר,הנסיך- מפעל לייצור ט,,,יח`,1,1 ליטר,false,1,12.90,12.90,true,1,
5411188094173,false,רביעיה מעדן סויה טעם קרמל 125 ג' אלפרו,שטראוס גרופ בע`מ,,,יח`,500,גרם,false,1,15.90,3.18,false,1,
5411188096108,false,"אלפרו שמנת צמחית לבישול לייט 250מ""ל",שטראוס גרופ בעמ/מצונן,,,יח`,250,"מ""ל",false,1,8.90,3.56,true,1,
5411188110835,false,אלפרו חלב סויה שקדים וניל 1ל',הנסיך- מפעל לייצור ט,,,יח`,1,1 ליטר,false,1,12.90,12.90,true,1,
5411188112549,false,משקה קוקוס אלפרו 1 ליטר משקה אורז 1 ליטר,הנסיך- מפעל לייצור ט,,,יח`,1,1 ליטר,false,1,12.90,12.90,true,1,
5411188112709,false,"משקה קוקוס אלפרו 1 ליטר משקה שקדים לל""ס",הנסיך- מפעל לייצור ט,,,יח`,1,1 ליטר,false,1,12.90,12.90,true,1,
5411188115366,false,משקה קוקוס אלפרו 1 ליטר משקה שיבולת שועל 1 ליטר,הנסיך- מפעל לייצור ט,,,יח`,1,1 ליטר,false,1,12.90,12.90,true,1,
5411188115472,false,משקה סויה אלפרו 1 ליטר,הנסיך- מפעל לייצור ט,,,יח`,1,1 ליטר,false,1,12.90,12.90,true,1,
5411188118732,false,משקה קוקוס ושקדים אלפרו (1 ליטר),הנסיך- מפעל לייצור ט,,,יח`,1,1 ליטר,false,1,12.90,12.90,true,1,
5411188120957,false,"אלפרו תערובת לבישול על בסיס קוקוס 250 מ""ל",שטראוס גרופ בעמ/מצונן,,,יח`,250,גרם,false,1,8.90,3.56,true,1,
5411188121978,false,אלפרו משקה סויה עמיד מועשר בסידן 3*250,שטראוס גרופ בע`מ,,,יח`,750,"מ""ל",false,1,15.90,2.12,false,1,
5411188122661,false,אלפרו משקה שקדים לא קלויים ללא תוספת סוכר 1 ל',הנסיך- מפעל לייצור ט,,,יח`,1,1 ליטר,false,1,12.90,12.90,true,1,
5411188124689,false,משקה אלפרו שיבולת שועל ללא סוכר 1 ליטר,שטראוס גרופ בע`מ,,,יח`,1,1 ליטר,false,1,12.90,12.90,true,1,
5411188129899,false,משקה אלפרו בריסטה שקדים 1 ליטר,הנסיך- מפעל לייצור ט,,,יח`,1,1 ליטר,false,1,12.90,12.90,true,1,
5411188134985,false,אלפרו 3.5% NOT M*LK שיבולת שועל 1 ליטר בית יוסף,שטראוס גרופ בעמ/מצונן,,,יח`,1,1 ליטר,false,1,13.90,13.90,false,1,
5411188135005,false,אלפרו 1.8% NOT M*LK שיבולת שועל 1 ליטר בית יוסף,שטראוס גרופ בעמ/מצונן,,,יח`,1,1 ליטר,false,1,13.90,13.90,false,1,
5411188300328,false,אלפרו משקה סויה עמיד בטעם שוקו 1 ליטר,הנסיך- מפעל לייצור ט,,,יח`,1,1 ליטר,false,1,12.90,12.90,true,1,
5411188543398,false,משקה סויה ללא סוכר אלפרו 1 ליטר,הנסיך- מפעל לייצור ט,,,יח`,1,1 ליטר,false,1,12.90,12.90,true,1,
5413149655522,false,"אבקת כביסה שושן צחור 1.25 ק""ג אריאל",דיפלומט מפיצים (1986) בע`מ,,,יח`,1.30,גרם,false,1,14.90,1146.15,false,1,
5413149922907,false,"אבקת כביסה קולור וסטייל 5 ק""ג אריאל",דיפלומט מפיצים (1986) בע`מ,,,יח`,5,"ק""ג",false,1,44.90,8.98,true,1,
5601217129420,false,וולייט דפים למניעת העברת צבע 20 יחידות,רקיט בנקיזר (ניר איסט) בעמ,,,יח`,1,,false,1,22.90,22.90,false,1,
5604912415003,false,סרדינים בשמן זית פורטוס 125 גר`,קונסברס פורטוגל נורטה לי,,,יח`,125,גרם,false,1,6.90,5.52,false,1,
5604912425057,false,מקרלים בשמן חמניה חריף פורטוס 125 גרם,קונסרבס פורטוגל נורטה לי,,,יח`,125,גרם,false,1,5.90,4.72,false,1,
5701932026964,false,"הוטפופ גרעיני תירס להכנת פופקורן במיקרוגל בטעם טבעי, בתוספת מלח, 600 גרם",ליימן שליסל בע`מ,,,יח`,600,גרם,false,1,13.90,2.32,true,1,
5701932026971,false,הוטפופ גרעיני תירס להכנת פופקורן במיקרוגל בטעם חמאה 600 גרם,ליימן שליסל בע`מ,,,יח`,600,גרם,false,1,13.90,2.32,true,1,
5701932026995,false,"הוטפופ גרעיני תירס להכנת פופקורן במיקרוגל בטעם טבעי מופחת שומן, 510 גרם",קריניציה ויטמינה אס,,,יח`,600,גרם,false,1,13.90,2.32,true,1,
5705550300963,false,ביצי דג שיבוט 200 גרם יורו פוד,בני ג`ורג` שוקחה (חיפה) בעמ,,,יח`,200,גרם,false,1,11.90,5.95,false,1,
5710840210013,false,בא לי שג לבן סופר עדין 40גר,סקמדינביין טובקו,,,יח`,1,,false,1,86,86,false,1,
5711953106583,false,גבינת שמנת בטעם טבעי 200 גרם ארלה,שטראוס גרופ בעמ/מצונן,,,יח`,200,גרם,false,1,15.90,7.95,true,1,
5711953106590,false,גבינת שמנת ארלה שמנת שום 200 גרם,שטראוס גרופ בעמ/מצונן,,,יח`,200,גרם,false,1,15.90,7.95,true,1,
5711953106606,false,גבינת שמנת עם תבלינים ועשבי תיבול 23.5%,שטראוס גרופ בעמ/מצונן,,,יח`,200,גרם,false,1,15.90,7.95,true,1,
5740900403215,false,ממרח חמאה דנית לורפק עם מלח 250 גרם,שטראוס גרופ בעמ/מצונן,,,יח`,250,גרם,false,1,16.90,6.76,false,1,
5740900403222,false,ממרח לורפק חמאה עם מלח מופחת שומן 250 ג,שטראוס גרופ בעמ/מצונן,,,יח`,250,גרם,false,1,16.90,6.76,false,1,
5740900403239,false,ממרח חמאה דנית לורפק ללא מלח 250 גרם,שטראוס גרופ בעמ/מצונן,,,יח`,250,גרם,false,1,16.90,6.76,false,1,
5740900403246,false,ממרח לורפק ללא תוספת מלח 500 גר,שטראוס גרופ בעמ/מצונן,,,יח`,500,גרם,false,1,27.90,5.58,false,1,
5740900403253,false,ממרח מחמאת לורפק עם מלח 500 ג',שטראוס גרופ בעמ/מצונן,,,יח`,500,גרם,false,1,27.90,5.58,false,1,
5740900403260,false,ממרח מחמאת לורפק ללא מלח 27% פחות שומן,שטראוס גרופ בעמ/מצונן,,,יח`,250,גרם,false,1,16.90,6.76,false,1,
5900020012814,false,דגנים תפוחים בטעם שוקולד נסקוויק נסטלה 500 גרם,קבוצת אוסם סחר שותפות מוגבלת,,,יח`,500,גרם,false,1,19.90,3.98,true,1,
5900020015174,false,פיטנס חטיפי אנרגיה דגנים בטעם שוקולד נסטלה 6*23.5 גרם,קבוצת אוסם סחר-שות.מוגבלת,,,יח`,141,גרם,false,1,15.90,11.28,true,1,
5900020018908,false,פיטנס חטיפי אנרגיה דגנים בטעם קרם עוגיות נסטלה 6*23.5 גרם,קבוצת אוסם סחר-שות.מוגבלת,,,יח`,141,גרם,false,1,15.90,11.28,true,1,
5900020024770,false,פיטנס - דליס חטיף דגנים שוקולד אגוז 22.50 גרם * 6,קבוצת אוסם סחר שותפות מוגבלת,,,יח`,135,גרם,false,1,15.90,11.78,true,1,
5900020024817,false,פיטנס דליס Fitness Delice חטיף דגנים עם שוקולד לבן,קבוצת אוסם סחר שותפות מוגבלת,,,יח`,135,גרם,false,1,15.90,11.78,true,1,
5900020025647,false,חטיף דגנים פיטנס שוקולד חלב 135 גרם מארז 6 יחידות,קבוצת אוסם סחר שותפות מוגבלת,,,יח`,135,גרם,false,1,15.90,11.78,true,1,
5900020026552,false,דגני בוקר האני נאט צ'יריוס בטעם דבש ושקדים,קבוצת אוסם סחר שותפות מוגבלת,,,יח`,625,גרם,false,1,19.90,3.18,true,1,
5900020029669,false,פיטנס - חטיף דגנים פירות יער 23.50 גרם * 6,קבוצת אוסם סחר שותפות מוגבלת,,,יח`,23.50,גרם,false,1,16.90,71.91,true,1,
5900020032539,false,מארז חטיף פיטנס שוקולד 8 X 23.5 גרם,קבוצת אוסם סחר שותפות מוגבלת,,,יח`,140,גרם,false,1,15.90,11.36,true,1,
5900020034021,false,פיטנס חטיף דגנים שוקו בננה נסטלה (23.5x6,קבוצת אוסם סחר שותפות מוגבלת,,,יח`,141,גרם,false,1,15.90,11.28,true,1,
5900020034991,false,דגני בוקר צדפים בטעם שוקולד 450 ג' קראנץ',קבוצת אוסם סחר שותפות מוגבלת,,,יח`,450,גרם,false,1,19.90,4.42,true,1,
5900020037916,false,דגני בוקר שיבולת שועל צ'ריוס 375ג',קבוצת אוסם סחר שותפות מוגבלת,,,יח`,375,גרם,false,1,15.90,4.24,false,1,
5900020039590,false,פיטנס חטיף דגנים קלאסי 6.8*23.5גר פרווה,קבוצת אוסם סחר-שות.מוגבלת,,,יח`,141,גרם,false,1,15.90,11.28,true,1,
5900020039620,false,פיטנס חטיף דגנים שקדים ודבש פרווה 8 6*23 ג,קבוצת אוסם סחר שותפות מוגבלת,,,יח`,141,גרם,false,1,15.90,11.28,true,1,
5900020041142,false,קורנפלקס פיטנס 500 ג' אסם,קבוצת אוסם סחר-שות.מוגבלת,,,יח`,500,גרם,false,1,12.90,2.58,true,1,
5900020041371,false,פיטנס מארז חטיף שוקולד מריר ושקדים 6*8,קבוצת אוסם סחר שותפות מוגבלת,,,יח`,140,גרם,false,1,15.90,11.36,false,1,
5900352002361,false,עוגיות יזיקי קלאסיק 140 גרם,יעד ממתקים בעמ,,,יח`,140,גרם,false,1,5.90,4.21,true,1,
5900352002866,false,חטיף אליבי שוקולד וקרמל 49 גרם,אליבי מקס Alibi Max,,,יח`,147,גרם,false,1,2.50,1.70,false,1,
5900352004044,false,עוגיות יזיקי קוקוס 140 גרם,יעד ממתקים בעמ,,,יח`,140,גרם,false,1,5.90,4.21,true,1,
5900352004457,false,עוגיות יזיקי קפה 140 גרם,יעד ממתקים בעמ,,,יח`,140,גרם,false,1,5.90,4.21,true,1,
5900352006468,false,עוגיות יזיקי שרי 140 גרם,יעד ממתקים בעמ,,,יח`,140,גרם,false,1,5.90,4.21,true,1,
5900352008509,false,עוגיות יזיקי אדווקט 140 גרם,יעד ממתקים בעמ,,,יח`,140,גרם,false,1,5.90,4.21,true,1,
5900352011356,false,עוגיות מריר יזיקי שרי 140 גרם,יעד ממתקים בעמ,,,יח`,140,גרם,false,1,5.90,4.21,true,1,
5900352012605,false,טייגר חטיף אליבי קוקוס 49 גרם,אליבי מקס Alibi Max,,,יח`,147,גרם,false,1,2.50,1.70,false,1,
5900352014449,false,וופל בלגי וניל 130 גר` יעד ממתקים,יעד ממתקים בעמ,,,יח`,130,גרם,false,1,3.90,3,true,1,
5900352014456,false,וופל בלגי שוקולד 130 גר` יעד ממתקים,יעד ממתקים בעמ,,,יח`,130,גרם,false,1,3.90,3,true,1,
5900352014470,false,וופל בלגי קרמל 140 גר` יעד ממתקים,יעד ממתקים בעמ,,,יח`,140,גרם,false,1,3.90,2.79,true,1,
5900352014890,false,עוגיות יזיקי מריר תפוז 140 גרם,יעד ממתקים בעמ,,,יח`,140,גרם,false,1,5.90,4.21,true,1,
5900352015125,false,עוגיות יזיקי קרמל מלוח 140 גרם,יעד ממתקים בעמ,,,יח`,140,גרם,false,1,5.90,4.21,true,1,
5900352015576,false,וופל בלגי קרם קוקוס 130 גר` יעד ממתקים,יעד ממתקים בעמ,,,יח`,130,גרם,false,1,3.90,3,true,1,
5900394009762,false,וופל אידיליה 47 גרם,יעד ממתקים בעמ,,,יח`,47,גרם,false,1,2.50,5.32,true,1,
5900627063233,false,טבליות למדיח הכל ב-1 פיניש מקס 50 יחידות,רקיט בנקיזר (ניר איסט) בעמ,,,יח`,1,,false,1,39.90,39.90,false,1,
5901414200411,false,בלזן היט מיני ביסקוויט סנדוויץ' עם מילוי קרם בטעם שוקולד 130 גרם,ליימן שליסל בע`מ,,,יח`,130,גרם,false,1,7.90,6.08,false,1,
5902198160403,false,XL משקה אנרגיה מוגז ללא סוכר עד 10 קלוריות לפחית 250 מל,"טמפו משקאות בע""\מ",,,יח`,250,"מ""ל",false,1,4.90,1.84,true,1,
5904941750312,false,"משקה אנרגיה BLU מוחיטו בודד 250 מ""ל",בני פאוזי שמשום (2009) בעמ,,,יח`,250,"מ""ל",false,1,3.90,1.44,true,1,
5904941751302,false,משקה אנרגיה בפחית בלו (250 מל),בני פאוזי שמשום (2009) בעמ,,,יח`,250,"מ""ל",false,1,3.90,1.44,true,1,
5904941752262,false,משקה אנרגיה בטעם לימון ליים ללא תוספת סוכר,בני פאוזי שמשום (2009) בעמ,,,יח`,250,"מ""ל",false,1,2.90,1.04,true,1,
5906485301012,false,משקה אנרגיה XL מוגז פחית 250 מל,טמפו משקאות בע`מ,,,יח`,250,"מ""ל",false,1,4.90,1.84,true,1,
5997010302017,false,מחית לגולש 70 גר` תבליני טעם וריח,תבליני טעם וריח בעמ,,,יח`,70,גרם,false,1,11.90,17,true,1,
6008165271192,false,סיגריות פאל מל ארוך אדום בודד,גלוברנדס בעמ - שיווק סיגריות,,,יח`,1,,false,1,30,30,true,1,
6008165274629,false,פאל מאל כחול ארוך סטרים פילטר חפיסה,גלוברנדס בעמ - שיווק סיגריות,,,יח`,1,יח`,false,1,30,30,true,1,
6118000061090,false,סרדינים מרוקאים בשמן סויה (125 גר`)טנגי,דין שיווק וקליה 2021 בעמ,,,יח`,125,גרם,false,1,3.90,3.12,false,1,
6118000240501,false,סרדינים מרוקאים בשמן סויה עם פלפל חריף - 125 גרם,דין שיווק וקליה 2021 בעמ,,,יח`,125,גרם,false,1,3.90,3.12,false,1,
6515802567704,false,פתיל כותנה,חיש שיווק נאמן בעמ,,,יח`,1,,false,1,3.10,3.10,false,1,
6901022100409,false,ג'ינג'ר כתוש לירון 100 גרם,ביג פוד כחול לבן בעמ*שיק 30 יו,,,יח`,100,גרם,false,1,5,5,false,1,
6901022100416,false,שום כתוש לירון 100 גרם,ביג פוד כחול לבן בעמ*שיק 30 יו,,,יח`,100,גרם,false,1,5,5,false,1,
6901022100584,false,רצועות פלפלים אדומים קלויים,ביג פוד כחול לבן בעמ*שיק 30 יו,,,יח`,350,גרם,false,1,12.90,3.69,false,1,
6901022100591,false,רצועות מיקס פלפלים קלויים,ביג פוד כחול לבן בעמ*שיק 30 יו,,,יח`,350,גרם,false,1,12.90,3.69,false,1,
7038513866304,false,גורדן מברשת בייבי T50 סופט סטפ בי סטפ,דנשר (1963) בעמ,,,יח`,1,,false,1,10.90,10.90,true,1,
7038513866328,false,גורדן מברשת ילדים 6-9 סופט סטפ בי סטפ,דנשר (1963) בעמ,,,יח`,1,,false,1,10.90,10.90,true,1,
7038516140357,false,מברשת שיניים ג'ורדן טוטל סופט מארז 4 יחידות,מיוצר במלזיה עבור ג',,,יח`,1,,false,1,19.90,19.90,true,1,
7290000000374,false,"פטריות שמפיניון בד""ץ (רביבים)",ביכורי השדה צפון 1994 ג.ד. בעמ,,,יח`,1,,false,1,9.90,9.90,true,1,
7290000000794,false,סלרי אמריקאי קצוץ,ביכורי השדה צפון 1994 ג.ד. בעמ,,,יח`,1,,false,1,5.90,5.90,false,1,
7290000023083,false,ערק אשקלון בקבוק 700,טמפו משקאות בע`מ,,,יח`,700,"מ""ל",false,1,49.90,7.09,false,1,
7290000023809,false,קלאסיק קברנה סובניון יקבי ברקן (750 מל),יקבי ברקן שיווק והפצה בע,,,יח`,750,"מ""ל",false,1,32.90,4.35,true,1,
7290000023816,false,קלאסיק אמרלד ריזלינג יקבי ברקן (750 מל),יקבי ברקן שיווק והפצה בע,,,יח`,750,"מ""ל",false,1,32.90,4.35,true,1,
7290000023977,false,קלאסיק מרלו יקבי ברקן (750 מל),יקבי ברקן שיווק והפצה בע,,,יח`,750,"מ""ל",false,1,32.90,4.35,true,1,
7290000024202,false,רזרב קברנה סובניון יקבי ברקן (750 מל),ברקן שיווק והפצה בעמ,,,יח`,750,"מ""ל",false,1,44.90,5.95,true,1,
7290000024264,false,רזרב מרלו יקבי ברקן (750 מל),"כרמי צבי - אחים סגל בע""\",,,יח`,750,"מ""ל",false,1,44.90,5.95,true,1,
7290000040042,false,יופלה יוגורט תות %3 גביע 150 גרם,"תנובה בע""מ ***",,,יח`,150,"מ""ל",false,1,4.90,3.27,false,1,
7290000040066,false,יופלה יוגורט דובדבן %3 גביע 150 גרם,תנובה מרכז שיתופי לש,,,יח`,150,"מ""ל",false,1,4.90,3.27,false,1,
7290000040080,false,יופלה יוגורט אפרסק %3 גביע 150 גרם,"תנובה בע""מ ***",,,יח`,150,"מ""ל",false,1,4.90,3.27,false,1,
7290000040462,false,טוסטי גבינה בסגנון אמריקאי אדם 23% תנובה 200 גרם,תנובה מרכז שיתופי לש,,,יח`,200,גרם,false,1,17.90,8.95,false,1,
7290000040974,false,חלב 2% דל לקטוז בקרטון תנובה (1 ליטר),תנובה מרכז שיתופי לש,,,יח`,1,1 ליטר,false,1,7,7,false,1,
7290000041407,false,"גיל קטן 3% תנובה 125 מ""ל בד""ץ",תנובה מרכז שיתופי לש,,,יח`,125,"מ""ל",false,1,0.95,0.76,false,1,
7290000041445,false,קוטג תנובה גביע 250 גרם 5% בדצ,מיוצר עי קונדיטוריית,,,יח`,250,גרם,false,1,5.50,2.20,false,1,
7290000041452,false,גבינת קוטג`9% מהדרין תנובה (250 גרם),תנובה מרכז שיתופי לש,,,יח`,250,גרם,false,1,5.50,2.20,false,1,
7290000041858,false,"שמנת חמוצה 15% מועשרת יטבתה 200 מ""ל",שטראוס גרופ בעמ/מצונן,,,יח`,200,"מ""ל",false,1,2.50,1.25,false,1,
7290000041865,false,"לבן 4.5% שומן מהדרין ""יטבתה""",שטראוס גרופ בעמ/מצונן,,,יח`,200,"מ""ל",false,1,2.10,1.05,false,1,
7290000041872,false,"לבן 3% יטבתה 200מ""ל מהדרין",שטראוס גרופ בעמ/מצונן,,,יח`,200,"מ""ל",false,1,2.10,1.05,false,1,
7290000042015,false,חלב 3% בשקית בדצ תנובה (1 ליטר)פיקוח,תנובה מרכז שיתופי לש,,,יח`,1,1 ליטר,false,1,5.43,5.43,false,1,
7290000042404,false,חלב 3% מועשר מהדרין בשקית יטבתה (1 ליטר),שטראוס גרופ בעמ/מצונן,,,יח`,1,1 ליטר,false,1,5.90,5.90,false,1,
7290000042435,false,חלב דל שומן 1% בקרטון תנובה (1 ליטר)פיק,תנובה מרכז שיתופי לש,,,יח`,1000,"מ""ל",false,1,5.86,0.59,false,1,
7290000042442,false,"חלב תנובה טרי 3% ""תנובה"" - מוצר בפיקוח",תנובה בעמ ***,,,יח`,1000,"מ""ל",false,1,6.23,0.62,false,1,
7290000042640,false,"חלב תנובה עמיד 3% קרטון 250 מ""ל",תנובה מרכז שיתופי לש,,,יח`,250,"מ""ל",false,1,2.60,1.04,false,1,
7290000042855,false,"שוקו בשקית 250 מ""ל ""יטבתה""",שטראוס גרופ בעמ/מצונן,,,יח`,225,"מ""ל",false,1,2.50,1.11,false,1,
7290000043012,false,"שוקו עמיד 2% בקרטון 250 מ""ל תנובה",תנובה מרכז שיתופי לש,,,יח`,250,"מ""ל",false,1,4.70,1.88,false,1,
7290000043111,false,תנובה חמאה 200 גרם - מוצר בפיקוח,תנובה מרכז שיתופי לש,,,יח`,200,גרם,false,1,7.80,3.90,false,1,
7290000043814,false,השף הלבן שמנת להקצפה 38% שומן 250 מל - מוצר בפיקוח,תנובה מרכז שיתופי לש,,,יח`,250,"מ""ל",false,1,6.47,2.59,false,1,
7290000043890,false,תנובה רויון לבן מחלב מפסוטר 1.5%,תנובה מרכז שיתופי לש,,,יח`,1,1 ליטר,false,1,11.50,11.50,false,1,
7290000044712,false,יוגורט עם תות 1.5% שומן 500 ג' פרילי,מיוצר עי קונדיטוריית,,,יח`,500,"מ""ל",false,1,10.90,2.18,false,1,
7290000044880,false,יוגורט בטעם תות שדה 3% באדי (500 גרם),מיוצר עי קונדיטוריית,,,יח`,500,"מ""ל",false,1,8.80,1.76,false,1,
7290000045573,false,גבינת מותכת משולשים 25% שומן 200 ג' נעמה,תנובה בעמ ***,,,יח`,200,גרם,false,1,14.90,7.45,false,1,
7290000045580,false,גבינה מותכת נעמה חורש תנובה 240 גרם,תנובה מרכז שיתופי לש,,,יח`,240,גרם,false,1,17.90,7.46,false,1,
7290000046020,false,"גלבוע 22% שקילה}גבנ""צ{*.",תנובה מרכז שיתופי לש,,,"ק""ג",1000,גרם,true,1,42.58,4.26,false,1,
7290000046327,false,גלבוע גבינה צהובה פרוסה 22% תנובה 200 גרם,תנובה מרכז שיתופי לש,,,יח`,200,גרם,false,1,12.90,6.45,false,1,
7290000047546,false,השף הלבן כנען גבינה לבנה דלת נתרן 5% תנובה 500 גרם,תנובה מרכז שיתופי לש,,,יח`,500,גרם,false,1,23.90,4.78,false,1,
7290000047621,false,גבינה לבנה רכה 5% תנובה 250ג' מהדרין,תנובה מרכז שיתופי לש,,,יח`,250,גרם,false,1,4.98,1.99,false,1,
7290000047942,false,**תנובה גבינה לבנה מהדרין 9% 250ג,תנובה מרכז שיתופי לש,,,יח`,250,גרם,false,1,4.70,1.88,false,1,
7290000048185,false,גבינה לבנה 5% תנובה 250 גרם מהדרין,מיוצר עי קונדיטוריית,,,יח`,250,גרם,false,1,4.98,1.99,false,1,
7290000048192,false,גבינה לבנה 9% תנובה 250 גרם מהדרין,מחלבת אלון תבור,,,יח`,250,גרם,false,1,4.70,1.88,false,1,
7290000048307,false,גבינת קוטג`5% עם זיתים תנובה (250 גרם),מיוצר עי קונדיטוריית,,,יח`,250,גרם,false,1,5.80,2.32,false,1,
7290000048413,false,גבינה חמד (25016% גרם)פיראוס תנובה,תנובה מרכז שיתופי לש,,,יח`,250,גרם,false,1,17.90,7.16,false,1,
7290000048437,false,גבינת צפתית (2005% גרם)פיראוס תנובה,פארייפאבה אגרואינדוס,,,יח`,200,גרם,false,1,14.90,7.45,false,1,
7290000050447,false,"יוגורט ביו בטעם תות YYY יופלה 500 מ""ל",מיוצר עי קונדיטוריית,,,יח`,1,1 ליטר,false,1,12.90,12.90,false,1,
7290000050454,false,יוגורט יופלה אפרסק 3% שומן 500 גרם,מיוצר עי קונדיטוריית,,,יח`,500,"מ""ל",false,1,12.90,2.58,false,1,
7290000051307,false,"מארז הפסקת אוכל עם דגני עוגי ומשקה חלב עמיד בטעם וניל 150 מ""ל",תנובה מרכז שיתופי לש,,,יח`,150,"מ""ל",false,1,9.90,6.60,false,1,
7290000051376,false,יוגורט יופלה דיאט אננס 0% שומן 150 גרם,תנובה מרכז שיתופי לש,,,יח`,150,"מ""ל",false,1,4.90,3.27,false,1,
7290000051710,false,פיראוס גבינת לאבנה אסלית על בסיס יוגורט תנובה 263 גרם,"תנובה, מחלבת אלון תב",,,יח`,263,גרם,false,1,13.80,5.25,false,1,
7290000052311,false,גבינה צהובה עמק לייט 15% שומן 200 גרם,תנובה מרכז שיתופי לש,,,יח`,200,גרם,false,1,16.10,8.05,false,1,
7290000052649,false,לאבנה אסלית (5005% גרם)פיראוס תנובה,תנובה מרכז שיתופי לש,,,יח`,500,גרם,false,1,19.50,3.90,false,1,
7290000052717,false,גבינת קוטג' שום שמיר 5% תנובה 250 גרם,מיוצר עי קונדיטוריית,,,יח`,250,גרם,false,1,5.70,2.28,false,1,
7290000053219,false,טל העמק חריץ 32% במשקל,תנובה מרכז שיתופי לש,,,"ק""ג",1000,גרם,true,1,55,5.50,false,1,
7290000055015,false,פיראוס גבינת פטה כבשים 5% תנובה 250 גרם,תנובה מרכז שיתופי לש,,,יח`,250,גרם,false,1,26.50,10.60,false,1,
7290000055329,false,"משקה בוקר יוגורט 1.5% בטעם תות מלון יופלה 250 מ""ל",תנובה מרכז שיתופי לש,,,יח`,250,גרם,false,1,5.50,2.20,false,1,
7290000055336,false,"משקה יוגורט 1.5% בטעם בננה אפרסק יופלה 250 מ""ל",תנובה מרכז שיתופי לש,,,יח`,250,גרם,false,1,5.50,2.20,false,1,
7290000055343,false,משקה יוגורט יופלה פירות טרופיים 250 גרם,תנובה מרכז שיתופי לש,,,יח`,250,גרם,false,1,5.50,2.20,false,1,
7290000055350,false,גבינה צהובה חריץ עמק 28% במשקל,תנובה מרכז שיתופי לש,,,"ק""ג",1000,גרם,true,1,44.79,4.48,false,1,
7290000055893,false,חמאה משמנת מפוסטרת 200גרם 82% כ.מהדרין - מוצר בפיקוח,תנובה מרכז שיתופי לש,,,יח`,1,,false,1,7.80,7.80,false,1,
7290000056845,false,תנובה חלב טרי 3% שומן 1.5 ליטר - מוצר בפיקוח,פארייפאבה אגרואינדוס,,,יח`,1500,1 ליטר,false,1,9.35,0.01,false,1,
7290000056883,false,שמיניית יוגורט יופלה 3% טעמים שונים 150 גרם,תנובה מרכז שיתופי לש,,,יח`,1200,"מ""ל",false,1,29.90,2.49,false,1,
7290000056890,false,שמיניית דיאט יופלה 0% טעמים שונים 150 גרם,מיוצר עי קונדיטוריית,,,יח`,1200,"מ""ל",false,1,29.90,2.49,false,1,
7290000056906,false,מאגדת לבן טבעי 1.5% שומן 8 יח' * 150 ג' יופלה,מחלבת אלון תבור,,,יח`,1200,"מ""ל",false,1,17.50,1.46,false,1,
7290000056951,false,"תנובה, השף הלבן, שמנת לבישול 15% שומן 500 מל",תנובה מרכז שיתופי לש,,,יח`,500,"מ""ל",false,1,15.90,3.18,false,1,
7290000057088,false,עמק גבינה צהובה פרוסה דק דק 28% תנובה 200 גרם,תנובה מרכז שיתופי לש,,,יח`,200,גרם,false,1,16.30,8.15,false,1,
7290000057118,false,גבינה צהובה עמק 28% שומן ואקום 400 גרם,תנובה מרכז שיתופי לש,,,יח`,400,גרם,false,1,20.90,5.23,false,1,
7290000057132,false,יוגורט תנובה טבעי 1.5% גביע 200 גרם,מחלבת אלון תבור,,,יח`,200,גרם,false,1,3.20,1.60,false,1,
7290000057149,false,יוגורט תנובה טבעי 3% גביע 200 גרם,מיוצר עי קונדיטוריית,,,יח`,200,גרם,false,1,3.20,1.60,false,1,
7290000057552,false,יופלה דיאט עוגת גבינה ותות 0% גביע 150ג',תנובה - חלב,,,יח`,150,גרם,false,1,4.90,3.27,false,1,
7290000058030,false,"שמיניית יופלה שטוזים משקה יוגורט תות 100 מ""ל",מיוצר עי קונדיטוריית,,,יח`,1,,false,1,20.90,20.90,false,1,
7290000058047,false,שמנת להקצפה 38% 500מל מהדרין עמיד השף הלבן,תנובה מרכז שיתופי לש,,,יח`,500,"מ""ל",false,1,12.94,2.59,false,1,
7290000058979,false,גיל בטעם תות 3% שומן 125 ג' תנובה,תנובה מרכז שיתופי לש,,,יח`,125,"מ""ל",false,1,1.60,1.28,false,1,
7290000060088,false,בייגלה מקלות עם מלח אסם (400 גרם),קבוצת אוסם סחר שותפות מוגבלת,,,יח`,400,גרם,false,1,10.90,2.73,false,1,
7290000060156,false,פסטה אסם אטריות ביצים דקות 200גר,קבוצת אוסם סחר-שות.מוגבלת,,,יח`,200,גרם,false,1,7.90,3.95,true,1,
7290000060163,false,פסטה אסם אטריות דקות 400גר,קבוצת אוסם סחר שותפות מוגבלת,,,יח`,400,גרם,false,1,5.90,1.48,true,1,
7290000060200,false,פסטה אסם פתיתים אפויים קוסקוס 500גר,קבוצת אוסם סחר שותפות מוגבלת,,,יח`,500,גרם,false,1,6.90,1.38,true,1,
7290000060217,false,פסטה מקרוני מספר 7 אסם (500 גרם),קבוצת אוסם סחר שותפות מוגבלת,,,יח`,500,גרם,false,1,5.90,1.18,true,1,
7290000060248,false,פסטה אסם פתיתים תלתלים 500 גר',קבוצת אוסם סחר שותפות מוגבלת,,,יח`,500,גרם,false,1,5.90,1.18,true,1,
7290000060316,false,פרפקטו ספגטי מס' 8 אסם 500 גרם,קבוצת אוסם סחר שותפות מוגבלת,,,יח`,500,גרם,false,1,7.90,1.58,false,1,
7290000060385,false,פודינג וניל אינסטנט מארז רביעיה * 80 ג',קבוצת אוסם סחר שותפות מוגבלת,,,יח`,320,גרם,false,1,19.90,6.22,false,1,
7290000060408,false,פסטה אסם פתיתים אפויים טבעות 500 גר,קבוצת אוסם סחר שותפות מוגבלת,,,יח`,500,גרם,false,1,6.90,1.38,true,1,
7290000060576,false,פתיתים אפויים כוכבים אסם (500 גרם),קבוצת אוסם סחר שותפות מוגבלת,,,יח`,500,גרם,false,1,6.90,1.38,true,1,
7290000060781,false,פרומנטי פתיתים מסולסלים אוסם,קבוצת אוסם סחר שותפות מוגבלת,,,יח`,500,גרם,false,1,5.90,1.18,true,1,
7290000060828,false,פסטה קרניים בינוניות אסם (500 גרם),קבוצת אוסם סחר שותפות מוגבלת,,,יח`,500,גרם,false,1,5.90,1.18,true,1,
7290000060842,false,פסטה אסם פתיתים צדפים גדולים 500גר,קבוצת אוסם סחר שותפות מוגבלת,,,יח`,500,גרם,false,1,5.90,1.18,true,1,
7290000060880,false,פסטה ספגטי מספר 8 אסם 500 גרם,קבוצת אוסם סחר שותפות מוגבלת,,,יח`,500,גרם,false,1,5.90,1.18,true,1,
7290000060903,false,פסטה אסם פתיתים אפויים אורז 500גר,קבוצת אוסם סחר שותפות מוגבלת,,,יח`,500,גרם,false,1,6.90,1.38,true,1,
7290000060958,false,אטריות מובחרות בינוניות אסם (400 גרם),קבוצת אוסם סחר שותפות מוגבלת,,,יח`,400,גרם,false,1,5.90,1.48,true,1,
7290000060965,false,פסטה אסם אטריות רחבות 400גר,קבוצת אוסם סחר שותפות מוגבלת,,,יח`,400,גרם,false,1,5.90,1.48,true,1,
7290000061061,false,קרקר חיטה עם בצל אסם,קבוצת אוסם סחר שותפות מוגבלת,,,יח`,250,גרם,false,1,10.90,4.36,true,1,
7290000061085,false,"רוטב צילי מתוק 290 מ""ל-בקבוק",קבוצת אוסם סחר שותפות מוגבלת,,,יח`,290,"מ""ל",false,1,11.90,4.10,true,1,
7290000061214,false,פתיתים אפויים קוסקוס עם בצל אסם 500 גרם,קבוצת אסם סחר שות. מוגבלת,,,יח`,500,גרם,false,1,6.90,1.38,true,1,
7290000061245,false,עוגיות שוקוצ'יפס במילוי שוקולד אסם 220 גרם,קבוצת אוסם סחר-שות.מוגבלת,,,יח`,220,גרם,false,1,10.90,4.95,false,1,
7290000061450,false,פתיתים אפויים קוסקוס 3 צבעים אסם 500 גרם,קבוצת אסם סחר שות. מוגבלת,,,יח`,500,גרם,false,1,6.90,1.38,true,1,
7290000061764,false,קפה נמס מגורען רד מאג 200 גרם,קבוצת אוסם סחר שותפות מוגבלת,,,יח`,200,גרם,false,1,18.90,9.45,false,1,
7290000062129,false,אינסטנט פודינג בטעם וניל אסם (1 קג),קבוצת אוסם סחר שותפות מוגבלת,,,יח`,1,"ק""ג",false,1,23.90,23.90,false,1,
7290000062952,false,אוסם - מיני קרוטונים למרק ולסלט 250 גרם,קבוצת אוסם סחר שותפות מוגבלת,,,יח`,250,גרם,false,1,15.90,6.36,false,1,
7290000063102,false,קמח עוגה תופח מאליו אסם 350 גרם,קבוצת אוסם סחר שותפות מוגבלת,,,יח`,350,גרם,false,1,5,1.43,false,1,
7290000063133,false,אסם שקדי מרק רכיבים טבעיים 24*100גרם,קבוצת אוסם סחר שותפות מוגבלת,,,יח`,100,גרם,false,1,5.90,5.90,false,1,
7290000063140,false,שקדי מרק רכיבים טבעיים בשקית 400 ג' אסם,קבוצת אוסם סחר שותפות מוגבלת,,,יח`,400,גרם,false,1,10.90,2.73,true,1,
7290000063157,false,"קמח עוגה תופח מאליו אסם 1 ק""ג",קבוצת אוסם סחר שותפות מוגבלת,,,יח`,1,"ק""ג",false,1,9.50,9.50,false,1,
7290000064758,false,קוסקוס בינוני אמיתי אסם 350 ג',קבוצת אוסם סחר שותפות מוגבלת,,,יח`,350,גרם,false,1,8.90,2.54,false,1,
7290000064871,false,"אוסם - מנה חמה פירה תפו""א עם בצל 56 גרם",קבוצת אוסם סחר שותפות מוגבלת,,,יח`,56,גרם,false,1,6.90,12.32,true,1,
7290000065090,false,מיני קרוטונים מתובלים למרק ולסלט אסם 400 גרם,קבוצת אוסם סחר שותפות מוגבלת,,,יח`,400,גרם,false,1,22.80,5.70,false,1,
7290000065335,false,אוסם - מנה חמה פירה עם ירקות 55 גרם,קבוצת אוסם סחר שותפות מוגבלת,,,יח`,55,גרם,false,1,6.90,12.55,true,1,
7290000065540,false,אוסם - מנה חמה פסטה מוקרמת בטעם עוף 55 גרם,קבוצת אוסם סחר שותפות מוגבלת,,,יח`,55,גרם,false,1,6.90,12.55,true,1,
7290000065557,false,אוסם - מנה חמה קוסקוס עם ירקות 84 גרם,קבוצת אוסם סחר שותפות מוגבלת,,,יח`,62,גרם,false,1,6.90,11.13,true,1,
7290000066134,false,ביסלי חטיף בטעם פלאפל אסם (70 גרם),קבוצת אוסם סחר שותפות מוגבלת,,,יח`,70,גרם,false,1,3.90,5.57,true,1,
7290000066141,false,ביסלי חטיף בטעם גריל אסם (70 גרם),קבוצת אוסם סחר שותפות מוגבלת,,,יח`,70,גרם,false,1,3.90,5.57,true,1,
7290000066189,false,ביסלי חטיף בטעם פלאפל אסם (200 גרם),קבוצת אוסם סחר שותפות מוגבלת,,,יח`,200,גרם,false,1,7.90,3.95,true,1,
7290000066196,false,ביסלי חטיף בטעם גריל אסם (200 גרם),קבוצת אוסם סחר שותפות מוגבלת,,,יח`,200,גרם,false,1,7.90,3.95,true,1,
7290000066226,false,ביסלי חטיף בטעם פיצה אסם (200 גרם),קבוצת אוסם סחר שותפות מוגבלת,,,יח`,200,גרם,false,1,7.90,3.95,true,1,
7290000066295,false,במבה מתוקה מחומרים טבעיים 30 גרם,קבוצת אוסם סחר שותפות מוגבלת,,,יח`,30,גרם,false,1,2.90,9.67,false,1,
7290000066318,false,במבה חטיף בוטנים אסם 80 גרם,קבוצת אוסם סחר שותפות מוגבלת,,,יח`,80,גרם,false,1,4.30,5.38,true,1,
7290000066332,false,אפרופו חטיף תירס אסם (50 גרם),קבוצת אוסם סחר שותפות מוגבלת,,,יח`,50,גרם,false,1,5,10,true,1,
7290000066349,false,אפרופו חטיף תירס אסם (100 גרם),קבוצת אוסם סחר-שות.מוגבלת,,,יח`,100,גרם,false,1,8.90,8.90,false,1,
7290000066431,false,פופקו חטיף פופקורן בטעם חמאה ודבש אסם 80 גרם,קבוצת אוסם סחר שותפות מוגבלת,,,יח`,80,גרם,false,1,5.50,6.88,true,1,
7290000067544,false,פירורית זהב פירורי לחם אסם 200 גרם,קבוצת אוסם סחר שותפות מוגבלת,,,יח`,200,גרם,false,1,6.90,3.45,false,1,
7290000067599,false,מנה חמה ספגטי ברוטב בולונז אסם 65 גרם,קבוצת אוסם סחר שותפות מוגבלת,,,יח`,65,גרם,false,1,6.90,10.62,true,1,
7290000067735,false,פרפקטו ניוקי בצקיות תפוחי אדמה 500 ג' אסם,קבוצת אוסם סחר שותפות מוגבלת,,,יח`,500,גרם,false,1,12.90,2.58,false,1,
7290000068138,false,אינסטנט פודינג בטעם וניל אסם 80 גרם,קבוצת אוסם סחר שותפות מוגבלת,,,יח`,80,גרם,false,1,5.10,6.38,false,1,
7290000068190,false,אסם ג'לי תות שדה צבעים טבעיים 90 גרם,קבוצת אוסם סחר שותפות מוגבלת,,,יח`,90,גרם,false,1,6.90,7.67,false,1,
7290000068343,false,אסם פריכונים פרוסות קלויות מלא,קבוצת אוסם סחר שותפות מוגבלת,,,יח`,140,גרם,false,1,7.90,5.64,false,1,
7290000068701,false,אסם שקדי מרק רכיבים טבע.מיכל 400 גרם,קבוצת אוסם סחר שותפות מוגבלת,,,יח`,400,גרם,false,1,15.90,3.98,false,1,
7290000068770,false,במבה יום הולדת חטיף בוטנים אסם 80 גרם,קבוצת אוסם סחר שותפות מוגבלת,,,יח`,80,גרם,false,1,4.30,5.38,true,1,
7290000070308,false,אבקת מרק עוף אמיתי בשרי אסם 400 גרם,קבוצת אוסם סחר שותפות מוגבלת,,,יח`,400,גרם,false,1,14.90,3.73,false,1,
7290000070322,false,אבקת מרק פטריות רכיבים טבעיים אסם 400 גרם,קבוצת אוסם סחר שותפות מוגבלת,,,יח`,400,גרם,false,1,24.90,6.23,true,1,
7290000070353,false,אבקת מרק בצל רכיבים טבעיים אסם 400 גרם,קבוצת אוסם סחר שותפות מוגבלת,,,יח`,400,גרם,false,1,24.90,6.23,true,1,
7290000070919,false,בייגלה רשתות עם מלח אסם (400 גרם),קבוצת אוסם סחר שותפות מוגבלת,,,יח`,400,גרם,false,1,12.90,3.23,false,1,
7290000072067,false,במבה חטיף בוטנים במילוי קרם חלבה 60 גרם,קבוצת אסם סחר שות. מוגבלת,,,יח`,60,גרם,false,1,4.30,7.17,true,1,
7290000072241,false,"רוטב פיצה 290 מ""ל-בקבוק",קבוצת אוסם סחר שותפות מוגבלת,,,יח`,290,"מ""ל",false,1,11.90,4.10,true,1,
7290000072623,false,קטשופ אסם בקבוק לחיץ 750 גרם,קבוצת אוסם סחר שותפות מוגבלת,,,יח`,750,גרם,false,1,9.90,1.32,false,1,
7290000072630,false,קטשופ אסם חריף 750 גרם-בקבוק,קבוצת אוסם סחר שותפות מוגבלת,,,יח`,750,גרם,false,1,11.90,1.59,false,1,
7290000072753,false,קפה נמס מגורען טסטרס צ'ויס 200 גרם-,קבוצת אוסם סחר שותפות מוגבלת,,,יח`,200,גרם,false,1,29.90,14.95,false,1,
7290000072777,false,קפה נמס מגורען נטול קפאין טסטרס צ'ויס 200 גרם,קבוצת אוסם סחר שותפות מוגבלת,,,יח`,200,גרם,false,1,35.90,17.95,false,1,
7290000072968,false,דגני בוקר סיני מיניס חיטה מלאה וקינמון נסטלה 500 גרם,קבוצת אוסם סחר-שות.מוגבלת,,,יח`,375,גרם,false,1,19.90,5.31,true,1,
7290000073125,false,מנה חמה פסטה ברוטב עגבניות אסם (62 גרם),קבוצת אוסם סחר שותפות מוגבלת,,,יח`,62,גרם,false,1,6.90,11.13,true,1,
7290000073415,false,אוסם - מנה חמה פסטה ברוטב פיצה 61 גרם,קבוצת אוסם סחר שותפות מוגבלת,,,יח`,61,גרם,false,1,6.90,11.31,true,1,
7290000073699,false,סלט חומוס צבר 150 גרם,קבוצת אוסם סחר שותפות מוגבלת,,,יח`,150,גרם,false,1,4.50,3,false,1,
7290000073750,false,מנה חמה נודלס אטר+ירקות טעם עוף 70 גרם,קבוצת אוסם סחר שותפות מוגבלת,,,יח`,70,גרם,false,1,7.90,11.29,true,1,
7290000073767,false,מנה חמה נודלס אטר.+ירקות טעם בקר 70 גרם,קבוצת אוסם סחר שותפות מוגבלת,,,יח`,70,גרם,false,1,7.90,11.29,true,1,
7290000073774,false,מנה חמה נודלס אטר+ירקות טעם צילי 70 גרם,קבוצת אוסם סחר שותפות מוגבלת,,,יח`,76,גרם,false,1,7.90,10.39,true,1,
7290000074153,false,ביסקוויט פתי בר שוקולד אסם (500 גרם),קבוצת אוסם סחר שותפות מוגבלת,,,יח`,500,גרם,false,1,11.90,2.38,false,1,
7290000074184,false,ביסקוויט פתי בר אסם (500 גרם),קבוצת אוסם סחר שותפות מוגבלת,,,יח`,500,גרם,false,1,9.90,1.98,false,1,
7290000074245,false,אוסם - קרם קרקר אסם 250 גרם,קבוצת אוסם סחר שותפות מוגבלת,,,יח`,250,גרם,false,1,9.90,3.96,true,1,
7290000074276,false,קרקר פיקנטי טבעון 250 ג' אסם,קבוצת אוסם סחר שותפות מוגבלת,,,יח`,250,גרם,false,1,10.90,4.36,true,1,
7290000074375,false,אוסם - קרקר זהב 150 גרם,קבוצת אוסם סחר שותפות מוגבלת,,,יח`,150,גרם,false,1,7.90,5.27,true,1,
7290000074481,false,קרקר לחמית אגוזים אסם (160 גרם),קבוצת אסם סחר שות. מוגבלת,,,יח`,160,גרם,false,1,10.90,6.81,false,1,
7290000074696,false,"קרם קרקר 1 ק""ג אוסם",קבוצת אוסם סחר שותפות מוגבלת,,,יח`,1,"ק""ג",false,1,27.90,27.90,false,1,
7290000074764,false,קרקר זהב אסם (900 גרם),קבוצת אוסם סחר שותפות מוגבלת,,,יח`,900,גרם,false,1,27.90,3.10,false,1,
7290000075204,false,קרקר לחמית חיטה מלאה אסם (250 גרם),קבוצת אוסם סחר שותפות מוגבלת,,,יח`,250,גרם,false,1,8.90,3.56,false,1,
7290000075693,false,עוגת הבית שמרים בריוש שוקולד אסם 360 גרם,קבוצת אסם סחר שות. מוגבלת,,,יח`,360,גרם,false,1,17.90,4.97,false,1,
7290000076126,false,אוסם - בייגלה שמיניות קטנות 80 גרם,קבוצת אוסם סחר שותפות מוגבלת,,,יח`,80,גרם,false,1,2.90,3.63,false,1,
7290000076133,false,בייגלה שמיניות קטנות עם מלח אסם 400 גרם,קבוצת אוסם סחר שותפות מוגבלת,,,יח`,400,גרם,false,1,9.90,2.48,false,1,
7290000076645,false,טוסטעים פת קלויה חיטה מלאה אסם 100 גרם,קבוצת אסם סחר שות. מוגבלת,,,יח`,100,גרם,false,1,9.90,9.90,false,1,
7290000077017,false,עוגיות קרמוגית במילוי קרם שוקולד אסם 200 גרם,קבוצת אוסם סחר שותפות מוגבלת,,,יח`,200,גרם,false,1,11.90,5.95,false,1,
7290000077253,false,אוסם - לחמית כפרית עם דגנים מלאים 190 גרם,קבוצת אסם סחר שות. מוגבלת,,,יח`,190,גרם,false,1,10.90,5.74,false,1,
7290000077925,false,אסם טוסטים צנימים עגולים חטה.מלא 125 גרם,קבוצת אסם סחר שות. מוגבלת,,,יח`,125,גרם,false,1,9.90,7.92,false,1,
7290000078212,false,קרוטונים מתובלים למרק אסם (250 גרם),קבוצת אוסם סחר שותפות מוגבלת,,,יח`,250,גרם,false,1,15.90,6.36,false,1,
7290000078762,false,אוסם - חטיפי פריכונים מאורז מלא בטעם דבש 80גר,קבוצת אוסם סחר-שות.מוגבלת,,,יח`,80,גרם,false,1,7.90,9.88,false,1,
7290000079233,false,קרם קרקר דיאטטי דל נתרן 250 גרם,קבוצת אוסם סחר שותפות מוגבלת,,,יח`,250,גרם,false,1,10.90,4.36,true,1,
7290000080758,false,פת קלויה טוסטעים אסם (100 גרם),קבוצת אוסם סחר שותפות מוגבלת,,,יח`,100,גרם,false,1,9.90,9.90,false,1,
7290000081663,false,"בייגלה טבעות שומשום אסם 300 גרם בד""ץ",קבוצת אוסם סחר שותפות מוגבלת,,,יח`,300,גרם,false,1,9.90,3.30,false,1,
7290000100296,false,תערובת להכנת Smoothie ורוד תות ובננה,תנובה ענף ב.ע.ד,,,יח`,300,גרם,false,1,15.90,5.30,false,1,
7290000101132,false,לקט קטניות לחמין סנפרוסט 800 גר,תנובה ענף ב.ע.ד,,,יח`,800,גרם,false,1,19.90,2.49,false,1,
7290000101941,false,אננס חתוך מוקפא סנפרוסט (300 גרם),תנובה ענף ב.ע.ד,,,יח`,300,גרם,false,1,15.90,5.30,false,1,
7290000101958,false,מנגו חתוך מוקפא סנפרוסט (300 גרם),תנובה ענף ב.ע.ד,,,יח`,300,גרם,false,1,15.90,5.30,false,1,
7290000103365,false,מרק ירקות עשיר סנפרוסט (550 גרם),תנובה מרכז שיתופי לשיווק תוצרת,,,יח`,560,גרם,false,1,18,3.21,false,1,
7290000103433,false,"לקט ירקות לתנור 800 גרם ""סנפרוסט""",תנובה מרכז שיתופי לשיווק תוצרת,,,יח`,800,גרם,false,1,21.90,2.74,false,1,
7290000103457,false,מיני כרובית סנפרוסט (600 גרם),תנובה קפואים,,,יח`,600,גרם,false,1,17.90,2.98,false,1,
7290000103815,false,לקט להקפצה בסגנון תאילנדי סנפרוסט 800 גרם,תנובה מרכז שיתופי לשיווק תוצרת,,,יח`,800,גרם,false,1,24,3,false,1,
7290000103822,false,לקט מוקפא לעוף סנפרוסט (800 גרם),תנובה מרכז שיתופי לשיווק תוצרת,,,יח`,800,גרם,false,1,23,2.88,false,1,
7290000103846,false,מרק אפונה עשיר בירקות סנפרוסט (572 גרם),תנובה מרכז שיתופי לשיווק תוצרת,,,יח`,572,גרם,false,1,18,3.15,false,1,
7290000104201,false,אפונה עדינה מוקפאת סנפרוסט (600 גרם),תנובה ענף ב.ע.ד,,,יח`,600,גרם,false,1,18.90,3.15,false,1,
7290000104218,false,סנפרוסט במיה 600 גרם,תנובה מרכז שיתופי לשיווק תוצרת,,,יח`,600,גרם,false,1,18.90,3.15,false,1,
7290000104676,false,אפונה קפואה סנפרוסט 800 גרם,תנובה מרכז שיתופי לשיווק תוצרת,,,יח`,800,גרם,false,1,14.90,1.86,false,1,
7290000104683,false,שעועית ירוקה שלמה סנפרוסט (800 גרם),תנובה מרכז שיתופי לשיווק תוצרת,,,יח`,800,גרם,false,1,19.90,2.49,false,1,
7290000104690,false,גרעיני תירס מוקפאים סנפרוסט (800 גרם),תנובה מרכז שיתופי לשיווק תוצרת,,,יח`,800,גרם,false,1,17.90,2.24,false,1,
7290000104706,false,גזר גמדי מוקפא סנפרוסט (800 גרם),תנובה מרכז שיתופי לשיווק תוצרת,,,יח`,800,גרם,false,1,17.90,2.24,false,1,
7290000104713,false,פול ירוק קפוא סנפורסט 800 גרם,תנובה מרכז שיתופי לשיווק תוצרת,,,יח`,800,גרם,false,1,24.90,3.11,false,1,
7290000104720,false,שעועית ירוקה חתוכה סנפרוסט (800 גרם),תנובה מרכז שיתופי לשיווק תוצרת,,,יח`,800,גרם,false,1,19.90,2.49,false,1,
7290000104737,false,שעועית צהובה חתוכה סנפרוסט 800 גרם,תנובה מרכז שיתופי לשיווק תוצרת,,,יח`,800,גרם,false,1,19.90,2.49,false,1,
7290000104744,false,כרובית מוקפאת סנפרוסט (800 גרם),תנובה מרכז שיתופי לשיווק תוצרת,,,יח`,800,גרם,false,1,25,3.13,false,1,
7290000104775,false,תרד מדליונים סנפרוסט 800 גרם,תנובה מרכז שיתופי לשיווק תוצרת,,,יח`,800,גרם,false,1,26,3.25,false,1,
7290000104799,false,שעועית לבנה מבושלת סנפרוסט (800 גרם),תנובה מרכז שיתופי לשיווק תוצרת,,,יח`,800,גרם,false,1,19.90,2.49,false,1,
7290000104805,false,גרגרי חומוס מבושלים סנפרוסט (800 גרם),תנובה מרכז שיתופי לשיווק תוצרת,,,יח`,800,גרם,false,1,19.90,2.49,false,1,
7290000104829,false,קלחי תירס חתוכים סנפרוסט 1 קילו,תנובה מרכז שיתופי לשיווק תוצרת,,,יח`,1,"ק""ג",false,1,21,21,false,1,
7290000104836,false,שעועית ירוקה עדינה שלמה סנפרוסט 600 גרם,תנובה מרכז שיתופי לשיווק תוצרת,,,יח`,600,גרם,false,1,22.90,3.82,false,1,
7290000104874,false,לקט מוקפא לקוסקוס סנפרוסט (800 גרם),תנובה מרכז שיתופי לשיווק תוצרת,,,יח`,800,גרם,false,1,23,2.88,false,1,
7290000104881,false,לקט אפונה וגזר מוקפאים סנפרוסט (800 גרם),תנובה מרכז שיתופי לשיווק תוצרת,,,יח`,800,גרם,false,1,16.90,2.11,false,1,
7290000106526,false,לקט חגיגה ירוקה להקפצה 800 גרם סנפרוסט,תנובה ענף ב.ע.ד,,,יח`,800,גרם,false,1,24,3,false,1,
7290000107165,false,חטיף סויה אדממה סנפרוסט (400 גרם),תנובה מרכז שיתופי לשיווק תוצרת,,,יח`,400,גרם,false,1,14,3.50,false,1,
7290000107189,false,תחתיות ארטישוק סנפרוסט (400 גרם),תנובה מרכז שיתופי לשיווק תוצרת,,,יח`,400,גרם,false,1,22.90,5.73,false,1,
7290000107295,false,תפרחות ברוקולי סנפרוסט 800 גרם,תנובה מרכז שיתופי לשיווק תוצרת,,,יח`,800,גרם,false,1,24.90,3.11,false,1,
7290000111186,false,"מיונז אמיתי תלמה 500 גרם בד""צ","יוניליוור ישראל שיווק בע""מ",,,יח`,500,גרם,false,1,10.90,2.18,true,1,
7290000111353,false,מיונז אמיתי תלמה (1 קג),"יוניליוור ישראל שיווק בע""מ",,,יח`,1,"ק""ג",false,1,16.90,16.90,false,1,
7290000111360,false,חרדל אמיתי חריף 250 גרם בצנצנת כשלפ,יוניליוור ישראל שיווק בע`מ,,,יח`,250,גרם,false,1,6.90,2.76,false,1,
7290000111384,false,חרדל אמיתי בצנצנת 550 ג' תלמה,יוניליוור ישראל שיווק בע`מ,,,יח`,550,גרם,false,1,9.90,1.80,false,1,
7290000112220,false,טחינה גולמית שומשום טהור בארכה 500 גרם,קבוצת אוסם סחר שותפות מוגבלת,,,יח`,500,גרם,false,1,13.90,2.78,true,1,
7290000112497,false,מרק עשיר עוף אטריות קנור 75 גרם - שקיות,יוניליוור ישראל שיווק בע`מ,,,יח`,75,גרם,false,1,9.90,13.20,false,1,
7290000112619,false,אבקת מרק עוף אמיתי קנור 400 ג' כשלפ,יוניליוור ישראל שיווק בע`מ,,,יח`,400,גרם,false,1,25.90,6.48,false,1,
7290000116204,false,"אבקת מרק דגש בטעם עוף 1ק""ג קנור","יוניליוור ישראל שיווק בע""מ",,,יח`,1,"ק""ג",false,1,14.90,14.90,false,1,
7290000116884,false,"רוטב ברביקיו קנור 300 גרם בד""צ",יוניליוור ישראל שיווק בע`מ,,,יח`,300,"מ""ל",false,1,12.90,4.30,false,1,
7290000117171,false,מרק טעם עוף דל קלוריות 48 גרם-קופסא,יוניליוור ישראל שיווק בע`מ,,,יח`,46,גרם,false,1,6.90,15,false,1,
7290000117720,false,נמס בכוס פטריות קנור 21.5 גרם מארז זוגי,יוניליוור ישראל שיווק בע`מ,,,יח`,43,גרם,false,1,6.90,16.05,false,1,
7290000118277,false,כופתאות מצה להכנת מהירה 65 ג' קנור,"יוניליוור ישראל שיווק בע""מ",,,יח`,130,גרם,false,1,12.90,9.92,false,1,
7290000120836,false,מיונז אמיתי הלמנס (394 גרם),"יוניליוור ישראל שיווק בע""מ",,,יח`,433,גרם,false,1,12.90,2.98,false,1,
7290000120874,false,מיונז הלמנס לייט מופחת קלוריות 424ג,"יוניליוור ישראלשיווק בע""מ",,,יח`,476,גרם,false,1,12.90,2.71,false,1,
7290000121031,false,החתול המחייך גבינה מותכת 14% מון בלאן 120 גרם,נטו מילנדה סחר בעמ*,,,יח`,120,גרם,false,1,10.90,9.08,true,1,
7290000121093,false,גבינה מותכת לייט בטעם שוויצרי 7% מון בלאן 120 גר',נטו מלינדה סחר בע`מ,,,יח`,120,גרם,false,1,11.60,9.67,true,1,
7290000121109,false,גבינה מותכת לייט עם זיתים 7% מון בלאן 120 גרם,נטו מילנדה סחר בעמ*,,,יח`,120,גרם,false,1,12.60,10.50,true,1,
7290000121154,false,גבינה מותכת לייט עם סלמון 7% מון בלאן 120 גרם,נטו מלינדה סחר בע`מ,,,יח`,120,גרם,false,1,13.90,11.58,true,1,
7290000133645,false,שלישיית משחת שיניים סודה אורביטול 145 גרם,טרופיקל דגיל תעשיות קוסמ,,,יח`,435,גרם,false,1,19.90,4.57,true,1,
7290000134307,false,קינמון טחון 50 גרם טעם וריח,"תבליני טעם וריח בע""מ",,,יח`,50,גרם,false,1,6.90,13.80,false,1,
7290000134314,false,פיצה תערובת תיבול 120 גרם מיכל גדול,"תבליני טעם וריח בע""מ",,,יח`,120,גרם,false,1,9.90,8.25,true,1,
7290000134338,false,אבקת שום בקופ' 90 גר' טעם וריח,"תבליני טעם וריח בע""מ",,,יח`,90,גרם,false,1,9.90,11,true,1,
7290000134352,false,קינמון טחון בקופ' 90 גר' טעם וריח,"תבליני טעם וריח בע""מ",,,יח`,90,גרם,false,1,9.90,11,true,1,
7290000134550,false,עלי דפנה 20 גר' טעם וריח,"תבליני טעם וריח בע""מ",,,יח`,20,גרם,false,1,6.90,34.50,false,1,
7290000134673,false,זנגויל טחון מיכל 30 גרם,"תבליני טעם וריח בע""מ",,,יח`,30,גרם,false,1,6.90,23,false,1,
7290000134758,false,"תיבול לתפו""א בקופ' 100 גר' טעם וריח","תבליני טעם וריח בע""מ",,,יח`,100,גרם,false,1,9.90,9.90,true,1,
7290000134826,false,זעתר מעורב בקופ' 100 גר' טעם וריח,"תבליני טעם וריח בע""מ",,,יח`,100,גרם,false,1,9.90,9.90,true,1,
7290000134833,false,כמון טחון בקופ' 100 גר' טעם וריח,"תבליני טעם וריח בע""מ",,,יח`,100,גרם,false,1,9.90,9.90,true,1,
7290000134840,false,כורכום טחון בקופ' 100 גר' טעם וריח,"תבליני טעם וריח בע""מ",,,יח`,100,גרם,false,1,9.90,9.90,true,1,
7290000134857,false,פפריקה מתוקה בקופ' 100 גר' טעם וריח,"תבליני טעם וריח בע""מ",,,יח`,100,גרם,false,1,9.90,9.90,true,1,
7290000134864,false,פפריקה חריפה בקופ' 100 גר' טעם וריח,"תבליני טעם וריח בע""\מ",,,יח`,100,גרם,false,1,9.90,9.90,true,1,
7290000134871,false,פלפל שחור טחון בקופ' 100 גר' טעם וריח,"תבליני טעם וריח בע""מ",,,יח`,100,גרם,false,1,12.90,12.90,true,1,
7290000134987,false,פלפל שחור גרוס בקופ' 90 גר' טעם וריח,"תבליני טעם וריח בע""מ",,,יח`,90,גרם,false,1,12.90,14.33,true,1,
7290000135052,false,"XL TEN משקה אנרגיה מנגו ללא סוכר 250 מ""ל","טמפו משקאות בע""\מ",,,יח`,250,"מ""ל",false,1,4.90,1.84,true,1,
7290000135113,false,משקה אנרגיה אקסל נענע ליים ללס (250 מל,"טמפו משקאות בע""\מ",,,יח`,250,"מ""ל",false,1,4.90,1.84,true,1,
7290000135311,false,פפסי קולה ליים 1.5 ללא סוכר,"טמפו משקאות בע""\מ",,,יח`,1500,"מ""ל",false,1,8.50,0.55,true,1,
7290000135595,false,פפסי מקס בטעם דובדבן 1.5 ללא סוכר,"טמפו משקאות בע""\מ",,,יח`,1500,"מ""ל",false,1,8.20,0.55,false,1,
7290000136141,false,פפסי קולה 1.5 ליטר פיקדון,"טמפו משקאות בע""\מ",,,יח`,1.50,1 ליטר,false,1,8.90,5.73,true,1,
7290000136158,false,פפסי מקס משקה מוגז דל קלוריות בטעם קולה,"טמפו משקאות בע""\מ",,,יח`,1.50,1 ליטר,false,1,8.50,5.47,true,1,
7290000136165,false,מירינדה אורנג` 1.5 ליטר פיקדון,"טמפו משקאות בע""\מ",,,יח`,1.50,1 ליטר,false,1,8.90,5.73,true,1,
7290000136172,false,משקה 7UP בקבוק 1.5 ליטר פיקדון,"טמפו משקאות בע""\מ",,,יח`,1.50,1 ליטר,false,1,8.90,5.73,true,1,
7290000136240,false,סודה 1.5 ליטר שישייה בודד,"טמפו משקאות בע""\מ",,,יח`,1.50,1 ליטר,false,1,3,1.80,false,1,
7290000136288,false,"סירופ בטעם תפוחים ג'ויסר סיידר הגליל 330 מ""ל","טמפו משקאות בע""\מ",,,יח`,330,"מ""ל",false,1,14.90,4.52,false,1,
7290000136301,false,"סירופ בטעם ענבים ג'ויסר סיידר הגליל 330 מ""ל","טמפו משקאות בע""\מ",,,יח`,330,"מ""ל",false,1,14.90,4.52,false,1,
7290000136455,false,משקה בטעם אשכוליות תריסר 1.5 ל' ג'אמפ,"טמפו משקאות בע""\ם.",,,יח`,1.50,1 ליטר,false,1,7.20,4.60,true,1,
7290000136516,false,משקה בטעם מנגו פסיפלורה תריסר 1.5 ל' ג'אמפ,טמפו משקאות בע`מ,,,יח`,1.50,1 ליטר,false,1,7.20,4.60,true,1,
7290000136523,false,ג`אמפ משקה קל ענבים 1.5 ליטר פיקדון,"טמפו משקאות בע""\ם.",,,יח`,1.50,1 ליטר,false,1,7.20,4.60,true,1,
7290000136561,false,משקה בטעם תות בננה תריסר 1.5 ל' ג'אמפ,"טמפו משקאות בע""\מ",,,יח`,1.50,1 ליטר,false,1,7.20,4.60,true,1,
7290000136585,false,משקה בטעם תפוזים תריסר 1.5 ל' ג'אמפ,"טמפו משקאות בע""\ם.",,,יח`,1.50,1 ליטר,false,1,7.20,4.60,true,1,
7290000136646,false,בירה שחורה נשר מאלט בקבוק 1.5 ליטר,"טמפו משקאות בע""\מ",,,יח`,1.50,1 ליטר,false,1,8.90,5.73,false,1,
7290000136653,false,בירה שחורה נשר מאלט דיאט בקבוק 1.5ל`,"טמפו משקאות בע""\מ",,,יח`,1500,"מ""ל",false,1,8.90,0.57,false,1,
7290000136776,false,שישיית פפסי מקס דל קלוריות 1.5 ליטר,טמפו משקאות בע`מ,,,יח`,9,1 ליטר,false,1,37.90,4.01,false,1,
7290000136790,false,טמפו מי סודה 6*1.5 ליטר פיקדון,"טמפו משקאות בע""\מ",,,יח`,9,1 ליטר,false,1,17.90,1.79,false,1,
7290000136806,false,סודה בטעם לימון ליים 1.5 רביעייה רביעייה,טמפו משקאות בע`מ,,,יח`,6,1 ליטר,false,1,11.90,1.78,false,1,
7290000136813,false,סודה בטעם אננס מארז רביעייה 1.5 ל' טמפו,טמפו משקאות בע''מn\,,,יח`,6,1 ליטר,false,1,11.90,1.78,false,1,
7290000136820,false,סודה בטעם פירות יער מארז ריבעיה * 1.5 ל' טמפו,טמפו משקאות בע''מn\,,,יח`,6,1 ליטר,false,1,11.90,1.78,false,1,
7290000136837,false,רביעיית מי סודה נגיעות אפרסק טמפו 1.5 ליטר,טמפו משקאות בע''מn\,,,יח`,6,1 ליטר,false,1,11.90,1.78,false,1,
7290000136844,false,מארז מים מזוככים אקווה נובה שישיית 2 ליטר,"טמפו משקאות בע""\מ",,,יח`,12,1 ליטר,false,1,12.90,0.93,false,1,
7290000136868,false,סאן בנדטו - מים מינרלים - מארז שישיית 1.5 ליטר,אקווה מינרלה סאן בנדטו ב,,,יח`,9,1 ליטר,false,1,18.90,1.90,false,1,
7290000137643,false,שלגוני טעמקור בטעם שוקו וניל שטראוס 8*50 גרם,"גלידת שטראוס בע""\מ, רחוב",,,יח`,1,,false,1,37.90,37.90,false,1,
7290000143286,false,הוואי מרכך לשיער רגיל 700 מל ירוק,טרופיקל דגיל קוסמטיק,,,יח`,700,"מ""ל",false,1,8.90,1.27,false,1,
7290000144467,false,שמן חמניות מועשר בנוגדי חמצון 1 ל' עץ הזית,"נארז ע""י : א.ג. גילר",,,יח`,1,1 ליטר,false,1,16.90,16.90,true,1,
7290000144474,false,שמן עץ הזית קנולה 1 ליטר בריאות מהטבע,סוגת תעשיות בעמ,,,יח`,1,1 ליטר,false,1,15.90,15.90,true,1,
7290000146645,false,הוואי - סבון מוצק שחור מסתורי 100 גרם רביעייה,טרופיקל דגיל קוסמטיק,,,יח`,400,גרם,false,1,11.90,2.98,false,1,
7290000146652,false,הוואי - סבון מוצק ורוד רומנטי 100 גרם רביעייה,טרופיקל דגיל קוסמטיק,,,יח`,400,גרם,false,1,11.90,2.98,false,1,
7290000146669,false,הוואי - סבון מוצק שמיים כחולים 100 גרם רביעייה,טרופיקל דגיל קוסמטיק,,,יח`,400,גרם,false,1,11.90,2.98,false,1,
7290000146676,false,הוואי - סבון מוצק לגבר 100 גרם רביעייה,טרופיקל דגיל קוסמטיק,,,יח`,400,גרם,false,1,11.90,2.98,false,1,
7290000146683,false,הוואי - סבון מוצק אפקט דאודורנט 100 גרם רביעייה,טרופיקל דגיל קוסמטיק,,,יח`,400,גרם,false,1,11.90,2.98,false,1,
7290000146928,false,"משחת שיניים לילדים בטעם ענבים טום וג'רי 50 מ""ל",טרופיקל דגיל קוסמטיק,,,יח`,60,גרם,false,1,8.90,14.83,true,1,
7290000146997,false,משחת שיניים לילדים מסטיק טום וג'רי 50 מל,טרופיקל דגיל קוסמטיק,,,יח`,60,גרם,false,1,8.90,14.83,true,1,
7290000148489,false,"קליית גת גרעיני דלעת קלויים,200 גרם",ליימן שליסל בעמ,,,יח`,200,גרם,false,1,8.90,4.45,false,1,
7290000148618,false,קשיו מטוגן שקית קליית גת 200 גרם,ליימן שליסל בעמ,,,יח`,200,גרם,false,1,17.90,8.95,false,1,
7290000148748,false,קליית גת גרעיני חמניה קלויים ומומלחים200,ליימן שליסל בעמ,,,יח`,200,גרם,false,1,5.90,2.95,false,1,
7290000148939,false,שקדים קלויים קליית גת (200 גרם),ליימן שליסל בעמ,,,יח`,200,גרם,false,1,14.90,7.45,false,1,
7290000149615,false,רביעיית סבון מוצק קלאסי לתינוק נקה 7 4*100 גרם,החברה הדרומית לשיווק בעמ,,,יח`,400,גרם,false,1,10.90,2.73,true,1,
7290000149844,false,סבון רב שימושי סינטבון (230 גרם),החברה הדרומית לשיווק בעמ,,,יח`,230,גרם,false,1,6.90,3,false,1,
7290000149905,false,טקסטיל שמפו נוזלי לאריגים עדינים1ליט,החברה הדרומית לשיווק בעמ,,,יח`,1,1 ליטר,false,1,12.90,12.90,false,1,
7290000153469,false,קציצות עוף קלאסיות 100% רכיבים טבעיים,קבוצת אסם סחר שות. מוגבלת,,,יח`,600,גרם,false,1,28.90,4.82,true,1,
7290000168630,false,קליק שקיות דג דג שוקלד חלבי דצ,יוניליוור ישראל שיווק בעמ,,,יח`,75,גרם,false,1,6.50,8.67,true,1,
7290000169538,false,"נמס בכוס עגבניות וקרוטונים מרק כשרות בד""ץ 62 ג' קנור",יוניליוור ישראל שיווק בע`מ,,,יח`,17,גרם,false,1,6.90,40.59,false,1,
7290000174723,false,שוקולית אבקה להכנת משקה שוקו 500 גרם,הנסיך- מפעל לייצור ט,,,יח`,500,גרם,false,1,11.90,2.38,false,1,
7290000176062,false,קפה טורקי בשקית 100 ג' עלית,שטראוס קפה בי.ויn\.,,,יח`,100,גרם,false,1,8.90,8.90,false,1,
7290000176079,false,קפה טורקי עם הל עלית (100 גרם),הנסיך- מפעל לייצור ט,,,יח`,100,גרם,false,1,8.90,8.90,false,1,
7290000176116,false,קפה טורקי בוואקום עלית (1 קג),הנסיך- מפעל לייצור ט,,,יח`,1,"ק""ג",false,1,74.90,74.90,false,1,
7290000176413,false,קפה נמס עלית פחית 50 גרם,הנסיך- מפעל לייצור ט,,,יח`,50,גרם,false,1,9.90,19.80,false,1,
7290000176420,false,קפה נמס פחית עלית 200 גרם,פיקסל אם.גי.אם בעמ,,,יח`,200,גרם,false,1,19.90,9.95,false,1,
7290000176475,false,קפה נמס נטול קפאין האג עלית (200 גרם),שטראוס גרופ בע`מ,,,יח`,200,גרם,false,1,34.90,17.45,false,1,
7290000178707,false,חטיף צ`יפס בטעם טבעי תפוצ`יפס (50 גרם),"שטראוס פריטו ליי בע""\מ )",,,יח`,50,גרם,false,1,3.90,7.80,false,1,
7290000178721,false,חטיף צ`יפס בטעם טבעי תפוצ`יפס (200 גרם),"שטראוס פריטו ליי בע""\מ )",,,יח`,200,גרם,false,1,10.90,5.45,true,1,
7290000185330,false,סילאן טבעי תמר כנרת 900 גר,תה ויסוצקי (ישראל) בעמ,,,יח`,900,גרם,false,1,23.90,2.66,true,1,
7290000186535,false,נייר טואלט תלת שכבתי לבן לילי 32 יחידות,קימברלי קלארק ישראל שיווק בעמ,,,יח`,1,,false,1,44.90,44.90,false,1,
7290000187952,false,נייר טואלט תלת שכבתי ורוד לילי 32 יחידות,קימברלי קלארק ישראל שיווק בעמ,,,יח`,1,,false,1,44.90,44.90,false,1,
7290000188355,false,ניקול מגבות נייר לבנות 6 גלילים,קימברלי קלארק ישראל שיווק בעמ,,,יח`,1,,false,1,12.90,12.90,false,1,
7290000188591,false,קוטקס מגן תחתון יאנג ביג 60 יחידות,קימברלי קלארק ישראל שיווק בעמ,,,יח`,1,יח`,false,1,15.90,15.90,false,1,
7290000189079,false,"ניקול תבניות אינגליש חזקות ועבות מארז, 7 יח'",קימברלי קלארק ישראל שיווק בעמ,,,יח`,1,,false,1,10.90,10.90,false,1,
7290000189192,false,סופר מטלית מטליות נייר רב פעמיות ניקול 64 יחידות,קימברלי קלארק ישראל שיווק בעמ,,,יח`,1,יח`,false,1,19.90,19.90,false,1,
7290000189277,false,תבניות מלבניות עבות וחזקות ניקול 3 יחידות,קימברלי קלארק ישראל שיווק בעמ,,,יח`,1,,false,1,10.90,10.90,false,1,
7290000189550,false,"שקיות אשפה ענקיות עם שרוך 78 * 90 ס""מ ניקול 2 * 10 יחידות",קימברלי קלארק ישראל שיווק בעמ,,,יח`,1,יח`,false,1,24.90,24.90,false,1,
7290000189598,false,מטליות לחות חד פעמיות לניקוי כללי 50 יח' ניקול,קימברלי קלארק ישראל שיווק בעמ,,,יח`,1,יח`,false,1,12.90,12.90,true,1,
7290000189659,false,מטליות לחות לרצפה ניקול 10 יח'-מרכז,קימברלי קלארק ישראל שיווק בעמ,,,יח`,1,יח`,false,1,14.90,14.90,true,1,
7290000189680,false,ניקול זוג מטליות לחות לרצפה,קימברלי קלארק ישראל שיווק בעמ,,,יח`,1,,false,1,19.90,19.90,false,1,
7290000189734,false,מטליות לחות לניקוי פרקט ניקול 10 יחידות,קימברלי קלארק ישראל שיווק בעמ,,,יח`,1,,false,1,22.90,22.90,true,1,
7290000189871,false,"שקיות אשפה עם שרוך 52 * 65 ס""מ ניקול 55 שקיות",קימברלי קלארק ישראל שיווק בעמ,,,יח`,1,,false,1,18.90,18.90,false,1,
7290000190150,false,מפיות מודפסות תלת שכבתיות ניקול 20 יחידות,קימברלי קלארק ישראל שיווק בעמ,,,יח`,102,גרם,false,1,9.90,9.71,false,1,
7290000190198,false,מטליות לחות לניקוי וחיטוי 99.9% ניקול 50 יחידה,קימברלי קלארק ישראל שיווק בעמ,,,יח`,1,,false,1,11.90,11.90,true,1,
7290000190853,false,לילי פיור נייר טואלט דו שכבתי לבן 30 גלילים,קימברלי קלארק ישראל שיווק בעמ,,,יח`,2300,גרם,false,1,39.90,1.73,false,1,
7290000191652,false,שלישיית ממחטות אולטרה סופט קלינקס 90 יחידות,קימברלי קלארק ישראל שיווק בעמ,,,יח`,1,,false,1,11.90,11.90,false,1,
7290000191966,false,נייר טואלט לילי לח נטורל קר 48 דפים,קימברלי קלארק ישראל שיווק בעמ,,,יח`,59,גרם,false,1,7.90,13.39,false,1,
7290000193014,false,מגן תחתון פדיות אינטרלוד לילי 50 יחידות,קימברלי קלארק ישראל שיווק בעמ,,,יח`,1,,false,1,10.90,10.90,false,1,
7290000193083,false,נובה-לי תחבושות היגייניות לילי 28 יחידות,קימברלי קלארק ישראל שיווק בעמ,,,יח`,1,,false,1,10.90,10.90,false,1,
7290000193205,false,תחבושות עם כנפיים ללילה נטורל לילי 20 יחידות,קימברלי קלארק ישראל שיווק בעמ,,,יח`,1,יח`,false,1,15.90,15.90,false,1,
7290000193472,false,מגן תחתון נטורל נורמל לילי 60 יחידות,קימברלי קלארק ישראל שיווק בעמ,,,יח`,1,יח`,false,1,15.90,15.90,false,1,
7290000193540,false,מגן תחתון לונג נטורל לילי 52 יחידות,קימברלי קלארק ישראל שיווק בעמ,,,יח`,1,יח`,false,1,15.90,15.90,false,1,
7290000193649,false,תחבושות עם כנפיים נורמל פלוס לילי 24 יחידות,קימברלי קלארק ישראל שיווק בעמ,,,יח`,1,יח`,false,1,15.90,15.90,false,1,
7290000193656,false,תחבושות עם כנפיים סופר פלוס לילי 24 יחידות,קימברלי קלארק ישראל שיווק בעמ,,,יח`,1,יח`,false,1,15.90,15.90,false,1,
7290000195537,false,האגיס - מגבוני האגיס דיילי קר לא מבושם 64 יח' * 4,קימברלי קלארק ישראל שיווק בעמ,,,יח`,1,,false,1,19.90,19.90,false,1,
7290000195773,false,האגיס - מגבוני האגיס סנסטיב קר לא מבושם 64 יח' * 4,קימברלי קלארק ישראל שיווק בעמ,,,יח`,1,,false,1,19.90,19.90,false,1,
7290000196763,false,"שקיות אשפה חזקות במיוחד עם שרוך 52 * 65 ס""מ ניקול 40 יחידות",קימברלי קלארק ישראל שיווק בעמ,,,יח`,1,יח`,false,1,28.90,28.90,false,1,
7290000197012,false,שקיות ריצ'רץ' אחסון למזון ניקול 15 יחידות,קימברלי קלארק ישראל שיווק בעמ,,,יח`,15,יח`,false,1,14.90,0.99,false,1,
7290000197029,false,שקיות ריצ'רץ' רב תכליתיות ניקול 12 יחידות,קימברלי קלארק ישראל שיווק בעמ,,,יח`,12,יח`,false,1,14.90,1.24,false,1,
7290000197425,false,חיתולים פרידום דריי שלב 3 האגיס 52 יחידות,קימברלי קלארק ישראל שיווק בעמ,,,יח`,1,,false,1,41.90,41.90,false,1,
7290000197456,false,חיתולים פרידום דריי שלב 4 האגיס 44 יחידות,קימברלי קלארק ישראל שיווק בעמ,,,יח`,1,,false,1,41.90,41.90,false,1,
7290000197463,false,חיתולים פרידום דריי שלב +4 האגיס 40 יחידות,קימברלי קלארק ישראל שיווק בעמ,,,יח`,1,,false,1,41.90,41.90,false,1,
7290000197548,false,חיתולים פרידום דריי שלב 5 האגיס 36 יחידות,קימברלי קלארק ישראל שיווק בעמ,,,יח`,1,,false,1,41.90,41.90,false,1,
7290000197678,false,חיתולי האגיס פרידום דריי שלב 6 30 יחידות,קימברלי קלארק ישראל שיווק בעמ,,,יח`,1,,false,1,41.90,41.90,false,1,
7290000197753,false,ניילון נצמד אנטי בטקריאלי ניקול 30X2מ',קימברלי קלארק ישראל שיווק בעמ,,,יח`,1,יח`,false,1,13.90,13.90,false,1,
7290000197951,false,תבניות אלומיניום ענקיות ניקול 3 יחידות,קימברלי קלארק ישראל שיווק בעמ,,,יח`,1,,false,1,10.90,10.90,false,1,
7290000197982,false,"רדיד אלומיניום עבה 45 ס""מ רוחב ניקול 2 יח' 7.5 מטר",קימברלי קלארק ישראל שיווק בעמ,,,יח`,2,יח`,false,1,24.90,12.45,false,1,
7290000197999,false,רדיד אלומיניום עבה ניקול זוגי 30X7.5מ',קימברלי קלארק ישראל שיווק בעמ,,,יח`,1,יח`,false,1,17.90,17.90,false,1,
7290000199313,false,תחבושות עם כנפיים נורמל פלוס קוטקס 30 יחידות,קימברלי קלארק ישראל שיווק בעמ,,,יח`,1,,false,1,19.90,19.90,false,1,
7290000201832,false,חיתולי פרימיום שלב 3 טיטולים) (50,קימברלי קלארק ישראל שיווק בעמ,,,יח`,1,,false,1,39.90,39.90,false,1,
7290000201849,false,חיתולי פרימיום שלב 4 טיטולים) (40,קימברלי קלארק ישראל שיווק בעמ,,,יח`,1,,false,1,39.90,39.90,false,1,
7290000201856,false,חיתולי פרימיום שלב 4+ טיטולים) (38,קימברלי קלארק ישראל שיווק בעמ,,,יח`,1,,false,1,39.90,39.90,false,1,
7290000204086,false,ניקול כרית קרצוף מארז שלישייה,קימברלי קלארק ישראל שיווק בעמ,,,יח`,3,יח`,false,1,12.90,4.30,true,1,
7290000204147,false,רביעיית כרית יפנית עבה ניקול 4 יחידות,קימברלי קלארק ישראל שיווק בעמ,,,יח`,4,יח`,false,1,12.90,3.23,true,1,
7290000204215,false,שישיית כרית יפנית ניקול 6 יחידות,קימברלי קלארק ישראל שיווק בעמ,,,יח`,600,גרם,false,1,12.90,2.15,true,1,
7290000204253,false,מטליות רב שימושיות לניקיון ניקול 9 יחידות,קימברלי קלארק ישראל שיווק בעמ,,,יח`,9,יח`,false,1,12.90,1.43,true,1,
7290000204512,false,מטליות לחות לניקוי רצפה בריח לימון ניקול 10 יחידות,קימברלי קלארק ישראל שיווק בעמ,,,יח`,1,,false,1,14.90,14.90,true,1,
7290000207063,false,רסק עגבניות פריכוז 28% 240 גרם יכין,היינץ צפון אמריקה מק,,,יח`,240,גרם,false,1,4.90,2.04,false,1,
7290000207162,false,רוטב עגבניות מרכיב טבעי 100 ג' יכין,זנלכול יכין,,,יח`,100,גרם,false,1,2.50,2.50,true,1,
7290000207438,false,עגבניות מקולפות חתוכות לקוביות,זנלכול יכין,,,יח`,800,גרם,false,1,9.90,1.24,false,1,
7290000208022,false,עגבניות 2.5 A מרוסקות 850 גרם יכין,זנלכול יכין,,,יח`,800,גרם,false,1,9.90,1.24,false,1,
7290000208077,false,אפונת גינה גדולה יכין (550 גרם),זנלכול יכין,,,יח`,550,גרם,false,1,8.50,1.55,true,1,
7290000208114,false,"אפונה וגזר יכין A2 פ""ק בית יוסף",זנלכול יכין,,,יח`,550,גרם,false,1,8.50,1.55,true,1,
7290000208138,false,סירופ דיאט בטעם ענבים יכין (1 ליטר),זנלכול יכין,,,יח`,1000,"מ""ל",false,1,16.90,1.69,false,1,
7290000208145,false,גרעיני תירס מתוק לייט 550 גרם יכין,זנלכול יכין,,,יח`,550,גרם,false,1,9.90,1.80,false,1,
7290000208213,false,שעועית לבנה אפויה A2 ברוטב עגבניות יכין 560ג',היינץ צפון אמריקה מק,,,יח`,580,גרם,false,1,9.50,1.64,true,1,
7290000208220,false,שעועית צ`ילי מקסיקני חריף יכין (550 גרם),היינץ צפון אמריקה מק,,,יח`,580,גרם,false,1,10.50,1.81,false,1,
7290000208312,false,גרעיני תירס מתוק בואקום יכין 400 גר',"זנלכל בע""\מ",,,יח`,400,גרם,false,1,6.50,1.63,true,1,
7290000208329,false,גרעיני תירס מתוק יכין (550 גרם),זנלכול יכין,,,יח`,550,גרם,false,1,8.50,1.55,true,1,
7290000208336,false,רסק יכין 240גר 22% יכין בית יוסף,"זנלכל בע""\מ",,,יח`,240,גרם,false,1,4.50,1.88,true,1,
7290000208343,false,עגבניות מרוסקות שום יכין A2.5 בית יוסף,היינץ צפון אמריקה מק,,,יח`,800,גרם,false,1,9.90,1.24,false,1,
7290000208350,false,עגבניות מרוסקות עם בצל יכין (800 גרם),זנלכול יכין,,,יח`,800,גרם,false,1,9.90,1.24,false,1,
7290000208367,false,עגבניות מרוסקות בזיליקום יכין A2.5 בית יוסף,זנלכול יכין,,,יח`,800,גרם,false,1,9.90,1.24,false,1,
7290000208404,false,A2 פול מצרי 550 גרם יכין,זנלכול יכין,,,יח`,550,גרם,false,1,9.50,1.73,false,1,
7290000208428,false,גרגרי חומוס שלם 550 גרם יכין,היינץ צפון אמריקה מק,,,יח`,550,גרם,false,1,9.50,1.73,true,1,
7290000208459,false,"לקט אפונה, תפוחי אדמה וגזר יכין 550 גרם",זנלכול יכין,,,יח`,550,גרם,false,1,9.90,1.80,false,1,
7290000208480,false,גרעיני תירס מתוק בטעם חמאה 550 גרם יכין,זנלכול יכין,,,יח`,550,גרם,false,1,9.90,1.80,false,1,
7290000208534,false,תירס קיד גרעיני תירס מתוק יכין (550 גרם),זנלכול יכין,,,יח`,550,גרם,false,1,9.90,1.80,false,1,
7290000208800,false,תירס קיד גרעיני תירס מתוק יכין (400 גרם),זנלכול יכין,,,יח`,340,גרם,false,1,6.50,1.91,false,1,
7290000208855,false,רוטב לפסטה קלאסי יכין (240 גרם),זנלכול יכין,,,יח`,240,גרם,false,1,5.50,2.29,false,1,
7290000208893,false,גרעיני תירס מתוק לייט 400 גרם יכין,היינץ צפון אמריקה מק,,,יח`,340,גרם,false,1,6.50,1.91,true,1,
7290000208930,false,עגבניות מרוסקות בתוספת שום 240 גרם יכין,זנלכול יכין,,,יח`,240,גרם,false,1,5.50,2.29,false,1,
7290000208947,false,עגבניות מרוסקות יכין (240 גרם),היינץ צפון אמריקה מק,,,יח`,240,גרם,false,1,5.50,2.29,false,1,
7290000208978,false,רוטב עגבניות (10028% גרם)פריכוז יכין,זנלכול יכין,,,יח`,100,גרם,false,1,3,3,false,1,
7290000209012,false,חומץ 1ליטר יכין הדרים,"זנלכל בע""\מ",,,יח`,1,1 ליטר,false,1,6.90,6.90,true,1,
7290000209043,false,מיץ לימון משומר לתיבול יכין (1 ליטר),היינץ צפון אמריקה מק,,,יח`,1,1 ליטר,false,1,7.50,7.50,true,1,
7290000209173,false,חומצה אצטית למזון 5% יכין 1 ליטר,זנלכול יכין,,,יח`,1000,גרם,false,1,4.90,0.49,false,1,
7290000209371,false,מארז גרעיני תירס מתוק יכין (200x3 גרם),היינץ צפון אמריקה מק,,,יח`,600,גרם,false,1,14.90,2.48,false,1,
7290000209388,false,תירס מתוק לייט יכין 200 גרם מארז 3 יח',זנלכול יכין,,,יח`,165,גרם,false,1,14.90,9.03,false,1,
7290000209524,false,סירופ דיאט בטעם פטל יכין (1 ליטר),זנלכול יכין,,,יח`,1000,"מ""ל",false,1,16.90,1.69,false,1,
7290000209531,false,סירופ דיאט בטעם אשכוליות יכין 1 ליטר,"זנלכל בע""\מ",,,יח`,1000,"מ""ל",false,1,16.90,1.69,false,1,
7290000209555,false,סירופ דיאט בטעם תפוחים יכין 1 ליטר,זנלכול יכין,,,יח`,1000,"מ""ל",false,1,16.90,1.69,false,1,
7290000209579,false,סירופ דיאט בטעם אננס יכין (1 ליטר),"זנלכל בע""\מ",,,יח`,1000,"מ""ל",false,1,16.90,1.69,false,1,
7290000209722,false,רוטב עגבניות 28% יכין (580 גרם)פריכוז,"זנלכל בע""\מ",,,יח`,580,גרם,false,1,10.90,1.88,false,1,
7290000209913,false,עגבניות חתוכות לקוביות 240 גרם יכין,"זנלכל בע""\מ",,,יח`,240,גרם,false,1,5.50,2.29,false,1,
7290000209944,false,רוטב לעגבניות בסיס לשקשוקה 240 ג' יכין,"זנלכל בע""\מ",,,יח`,240,גרם,false,1,5.50,2.29,false,1,
7290000209951,false,רוטב עגבניות לפיצה 260 גרם יכין,"זנלכל בע""\מ",,,יח`,240,גרם,false,1,5.50,2.29,false,1,
7290000210896,false,רוטב לפסטה בולונז 240 גרם יכין,זנלכול יכין,,,יח`,240,גרם,false,1,5.90,2.46,false,1,
7290000211169,false,"אורז תאילנדי אחד אחד סוגת 1 ק""ג",האי נאם סי או אל.טי.,,,יח`,1,"ק""ג",false,1,6.90,6.90,true,1,
7290000211381,false,"סוכר חום כהה בשקית סוגת 1 ק""ג","טונגט היולט שוגר בע""",,,יח`,1,"ק""ג",false,1,14.90,14.90,false,1,
7290000211442,false,אורז בסגנון פרסי קלאסי סוגת (1 קג),האי נאם סי או אל.טי.,,,יח`,1,"ק""ג",false,1,10.90,10.90,false,1,
7290000211503,false,סוכר לבן ארוז בשקית,"סוגת תעשיות בע""\מ",,,יח`,1,"ק""ג",false,1,3.90,3.90,false,1,
7290000211985,false,אורז עגול ריזוטו אחד אחד 1 קג,"סוגת תעשיות בע""\מ",,,יח`,1,"ק""ג",false,1,9.90,9.90,false,1,
7290000226545,false,"עוגת טורט היער השחור קפולסקי 1 ק""ג",קפולסקי שיווק וקמעונ,,,יח`,1000,גרם,false,1,64.90,6.49,false,1,
7290000226552,false,קפולסקי עוגת טורט ריבת חלב+ קוקוס קפוא,קפולסקי שיווק וקמעונ,,,יח`,1000,גרם,false,1,64.90,6.49,false,1,
7290000226569,false,עוגת טורט קצפת שוקולד קפולסקי (1 קג),תופינים מקבוצת קפולסקי,,,יח`,1000,גרם,false,1,64.90,6.49,false,1,
7290000226576,false,"עוגת טורט מצופה שוקולד קפולסקי 1 ק""ג",תופינים מקבוצת קפולסקי,,,יח`,1000,גרם,false,1,64.90,6.49,false,1,
7290000238029,false,"בצק עלים צרפתי מרודד מעדנות 1 ק""ג",תנובה מרכז שיתופי לשיווק תוצרת,,,יח`,1000,גרם,false,1,21.90,2.19,false,1,
7290000238036,false,מלאווח מעדנות 6 יח`700 גרם קפוא,תנובה מרכז שיתופי לשיווק תוצרת,,,יח`,700,גרם,false,1,16.90,2.41,false,1,
7290000238173,false,.בורקס במילוי גבינה 800 גרם מעדנות,מיוצר עי קונדיטוריית,,,יח`,800,גרם,false,1,20.90,2.61,false,1,
7290000238180,false,בורקס במילוי תפוא 800 גרם מעדנות,מיוצר עי קונדיטוריית,,,יח`,800,גרם,false,1,19.90,2.49,false,1,
7290000240541,false,ריבועי בצק עלים מעדנות 800 גרם,תנובה מרכז שיתופי לשיווק תוצרת,,,יח`,800,גרם,false,1,25,3.13,false,1,
7290000244143,false,קרם הוואי לאחר גילוח+ לחות 120 מ``ל,טרופיקל דגיל קוסמטיק,,,יח`,120,גרם,false,1,17.90,14.92,true,1,
7290000244631,false,ענוגה גליצרין קרם ידיים 80 מל,עיסא ערטול בעמ,,,יח`,80,"מ""ל",false,1,6.90,8.63,false,1,
7290000244761,false,קרם ידיים ולוטה (80 גרם),טרופיקל דגיל קוסמטיק,,,יח`,80,"מ""ל",false,1,10.90,13.63,true,1,
7290000245072,false,סוד מרכך כביסה בייבי סנסטיב 4 ליטר,גורי שיווק בעמ,,,יח`,4,1 ליטר,false,1,16.90,4.23,false,1,
7290000245270,false,"פרסיל אבקה לכביסה רגיל שקית 1.25 ק""ג",גורי שיווק בעמ,,,יח`,1.25,"ק""ג",false,1,14.90,11.92,false,1,
7290000245287,false,"פרסיל אבקת כביסה 1.250 ק""ג קולור ויניגר",גורי שיווק בעמ,,,יח`,1.25,"ק""ג",false,1,14.90,11.92,false,1,
7290000245782,false,סוד סופט מרכך כביסה ורוד 4 ליטר,גורי שיווק בעמ,,,יח`,4,1 ליטר,false,1,16.90,4.23,false,1,
7290000253220,false,שוקולדצ`יפס לאפייה 260 גר`אופנהיימר,תה ויסוצקי (ישראל) בעמ,,,יח`,260,גרם,false,1,10.90,4.19,false,1,
7290000253251,false,נטיפי שוקולד צ`יפס לבן לאפיה 250 גרם,תה ויסוצקי (ישראל) בעמ,,,יח`,250,גרם,false,1,12.90,5.16,false,1,
7290000253374,false,מיני שוקולד צ`יפס 66% מוצקי קקאו אופנהיי,תה ויסוצקי (ישראל) בעמ,,,יח`,250,גרם,false,1,14.90,5.96,false,1,
7290000254197,false,קפה אספרסטו זהב עלית (200 גרם),שטראוס גרופ בע`מ,,,יח`,200,גרם,false,1,22.90,11.45,false,1,
7290000262413,false,חיתולי האגיס אקסטרה קייר מידה 5 34 יחידות,קימברלי קלארק ישראל שיווק בעמ,,,יח`,1,,false,1,46.90,46.90,false,1,
7290000263359,false,חיתולים ליטל בייביז מידה 1 האגיס 40 יחידות,קימברלי קלארק ישראל שיווק בעמ,,,יח`,1,,false,1,34.90,34.90,false,1,
7290000267036,false,שקדים מולבנים משובבים השף 100 גרם,דין שיווק וקליה 2021 בעמ,,,יח`,100,גרם,false,1,9.90,9.90,true,1,
7290000267043,false,שקדים מולבנים פרוסים השף 100 גרם,דין שיווק וקליה 2021 בעמ,,,יח`,100,גרם,false,1,9.90,9.90,true,1,
7290000272696,false,מיץ לימון טבעי משומר 1 ליטר עסיס כלפ,קבוצת אוסם סחר שותפות מוגבלת,,,יח`,1,1 ליטר,false,1,9.90,9.90,false,1,
7290000272726,false,חומץ רכיבים רכיבים טבעיים 5% עסיס 1 ליטר,קבוצת אוסם סחר שותפות מוגבלת,,,יח`,1,1 ליטר,false,1,7.90,7.90,false,1,
7290000286228,false,ספוגיות לניקוי כללי סנו סושי 6 יחידות,החברה הדרומית לשיווק בעמ,,,יח`,6,יח`,false,1,11.90,1.98,true,1,
7290000286549,false,מטליות לניקוי כללי סנו סושי 9 יחידות,החברה הדרומית לשיווק בעמ,,,יח`,9,יח`,false,1,11.90,1.32,true,1,
7290000286761,false,ניילון נצמד סנו סושי פלסטיק מארז 30X2 מ',החברה הדרומית לשיווק בעמ,,,יח`,1,,false,1,11.90,11.90,true,1,
7290000286891,false,שמפו לרצפה מגן קריסטל סנו (1 ליטר),החברה הדרומית לשיווק בעמ,,,יח`,1000,"מ""ל",false,1,25.90,2.59,false,1,
7290000286921,false,סנוקל רסס וכבס תרסיס אקדח 750 מ``ל,החברה הדרומית לשיווק בעמ,,,יח`,750,"מ""ל",false,1,12.90,1.72,true,1,
7290000286945,false,סנו רהיט נוזלי תרסיס 500 סמק+אקדח,החברה הדרומית לשיווק בעמ,,,יח`,500,"מ""ל",false,1,25.90,5.18,false,1,
7290000287102,false,סנו שטיחים קצף לניקוי שטיחים 600 סמק,החברה הדרומית לשיווק בעמ,,,יח`,600,"מ""ל",false,1,19.90,3.32,false,1,
7290000287195,false,"סנו רהיט ספריי עשיר בווקס להברקה 305 מ""ל",החברה הדרומית לשיווק בעמ,,,יח`,305,"מ""ל",false,1,13.90,4.56,false,1,
7290000287409,false,"שלישיית סנובון תות לאסלה ""סנו""",החברה הדרומית לשיווק בעמ,,,יח`,165,גרם,false,1,11.90,7.21,true,1,
7290000287430,false,סנובון צבעוני לאסלה בריח לימון שלישייה,החברה הדרומית לשיווק בעמ,,,יח`,165,גרם,false,1,11.90,7.21,true,1,
7290000287485,false,"שלישיית סנובון לובר לאסלה ""סנו""",החברה הדרומית לשיווק בעמ,,,יח`,165,גרם,false,1,11.90,7.21,true,1,
7290000287492,false,"סנובון נוזל לניקוי אסלות בריח לימון סנו 750 מ""ל",החברה הדרומית לשיווק בעמ,,,יח`,750,"מ""ל",false,1,10.90,1.45,true,1,
7290000287621,false,"אנטי קאלק נוזל לניקוי אסלות סנו 750 מ""ל",החברה הדרומית לשיווק בעמ,,,יח`,750,"מ""ל",false,1,11.90,1.59,true,1,
7290000288017,false,אקונומיקה בריח לימון סנו ז'אוול 1 ליטר,החברה הדרומית לשיווק בעמ,,,יח`,1,1 ליטר,false,1,8.90,8.90,false,1,
7290000288024,false,סנו - ז'אוול אקונומיקה בריח לימון 4 ליטר,החברה הדרומית לשיווק בעמ,,,יח`,4000,"מ""ל",false,1,16.90,0.42,false,1,
7290000288031,false,"אקונומיקה תו תקן 4 ליטר ""סנו""",החברה הדרומית לשיווק בעמ,,,יח`,4,1 ליטר,false,1,10.90,2.73,false,1,
7290000288048,false,ז`אוול מרסס לניקוי כללי לבנדר סנו (1 ליט,החברה הדרומית לשיווק בעמ,,,יח`,1,1 ליטר,false,1,18.90,18.90,true,1,
7290000288109,false,"אבקת כביסה מקסימה אפקט ג''אוול 1.25 ק""ג סנו",החברה הדרומית לשיווק בעמ,,,יח`,1.25,"ק""ג",false,1,13.90,11.12,true,1,
7290000288352,false,"קוטל חרקים וזוחלים K-300 סנו 630 מ""ל",החברה הדרומית לשיווק בעמ,,,יח`,630,"מ""ל",false,1,21.90,3.48,true,1,
7290000288390,false,קוטל זבובים יתושים קיי 600 סנו (500 מל),החברה הדרומית לשיווק בעמ,,,יח`,475,"מ""ל",false,1,21.90,4.61,false,1,
7290000288642,false,מקסימה מרכך כביסה סנסיטיב בייבי סנו 4 ליטר,החברה הדרומית לשיווק בעמ,,,יח`,4,1 ליטר,false,1,19.90,4.98,true,1,
7290000288659,false,"סנו - די רולאון דוחה יתושים ג'ונגל 50 מ""ל",החברה הדרומית לשיווק בעמ,,,יח`,50,"מ""ל",false,1,19.90,39.80,false,1,
7290000288727,false,סנו מקסימה אבקת כביסה מאסק מילוי 1.25,החברה הדרומית לשיווק בעמ,,,יח`,1.25,"ק""ג",false,1,13.90,11.12,true,1,
7290000289069,false,סנו - ז'אוול מרסס קצף ניקוי בתוספת אקונומיקה בריח לימון 1 ליטר,החברה הדרומית לשיווק בעמ,,,יח`,1,1 ליטר,false,1,18.90,18.90,true,1,
7290000289380,false,"סנו - ז'אוול לניקוי אסלות לימון 750 מ""ל",החברה הדרומית לשיווק בעמ,,,יח`,750,"מ""ל",false,1,10.90,1.45,false,1,
7290000289472,false,סנו סושי רב שקית שקיות אשפה90*76 50י,החברה הדרומית לשיווק בעמ,,,יח`,1,,false,1,17.90,17.90,false,1,
7290000289496,false,"סנו - ז'אוול ג'ל קרם לניקוי כללי לימון 750 מ""ל",החברה הדרומית לשיווק בעמ,,,יח`,750,"מ""ל",false,1,10.90,1.45,false,1,
7290000289748,false,"מסיר שומנים לתנורים פורטה פלוס סנו 750 מ""ל",החברה הדרומית לשיווק בעמ,,,יח`,750,"מ""ל",false,1,13.90,1.85,true,1,
7290000289885,false,"מטהר אוויר ענק אושנבריז סנו פרש 375 מ""ל",החברה הדרומית לשיווק בעמ,,,יח`,375,"מ""ל",false,1,10.90,2.91,true,1,
7290000289915,false,"סנו פרש ענק קוקו וניל צהוב 375 מ""ל",החברה הדרומית לשיווק בעמ,,,יח`,375,"מ""ל",false,1,10.90,2.91,true,1,
7290000291857,false,פוליויקס נוזל רצפות בניחוח גולדן סאנרייז סנו 2 ליטר,החברה הדרומית לשיווק בעמ,,,יח`,2,1 ליטר,false,1,20.90,10.45,true,1,
7290000291932,false,"סנובון נוזל לניקוי אסלה בניחוח לבנדר סנו 750 מ""ל",החברה הדרומית לשיווק בעמ,,,יח`,750,"מ""ל",false,1,10.90,1.45,true,1,
7290000291963,false,אקונומיקה סמיכה בריח לימון סנו ז'אוול 1 ליטר,החברה הדרומית לשיווק בעמ,,,יח`,1,1 ליטר,false,1,8.90,8.90,false,1,
7290000292007,false,K3 פיתיון ג'ל קוטל תיקנים (ג'וקים) בבית ובחצר,החברה הדרומית לשיווק בעמ,,,יח`,1,,false,1,49.90,49.90,true,1,
7290000292311,false,פוליויקס נוזל רצפות בניחוח סחלבים סנו 2 ליטר,החברה הדרומית לשיווק בעמ,,,יח`,2,1 ליטר,false,1,20.90,10.45,true,1,
7290000292502,false,"סנו K 800 תרסיס קוטל חרקים 300מ ""ל",החברה הדרומית לשיווק בעמ,,,יח`,300,"מ""ל",false,1,15.80,5.27,false,1,
7290000292687,false,סנובון מוצק לניקוי אסלה קלאסיק כחול סנו 3 יחידות,החברה הדרומית לשיווק בעמ,,,יח`,165,גרם,false,1,17.90,10.85,true,1,
7290000292915,false,רסס ונגב לניקוי כללי תרסיס סנו (750 מל),החברה הדרומית לשיווק בעמ,,,יח`,750,"מ""ל",false,1,14.90,1.99,true,1,
7290000293073,false,מקסימה מרכך כביסה ביו לבן סנו 4 ליטר,החברה הדרומית לשיווק בעמ,,,יח`,4,1 ליטר,false,1,19.90,4.98,true,1,
7290000293820,false,"קרמה מן שמפו וג'ל גל רחצה אקטיב בלוק 700מ""ל",החברה הדרומית לשיווק בעמ,,,יח`,700,"מ""ל",false,1,15,2.14,true,1,
7290000293943,false,"מרסס לבן מסיר אבנית 1 ליטר אנטי קאלק ""סנו""",החברה הדרומית לשיווק בעמ,,,יח`,1,1 ליטר,false,1,14.90,14.90,false,1,
7290000294391,false,נוזל לניקוי כללי בניחוח סחלבים סנו ג'ט 4 ליטר,החברה הדרומית לשיווק בעמ,,,יח`,4,1 ליטר,false,1,17.90,4.48,false,1,
7290000294780,false,אקונומיקה סמיכה בריח לימון סנו ז'אוול 4 ליטר,החברה הדרומית לשיווק בעמ,,,יח`,4000,"מ""ל",false,1,16.90,0.42,false,1,
7290000295121,false,מטליות זיגזג סנו סושי לניקוי רצפות 3יח',החברה הדרומית לשיווק בעמ,,,יח`,1,,false,1,10.90,10.90,true,1,
7290000295336,false,סנו מקסימה אבקת כביסה סנסטיב מילוי1.25,החברה הדרומית לשיווק בעמ,,,יח`,1.25,"ק""ג",false,1,13.90,11.12,true,1,
7290000295343,false,"אבקת כביסה מקסימה ביו 1.25 ק""ג סנו",החברה הדרומית לשיווק בעמ,,,יח`,1.25,"ק""ג",false,1,13.90,11.12,true,1,
7290000295367,false,"מקסימה אבקת כביסה אפקט ז'אוול סנו 2.5 ק""ג",החברה הדרומית לשיווק בעמ,,,יח`,2.50,"ק""ג",false,1,24.90,9.96,false,1,
7290000295404,false,שקיות אשפה עם שרוך 54 * 65 סנו סושי 60 יחידות,החברה הדרומית לשיווק בעמ,,,יח`,1,,false,1,22.90,22.90,true,1,
7290000295503,false,זוג שקיות מזון טבע 19*25 סנו סושי 150 יחידות,החברה הדרומית לשיווק בעמ,,,יח`,1,,false,1,14.90,14.90,false,1,
7290000295558,false,"רדיד אלומיניום רוחב 30 ס""מ סנו סושי 2 יח' 7.5 מטר",החברה הדרומית לשיווק בעמ,,,יח`,1,,false,1,11.90,11.90,true,1,
7290000295565,false,"רדיד אלומיניום רוחב 45 ס""מ סנו 2 יח' 7.5 מטר",החברה הדרומית לשיווק בעמ,,,יח`,1,,false,1,17.90,17.90,true,1,
7290000295572,false,"מארז זוגי מנקה אסלות 00 סנו 750 מ""ל",החברה הדרומית לשיווק בעמ,,,יח`,1.50,1 ליטר,false,1,16.90,11.27,false,1,
7290000295794,false,ספוגיות מתכת אל חלד לניקוי סנו 3 יחידות,החברה הדרומית לשיווק בעמ,,,יח`,1,,false,1,9.90,9.90,true,1,
7290000300900,false,שניצל תירס מרכיבים טבעיים טבעול 750 גרם,קבוצת אוסם סחר שותפות מוגבלת,,,יח`,750,גרם,false,1,24.90,3.32,true,1,
7290000305882,false,אס הרינג עם ירקות ברוטב עגבניות 120 גרם,דיפלומט מפיצים (1968) בעמ**,,,יח`,120,גרם,false,1,5.90,4.92,false,1,
7290000307800,false,פול ירוק מוקפא פרי גליל 800ג',ויטה פרי גליל (החדשה) בע`מ,,,יח`,800,גרם,false,1,9.90,1.24,false,1,
7290000311128,false,עוגיות מובחרות בטעם חמאה מן (300 גרם),רוקחמן בעמ מפעל לייצור ופלים ו,,,יח`,300,גרם,false,1,7.90,2.63,true,1,
7290000311203,false,"וופלים בטעם שוקולד ""מן"" 200 גרם",רוקחמן בעמ מפעל לייצור ופלים ו,,,יח`,200,גרם,false,1,4.90,2.45,false,1,
7290000311210,false,"וופלים בטעם לימון ""מן"" 200 גרם",רוקחמן בעמ מפעל לייצור ופלים ו,,,יח`,200,גרם,false,1,4.90,2.45,false,1,
7290000311258,false,מן וופל מצופה שוקולד 250 גרם,"רוקחמן בע""מ",,,יח`,250,גרם,false,1,6.50,2.60,false,1,
7290000311357,false,מן וופלים בטעם אגוזים 10*28 גר-נ.ל.פ,ח.כהן סוכנות מזון ומשקאות בע,,,יח`,280,גרם,false,1,11.90,4.25,false,1,
7290000311425,false,ופל מצופה עשיריות מן 220 גרם מארז 10 יחידות,רוקחמן בעמ מפעל לייצור ופלים ו,,,יח`,200,גרם,false,1,8.90,4.45,false,1,
7290000311432,false,עוגיות גרנולה קינמון ללא תוספת סוכר 200ג,"רוקחמן בע""מ",,,יח`,200,גרם,false,1,9.90,4.95,false,1,
7290000311463,false,מן עוגיות חיטה מלאה חמאה ללא סוכר 200 גרם,"רוקחמן בע""מ",,,יח`,200,גרם,false,1,9.90,4.95,false,1,
7290000311470,false,מיני ופלים בטעם שוקולד ללא סוכר מן 200 גרם,"רוקחמן בע""מ",,,יח`,200,גרם,false,1,9.90,4.95,false,1,
7290000311500,false,וופלים מן שוקו ללא כולסטרול 500 גרם,רוקחמן בעמ מפעל לייצור ופלים ו,,,יח`,500,גרם,false,1,9.90,1.98,false,1,
7290000311517,false,מן וופלים בטעם לימון 500 גרם,ח.כהן סוכנות מזון ומשקאות בע,,,יח`,500,גרם,false,1,9.90,1.98,false,1,
7290000311708,false,מן עוגיות מחיטה מלאה 300 גרם*נ.ל.פ,רוקחמן בעמ מפעל לייצור ופלים ו,,,יח`,300,גרם,false,1,7.90,2.63,true,1,
7290000311715,false,מן עוגיות כוכבים בטעם שוקולד 300 גרם*נ.ל.פ,רוקחמן בעמ מפעל לייצור ופלים ו,,,יח`,300,גרם,false,1,7.90,2.63,true,1,
7290000311722,false,"עוגיות בטעם וניל עם כוכבים ""מן"" 300 גרם",רוקחמן בעמ מפעל לייצור ופלים ו,,,יח`,300,גרם,false,1,7.90,2.63,true,1,
7290000311746,false,עוגיות בטעם קרמל מן (300 גרם),"רוקחמן בע""מ",,,יח`,300,גרם,false,1,7.90,2.63,true,1,
7290000311753,false,עוגיות חיטה מלאה בטעם חלווה מן 250 גר',רוקחמן בעמ מפעל לייצור ופלים ו,,,יח`,250,גרם,false,1,7.90,3.16,true,1,
7290000311845,false,מן עוגיות חיטה מלאה ללא תוספת סוכר 200 ג,רוקחמן בעמ מפעל לייצור ופלים ו,,,יח`,200,גרם,false,1,9.90,4.95,false,1,
7290000311869,false,מן-וופלים בטעם שוק ללא תוספת סוכר 180ג,רוקחמן בעמ מפעל לייצור ופלים ו,,,יח`,180,גרם,false,1,8.90,4.94,false,1,
7290000311876,false,מן-וופלים בטעם וניל ללא תוספת סוכר 180ג,"רוקחמן בע""מ",,,יח`,180,גרם,false,1,8.90,4.94,false,1,
7290000311883,false,עוגיות גרנולה ללא תוספת סוכר מן 200 גרם,רוקחמן בעמ מפעל לייצור ופלים ו,,,יח`,200,גרם,false,1,9.90,4.95,false,1,
7290000311890,false,מן וופל לימון ללא סוכר 180 גר-חדש,"רוקחמן בע""מ",,,יח`,180,גרם,false,1,8.90,4.94,false,1,
7290000313160,false,זהבה ושלושת הדובים עוגיות בטעם שוקולד אסם 350 גרם,קבוצת אוסם סחר שותפות מוגבלת,,,יח`,250,גרם,false,1,7.90,3.16,false,1,
7290000313290,false,אסם נודלס נודלס איטריות מסולסלות 200גר,קבוצת אוסם סחר שותפות מוגבלת,,,יח`,200,גרם,false,1,9.90,4.95,false,1,
7290000315126,false,קנור ציר עוף משחתי 300 ג,יוניליוור ישראל שיווק בע`מ,,,יח`,300,גרם,false,1,25.90,8.63,false,1,
7290000318127,false,נקניקיות ביס יחיעם (380 גרם),מעדני יחיעם (1993) בעמ,,,יח`,380,גרם,false,1,10.90,2.87,false,1,
7290000318677,false,נקניק סלמי סרוולט יחיעם 150 גרם,מעדני יחיעם (1993) בעמ,,,יח`,150,גרם,false,1,24.90,16.60,false,1,
7290000318806,false,נקניק סרוולד סלמי מעדניה,מעדני יחיעם ( 1993 ) בע`מ,,,"ק""ג",1000,גרם,true,1,149,14.90,false,1,
7290000318882,false,"מעושן איטלקי ק""ג{יחיעם}",מעדני יחיעם (1993) בעמ,,,"ק""ג",1000,גרם,true,1,61,6.10,false,1,
7290000318943,false,פסטרמה של פעם מעושן 1.5% יחיעם 200 גרם,מעדני יחיעם ( 1993 ) בע`מ,,,יח`,200,גרם,false,1,24.90,12.45,false,1,
7290000319124,false,סלמי סרוולט מאפ יחיעם 250 גרם,מעדני יחיעם ( 1993 ) בע`מ,,,יח`,250,גרם,false,1,34.90,13.96,false,1,
7290000319131,false,נקניקיות עוף יחיעם 400 גרם,מעדני יחיעם (1993) בעמ,,,יח`,400,גרם,false,1,10.90,2.73,true,1,
7290000319520,false,נקניק סלמי צרפתי יחיעם 100 גרם,מעדני יחיעם (1993) בעמ,,,יח`,100,גרם,false,1,19.90,19.90,false,1,
7290000319704,false,כתף בקר מעושן יחיעם מעדניה,מעדני יחיעם ( 1993 ) בע`מ,,,"ק""ג",1000,גרם,true,1,103,10.30,false,1,
7290000319728,false,נקניק איטלקי מפולפל מעדניה,מעדני יחיעם ( 1993 ) בע`מ,,,"ק""ג",1000,גרם,true,1,72,7.20,true,1,
7290000319803,false,קבנוס קלאסי יחיעם (125 גרם),מעדני יחיעם ( 1993 ) בע`מ,,,יח`,125,גרם,false,1,12.90,10.32,false,1,
7290000319834,false,קבנוס פפרוני יחיעם (125 גרם),מעדני יחיעם ( 1993 ) בע`מ,,,יח`,125,גרם,false,1,12.90,10.32,false,1,
7290000334745,false,"ציפס אמריקאי דקדק תפוגן 1.5 ק""ג",קבוצת אוסם סחר שותפות מוגבלת,,,יח`,1.50,"ק""ג",false,1,24.90,16.60,false,1,
7290000345055,false,תה עלים ארל גריי ויסוצקי 100 גרם,תה ויסוצקי (ישראל) בעמ,,,יח`,100,גרם,false,1,13.90,13.90,false,1,
7290000345116,false,תה ירוק עלים ויסוצקי (125 גרם),תה ויסוצקי (ישראל) בעמ,,,יח`,125,גרם,false,1,14.90,11.92,false,1,
7290000345208,false,תה כחול קלאסיק ויסוצקי 25 יחידות,תה ויסוצקי (ישראל) בעמ,,,יח`,25,גרם,false,1,6.90,27.60,false,1,
7290000345260,false,תה קלאסיק מעטפות ויסוצקי 25 יחידות,תה ויסוצקי (ישראל) בעמ,,,יח`,37.50,גרם,false,1,7.30,19.47,false,1,
7290000345284,false,תה ויסוצקי קלאסי אריזה ירוקה מרובעת (100 שקיקים),תה ויסוצקי (ישראל) בעמ,,,יח`,150,גרם,false,1,14.90,9.93,false,1,
7290000345291,false,תה ארל גרי 1.5/ 25 שקיקים ויסוצקי,תה ויסוצקי (ישראל) בעמ,,,יח`,37.50,גרם,false,1,15.90,42.40,false,1,
7290000345307,false,תה ארל גרי 1.5/ 50 שקיקים ויסוצקי,תה ויסוצקי (ישראל) בעמ,,,יח`,75,גרם,false,1,27.90,37.20,true,1,
7290000345536,false,תה נענע 1.5/ 25 שקיקים ויסוצקי,תה ויסוצקי (ישראל) בעמ,,,יח`,37.50,גרם,false,1,16.90,45.07,false,1,
7290000346120,false,חליטת קינמון הגן הקסום ויסוצקי 25 יחידות,תה ויסוצקי (ישראל) בעמ,,,יח`,62.50,גרם,false,1,17.50,28,true,1,
7290000346137,false,חליטת הילולי פירות הגן הקסום ויסוצקי 25 יחידות,תה ויסוצקי (ישראל) בעמ,,,יח`,62.50,גרם,false,1,17.50,28,true,1,
7290000346144,false,הגן הקסום תה עינוגי התפוח ויסוצקי 25 יחידות,תה ויסוצקי (ישראל) בעמ,,,יח`,75,גרם,false,1,17.50,23.33,true,1,
7290000346168,false,חליטת שומר הגן הקסום ויסוצקי 25 יחידות,תה ויסוצקי (ישראל) בעמ,,,יח`,37.50,גרם,false,1,17.50,46.67,true,1,
7290000346199,false,חליטת פירות יער הגן הקסום ויסוצקי 25 יחידות,תה ויסוצקי (ישראל) בעמ,,,יח`,67.50,גרם,false,1,17.50,25.93,true,1,
7290000346205,false,חליטת קמומיל הגן הקסום ויסוצקי 25 יחידות,תה ויסוצקי (ישראל) בעמ,,,יח`,37.50,גרם,false,1,17.50,46.67,true,1,
7290000346212,false,חליטת מנטה הגן הקסום ויסוצקי 25 יחידות,תה ויסוצקי (ישראל) בעמ,,,יח`,50,גרם,false,1,17.50,35,true,1,
7290000346229,false,הגן הקסום תה ורד הבר והיביסקוס ויסוצקי 25 יחידות,תה ויסוצקי (ישראל) בעמ,,,יח`,75,גרם,false,1,17.50,23.33,true,1,
7290000346236,false,חליטת לואיזה וורבנה הגן הקסום ויסוצקי 25 יחידות,תה ויסוצקי (ישראל) בעמ,,,יח`,50,גרם,false,1,17.50,35,true,1,
7290000346960,false,תה ויסוצקי נענע 1.7 גרם 50יח',תה ויסוצקי (ישראל) בעמ,,,יח`,75,גרם,false,1,29.90,39.87,true,1,
7290000347738,false,תה ירוק בתוספת עלי נענע 25 שקיקים,תה ויסוצקי (ישראל) בעמ,,,יח`,37.50,גרם,false,1,24.90,66.40,true,1,
7290000347752,false,תה ירוק לימונית ולואיזה 25 שקיקים *1.5 ג'' ויסוצקי,תה ויסוצקי (ישראל) בעמ,,,יח`,1,,false,1,24.90,24.90,true,1,
7290000363011,false,סלמי קוניאק מובחר טירת צבי במשקל,הנסיך- מפעל לייצור ט,,,"ק""ג",1000,גרם,true,1,80,8,true,1,
7290000363189,false,סרוולד טירת צבי מעדנ,הנסיך- מפעל לייצור ט,,,"ק""ג",1000,גרם,true,1,148,14.80,false,1,
7290000363899,false,נקניקיות פיקנטיות טירת צבי 400 גרם,תנובה ענף ב.ע.ד,,,יח`,400,גרם,false,1,13.90,3.48,true,1,
7290000364261,false,"דקניקים, סלסולי פסטרמה כתף בקר מעושנת 120 גרם",תנובה מרכז שיתופי לשיווק תוצרת,,,יח`,120,גרם,false,1,15.90,13.25,true,1,
7290000364278,false,דקניקים סלסולי סלמי איטלקי משובח טירת צבי 120 גרם,תנובה מרכז שיתופי לשיווק תוצרת,,,יח`,120,גרם,false,1,15.90,13.25,true,1,
7290000364285,false,דקניקים סלסולי פסטרמה הודו טירת צבי 120 גרם,תנובה מרכז שיתופי לשיווק תוצרת,,,יח`,120,גרם,false,1,15.90,13.25,true,1,
7290000364810,false,נקניקיות עגל 500 גרםטירת צבי,הנסיך- מפעל לייצור ט,,,יח`,500,גרם,false,1,27.90,5.58,false,1,
7290000364872,false,נקניקיות עוף טירת צבי (400 גרם),טיב טירת צבי 2000,,,יח`,400,גרם,false,1,13.90,3.48,true,1,
7290000365107,false,כתף בקר מפולפל{טירת צבי},תנובה קפואים,,,"ק""ג",1000,גרם,true,1,90,9,false,1,
7290000367590,false,פסטרמה כפרית וסלמי פריזר כפרי טירת צבי 2*400 גרם,תנובה מרכז שיתופי לשיווק תוצרת,,,יח`,800,גרם,false,1,34.90,4.36,true,1,
7290000369341,false,לבנה אבו גוש ירוק15%משקל,גבינות אמיר ניצן בעמ,,,"ק""ג",1000,גרם,true,1,50,5,false,1,
7290000369365,false,מעדן גבינה בולגרית עם חציל 9% ניצן 200 גרם,גבינות אמיר ניצן בעמ,,,יח`,200,גרם,false,1,13.90,6.95,false,1,
7290000369617,false,מעדן כדורי פטה בשמן מתובל ניצן 230 גרם,גבינות אמיר ניצן בעמ,,,יח`,230,גרם,false,1,16.90,7.35,false,1,
7290000377209,false,בוטנים מטוגנים קליית גת (200 גרם),ליימן שליסל בעמ,,,יח`,200,גרם,false,1,6.90,3.45,false,1,
7290000377445,false,נש צ'אנס קליית גת 200 גרם,ליימן שליסל בעמ,,,יח`,200,גרם,false,1,7.90,3.95,false,1,
7290000377452,false,גרעיני אבטיח קלויים ומלוחים קלית גת 200,הדקלאים אגודת שיתופי,,,יח`,200,גרם,false,1,11.50,5.75,false,1,
7290000379432,false,לחמניה אצבע אנג'ל 75 ג',שלמה א. אנג`ל בעמ,,,יח`,75,גרם,false,1,2.10,2.80,false,1,
7290000408316,false,יוגורט דנונה דל לקטוז 200 גרם,שטראוס גרופ בעמ/מצונן,,,יח`,200,"מ""ל",false,1,3.50,1.75,false,1,
7290000408354,false,יוגורט עם אורז מצופה שוקולד קקאו 175 ג' דנונה,שטראוס גרופ בעמ/מצונן,,,יח`,173,"מ""ל",false,1,4.40,2.54,false,1,
7290000412481,false,נוזל לניקוי אסלות 00 סנו (1 ליטר),החברה הדרומית לשיווק בעמ,,,יח`,1,1 ליטר,false,1,7.90,7.90,true,1,
7290000412764,false,"פזטוקס קוטל חרקים סנו 630 מ""ל",החברה הדרומית לשיווק בעמ,,,יח`,630,"מ""ל",false,1,18.90,3,false,1,
7290000416021,false,ממרח בטעם שוקולד השחר העולה (500 גרם),השחר העולה תעשית ממתקים בעמ,,,יח`,500,גרם,false,1,13.90,2.78,false,1,
7290000416045,false,ממרח בטעם שוקולד השחר העולה (1 קג),השחר העולה תעשית ממתקים בעמ,,,יח`,1,"ק""ג",false,1,24.90,24.90,true,1,
7290000416618,false,"ממרח שוקולד פרווה השחר 400 גרם כשל""פ",השחר העולה תעשית ממתקים בעמ,,,יח`,400,גרם,false,1,11.90,2.98,true,1,
7290000416632,false,"ממרח שוקולד פרווה השחר 1 ק""ג כשל""פ",השחר העולה תעשית ממתקים בעמ,,,יח`,1,"ק""ג",false,1,24.90,24.90,true,1,
7290000416878,false,אבקת קקאו השחר העולה (500 גרם),השחר העולה תעשית ממתקים בעמ,,,יח`,500,גרם,false,1,29.90,5.98,true,1,
7290000416922,false,השחר ממרח חלב 350 גרם,השחר העולה תעשית ממתקים בעמ,,,יח`,350,גרם,false,1,11.90,3.40,true,1,
7290000419220,false,לנדוור כחול המקורי קפה טחון טורקי 3*100 גרם 16 יח',ש.שסטוביץ בעמ,,,יח`,300,גרם,false,1,18.90,6.30,false,1,
7290000419374,false,לנדוור לבוקר קפה טחון טורקי 3*100 גרם 16 יח',ש.שסטוביץ בעמ,,,יח`,300,גרם,false,1,18.90,6.30,false,1,
7290000419893,false,לנדוור קפה שחור חזק טחון טורקי 100 גרם,מולינו ניקולי s.p.a,,,יח`,100,גרם,false,1,7.90,7.90,false,1,
7290000420325,false,"פופסטאר פופקורן למקירוגל בטעם טבעי 5 שקיות,500 גרם",פרסטון פארמס,,,יח`,500,גרם,false,1,16.90,3.38,true,1,
7290000420332,false,פופסטאר פופקורן למיקרוגל בטעם חמאה 5 יחידות 500 גרם,פרסטון פארמס,,,יח`,500,גרם,false,1,16.90,3.38,true,1,
7290000420417,false,גלילונית שקיות אשפה 52X65 עם שרוך 60 יחידות,"איטיליאן פוד, אס.פי.",,,יח`,1,,false,1,19.90,19.90,true,1,
7290000446523,false,ממרח בוטנים מתוק בטר אנד דיפרנט 350 גרם,בטר אנד דיפרנט בעמ,,,יח`,350,גרם,false,1,13.90,3.97,false,1,
7290000446547,false,חמאת בוטנים טבעית בטר אנד דיפרנט 350 גרם,"בטר אנד דיפרנט בע""מ",,,יח`,350,גרם,false,1,13.90,3.97,false,1,
7290000446554,false,"חמאת בוטנים טבעית בטר אנד דיפרנט 1 ק""ג",בטר אנד דיפרנט בעמ,,,יח`,510,גרם,false,1,26.90,5.27,false,1,
7290000446745,false,חמאת שקדים 100% טבעי 350ג' בי&די,בטר אנד דיפרנט בעמ,,,יח`,1,,false,1,44.90,44.90,false,1,
7290000450209,false,נתחי טונה בהירה בשמן פוסידון (108 גרם),נטו מלינדה סחר בע`מ,,,יח`,108,גרם,false,1,6.50,6.02,false,1,
7290000453019,false,שמרים טריים לאפייה שקית שמרית 50 ג',שטראוס גרופ בעמ/מצונן,,,יח`,50,גרם,false,1,4.50,9,false,1,
7290000453125,false,שמרית שמרים טריים לאפיה +משפר אפיה 100ג,שטראוס גרופ בעמ/מצונן,,,יח`,100,גרם,false,1,7.90,7.90,false,1,
7290000453200,false,בלילה להכנת פנקייק עם רכיבים ביתיים,שטראוס גרופ בעמ/מצונן,,,יח`,750,"מ""ל",false,1,19.90,2.65,false,1,
7290000453408,false,בצק פיצה דק מצונן ומוכן לאפייה שמרית 415 גרם,שטראוס גרופ בעמ/מצונן,,,יח`,415,גרם,false,1,16.90,4.07,false,1,
7290000453415,false,בצק עלים מצונן ומוכן לאפייה שמרית 300 גרם,שטראוס גרופ בעמ/מצונן,,,יח`,300,גרם,false,1,16.90,5.63,false,1,
7290000453422,false,בצק פילו מצונן ומוכן לאפייה שמרית 300 גרם,שטראוס גרופ בעמ/מצונן,,,יח`,300,גרם,false,1,16.90,5.63,false,1,
7290000453446,false,פיצה קראסט בצק שמרים מצונן להכנת פיצה ופוקצ'ה,שטראוס גרופ בעמ/מצונן,,,יח`,500,גרם,false,1,19.90,3.98,true,1,
7290000453866,false,נטורינה תחליף מרגרינה לבישול ואפיה קוקוס שמרית 200 גרם,שטראוס גרופ בעמ/מצונן,,,יח`,200,גרם,false,1,7.40,3.70,false,1,
7290000461625,false,בייגלה שמיניות מלח בייגל בייגל 400 ג',יוניליוור ישראל שיווק בע`מ,,,יח`,400,גרם,false,1,10.90,2.73,false,1,
7290000462103,false,סחוג תימני אדום חריף עדין זהבי הכרם 150 גרם,שטראוס גרופ בעמ/מצונן,,,יח`,150,גרם,false,1,7.90,5.27,false,1,
7290000462141,false,סחוג אדום תימני מקורי חריף מאוד זהבי 150 גרם,שטראוס גרופ בעמ/מצונן,,,יח`,150,גרם,false,1,7.90,5.27,false,1,
7290000462172,false,סחוג זחוק ירוק תימני חריף זהבי (150 גרם),שטראוס גרופ בעמ/מצונן,,,יח`,140,גרם,false,1,7.90,5.64,false,1,
7290000462981,false,סחוג זחוק חריף אש זהבי (150 גרם),שטראוס גרופ בעמ/מצונן,,,יח`,150,גרם,false,1,9.90,6.60,false,1,
7290000467153,false,מלך החומוס סמיר הגדול 400 גרם צבר,קבוצת אוסם סחר שותפות מוגבלת,,,יח`,400,גרם,false,1,13.90,3.48,false,1,
7290000474373,false,"שמנת חמוצה 15% שומן 200 מ""ל טרה",החברה המרכזית טלהפצת משקאות בע,,,יח`,200,"מ""ל",false,1,2.40,1.20,false,1,
7290000474502,false,גבינה לבנה טרה 5% מרכיבים טבעיים,החברה המרכזית טלהפצת משקאות בע,,,יח`,250,גרם,false,1,4.98,1.99,false,1,
7290000474540,false,טוב טעם גבינה לבנה 3% טרה 250 גרם,החברה המרכזית טלהפצת משקאות בע,,,יח`,250,גרם,false,1,11.50,4.60,false,1,
7290000474830,false,נעם גבינה צהובה מגורדת 28% טרה 500 גרם,החברה המרכזית טלהפצת משקאות בע,,,יח`,500,גרם,false,1,34.60,6.92,false,1,
7290000480107,false,קוואקר שיבולת שועל פחית 500 גרם,שטראוס פריטו ליי בעמ,,,יח`,500,גרם,false,1,11.90,2.38,false,1,
7290000481074,false,לחם משלושה קמחים מלאים 750 גר,דגנית עין בר תעשיות מזון ואפיה,,,יח`,750,גרם,false,1,15.90,2.12,false,1,
7290000481180,false,לחם מחמצת שאור 550 גרם דגנית,דגנית עין בר תעשיות מזון ואפיה,,,יח`,550,גרם,false,1,17.90,3.25,false,1,
7290000481197,false,לחם מחמצת גרעינים ושיבולת שועל 550 גרם דגנית,דגנית עין בר תעשיות מזון ואפיה,,,יח`,550,גרם,false,1,17.90,3.25,false,1,
7290000481494,false,זוג מיני בגט רוסטיק מחמצת,דגנית עין בר תעשיות מזון ואפיה,,,יח`,320,גרם,false,1,11.90,3.72,false,1,
7290000481517,false,שתי פוקצ`ות עם שמן זית זעתר ושומשום,דגנית עין בר תעשיות מזון ואפיה,,,יח`,320,גרם,false,1,11.90,3.72,false,1,
7290000481531,false,דגנית עין בר לחמניות אצבע מחיטה מלאה בשקית 750 ג',דגנית עין בר תעשיות מזון ואפיה,,,יח`,750,גרם,false,1,12.90,1.72,false,1,
7290000481883,false,דגנית עין בר מארז לחמניות 10 יח'*75 ג',דגנית עין בר תעשיות מזון ואפיה,,,יח`,750,גרם,false,1,12.90,1.72,false,1,
7290000484747,false,"ארק עלית 700 מ""ל 40% יקב הגליל*",יקב הגליל יוסף גולד ובניו,,,יח`,700,"מ""ל",false,1,59.90,8.51,false,1,
7290000490625,false,שלגונים ציפוי שוקו מאגדת שמינייה 560 ג',פלקו בעמ חברה ישראלית,,,יח`,1,,false,1,24.90,24.90,false,1,
7290000493176,false,אסם אבקת רוטב צלי לבשר 22 ג',קבוצת אוסם סחר שותפות מוגבלת,,,יח`,22,גרם,false,1,4.90,22.27,false,1,
7290000493183,false,אבקת רוטב פטריות לבשר-30 גרם,קבוצת אוסם סחר שותפות מוגבלת,,,יח`,30,גרם,false,1,4.90,16.33,false,1,
7290000497044,false,לחם אקטיב ברמן (750 גרם),מאפית י את א ברמן בע,,,יח`,750,גרם,false,1,15.90,2.12,false,1,
7290000497112,false,"לחם כהה פרוס וארוז ""ברמן""-מוצר בפיקוח",מאפית י את א ברמן בע,,,יח`,750,גרם,false,1,6.90,0.92,false,1,
7290000497228,false,לחמניה רגילה בשקית ברמן 6יח',מאפית י את א ברמן בע,,,יח`,450,גרם,false,1,10.90,2.42,true,1,
7290000497273,false,לחמניות אקטיב ברמן שישייה 450 גרם,מאפית י את א ברמן בע,,,יח`,450,גרם,false,1,14.50,3.22,false,1,
7290000497426,false,לחם ברמן לענין פלוס 500 גרם,מאפית י את א ברמן בע,,,יח`,750,גרם,false,1,14.60,1.95,false,1,
7290000497532,false,לחם ברמן לעניין פרוס ברמן (750 גרם),מאפית י את א ברמן בע,,,יח`,750,גרם,false,1,14.50,1.93,false,1,
7290000497570,false,לחם דגנים פלוס ברמן 500 גרם,מאפית י את א ברמן בע,,,יח`,500,גרם,false,1,14.50,2.90,false,1,
7290000498003,false,לחם מקמח מלא 750 גר`E FREE ברמן,מאפית י את א ברמן בע,,,יח`,750,גרם,false,1,15.90,2.12,false,1,
7290000498034,false,לחם אי פרי קמח כוסמין מלא 750 גר',מאפית י את א ברמן בע,,,יח`,750,גרם,false,1,15.90,2.12,false,1,
7290000498355,false,לחם כהה פיקוח,י.את א. ברמן בעמ,,,יח`,750,גרם,false,1,4.40,0.59,false,1,
7290000498362,false,לחם לבן אחיד פיקוח מוביל,י.את א. ברמן בעמ,,,יח`,750,גרם,false,1,5.10,0.68,false,1,
7290000498393,false,חלה רגילה (500 גרם) פיקוח,י.את א. ברמן בעמ,,,יח`,500,גרם,false,1,4.90,0.98,false,1,
7290000504025,false,ממתיק סוכרזית פטרייה עלית 300 גרם,אף.סי תבליני בגליל ב,,,יח`,246,גרם,false,1,7.90,3.21,false,1,
7290000504049,false,סוכרזית קלאסי קנקן 1200 טבליות,אף.סי תבליני בגליל ב,,,יח`,984,גרם,false,1,21.90,2.23,false,1,
7290000504209,false,"סוכרזית דיאט טיפ נוזלי 220 מ""ל",אף.סי תבליני בגליל ב,,,יח`,220,"מ""ל",false,1,16.90,7.68,false,1,
7290000504278,false,ממתיק סוכרזית אריזת פטנט 700 טבליות,אף.סי תבליני בגליל ב,,,יח`,574,גרם,false,1,13.90,2.42,false,1,
7290000515014,false,קמח חיטה לבן בהיר באר שבע,טחנות קמח שטיבל בש בעמ,,,יח`,1,"ק""ג",false,1,5.20,5.20,false,1,
7290000515106,false,סולת וחבילות באר שבע,טחנות קמח שטיבל בש בעמ,,,יח`,1,"ק""ג",false,1,5.20,5.20,false,1,
7290000521008,false,יין אדום יבש של סגל (750 מל),"כרמי צבי - אחים סגל בע""\",,,יח`,750,"מ""ל",false,1,21.90,2.88,true,1,
7290000521015,false,יין לבן יבש של סגל (750 מל),"מיוצר ע""י כרמי צבי-",,,יח`,750,"מ""ל",false,1,21.90,2.88,true,1,
7290000521022,false,"של סגל, יין לבן חצי יבש 750 מ""ל","מיוצר ע""י כרמי צבי-",,,יח`,750,"מ""ל",false,1,21.90,2.88,true,1,
7290000523125,false,מלח הארץ הים האדום 250 ג' עדין,"חברת מלח הארץ אילת בע""\מ",,,יח`,200,גרם,false,1,5.90,2.95,false,1,
7290000523224,false,מלח הארץ הים האדום 500 ג' עדין,"חברת מלח הארץ אילת בע""\מ",,,יח`,500,גרם,false,1,7.90,1.58,false,1,
7290000523521,false,מלח ים מלח הארץ 250 גרם מועשר ביוד,חברת מלח הארץ אילת ב,,,יח`,200,גרם,false,1,5.90,2.95,false,1,
7290000523804,false,"מלח עדין צנצנת 1 ק""ג מלח הארץ","חברת מלח הארץ אילת בע""\מ",,,יח`,1,"ק""ג",false,1,7.20,7.20,false,1,
7290000523811,false,"צנצנת מלח גס 1 ק""ג מלח הארץ","חברת מלח הארץ אילת בע""\מ",,,יח`,1,"ק""ג",false,1,7.50,7.50,false,1,
7290000524191,false,עוגיות ר`יפאת מרוקאי 400ג דגן*,שיבולים יצור ושיווק מוצרי מאפה,,,יח`,350,גרם,false,1,15.90,4.54,false,1,
7290000525969,false,מיץ תפוזים סחוט רכיבים טבעיים פרימור 1 ליטר,שטראוס גרופ בעמ/מצונן,,,יח`,1,1 ליטר,false,1,15.90,15.90,false,1,
7290000530024,false,נקניק תה מעושן רחב במשקל,נקניק זוגלובק נהריה,,,"ק""ג",1000,גרם,true,1,49,4.90,true,1,
7290000530048,false,נקניק סלמי פפרוני במ,נקניק זוגלובק נהריה,,,"ק""ג",1000,גרם,true,1,56,5.60,false,1,
7290000530178,false,קוניאק זוגלובק שקילה,זוגלובק שיווק בעמ,,,"ק""ג",1000,גרם,true,1,87,8.70,false,1,
7290000530192,false,זוגלובק סרבלד נקניק מעדניה,נקניק זוגלובק נהריה,,,"ק""ג",1000,גרם,true,1,128,12.80,false,1,
7290000530291,false,נקניק מבשר הודו קטן זוגלובק 750 גרם,נקניק נהריה כשר זוגל,,,יח`,0,גרם,false,1,18.90,18.90,false,1,
7290000530413,false,המבורגר זהב זוגלובק 400 גרם,נקניק נהריה כשר זוגל,,,יח`,400,גרם,false,1,19.90,4.98,false,1,
7290000530444,false,כתף בקר מעושן אורלנדו מש,זוגלובק שיווק בעמ,,,"ק""ג",1000,גרם,true,1,110,11,true,1,
7290000530468,false,נקניקיות וניר 1 קג` זוגלובק,זוגלובק שיווק בעמ,,,יח`,1,"ק""ג",false,1,29.90,29.90,true,1,
7290000530598,false,נקניקיות עוף וינר זוגלובק 500 גרם,נקניק נהריה כשר זוגל,,,יח`,500,גרם,false,1,16.90,3.38,true,1,
7290000530703,false,פסטרמה חרמון כפרית ונקניק תה מעושן זוגלובק 2*400 גרם,נקניק נהריה כשר זוגל,,,יח`,800,גרם,false,1,33.90,4.24,true,1,
7290000531410,false,פסטרממיה בדבש טהור במשקל,נקניק זוגלובק נהריה,,,"ק""ג",1000,גרם,true,1,79,7.90,true,1,
7290000531601,false,סטייק בורגר בקר זהב 400 גרם קפוא,נקניק נהריה כשר זוגל,,,יח`,400,גרם,false,1,19.90,4.98,false,1,
7290000531977,false,בורקס במילוי גבינה זוגלובק 800 גרם,נקניק נהריה כשר זוגל,,,יח`,800,גרם,false,1,19.90,2.49,false,1,
7290000532400,false,פסטרמה חזה הודו ברביקיו זוגלובק,נקניק זוגלובק נהריה,,,"ק""ג",1000,גרם,true,1,79,7.90,true,1,
7290000532585,false,רוסטביף חצוי זוגלובק,נקניק זוגלובק נהריה,,,"ק""ג",1000,גרם,true,1,128,12.80,false,1,
7290000533353,false,"בצק עלים צרפתי 1 ק""ג זוגלובק",מאפיית אריאל וגידרון,,,יח`,1,"ק""ג",false,1,19.90,19.90,false,1,
7290000534718,false,פסטרמה הודו תבור 1% שומן זוגלובק,נקניק זוגלובק נהריה,,,"ק""ג",1000,גרם,true,1,79,7.90,true,1,
7290000534800,false,פסטרמה הודו רומני מעדניה,נקניק זוגלובק נהריה,,,"ק""ג",1000,גרם,true,1,79,7.90,true,1,
7290000534824,false,פסטרמה חרמון-חזה הודו זוגלובק,נקניק זוגלובק נהריה,,,"ק""ג",1000,גרם,true,1,50,5,false,1,
7290000536743,false,שניצלונים קריספי ט. תירס 500 גר' זוגלובק,נקניק נהריה כשר זוגל,,,יח`,500,גרם,false,1,19.90,3.98,true,1,
7290000536774,false,"נקניקיות מן הצומח זוגלובק 1ק""ג בד""צ",זוגלובק שיווק בעמ,,,יח`,1,"ק""ג",false,1,28.90,28.90,false,1,
7290000537566,false,נקניקיות עוף טרי 400 ג' זוגלובק,נקניק נהריה כשר זוגל,,,יח`,400,גרם,false,1,13.90,3.48,true,1,
7290000537603,false,נקניקיות עוף זוגלובק (1 קג),זוגלובק שיווק בעמ,,,יח`,1,"ק""ג",false,1,29.90,29.90,true,1,
7290000538709,false,נקניק סלמי תה מעושן זוגלובק 200 גרם,נקניק זוגלובק נהריה,,,יח`,200,גרם,false,1,14.90,7.45,false,1,
7290000552118,false,נקניקיות מרגז קפואות טיבון ויל (400 גרם),טיבון ויל אחזקות בעמ,,,יח`,400,גרם,false,1,21.90,5.48,false,1,
7290000552194,false,קישקע קפוא טיבון ויל (500 גרם),טיבון ויל אחזקות בעמ,,,יח`,500,גרם,false,1,12.90,2.58,false,1,
7290000552569,false,סטייקבורגר בקר טיבון ויל 400 גרם,"טיבון ויל אחזקות בע""\מ",,,יח`,400,גרם,false,1,20.90,5.23,true,1,
7290000554457,false,גבינה צפתית 5% 350 גרם - רבנות,מחלבות גד שיווק 1992 בעמ,,,יח`,350,גרם,false,1,19.90,5.69,false,1,
7290000554471,false,נקניק מוצרלה 22 אחוז 180גרם גד מהדרין,מחלבות גד שיווק 1992 בעמ,,,יח`,180,גרם,false,1,16.90,9.39,false,1,
7290000554532,false,גבינה צפתית מעודנת במלח ים 5% 200 ג' גד,מחלבות גד שיווק 1992 בעמ,,,יח`,200,גרם,false,1,14.90,7.45,false,1,
7290000554600,false,מוצרלה מגורדת 22 אחוז 300גרם גד מהדרין,מחלבות גד שיווק 1992 בעמ,,,יח`,300,גרם,false,1,24.50,8.17,false,1,
7290000554686,false,גבינת לאבנה בתוספת שמן זית וזעתר 5% גד 250 גרם,מחלבות גד שיווק 1992 בעמ,,,יח`,250,גרם,false,1,13.90,5.56,false,1,
7290000554815,false,גבינת מוצרלה נקניק מעדנייה גד,מחלבות גד שיווק 1992 בעמ,,,"ק""ג",1000,גרם,true,1,80,8,false,1,
7290000554839,false,מסקרפונה שמנת מתוקה קשה בסגנון איטלקי 40% גד 250 גרם,מחלבות גד שיווק 1992 בעמ,,,יח`,250,גרם,false,1,21.90,8.76,false,1,
7290000560540,false,אדג`פרו ג`ל לגילוח עור רגיש כתום220,המאפיה של הרמן,,,יח`,198,גרם,false,1,19.90,10.05,false,1,
7290000560557,false,אדג' ג'ל סגול כהה לעור יבש 198ג',אס.סי ג'ונסון ובניו,,,יח`,200,גרם,false,1,19.90,9.95,false,1,
7290000571386,false,המחלבה יוגורמה יוגורט מחלב כבשים 5% 850 גרם,גבינות משק אחים מאיר בית,,,יח`,850,"מ""ל",false,1,24.90,2.93,false,1,
7290000571393,false,המחלבה יוגורמה יוגורט מחלב כבשים 5% 140 גרם,מחלבות גד שיווק 1992 בעמ,,,יח`,140,"מ""ל",false,1,6,4.29,false,1,
7290000571935,false,יוגורמה כבשים עם גרנולה מתוקה 142 גרם,גבינות משק אחים מאיר בית,,,יח`,142,גרם,false,1,6,4.23,false,1,
7290000572055,false,אחוה חלוה ללא סוכר עם סיבים ואגוזים 400 גרם,אחדות ביחר לטחינה חל,,,יח`,400,גרם,false,1,15.90,3.98,false,1,
7290000572208,false,חלוה בטעם וניל אחווה 100 גרם,שוורצקוף& הנקל דיסלד,,,יח`,100,גרם,false,1,3.10,3.10,false,1,
7290000572215,false,חלבה``שלגון``מצופה 80 גרם בד``צ,אחדות ביתחרושת לטחינה חלבה,,,יח`,80,גרם,false,1,3.10,3.88,false,1,
7290000572222,false,חלווה בלוק וניל אחוה 500 גרם,שוורצקוף& הנקל דיסלד,,,יח`,500,גרם,false,1,10.90,2.18,false,1,
7290000572529,false,חלוה עם פיסטוק אחווה 400 גרם,אחדות ביתחרושת לטחינה חלבה,,,יח`,400,גרם,false,1,13.90,3.48,false,1,
7290000572536,false,אחווה חלווה ווניל במגש 400 גר,אחדות ביתחרושת לטחינה חלבה,,,יח`,400,גרם,false,1,11.90,2.98,false,1,
7290000572543,false,חלוה בטעם שוקו וניל אחווה 400 גרם,אחדות ביתחרושת לטחינה חלבה,,,יח`,400,גרם,false,1,11.90,2.98,false,1,
7290000572628,false,חלבה חטיף לייט 25 ג* 11יח קופ`שי אחוה,שוורצקוף& הנקל דיסלד,,,יח`,275,גרם,false,1,12.90,4.69,false,1,
7290000572673,false,חלבה וניל קקאו ואגוזים אחוה (25x12 גרם),שוורצקוף& הנקל דיסלד,,,יח`,300,גרם,false,1,12.90,4.30,false,1,
7290000572819,false,"אחוה טחינה גולמית 1 ק""ג בפלסטיק",אחדות ביחר לטחינה חל,,,יח`,1,"ק""ג",false,1,20.90,20.90,false,1,
7290000574028,false,לחם שחור מועשר בחומצה פולית וויטמינים דגנים 750 גרם,דגנית עין בר תעשיות מזון ואפיה,,,יח`,750,גרם,false,1,7.90,1.05,false,1,
7290000574035,false,לחם אחיד פרוס דגנית עין בר (750 גרם),דגנית עין בר תעשיות מזון ואפיה,,,יח`,750,גרם,false,1,6.90,0.92,false,1,
7290000574066,false,לחם מלא פלוס שיפון 750 ג' דגנית עין בר,דגנית עין בר תעשיות מזון ואפיה,,,יח`,750,גרם,false,1,14.90,1.99,false,1,
7290000574141,false,לחם חיטה מלא 750ג' דגנית עין בר,דגנית עין בר תעשיות מזון ואפיה,,,יח`,750,גרם,false,1,14.90,1.99,false,1,
7290000574172,false,לחם קל מחיטה מלאה 750 ג' דגנית עין בר,דגנית עין בר תעשיות מזון ואפיה,,,יח`,750,גרם,false,1,15.90,2.12,false,1,
7290000574257,false,לחם אחיד פרוס קל דגנית 750 גרם,דגנית עין בר תעשיות מזון ואפיה,,,יח`,750,גרם,false,1,15.90,2.12,false,1,
7290000574370,false,לחם שיפון אמיתי קל 750 ג' דגנית עין בר,דגנית עין בר תעשיות מזון ואפיה,,,יח`,750,גרם,false,1,14.90,1.99,false,1,
7290000574455,false,לחם חיטה מלא פלוס כוסמין 750 ג' דגנית עין בר,דגנית עין בר תעשיות מזון ואפיה,,,יח`,750,גרם,false,1,14.50,1.93,false,1,
7290000599434,false,מטליות ריצפה שלישייה shiny,מ.א.ייצור ויבוא מטליות בעמ,,,יח`,1,,false,1,7.90,7.90,false,1,
7290000599472,false,כריות יפניות שישייה- שייני,מ.א.ייצור ויבוא מטליות בעמ,,,יח`,1,,false,1,7.90,7.90,false,1,
7290000599571,false,צמר פלדה 200 גר`shiny,מ.א.ייצור ויבוא מטליות בעמ,,,יח`,200,גרם,false,1,4.90,2.45,false,1,
7290000599946,false,ספוג הפלא שייני 6 יחידות,מ.א.ייצור ויבוא מטליות בעמ,,,יח`,1,,false,1,6.90,6.90,false,1,
7290000599977,false,שייני כריות יפניות 9 יח',מ.א.ייצור ויבוא מטליות בעמ,,,יח`,9,גרם,false,1,9.90,110,false,1,
7290000644783,false,נתחי פילה סלמון קפוא קג,תנובה קפואים,,,"ק""ג",1,,true,1,89.90,89.90,false,1,
7290000646299,false,פילה נסיכת הנילוס 100% דג קפוא תנובה,תנובה מרכז שיתופי לשיווק תוצרת,,,"ק""ג",1,,true,1,49.90,49.90,false,1,
7290000654973,false,גזר ארוז,מפעלי יופי אגשח בעמ*שיק 45 יום,,,"ק""ג",1,,true,1,4.90,4.90,true,1,
7290000663166,false,פילה הייק דרום אפריקאי קפוא,תנובה קפואים,,,"ק""ג",1,,true,1,49.90,49.90,false,1,
7290000679440,false,"קמיל בלו משחת החתלה לתינוק ד""ר פישר 100 גרם","פישר תעשיות פרמבצטיות בע""מ",,,יח`,100,גרם,false,1,16.90,16.90,false,1,
7290000688084,false,מי עדן פקק ספורטאים500מל,יפאורה שותפות מוגבלת לשיווק,,,יח`,500,"מ""ל",false,1,2.50,0.44,false,1,
7290000688374,false,מים מינרלים סמיילי מי עדן (330X6מל),יפאורה שותפות מוגבלת לשיווק,,,יח`,1980,"מ""ל",false,1,13.90,0.61,false,1,
7290000688381,false,מים מינרלים פקק ספורט מי עדן (500x6 מל),יפאורה שותפות מוגבלת לשיווק,,,יח`,3,1 ליטר,false,1,12.90,3.70,true,1,
7290000688503,false,"מים מינרלים פקק ספורט מי עדן 6*750 מ""ל",יפאורה שותפות מוגבלת לשיווק,,,יח`,4.50,1 ליטר,false,1,14.90,2.91,true,1,
7290000803180,false,"מרידול-שטיפת פה דנטלית 400 מ""ל",קולגייט פלמוליב,,,יח`,400,"מ""ל",false,1,29.90,7.48,false,1,
7290000841557,false,"סטרילי נוזל חיטוי 500 מ""ל לניקוי פירות וירקות",סטרילי מעבדות בעמ,,,יח`,700,"מ""ל",false,1,13,1.86,false,1,
7290000993461,false,עגבניות שרי צהוב פרמיום ארוז,צימן עגבניות *לא פעיל*,,,יח`,1,,false,1,9.90,9.90,false,1,
7290000993560,false,עגבניות שרי שוקו \מנומר 500ג' ארוז,צימן עגבניות *לא פעיל*,,,יח`,500,גרם,false,1,9.90,1.98,false,1,
7290000995410,false,נבטים סיניים נבטי העמק,"בכורי השדה צפון1994 ג.ד. בע""מ",,,יח`,1,,false,1,7.90,7.90,false,1,
7290001041147,false,חומוס גדול יבש מיה 1 ק'ג,מיה תעשיות מזון מ.ת.מ. בעמ,,,יח`,1,"ק""ג",false,1,11.90,11.90,true,1,
7290001041161,false,"שעועית לבנה יבשה מיה 1 ק""ג",מיה תעשיות מזון מ.ת.מ. בעמ,,,יח`,1,"ק""ג",false,1,18.90,18.90,true,1,
7290001041178,false,"אפונה ירוקה מיה 1 ק""ג",מיה תעשיות מזון מ.ת.מ. בעמ,,,יח`,1,"ק""ג",false,1,7.90,7.90,false,1,
7290001041185,false,"פופקורן גרעינים מיה 1 ק""ג",מיה תעשיות מזון מ.ת.מ. בעמ,,,יח`,1,"ק""ג",false,1,11.90,11.90,false,1,
7290001041192,false,"עדשים אדומים יבשים מיה 1 ק""ג",מיה תעשיות מזון מ.ת.מ. בעמ,,,יח`,1,"ק""ג",false,1,11.90,11.90,true,1,
7290001041208,false,"עדשים ירוקים יבשים מיה 1 ק""ג",מיה תעשיות מזון מ.ת.מ. בעמ,,,יח`,1,"ק""ג",false,1,11.90,11.90,true,1,
7290001041215,false,"מיה חיטה 1 ק""ג",מיה תעשיות מזון מ.ת.מ. בעמ,,,יח`,1,"ק""ג",false,1,6.90,6.90,false,1,
7290001041222,false,"חומוס לבן ענק ק''ג מיה 1 ק""ג",מיה תעשיות מזון מ.ת.מ. בעמ,,,יח`,1,"ק""ג",false,1,19.90,19.90,false,1,
7290001041260,false,שומשום מיה (400 גרם),מיה תעשיות מזון מ.ת.מ. בעמ,,,יח`,400,גרם,false,1,11.90,2.98,false,1,
7290001041291,false,לקקן סוכריה על מקל 70יח',מיה תעשיות מזון מ.ת.מ. בעמ,,,יח`,100,גרם,false,1,22.90,22.90,false,1,
7290001041994,false,"סוכר דמררה בצנצנת מיה 1 ק""ג",מיה תעשיות מזון מ.ת.מ. בעמ,,,יח`,1,"ק""ג",false,1,11.90,11.90,false,1,
7290001121054,false,צמד חמד פסטרמה וסלמי יחיעם 700 גרם,מעדני יחיעם ( 1993 ) בע`מ,,,יח`,700,גרם,false,1,25.90,3.70,true,1,
7290001123775,false,שווארמה אמיתית פרגיות טיבון ויל 500 גרם,"טיבול ויל אחזקות בע""",,,יח`,500,גרם,false,1,28.90,5.78,true,1,
7290001123782,false,שווארמה אמיתית הודו טיבון ויל (500 גרם),נטו מלינדה סחר בע`מ,,,יח`,500,גרם,false,1,28.90,5.78,true,1,
7290001136287,false,"שמפו לשיער רגיל בבושם פרחים נקה 7 750 מ""ל",החברה הדרומית לשיווק בעמ,,,יח`,750,"מ""ל",false,1,10.90,1.45,true,1,
7290001136294,false,"שמפו לשיער יבש בבישום פרחים נקה 7 750 מ""ל",החברה הדרומית לשיווק בעמ,,,יח`,750,"מ""ל",false,1,10.90,1.45,true,1,
7290001136300,false,"נקה 7 שמפו ומרכך לסירוק קל 750 מ""ל",החברה הדרומית לשיווק בעמ,,,יח`,750,"מ""ל",false,1,10.90,1.45,true,1,
7290001136683,false,"מרכך לשיער רגיל בבושם פרחים נקה 7 750 מ""ל",החברה הדרומית לשיווק בעמ,,,יח`,750,"מ""ל",false,1,10.90,1.45,true,1,
7290001201510,false,ביצים ארוזות M מ. לסר) (30 פיקוח,מ לסר בעמ - חברה לשיווק ביצים,,,יח`,1,,false,1,27.87,27.87,false,1,
7290001201589,false,ביצים ארוזות L מ. לסר) (12 פיקוח,מ לסר בעמ - חברה לשיווק ביצים,,,יח`,1,,false,1,12.05,12.05,false,1,
7290001201596,false,ביצים ארוזות M 12 יחידות,מ לסר בעמ - חברה לשיווק ביצים,,,יח`,1,,false,1,11.15,11.15,false,1,
7290001201602,false,ביצים 18 יח גדול לסר,מ לסר בעמ - חברה לשיווק ביצים,,,יח`,1,,false,1,18.07,18.07,false,1,
7290001201619,false,תבנית ביצים 18 יחידות M,מ לסר בעמ - חברה לשיווק ביצים,,,יח`,1,,false,1,16.72,16.72,false,1,
7290001201824,false,תבנית ביצים 12 יח' לארג' אורגני,מ לסר בעמ - חברה לשיווק ביצים,,,יח`,1,,false,1,18.90,18.90,false,1,
7290001201862,false,ביצי חופש לארג' 12 יחידות,מ לסר בעמ - חברה לשיווק ביצים,,,יח`,1,,false,1,16.90,16.90,false,1,
7290001201893,false,ביצים אומגה M 12 יח,מ לסר בעמ - חברה לשיווק ביצים,,,יח`,1,,false,1,16.90,16.90,false,1,
7290001216040,false,טחינה גולמית שומשום טהור אל ארז 500 גרם,אגס ירוק מסחר ושירותים,,,יח`,500,גרם,false,1,15.90,3.18,false,1,
7290001216057,false,"טחינה שומשום טהור אל ארז 1 ק""ג",אגס ירוק מסחר ושירותים,,,יח`,1,"ק""ג",false,1,30.90,30.90,false,1,
7290001216101,false,"טחינה שומשום מלא אל ארז 1 ק""ג",סוגת תעשיות בעמ,,,יח`,1000,גרם,false,1,32.90,3.29,false,1,
7290001216231,false,טחינה גולמית שומשום מלא אל ארז 500 גרם,אגס ירוק מסחר ושירותים,,,יח`,500,גרם,false,1,16.90,3.38,false,1,
7290001245705,false,אקונומיקה מבושמת טאצ' 4 ליטר,סאסאטק אגשח בעמ,,,יח`,4,1 ליטר,false,1,9.90,2.48,false,1,
7290001245729,false,ג'ל כביסה ירוקה טאצ 3 ליטר סלקט,סאסאטק אגשח בעמ,,,יח`,3,1 ליטר,false,1,17.90,5.97,false,1,
7290001245736,false,ג'ל כביסה כחול טאצ' 3 ליטר סלקט,סאסאטק אגשח בעמ,,,יח`,3,1 ליטר,false,1,17.90,5.97,false,1,
7290001245798,false,נוזל כלים לימון טאצ' 18% 1.6 ליטר,סאסאטק אגשח בעמ,,,יח`,1600,"מ""ל",false,1,9.90,0.62,false,1,
7290001245828,false,נוזל כלים קלאסי טאצ' 18% 1.6 ליטר,סאסאטק אגשח בעמ,,,יח`,1600,"מ""ל",false,1,9.90,0.62,false,1,
7290001245835,false,נוזל רצפות אורנים 4 ליטר טאצ,סאסאטק אגשח בעמ,,,יח`,4,1 ליטר,false,1,13.90,3.48,false,1,
7290001245842,false,נוזל רצפות מאסק 4 ליטר טאצ,סאסאטק אגשח בעמ,,,יח`,4,1 ליטר,false,1,13.90,3.48,false,1,
7290001245897,false,נוזל רצפות יסמין 4 ליטר טאצ`,סאסאטק אגשח בעמ,,,יח`,4,1 ליטר,false,1,13.90,3.48,false,1,
7290001245958,false,מרכך כביסה ורוד טאצ' 4 ליטר,סאסאטק אגשח בעמ,,,יח`,4,1 ליטר,false,1,13.90,3.48,false,1,
7290001245965,false,מרכך כביסה כחול טאצ' 4 ליטר,סאסאטק אגשח בעמ,,,יח`,4,1 ליטר,false,1,13.90,3.48,false,1,
7290001246054,false,פותח סתימות 1 ליטר טאצ,סאסאטק אגשח בעמ,,,יח`,1000,"מ""ל",false,1,13.90,1.39,false,1,
7290001246061,false,מרכך מרוכז פרימיום פנטזי( 1 ליטר)טאצ`,סאסאטק אגשח בעמ,,,יח`,1,1 ליטר,false,1,10.90,10.90,false,1,
7290001246078,false,מרכך מרוכך פרפיום סנשואל( 1 ליטר)טאצ`,סאסאטק אגשח בעמ,,,יח`,1,1 ליטר,false,1,10.90,10.90,false,1,
7290001246085,false,נוזל לניקוי חלונות 1 ליטר טאצ,סאסאטק אגשח בעמ,,,יח`,1000,"מ""ל",false,1,5.90,0.59,false,1,
7290001246092,false,תרסיס מסיר שומנים 750 מ``ל טאצ,סאסאטק אגשח בעמ,,,יח`,750,"מ""ל",false,1,11.90,1.59,false,1,
7290001246108,false,תרסיס מסיר אבנית 750 מ``ל טאצ,סאסאטק אגשח בעמ,,,יח`,750,"מ""ל",false,1,11.90,1.59,false,1,
7290001246122,false,"תרסיס ניקוי כללי+ אקונומיקה 750 מ""ל טאצ",סאסאטק אגשח בעמ,,,יח`,750,"מ""ל",false,1,11.90,1.59,false,1,
7290001246146,false,מסיר אבן 1 ליטר טאצ',סאסאטק אגשח בעמ,,,יח`,1000,"מ""ל",false,1,11.90,1.19,false,1,
7290001246269,false,"טאצ' תרסיס מטהר אוויר לבנדר 300 מ""ל",סאסאטק אגשח בעמ,,,יח`,300,"מ""ל",false,1,5.90,1.97,false,1,
7290001246351,false,נוזל רצפות לבנדר 4 ליטר טאצ,סאסאטק אגשח בעמ,,,יח`,4,1 ליטר,false,1,13.90,3.48,false,1,
7290001246474,false,תרסיס ניקוי שטיחים 600 מל טא`צ,סאסאטק אגשח בעמ,,,יח`,600,"מ""ל",false,1,14.90,2.48,false,1,
7290001246528,false,מרכך כביסה מרוכז פרפיום מיסטרי טאצ' 1 ל',סאסאטק אגשח בעמ,,,יח`,1,1 ליטר,false,1,10.90,10.90,false,1,
7290001246757,false,נוזל רצפות מלון בוטיק טאצ' 2 ליטר,סאסאטק אגשח בעמ,,,יח`,2,1 ליטר,false,1,17.90,8.95,false,1,
7290001247068,false,קרטונית נקטר ספרינג תות בננה 1 ליטר,יפאורה שותפות מוגבלת לשיווק,,,יח`,1,1 ליטר,false,1,6.90,6.90,false,1,
7290001247082,false,מיץ עגבניות רכיבים טבעיים ספרינג 1 ליטר,יפאורה שותפות מוגבלת לשיווק,,,יח`,1,1 ליטר,false,1,6.90,6.90,false,1,
7290001247099,false,קרטונית נקטר ספרינג מנגו 1 ליטר,יפאורה שותפות מוגבלת לשיווק,,,יח`,1,1 ליטר,false,1,6.90,6.90,false,1,
7290001247105,false,קרטונית נקטר ספרינג אפרסק 1 ליטר,יפאורה שותפות מוגבלת לשיווק,,,יח`,1,1 ליטר,false,1,6.90,6.90,false,1,
7290001247112,false,קרטונית נקטר ספרינג לימונענע 1 ליטר,יפאורה שותפות מוגבלת לשיווק,,,יח`,1,1 ליטר,false,1,6.90,6.90,false,1,
7290001247129,false,נקטר ספרינג תפוזים קרטונית 1 ל',יפאורה שותפות מוגבלת לשיווק,,,יח`,1,1 ליטר,false,1,6.90,6.90,false,1,
7290001247143,false,קרטונית נקטר ספרינג תפוחים 1 ליטר,יפאורה שותפות מוגבלת לשיווק,,,יח`,1,1 ליטר,false,1,6.90,6.90,false,1,
7290001265642,false,"מזון חתולים מעדני פטה 1.2 ק""ג מארז 3 יחידות",דיפלומט מפיצים (1968) בעמ**,,,יח`,1.20,"ק""ג",false,1,19.90,16.58,false,1,
7290001274422,false,שלגונים ציפוי בננה מאגדת שמינייה 560 ג',פלקו בעמ חברה ישראלית,,,יח`,1,,false,1,24.90,24.90,false,1,
7290001305188,false,"נוזל לניקוי כלים בריח לימון פלמוליב 750 מ""ל",יבואן ומשווק: ש. שסט,,,יח`,750,"מ""ל",false,1,12.90,1.72,true,1,
7290001327180,false,שטראוס קרמיסימו וניל ציפ 1.33 ליטר,"גלידת שטראוס בע""\מ, רחוב",,,יח`,1.33,1 ליטר,false,1,19.90,14.96,true,1,
7290001327197,false,שטראוס קרמיסימו שוקולד וניל,"גלידת שטראוס בע""\מ, רח'\",,,יח`,1.33,1 ליטר,false,1,19.90,14.96,true,1,
7290001327791,false,גלידה קרמיסימו וניל עוגיות 1.33 ליטר,"גלידת שטראוס בע""\מ, רחוב",,,יח`,1.33,1 ליטר,false,1,19.90,14.96,true,1,
7290001343845,false,תערובת מיזלי עם פירות מיובשים 1 קג,דין שיווק וקליה 2021 בעמ,,,יח`,1,"ק""ג",false,1,19.90,19.90,false,1,
7290001407547,false,טחינה גולמית משומשום מלא פי 6 בארכה 500ג',קבוצת אוסם סחר שותפות מוגבלת,,,יח`,500,גרם,false,1,12.90,2.58,false,1,
7290001407813,false,חלבה שאמית פיסטוק בקטנה בארכה 350ג',קבוצת אוסם סחר שותפות מוגבלת,,,יח`,350,גרם,false,1,14.90,4.26,false,1,
7290001436790,false,נקנקיות מרגז מיני אקסטרה חריף ארוז בלדי 500 ג',יוליניבר,,,יח`,500,גרם,false,1,27.90,5.58,false,1,
7290001462010,false,אריסה מרוקאית תבליני ביטון יוחאי.,נטו מלינדה סחר בעמ,,,יח`,250,גרם,false,1,13.90,5.56,false,1,
7290001482186,false,אננס חתוך בסירופ קל ויליפוד 565 גרם,ג.וילי-פוד אינטרנשיונל בעמ,,,יח`,567,גרם,false,1,5.90,1.04,false,1,
7290001482384,false,חתיכות אננס בסירופ קל וילי פוד 227 גרם,ג.וילי-פוד אינטרנשיונל בעמ,,,יח`,227,גרם,false,1,3.90,1.72,false,1,
7290001485019,false,גבינת קרם שמנת טבעי 5% טרה 200 גרם,החברה המרכזית טלהפצת משקאות בע,,,יח`,200,גרם,false,1,11.90,5.95,false,1,
7290001491010,false,תה ירוק יסמין ויסוצקי 25 יחידות,תה ויסוצקי (ישראל) בעמ,,,יח`,37.50,גרם,false,1,24.90,66.40,true,1,
7290001491096,false,תה ירוק בתוספת לימונית ולואיזה 50 שקיקים ויסוצקי,תה ויסוצקי (ישראל) בעמ,,,יח`,75,גרם,false,1,44.90,59.87,false,1,
7290001552025,false,קוסקוס של אמא פרבורגר 800 גרם,מטעמי פאר (א.מ.נ) בעמ,,,יח`,800,גרם,false,1,14.90,1.86,false,1,
7290001552049,false,קוסקוס מרוקאי קפוא 800 גר,מטעמי פאר (א.מ.נ) בעמ,,,יח`,800,גרם,false,1,14.90,1.86,false,1,
7290001567555,false,פסטרמה מעודנת עם דבש 300 ג' יחיעם,מעדני יחיעם (1993) בעמ,,,יח`,300,גרם,false,1,24.90,8.30,true,1,
7290001567760,false,פסטרמה של פעם יחיעם 300 גרם,מעדני יחיעם ( 1993 ) בע`מ,,,יח`,300,גרם,false,1,26.90,8.97,true,1,
7290001567807,false,"כתף בקר מעושן לח""מ 250 גרם ""יחיעם""",מעדני יחיעם ( 1993 ) בע`מ,,,יח`,250,גרם,false,1,29.90,11.96,false,1,
7290001567814,false,סלמי מעושן בסגנון איטלקי 300 ג' יחיעם,מעדני יחיעם ( 1993 ) בע`מ,,,יח`,300,גרם,false,1,21.90,7.30,true,1,
7290001591710,false,המבורגר אנגוס טיבון ויל 600 גרם,נטו מילנדה סחר בעמ*,,,יח`,600,גרם,false,1,22.90,3.82,false,1,
7290001591734,false,נקניקיה מרגז בסגנון מרוקאי טיבון ויל 500 גרם,נטו מילנדה סחר בעמ*,,,יח`,500,גרם,false,1,22.90,4.58,false,1,
7290001591741,false,קבבוני טלה טיבון ויל 500 גרם,נטו מלינדה סחר בעמ,,,יח`,500,גרם,false,1,22.90,4.58,false,1,
7290001591758,false,קבב מזרחי בסגנון ביתי טיבון ויל 600 גרם,נטו מילנדה סחר בעמ*,,,יח`,600,גרם,false,1,22.90,3.82,false,1,
7290001594025,false,קוקה קולה בקבוק זכוכית,החברה המרכזית להפצת משקאות בעמ,,,יח`,350,"מ""ל",false,1,5.90,1.60,false,1,
7290001594230,false,קינלי סודה בבקבוק זכוכית,החברה המרכזית להפצת משקאות בעמ,,,יח`,250,"מ""ל",false,1,2.90,1.04,false,1,
7290001594520,false,"בירה טובורג רד בקבוק 330 מ""ל",החברה המרכזית להפצת משקאות בעמ,,,יח`,330,"מ""ל",false,1,6.90,2,false,1,
7290001594858,false,מארז שישייה בירה טובורג רד (330x6 מל),החברה המרכזית להפצת משקאות בעמ,,,יח`,1.98,1 ליטר,false,1,41.90,20.25,true,1,
7290001594865,false,"שישייה בירה קרלסברג בקבוק 330 מ""ל",החברה המרכזית להפצת משקאות בעמ,,,יח`,1.98,1 ליטר,false,1,36.90,17.73,true,1,
7290001670057,false,כפיות לבן 100 יח`הנמל,הנמל אריזות ושיווק (1984) בעמ,,,יח`,1,,false,1,11.90,11.90,true,1,
7290001670071,false,כפות חד פעמי לבן 100 יח',הנמל אריזות ושיווק (1984) בעמ,,,יח`,1,,false,1,11.90,11.90,true,1,
7290001670255,false,כוס קרטון שתייה חמה 8B 50 יח',הנמל אריזות ושיווק (1984) בעמ,,,יח`,1,,false,1,10.90,10.90,true,1,
7290001670354,false,"מפת שולחן סופגת לבן 137X274 ס""מ במיוחד",הנמל אריזות ושיווק (1984) בעמ,,,יח`,1,,false,1,10,10,false,1,
7290001670873,false,"צלחות גדולות לבנות קשיח ח""פ הנמל 66יח'",הנמל אריזות ושיווק (1984) בעמ,,,יח`,1,,false,1,39.90,39.90,false,1,
7290001690536,false,מיקס פירות יער קפואו,נטו מלינדה סחר בעמ,,,יח`,250,גרם,false,1,9.90,3.96,false,1,
7290001690574,false,אוכמניות קפואות 250 גר`,נטו מלינדה סחר בעמ,,,יח`,250,גרם,false,1,9.90,3.96,false,1,
7290001710111,false,נקניקיות מרגז חריפות מעדני הטלה 500 גר`,לאטי עזרא גלם ודגים,,,יח`,500,גרם,false,1,19.80,3.96,false,1,
7290001710128,false,נקניקיות צוריסוס מעדני הטלה 500 גר`,לאטי עזרא בעמ,,,יח`,500,גרם,false,1,19.80,3.96,false,1,
7290001713150,false,סנט מוריץ מתז אקונומיקה Bleach קצף לימון 1 ליטר,קומפלקס כימיקלים בעמ,,,יח`,1000,"מ""ל",false,1,11.90,1.19,false,1,
7290001713167,false,סנט מוריץ - מרסס קצף ניקוי 1 ליטר סניטרי אפור,קומפלקס כימיקלסבעמ ~~~,,,יח`,100,"מ""ל",false,1,11.90,11.90,false,1,
7290001791349,false,אקונומיקה פיסגה ריחנית סנו (4 ליטר),החברה הדרומית לשיווק בעמ,,,יח`,4,1 ליטר,false,1,11.90,2.98,true,1,
7290001791356,false,"פרש מבשם אויר אוטומטי בניחוח לבנדר סנו 250 מ""ל",החברה הדרומית לשיווק בעמ,,,יח`,250,"מ""ל",false,1,13.90,5.56,false,1,
7290001791363,false,"מטהר אויר בניחוח וניל קוקוס מילוי סנו 250 מ""ל",החברה הדרומית לשיווק בעמ,,,יח`,165,גרם,false,1,13.90,8.42,false,1,
7290001817377,false,צ`יטוס איקס עיגול בטעם פיצה 60 גרם,"שטראוס פריטו ליי בע""\מ )",,,יח`,60,גרם,false,1,3.50,5.83,true,1,
7290001817728,false,צ'יטוס אפוי כאפה בטעם קטשופ 55 גרם,"שטראוס פריטו ליי בע""\מ )",,,יח`,55,גרם,false,1,3.50,6.36,true,1,
7290001865439,false,פמילי אל סבון נוזלי בניחוח וניל 1 ליטר,אף.סי תבליני בגליל ב,,,יח`,1,1 ליטר,false,1,14.90,14.90,true,1,
7290001865453,false,פמילי לקשרי 1 ליטר לבנדר ארומטי+משאבה,מיוצר עי קונדיטוריית,,,יח`,1,1 ליטר,false,1,14.90,14.90,true,1,
7290001873441,false,המבורגר 320 גר` בלאק אנגוס מוכשר ארוז,טיבון ויל אחזקות בעמ,,,יח`,320,גרם,false,1,24.90,7.78,true,1,
7290001873458,false,סטייק בורגר 320 גר` בלאק אנגוס מוכשר אר,טיבון ויל אחזקות בעמ,,,יח`,320,גרם,false,1,24.90,7.78,true,1,
7290001917527,false,פרש וואנס פדים להסרת איפור 80 יח' *3,דנשר (1963) בעמ,,,יח`,1,,false,1,18.90,18.90,false,1,
7290001946121,false,פפריקה מרוקאית מתוקה תבליני ביטון 400 גרם,דין שיווק וקליה 2021 בעמ,,,יח`,400,גרם,false,1,19.90,4.98,false,1,
7290001946404,false,סלט שום כתוש תבליני ביטון יוחאי,נטו מלינדה סחר בעמ,,,יח`,250,גרם,false,1,13.90,5.56,false,1,
7290001973233,false,"קמיל בלו מגבונים לחים סנסיטיב ד""ר פישר 120 יחידות","פישר תעשיות פרמבצטיות בע""מ",,,יח`,120,יח`,false,1,10.90,0.09,false,1,
7290001990148,false,"סוכר גולדן קלאסי בצנצנת סוגת 1 ק""ג",האי נאם סי או אל.טי.,,,יח`,1,"ק""ג",false,1,13.90,13.90,false,1,
7290002000136,false,מגע הדבש -שעווה להסרת שיער למיקרוגל 500 גרם,"ש. שוורץ )באר שבע( בע""\מ",,,יח`,500,גרם,false,1,20.90,4.18,false,1,
7290002000143,false,"חדש -פנג'ל ק.ידיים קלאסיק 80מ""ל",מיוצר עי קונדיטוריית,,,יח`,100,"מ""ל",false,1,9.90,9.90,false,1,
7290002002857,false,ניירות להסרת שיער בשעווה 50 יחידות,"איטיליאן פוד, אס.פי.",,,יח`,1,יח`,false,1,24.90,24.90,false,1,
7290002007890,false,כוסות חד פעמיות מפלסטיק 100 יח`,הנמל אריזות ושיווק (1984) בעמ,,,יח`,100,יח`,false,1,9.90,0.10,false,1,
7290002007975,false,צלחות פלסטיק קטנות חד פעמיות 50 יח,הנמל אריזות ושיווק (1984) בעמ,,,יח`,50,יח`,false,1,10.90,0.22,true,1,
7290002007982,false,מזלגות חד פעמי הנמל 100 יחידות,הנמל אריזות ושיווק (1984) בעמ,,,יח`,100,יח`,false,1,11.90,0.12,true,1,
7290002008156,false,גביעי נייר מספר 5 הנמל 1 יחידה,הנמל אריזות ושיווק (1984) בעמ,,,יח`,1,,false,1,7.90,7.90,false,1,
7290002008507,false,נייר אפיה הנמל 50 יחידות,הנמל אריזות ושיווק (1984) בעמ,,,יח`,1,,false,1,8.90,8.90,true,1,
7290002008828,false,סוכריות שוקולד לבן ג'מבו לקישוט הנמל 200ג' בדצ,הנמל אריזות ושיווק (1984) בעמ,,,יח`,200,גרם,false,1,9.40,4.70,false,1,
7290002008934,false,סוכריות צבעוניות לקישוט לעוגה 200 גר,הנמל אריזות ושיווק (1984) בעמ,,,יח`,200,גרם,false,1,8.50,4.25,false,1,
7290002008989,false,קישקשים קשים לשתיה 225יח הנמל,הנמל אריזות ושיווק (1984) בעמ,,,יח`,1,,false,1,8.50,8.50,false,1,
7290002019114,false,רוטב עגבניות מרוכז מאד 28-30BX פריניר,ח.כהן סוכנות מזון ומשקאות בע,,,יח`,580,גרם,false,1,7.90,1.36,true,1,
7290002019183,false,"עגבניות מקולפות 800ג בד""ץ פריניר*",ח.כהן סוכנות מזון ומשקאות בע,,,יח`,850,גרם,false,1,6.90,0.81,true,1,
7290002019763,false,עגבניות מרוסקות 800ג פריניר ה.מכירה *,ח.כהן סוכנות מזון ומשקאות בע,,,יח`,800,גרם,false,1,6.90,0.86,true,1,
7290002019787,false,רוטב עגבניות מרוכז מאוד 260 גרם פריניר,ח.כהן סוכנות מזון ומשקאות בע,,,יח`,260,גרם,false,1,3.90,1.50,true,1,
7290002019794,false,רוטב עגבניות מרוכז מאוד 100 גרם פריניר,ח.כהן סוכנות מזון ומשקאות בע,,,יח`,100,גרם,false,1,1.90,1.90,true,1,
7290002026341,false,אריסטו קראנץ ציפס בטטה טוגנים 500גר,מוצרי איכות אמריקאיים בעמ,,,יח`,500,גרם,false,1,14.90,2.98,false,1,
7290002026365,false,טבעות בצל אריסטו קראנץ' 500 גרם,מוצרי איכות אמריקאיים בעמ,,,יח`,500,גרם,false,1,12.90,2.58,true,1,
7290002037309,false,לחמניות המבורגר מאפיית ודש 8),מאפית י את א ברמן בע,,,יח`,400,גרם,false,1,12.50,3.13,false,1,
7290002040019,false,קוסקוס רגיל מזון קוסקוס (350 גרם),הנמל אריזות ושיווק (1984) בעמ,,,יח`,350,גרם,false,1,5.90,1.69,false,1,
7290002040064,false,קוסקוס דק להכנה מהירה בשקית 350 גרם,הנמל אריזות ושיווק (1984) בעמ,,,יח`,350,גרם,false,1,5.90,1.69,false,1,
7290002040071,false,קוסקוס עבה להכנה קלה ומהירה 350 גרם,הנמל אריזות ושיווק (1984) בעמ,,,יח`,350,גרם,false,1,5.90,1.69,false,1,
7290002040095,false,קוסקוס רגיל מארז 350X3ג' קוסקוס מזון,הנמל אריזות ושיווק (1984) בעמ,,,יח`,1,,false,1,13.90,13.90,false,1,
7290002043218,false,אקסטרה צ'יפס אורז חום מלא מלח 60 גרם,א.ל.ייצור ושיווק תבלינים בעמ,,,יח`,60,גרם,false,1,6.90,11.50,true,1,
7290002043782,false,אקסטרה צ'יפס אורז חום מלא טקסס ברביקיו 60 גרם,א.ל.ייצור ושיווק תבלינים בעמ,,,יח`,60,גרם,false,1,6.90,11.50,true,1,
7290002053088,false,אטריות ביצים דקיקים מספר 8 אוריינט 200 גרם,גורי מוצרי צריכה (1991) בעמ,,,יח`,200,גרם,false,1,7.90,3.95,false,1,
7290002053095,false,אטריות ביצים דקות מספר 10 אוריינט 200 גרם,גורי מוצרי צריכה (1991) בעמ,,,יח`,200,גרם,false,1,7.90,3.95,false,1,
7290002065555,false,שישיית לחמנייה הכי רכה בהפסקה אנג'ל 450 גרם,מאפיית שלמה א. אנג'\ל בע,,,יח`,450,גרם,false,1,10.90,2.42,false,1,
7290002065616,false,לחם שיפון גרעינים פרוס אחדות (750 גרם),מאפיית שלמה א. אנג'\ל בע,,,יח`,750,גרם,false,1,12.50,1.67,false,1,
7290002065623,false,לחם שיפון של פעם כפרי פרוס אורנים 750 גרם,מאפיית שלמה א. אנג'\ל בע,,,יח`,750,גרם,false,1,12.50,1.67,false,1,
7290002075035,false,אובלטים מלוחים דקיקים ברט (500 גרם),שוקוטרייד בעמ,,,יח`,500,גרם,false,1,17.90,3.58,false,1,
7290002077725,false,סלומון נורווגי מצונן דלידג 100ג',נטו מלינדה סחר בע`מ,,,יח`,100,גרם,false,1,18.90,18.90,false,1,
7290002105541,false,סטייק אנטריקוט מעובד קפוא ה.הבשר 800ג',עוף ירושלים שיווק בעמ,,,יח`,800,גרם,false,1,49.90,6.24,false,1,
7290002107491,false,גבינה לבנה מחלב עיזים למריחה 5% משק צוריאל 250 גרם,החברה המרכזית טלהפצת משקאות בע,,,יח`,250,גרם,false,1,16.70,6.68,true,1,
7290002107798,false,גבינה בולגרית מעודנת 5% משק צוריאל 250 גרם,החברה המרכזית טלהפצת משקאות בע,,,יח`,250,גרם,false,1,24.10,9.64,false,1,
7290002109372,false,בורקס פילו אצבעות בולגרי 700 ג' שלושת האופים,שלושת האופים שגמור,,,יח`,700,גרם,false,1,19.90,2.84,true,1,
7290002128311,false,נר נשמה בכוס זכוכית שבועי מנורה שי נר,"מנורה שי נר בע""מ",,,יח`,1,,false,1,9.90,9.90,false,1,
7290002128403,false,נרות שבת אורה מס 4 מנורה שי נר,אבאל יזמות בעמ,,,יח`,1,,false,1,2.90,2.90,false,1,
7290002128410,false,נרות שבת שבת אורה מס`6,אבאל יזמות בעמ,,,יח`,1,,false,1,2.90,2.90,false,1,
7290002128434,false,נרות שבת אורה 10 יחידות,אבאל יזמות בעמ,,,יח`,1,,false,1,2.90,2.90,false,1,
7290002128762,false,נר נשמה בכוס ל72 שעות מנורה שי נר,"מנורה שי נר בע""מ",,,יח`,1,,false,1,5.90,5.90,true,1,
7290002128946,false,נר נשמה בכוס ל48 שעות מנורה שי נר,מנורה אור חדש בעמ,,,יח`,1,,false,1,4.90,4.90,true,1,
7290002129462,false,פיצה איטלקית דקה שלושת האופים מארז זוג 640 ג',נטו מלינדה סחר בעמ,,,יח`,640,גרם,false,1,26.90,4.20,true,1,
7290002129479,false,פיצה איטלקית דקה שלושת האופים 320 גר,האי נאם סי או אל.טי.,,,יח`,320,גרם,false,1,13.90,4.34,true,1,
7290002129486,false,פיצה איטלקית דקה זיתים 340 ג' שלושת האופים,האי נאם סי או אל.טי.,,,יח`,340,גרם,false,1,14.90,4.38,true,1,
7290002130567,false,דבש דבורים טהור פרחי בר יד מרדכי 350 גרם,מכוורת יד מרדכי שטראוס ב,,,יח`,350,גרם,false,1,16.90,4.83,false,1,
7290002130574,false,דבש טהור מפרחי בר בזכוכית 500 ג' יד מרדכי,מכוורת יד מרדכי שטראוס ב,,,יח`,500,גרם,false,1,24.90,4.98,false,1,
7290002130581,false,דבש טהור מפרחי בר יד מרדכי (1 קג),מכוורת יד מרדכי שטראוס ב,,,יח`,1,"ק""ג",false,1,42.90,42.90,false,1,
7290002132011,false,עוגיות מזרחיות עם שומשום עבאדי (400 גר),מאפיית יוסף ושמחה עבאדי,,,יח`,400,גרם,false,1,16.90,4.23,false,1,
7290002157960,false,טונה ויליגר רביעייה 140 גר במי מלח,נטו מילנדה סחר בעמ*,,,יח`,140,גרם,false,1,19.90,14.21,false,1,
7290002195054,false,המבורגר קפוא בלדי (400 גרם),יוליניבר,,,יח`,400,גרם,false,1,11.90,2.98,false,1,
7290002195078,false,קבב כבש קפוא בלדי (400 גרם),בלדי בעמ,,,יח`,400,גרם,false,1,11.90,2.98,false,1,
7290002195085,false,קבב מזרחי קפוא בלדי (400 גרם),יוליניבר,,,יח`,400,גרם,false,1,11.90,2.98,false,1,
7290002195092,false,קבב רומני קפוא בלדי (400 גרם),בלדי בעמ,,,יח`,400,גרם,false,1,11.90,2.98,false,1,
7290002198109,false,צלעות אסאדו מעושנות מעדנייה,זוגלובק שיווק בעמ,,,"ק""ג",1000,גרם,true,1,128,12.80,false,1,
7290002239185,false,אפונת גינה קפואה פרי גליל 800 גרם,ויטה- פרי גליל (החדשה) בעמ,,,יח`,800,גרם,false,1,9.90,1.24,false,1,
7290002239215,false,אפונה וגזר פרי הגליל 800 גרם,ויטה- פרי גליל (החדשה) בעמ,,,יח`,800,גרם,false,1,9.90,1.24,false,1,
7290002239307,false,שעועית צהובה חתוכה 800 גר`פרי גליל,ויטה- פרי גליל (החדשה) בעמ,,,יח`,800,גרם,false,1,9.90,1.24,false,1,
7290002239420,false,תירס גרעינים 800 ג ' פרי הגליל,ויטה- פרי גליל (החדשה) בעמ,,,יח`,800,גרם,false,1,9.90,1.24,false,1,
7290002253006,false,שום טרי כתוש צנצנת דורות 200 גרם,קבוצת אוסם סחר-שות.מוגבלת,,,יח`,200,גרם,false,1,15.90,7.95,false,1,
7290002253105,false,שום במגשית 20 שיניים כתושות קפוא 80,קבוצת אוסם סחר-שות.מוגבלת,,,יח`,80,גרם,false,1,13.90,17.38,false,1,
7290002253150,false,קוביות בזיליקום קצוץ דורות 70 גרם,קבוצת אוסם סחר שותפות מוגבלת,,,יח`,70,גרם,false,1,10.90,15.57,false,1,
7290002253167,false,פטרוזיליה טרייה קצוצה מוקפאת 70 גרם,קבוצת אוסם סחר שותפות מוגבלת,,,יח`,70,גרם,false,1,10.90,15.57,false,1,
7290002253310,false,דורות שום צילי חריף קוביות תערובת 80 גר,קבוצת אוסם סחר שותפות מוגבלת,,,יח`,80,גרם,false,1,13.90,17.38,false,1,
7290002259640,false,דיימונד רדיד אלומיניום צר 30 ס''מ 7.5 מ'-,ריינולדס מוצרי צריכה,,,יח`,1,,false,1,12.90,12.90,false,1,
7290002259664,false,רדיד אלומיניום דיימונד גדול 60X0.60מ',ריינולדס מוצרי צריכה,,,יח`,1,,false,1,54.90,54.90,false,1,
7290002278528,false,כריות ניקוי שבתכלין ביאנקו שייני 2 יחידות,מ.א.ייצור ויבוא מטליות בעמ,,,יח`,1,,false,1,7.90,7.90,false,1,
7290002281405,false,זוג סלט סלמון מעושן פיקנטי ויליגר 2*160 גרם,נטו מילנדה סחר בעמ*,,,יח`,320,גרם,false,1,9.90,3.09,false,1,
7290002281498,false,גבינה צהובה מגורדת על בסיס חלב 500 ג' ריץ,נטו מילנדה סחר בעמ*,,,יח`,500,גרם,false,1,24.90,4.98,true,1,
7290002291046,false,המבורגר מסעדות 480 גרם הקצביה בלדי,יוליניבר,,,יח`,480,גרם,false,1,24.90,5.19,false,1,
7290002317005,false,זיתים טבעות מושחר 560ג A2 מטולה,שימורי מוטולה בעמ,,,יח`,560,גרם,false,1,9.90,1.77,false,1,
7290002317081,false,זיתים נטולי גלעין +20% 670ג A2 מטולה,שימורי מוטולה בעמ,,,יח`,560,גרם,false,1,9.90,1.77,true,1,
7290002317128,false,מלפפון 560ג במלח 10-12 A2 מטולה,שימורי מוטולה בעמ,,,יח`,560,גרם,false,1,9.90,1.77,true,1,
7290002317135,false,מלפפון 560ג במלח 13-17 A2 מטולה,שימורי מוטולה בעמ,,,יח`,560,גרם,false,1,9.90,1.77,false,1,
7290002317166,false,מלפפון 560ג בחומץ 10-12 A2 מטולה,שימורי מוטולה בעמ,,,יח`,560,גרם,false,1,9.90,1.77,true,1,
7290002317173,false,מלפפון בחומץ 13-17 560ג A2 מטולה,שימורי מוטולה בעמ,,,יח`,560,גרם,false,1,9.90,1.77,false,1,
7290002317265,false,מלפפון 650ג במלח +20% 7-9 A2 מטולה,שימורי מוטולה בעמ,,,יח`,560,גרם,false,1,7.90,1.41,true,1,
7290002317289,false,חצילים מוחמצים 560 גרם,שימורי מוטולה בעמ,,,יח`,560,גרם,false,1,8.90,1.59,true,1,
7290002317296,false,פלפל חריף שיפקה 670ג 20%+A2 מטולה,שימורי מוטולה בעמ,,,יח`,540,גרם,false,1,8.90,1.65,true,1,
7290002317319,false,מלפפון 650ג בחומץ +20% 7-9 A2 מטולה,שימורי מוטולה בעמ,,,יח`,348,גרם,false,1,7.90,2.27,true,1,
7290002317326,false,זיתים מנזולינו 12-15 +20% 670ג A2 מטולה,שימורי מוטולה בעמ,,,יח`,560,גרם,false,1,8.90,1.59,true,1,
7290002317357,false,פלפל שיפקה חריף צנצנת זכוכית מוטולה,אבאל יזמות בעמ,,,יח`,550,גרם,false,1,8.90,1.62,true,1,
7290002317371,false,זיתים מושחר נטול גלעין 560ג A2 מטולה,שימורי מוטולה בעמ,,,יח`,560,גרם,false,1,9.90,1.77,false,1,
7290002317388,false,ירקות מעורבים בתיבול מזרחי מוטולה 900 גר,אבאל יזמות בעמ,,,יח`,900,גרם,false,1,29.90,3.32,false,1,
7290002317579,false,זיתים טבעות ירוק 560ג A2 מטולה,שימורי מוטולה בעמ,,,יח`,560,גרם,false,1,9.90,1.77,true,1,
7290002317609,false,כרוב כבוש 560ג A2 מטולה,שימורי מוטולה בעמ,,,יח`,560,גרם,false,1,8.90,1.59,true,1,
7290002317616,false,זיתים מרינט 17-19 560ג A2 מטולה,שימורי מוטולה בעמ,,,יח`,560,גרם,false,1,9.90,1.77,false,1,
7290002317661,false,זיתים מנזולינו גדול מאוד זכוכית מוטולה,שימורי מוטולה בעמ,,,יח`,560,גרם,false,1,9.90,1.77,false,1,
7290002317678,false,חרוזית ירוק צנצנת זכוכית מוטולה,שימורי מוטולה בעמ,,,יח`,560,גרם,false,1,9.90,1.77,false,1,
7290002317753,false,זית טבעות ירוק בצנצנת זכוכית מוטולה,אבאל יזמות בעמ,,,יח`,560,גרם,false,1,9.90,1.77,false,1,
7290002319016,false,אבקת אפיה עשיריות מיה 100 גרם,מיה תעשיות מזון מ.ת.מ. בעמ,,,יח`,100,גרם,false,1,2.90,2.90,false,1,
7290002319023,false,סוכר וניל עשיריות מיה 100 גרם,מיה תבליני החיים ירושלים בע`מ,,,יח`,100,גרם,false,1,2.90,2.90,false,1,
7290002319054,false,פרג טחון מיה 100 גרם,מיה תעשיות מזון מ.ת.מ. בעמ,,,יח`,100,גרם,false,1,6.90,6.90,false,1,
7290002319061,false,קוקוס טחון מיה (100 גרם),מיה תעשיות מזון מ.ת.מ. בעמ,,,יח`,100,גרם,false,1,2.90,2.90,false,1,
7290002319078,false,שומשום מיה 100 גרם,מיה תעשיות מזון מ.ת.מ. בעמ,,,יח`,100,גרם,false,1,2.90,2.90,false,1,
7290002319092,false,"קמח תפוח אדמה 500ג בד""ץ מיה*",מיה תעשיות מזון מ.ת.מ. בעמ,,,יח`,500,גרם,false,1,4.90,0.98,false,1,
7290002319115,false,חומוס גדול יבש מיה 500 גר',מיה תעשיות מזון מ.ת.מ. בעמ,,,יח`,500,גרם,false,1,7.90,1.58,true,1,
7290002319139,false,שעועית לבנה יבשה מיה 500 ג',מיה תעשיות מזון מ.ת.מ. בעמ,,,יח`,500,גרם,false,1,9.90,1.98,true,1,
7290002319146,false,שעועית אדומה מיה (500 גרם),מיה תעשיות מזון מ.ת.מ. בעמ,,,יח`,500,גרם,false,1,11.90,2.38,false,1,
7290002319160,false,אפונה ירוקה יבשה מיה 500 ג',מיה תעשיות מזון מ.ת.מ. בעמ,,,יח`,500,גרם,false,1,6.90,1.38,true,1,
7290002319177,false,פופקורן גרעינים מיה 500 גר',מיה תעשיות מזון מ.ת.מ. בעמ,,,יח`,500,גרם,false,1,6.90,1.38,false,1,
7290002319184,false,עדשים אדומים יבשים מיה 500 גר',מיה תעשיות מזון מ.ת.מ. בעמ,,,יח`,500,גרם,false,1,9.90,1.98,true,1,
7290002319191,false,עדשים ירוקים יבשים מיה 500 גר',מיה תעשיות מזון מ.ת.מ. בעמ,,,יח`,500,גרם,false,1,7.90,1.58,true,1,
7290002319207,false,כוסמת מיה (500 גרם),מיה תעשיות מזון מ.ת.מ. בעמ,,,יח`,500,גרם,false,1,8,1.60,true,1,
7290002319221,false,חיטה מיה (500 גרם),מיה תעשיות מזון מ.ת.מ. בעמ,,,יח`,500,גרם,false,1,5.90,1.18,true,1,
7290002319375,false,"קורנפלור 200 ג' בד""ץ מיה",מיה תעשיות מזון מ.ת.מ. בעמ,,,יח`,200,גרם,false,1,5,2.50,false,1,
7290002319528,false,קמח מצה חמץ 200 גר' מיה,קבוצת אסם סחר שות. מוגבלת,,,יח`,200,גרם,false,1,3.90,1.95,false,1,
7290002319610,false,שקדים טחונים מיה 100 גרם,מיה תעשיות מזון מ.ת.מ. בעמ,,,יח`,100,גרם,false,1,11.90,11.90,false,1,
7290002319740,false,אגוזי מלך טחונים מיה 100 גרם,מיה תעשיות מזון מ.ת.מ. בעמ,,,יח`,100,גרם,false,1,11.90,11.90,false,1,
7290002319771,false,תמצית אפיה בטעם וניל מיה (50 מל),מיה תעשיות מזון מ.ת.מ. בעמ,,,יח`,50,"מ""ל",false,1,3.90,7.80,false,1,
7290002319788,false,תמצית אפיה בטעם רום כשלפ בדצ העדח,מיה תעשיות מזון מ.ת.מ. בעמ,,,יח`,60,"מ""ל",false,1,3.90,6.50,false,1,
7290002319825,false,"אבקת סוכר 100 ג`בד""ץ מיה",מיה תעשיות מזון מ.ת.מ. בעמ,,,יח`,100,גרם,false,1,2.50,2.50,false,1,
7290002327028,false,ג`חנון בטעם מיוחד 650 גרם קפוא,נטו מלינדה סחר בע`מ,,,יח`,650,גרם,false,1,15.90,2.45,true,1,
7290002327042,false,"בורקס תפו""א 800 גר' שלושת האופים קהילות",נטו מלינדה סחר בע`מ,,,יח`,800,גרם,false,1,17.90,2.24,true,1,
7290002327059,false,"בצק עלים 1 ק""ג שלושת האופים קהילות",נטו מלינדה סחר בע`מ,,,יח`,1000,גרם,false,1,17.90,1.79,true,1,
7290002327066,false,קונכיות בצק למילוי 625 גרם שלושת האופים,נטו מלינדה סחר בע`מ,,,יח`,625,גרם,false,1,21.90,3.50,true,1,
7290002327073,false,בורקס גבינה 800 גר' שלושת האופים קהילות,נטו מלינדה סחר בע`מ,,,יח`,800,גרם,false,1,19.90,2.49,true,1,
7290002327103,false,שלושת האופים ג'חנון תימני 900 גרם,נטו מלינדה סחר בעמ,,,יח`,1,"ק""ג",false,1,20.90,20.90,true,1,
7290002327912,false,מיני בורקס גבינה 700 גר`שלושת האופים,נטו מלינדה סחר בעמ,,,יח`,700,גרם,false,1,19.90,2.84,true,1,
7290002327929,false,מיני בורקס תפוח אדמה 700 גר שלושת האופים,נטו מלינדה סחר בע`מ,,,יח`,700,גרם,false,1,19.90,2.84,true,1,
7290002329602,false,עוגת שוקולד עוגל'ה 350 גרם,בני פאוזי שמשום (2009) בעמ,,,יח`,350,גרם,false,1,6.90,1.97,true,1,
7290002329619,false,עוגת שוקולד צ'יפס עוגל'ה 350 גרם,בני פאוזי שמשום (2009) בעמ,,,יח`,350,גרם,false,1,6.90,1.97,true,1,
7290002329626,false,שיש- עוגה 350 גר' תבואות בר,בני פאוזי שמשום (2009) בעמ,,,יח`,350,גרם,false,1,6.90,1.97,true,1,
7290002329633,false,עוגת תפוח עץ עוגל'ה 350 גרם,בני פאוזי שמשום (2009) בעמ,,,יח`,350,גרם,false,1,6.90,1.97,true,1,
7290002329640,false,עוגת לימון עוגל'ה 350 גרם,בני פאוזי שמשום (2009) בעמ,,,יח`,350,גרם,false,1,6.90,1.97,true,1,
7290002329657,false,עוגת תפוז עוגל'ה 350 גרם,בני פאוזי שמשום (2009) בעמ,,,יח`,350,גרם,false,1,6.90,1.97,true,1,
7290002329664,false,עוגת אנגלית עוגל'ה 350 גרם,בני פאוזי שמשום (2009) בעמ,,,יח`,350,גרם,false,1,6.90,1.97,true,1,
7290002329695,false,עוגת וניל הארץ עוגל'ה 350 גרם,בני פאוזי שמשום (2009) בעמ,,,יח`,350,גרם,false,1,6.90,1.97,true,1,
7290002329961,false,עוגת שוקוצ'ינו עוגל'ה 350 גרם,בני פאוזי שמשום (2009) בעמ,,,יח`,350,גרם,false,1,6.90,1.97,true,1,
7290002331360,false,"נביעות מים מינרליים טו גו מארז 500X6מ""ל",החברה המרכזית להפצת משקאות בעמ,,,יח`,3,1 ליטר,false,1,15.70,4.63,true,1,
7290002331421,false,"שישיית מים מינרליים GO TO נביעות 755 מ""ל",החברה המרכזית להפצת משקאות בעמ,,,יח`,4.53,1 ליטר,false,1,16.90,3.33,false,1,
7290002331483,false,נביעות מים מינרלים שישיה בייבי 330 מ`ל,החברה המרכזית להפצת משקאות בעמ,,,יח`,1920,"מ""ל",false,1,13.90,0.63,false,1,
7290002331490,false,מים מינרלים נביעות (1 ליטר),החברה המרכזית להפצת משקאות בעמ,,,יח`,1,1 ליטר,false,1,3.20,3.20,true,1,
7290002345015,false,סינטה דק דק אל גאוצ'ו 250ג' מינוט,"טיבון ויל אחזקות בע""\מ",,,יח`,250,גרם,false,1,24.90,9.96,true,1,
7290002345022,false,אנטריקוט דק דק מינוט סטייק אל גאוצ'ו 250 גרם,"טיבון ויל אחזקות בע""\מ",,,יח`,250,גרם,false,1,24.90,9.96,true,1,
7290002345077,false,דק דק שניצל בקר 250 גר`טיבון ויל אל גא,"טיבון ויל אחזקות בע""\מ",,,יח`,250,גרם,false,1,14.90,5.96,false,1,
7290002345121,false,אסאדו דקדק אל גאוצ'ו 250 גרם,"טיבון ויל אחזקות בע""\מ",,,יח`,250,גרם,false,1,24.90,9.96,true,1,
7290002348139,false,תחתיות ארטישוק ויליגר (390 גרם),נטו מילנדה סחר בעמ*,,,יח`,425,גרם,false,1,10.90,2.56,true,1,
7290002353836,false,סרדינים רוברט בשמן זית 115 גרם,קונסרבס פורטוגל נורטה,,,יח`,115,גרם,false,1,7.90,6.87,false,1,
7290002360124,false,חליטת צמחים ורד הבר והיביסקוס פומפדור 20 יחידות,ש. שסטוביץ בע`מ,,,יח`,30,גרם,false,1,15.90,53,true,1,
7290002360155,false,חליטת תה פרחי שומר פומפדור 20 שקיקים,ש.שסטוביץ בעמ,,,יח`,40,גרם,false,1,15.90,39.75,true,1,
7290002360278,false,חליטת צמחים פומפדור מנטה 20 יחידות,"איטיליאן פוד, אס.פי.",,,יח`,45,גרם,false,1,15.90,35.33,true,1,
7290002360285,false,חליטת צמחים פומפדור קמומיל 20 יחידות,ש. שסטוביץ בע`מ,,,יח`,30,גרם,false,1,15.90,53,true,1,
7290002371533,false,דקניקים סלסולי פסטרמה דבש טירת צבי 120 גרם,תנובה מרכז שיתופי לשיווק תוצרת,,,יח`,120,גרם,false,1,15.90,13.25,true,1,
7290002371540,false,דקניקים קורנדביף ללא גלוטן טירת צבי 120 גרם,תנובה מרכז שיתופי לשיווק תוצרת,,,יח`,120,גרם,false,1,15.90,13.25,true,1,
7290002371854,false,נקניקיות עוף חריפות טירת צבי 2 * 500 גרם,תנובה מרכז שיתופי לשיווק תוצרת,,,יח`,1,1 ליטר,false,1,31.90,31.90,true,1,
7290002371939,false,סרוולד בסגנון צרפתי דליקטיב 120 גרם,תנובה מרכז שיתופי לשיווק תוצרת,,,יח`,120,גרם,false,1,27.90,23.25,true,1,
7290002374312,false,שמן קנולה מזוכך 6% מילומור (1 ליטר),"נארז ע""י : א.ג. גילר",,,יח`,1,1 ליטר,false,1,10.90,10.90,false,1,
7290002374640,false,שמן בריאות קנולה פלוס אומגה 3 עץ הזית 1 ליטר,סוגת תעשיות בעמ,,,יח`,1,1 ליטר,false,1,16.90,16.90,false,1,
7290002402060,false,"נקניקיות עוף קראנץ קפוא 1 ק""ג מחפוד",עוף ירושלים שיווק בעמ,,,יח`,100,גרם,false,1,18.90,18.90,false,1,
7290002407034,false,זית סורי ירוק( 800 גר`)גהשאן סורי,אבאל יזמות בעמ,,,יח`,800,גרם,false,1,21.90,2.74,false,1,
7290002407348,false,"שמן זית כתית מעולה 750 מ""ל ג'השאן",משק משפחת ג'השאן,,,יח`,750,"מ""ל",false,1,34.90,4.65,false,1,
7290002407454,false,שמן זית סורי כתית מעולה 750 מל,אבאל יזמות בעמ,,,יח`,750,"מ""ל",false,1,44.90,5.99,false,1,
7290002407645,false,שמן זית כתית מעולה ( 750 מל) ארץ הגליל,אבאל יזמות בעמ,,,יח`,750,"מ""ל",false,1,29.90,3.99,true,1,
7290002407676,false,זית תערובת אריזת( 800 גר`גהשאן,אבאל יזמות בעמ,,,יח`,800,גרם,false,1,21.90,2.74,false,1,
7290002409038,false,בורקס גבינה 800 גרם ציפור השרון,ציפור השרון יהוד 1990 בעמ,,,יח`,800,גרם,false,1,14.90,1.86,false,1,
7290002410713,false,קישקע- מעדני הטלה מוביל,לאטי עזרא גלם ודגים,,,יח`,500,גרם,false,1,9.90,1.98,false,1,
7290002453383,false,נקניקיות מרגז טלה קפוא 500 גר`זוהר,זהר בשר עופות ובשר בעמ,,,יח`,500,גרם,false,1,26.90,5.38,false,1,
7290002453512,false,קבב כבש ביתי 800 גר`זוהר,זהר בשר עופות ובשר בעמ,,,יח`,800,גרם,false,1,31.90,3.99,false,1,
7290002453529,false,המבורגר אנטריקוט קפוא 400 גר זהר,זהר בשר עופות ובשר בעמ,,,יח`,400,גרם,false,1,22.90,5.73,false,1,
7290002453697,false,קבב אנטריקוט קצבים עם שומן כבש 400 גרם,זהר בשר עופות ובשר בעמ,,,יח`,400,גרם,false,1,23.90,5.98,false,1,
7290002453802,false,קבב אסלי ג`מבו רומני 1 קג זוהר,זהר בשר עופות ובשר בעמ,,,יח`,1,"ק""ג",false,1,31.90,31.90,false,1,
7290002487364,false,שלושת האופים ב. פילו גבינה זיתים 700 גר לנדא,שלושת האופים שגמור,,,יח`,700,גרם,false,1,19.90,2.84,true,1,
7290002507604,false,פיצה שגב השף מאיטליה 350 גרם,האי נאם סי או אל.טי.,,,יח`,320,גרם,false,1,15.90,4.97,true,1,
7290002512004,false,מלווח צנעני 900 גרם קפוא,צנעני מוצרי בצק בעמ,,,יח`,900,גרם,false,1,19.90,2.21,false,1,
7290002512035,false,בצק עלים צנעני (1 קג),צנעני מוצרי בצק בעמ,,,יח`,1,"ק""ג",false,1,17.90,17.90,false,1,
7290002512257,false,מלווח מפחת שומן 700 גרם צנעני,צנעני מוצרי בצק בעמ,,,יח`,700,גרם,false,1,17.90,2.56,false,1,
7290002512264,false,צנעני גחנון מופחת שומן רווי 700 גר',צנעני מוצרי בצק בעמ,,,יח`,700,גרם,false,1,17.90,2.56,false,1,
7290002515333,false,"ד""ר פישר - קמיל בלו סנסיטיב אל סבון עדין לתינוק 500 מ""ל","פישר תעשיות פרמצביטות בע""מ",,,יח`,500,"מ""ל",false,1,17.90,3.58,false,1,
7290002517337,false,אורגנו עלים 20 גר' טעם וריח,"תבליני טעם וריח בע""מ",,,יח`,20,גרם,false,1,6.90,34.50,false,1,
7290002517566,false,"תערובת תיבול לדג 80 גרם ""טעם וריח""",תבליני טעם וריח בעמ,,,יח`,80,גרם,false,1,12.90,16.13,false,1,
7290002517603,false,תבלין בזיליקום מיכל 10ג',"תבליני טעם וריח בע""מ",,,יח`,10,גרם,false,1,6.90,69,false,1,
7290002517733,false,תבלין קצח טעם וריח 4,תבליני טעם וריח בעמ,,,יח`,40,גרם,false,1,6.90,17.25,false,1,
7290002517825,false,"פלפל לבן טחון 40 גרם ""טעם וריח""","תבליני טעם וריח בע""מ",,,יח`,40,גרם,false,1,9.90,24.75,false,1,
7290002542506,false,"בקבוק בירה קורונה 355 מ""ל",קריניציה ויטמינה אס,,,יח`,355,"מ""ל",false,1,9.90,2.70,false,1,
7290002542780,false,"שישייה בירה סטלה ארטואה בקבוק 330X6 מ""ל","אינבב, ברוורייפליין",,,יח`,1.98,1 ליטר,false,1,34.90,16.72,false,1,
7290002543046,false,קלוגס פרוסטיס דגנים וסוכר 750ג',דיפלומט מפיצים (1968) בעמ**,,,יח`,750,גרם,false,1,21.90,2.92,false,1,
7290002618263,false,תפוג`ן שף הטבע טבעות בצל קפוא זן,קפוא-זן תעשיות מזון בעמ - תפוג,,,יח`,600,גרם,false,1,14.90,2.48,false,1,
7290002627098,false,פיצה ביס 350 גר` שלושת האופים 12 יח,שגמור ייצור ושווק מוצרי,,,יח`,350,גרם,false,1,15.90,4.54,true,1,
7290002627210,false,גפילטע פיש קציצות מדגי קרפיון וכסיף בצנצנת 560 גרם,האי נאם סי או אל.טי.,,,יח`,560,גרם,false,1,9.90,1.77,false,1,
7290002628064,false,בשר בקר טחון קפוא בלדי (500 גרם),יוליניבר,,,יח`,500,גרם,false,1,15.90,3.18,false,1,
7290002661153,false,לחם דני קל פרוס ברמן (1 קג),מאפית י את א ברמן בע,,,יח`,1000,גרם,false,1,15.90,1.59,false,1,
7290002661214,false,ברמן לחם גליל קל מהדרין 750 גרם,מאפית י את א ברמן בע,,,יח`,700,גרם,false,1,12.50,1.79,false,1,
7290002661443,false,פירורי לחם מוזהבים עדינים 200 גר.,י.את א. ברמן בעמ,,,יח`,200,גרם,false,1,3,1.50,false,1,
7290002661474,false,פרורי לחם זהוב עם שומשום 200 גר,י.את א. ברמן בעמ,,,יח`,200,גרם,false,1,3,1.50,false,1,
7290002692393,false,שמן קנולה מזוכך מועשר עץ הזית (1 ליטר),סוגת תעשיות בעמ,,,יח`,1,1 ליטר,false,1,15.90,15.90,true,1,
7290002692768,false,"תרסיס שמן קנולה מזוכך ללא תוספת גז עץ הזית 200 מ""ל",טרנסומס פוד איי בי,,,יח`,200,"מ""ל",false,1,19.90,9.95,true,1,
7290002692775,false,"תרסיס שמן קנולה בטעם חמאה עץ הזית 200 מ""ל",סוגת תעשיות בעמ,,,יח`,200,"מ""ל",false,1,19.90,9.95,true,1,
7290002692782,false,"תרסיס שמן זית כתית מעולה ללא תוספת גז עץ הזית 150 מ""ל",י.ב טכנולוגיות אריזה,,,יח`,150,"מ""ל",false,1,19.90,13.27,false,1,
7290002703068,false,צנצנת דבש עין חרוד 1,קונסיגנציה-דין שיווק וקליה 202,,,יח`,1,,false,1,43,43,false,1,
7290002730262,false,נוזל לניקוי כלים קלאסי פלמוליב (750 מל),יבואן ומשווק: ש. שסט,,,יח`,750,"מ""ל",false,1,12.90,1.72,true,1,
7290002730521,false,צימרוני אוזניים בלונס בקופסא 200 יח',ש. שסטוביץ בע`מ,,,יח`,100,גרם,false,1,6.90,6.90,false,1,
7290002730811,false,"משחת שיניים ג'ל פסים מרעננים קולגייט 100 מ""ל",הנסיך- מפעל לייצור ט,,,יח`,138,גרם,false,1,12.90,9.35,true,1,
7290002730941,false,כדורי צמר גפן בלונס 100 יחידות,הנסיך- מפעל לייצור ט,,,יח`,100,גרם,false,1,6.90,6.90,false,1,
7290002735007,false,"בצק עלים מרודד ינון 1 ק""ג",קפוא-זן תעשיות מזון בעמ - תפוג,,,יח`,1000,"ק""ג",false,1,13.90,0.01,false,1,
7290002735014,false,מלווח ארוז יינון 800 גר`,קפוא-זן תעשיות מזון בעמ - תפוג,,,יח`,800,גרם,false,1,13.90,1.74,false,1,
7290002735021,false,ג`חנון ארוז 750 גר`יינון,קפוא-זן תעשיות מזון בעמ - תפוג,,,יח`,750,גרם,false,1,13.90,1.85,false,1,
7290002735113,false,בורקס גבינה ינון 800 גר`,קפוא-זן תעשיות מזון בעמ - תפוג,,,יח`,800,גרם,false,1,16.90,2.11,false,1,
7290002735120,false,"בורקס תפו""א ינון 800 גרם",קפוא-זן תעשיות מזון בעמ - תפוג,,,יח`,800,גרם,false,1,13.90,1.74,false,1,
7290002735274,false,ג'חנון אפוי ינון 600 גרם,קפוא-זן תעשיות מזון בעמ - תפוג,,,יח`,600,גרם,false,1,16.90,2.82,false,1,
7290002757139,false,מלוואח 700 גר' שלושת האופים קהילות,נטו מלינדה סחר בע`מ,,,יח`,700,גרם,false,1,15.90,2.27,true,1,
7290002757511,false,דלידג קציצות דג לבישול 750 גר קהילות,נטו מלינדה סחר בע`מ,,,יח`,750,גרם,false,1,28.90,3.85,true,1,
7290002757665,false,קבב מזרחי טיבון ויל 400 ג',נטו מלינדה סחר בעמ,,,יח`,400,גרם,false,1,10.90,2.73,false,1,
7290002757672,false,המבורגר מזרחי טיבון ויל 400ג',נטו מילנדה סחר בעמ*,,,יח`,400,גרם,false,1,10.90,2.73,false,1,
7290002782131,false,"פנינה רוזנבלום - דאודורנט ספריי לאישה מס' 1 150 מ""ל","פנינה רוזנבלום בע""מ",,,יח`,150,"מ""ל",false,1,25.90,17.27,false,1,
7290002782742,false,"פנינה רוזנבלום - דאודורנט ספריי לאישה מס' 2 150 מ""ל","פנינה רוזנבלום בע""מ",,,יח`,150,"מ""ל",false,1,16.90,11.27,false,1,
7290002782759,false,קרם גוף מספר 2 פנינה רוזנבלום (340 מל),"פנינה רוזנבלום בע""מ",,,יח`,400,"מ""ל",false,1,23.90,5.98,false,1,
7290002787884,false,"מקלות פילו תפו""א 600 גרם שלושת האופים",נטו מלינדה סחר בע`מ,,,יח`,600,גרם,false,1,19.90,3.32,true,1,
7290002787891,false,מקלות פילו תרד 600 גרם שלושת האופים,נטו מלינדה סחר בע`מ,,,יח`,600,גרם,false,1,19.90,3.32,true,1,
7290002800361,false,המבורגר ואקום 500 גר`מסעדות,מעדני הטלה והעגל,,,יח`,500,גרם,false,1,22.90,4.58,false,1,
7290002814016,false,"מסיר שומנים מתז 750 מ""ל סנט מוריץ כשל""פ עד""ח",קומפלקס כימיקלסבעמ ~~~,,,יח`,750,"מ""ל",false,1,12.90,1.72,false,1,
7290002814054,false,סנט מוריץ מתז אנטרטיק מתז 1 ליטר,קומפלקס כימיקלסבעמ ~~~,,,יח`,1000,"מ""ל",false,1,11.90,1.19,false,1,
7290002814078,false,סנט מוריץ נוזל לניקוי אמבט אנטרטיק 1ל',קומפלקס כימיקלסבעמ ~~~,,,יח`,1,1 ליטר,false,1,7.90,7.90,true,1,
7290002814290,false,קצף מרוכז blanco בניחוח לימון משמיד 99.9% חיידקים סנט מוריץ 1 ליטר,קומפלקס כימיקלים בעמ,,,יח`,1,1 ליטר,false,1,12.90,12.90,true,1,
7290002814528,false,סנט מוריץ נוזל לאסלה No1 ירוק 1 ליטר,קומפלקס כימיקלסבעמ ~~~,,,יח`,1,1 ליטר,false,1,5.90,5.90,true,1,
7290002814603,false,"סנט מוריץ - מרסס מסיר שומנים קר מבושם לימון 750 מ""ל",קומפלקס כימיקלים בעמ,,,יח`,750,"מ""ל",false,1,12.90,1.72,true,1,
7290002814719,false,נוזל רצפות סנט מוריץ אסלות מאסק 4 ליטר,קומפלקס כימיקלים בעמ,,,יח`,4000,"מ""ל",false,1,11.90,0.30,false,1,
7290002814825,false,סבון אסלה כדוריות שלישייה אוקינוס כחול ס,קומפלקס כימיקלים בעמ,,,יח`,150,גרם,false,1,9.90,6.60,false,1,
7290002814849,false,סנט מוריץ סבון אסלה שלישייה כחול אוקיינוס,קומפלקס כימיקלים בעמ,,,יח`,120,גרם,false,1,9.90,8.25,false,1,
7290002814870,false,"סנט מוריץ - מרסס מסיר שומנים קר מבושם לוונדר\פרחים 750 מ""ל",קומפלקס כימיקלים בעמ,,,יח`,750,"מ""ל",false,1,12.90,1.72,true,1,
7290002814900,false,סבון אסלה כדוריות שלישייה לימון סנט מורי,קומפלקס כימיקלים בעמ,,,יח`,150,גרם,false,1,9.90,6.60,false,1,
7290002814917,false,סנט מוריץ שמפו רצפות בניחוח לבנדר 4 ליטר,קומפלקס כימיקלים בעמ,,,יח`,4,1 ליטר,false,1,11.90,2.98,false,1,
7290002814931,false,סנט מוריץ שמפו רצפות בניחוח פרחים 4 ליטר - מרכז,קומפלקס כימיקלסבעמ ~~~,,,יח`,4,1 ליטר,false,1,11.90,2.98,false,1,
7290002814955,false,נוזל לניקוי כלים סנט מוריץ (4 ליטר),קומפלקס כימיקלים בעמ,,,יח`,4,1 ליטר,false,1,22.90,5.73,false,1,
7290002824183,false,"גבינה לבנה סקי 500 גרם 5% ""שטראוס"" -מוצר בפיקוח",שטראוס גרופ בעמ/מצונן,,,יח`,500,גרם,false,1,9.50,1.90,false,1,
7290002824466,false,יוגורט דנונה ביו לבן 0% שומן 200 גרם,שטראוס גרופ בעמ/מצונן,,,יח`,200,"מ""ל",false,1,3.50,1.75,false,1,
7290002824640,false,"גבינת סקי 250 גרם 5% ""שטראוס"" -מוצר בפיקוח",שטראוס גרופ בעמ/מצונן,,,יח`,250,גרם,false,1,4.97,1.99,false,1,
7290002825722,false,כרוב אדום במיונז אחלה (500 גרם),שטראוס גרופ בעמ/מצונן,,,יח`,575,גרם,false,1,14.90,2.59,true,1,
7290002827306,false,נקניקיות עוף ירושלים מחפוד 400 ג',עוף ירושלים שיווק בעמ,,,יח`,400,גרם,false,1,9.90,2.48,false,1,
7290002827337,false,נקניקיות עוף פיקנטי חריף 400 מחפוד,עוף ירושלים שיווק בעמ,,,יח`,400,גרם,false,1,9.90,2.48,false,1,
7290002830948,false,גבינת עיזים מותכת 30% מון בלאן 120 גרם,סלס קרית מלאכי ישראל,,,יח`,120,גרם,false,1,12.90,10.75,true,1,
7290002868996,false,"קוטג' 5% שומן, רכיבים טבעיים, 250 גרם",החברה המרכזית טלהפצת משקאות בע,,,יח`,250,גרם,false,1,5.60,2.24,false,1,
7290002871248,false,"בירה טובורג רד בקבוק 500 מ""ל חוזר",החברה המרכזית להפצת משקאות בעמ,,,יח`,500,"מ""ל",false,1,7.50,1.26,false,1,
7290002871361,false,"בירה קרלסברג בקבוק 500 מ""ל חוזר",החברה המרכזית להפצת משקאות בעמ,,,יח`,500,"מ""ל",false,1,7.50,1.26,false,1,
7290002881209,false,רסק תפוחי עץ דיאט 700 ג' תומר,תומר יבוא ושיווק מוצרי מזון (1,,,יח`,700,גרם,false,1,9.90,1.41,false,1,
7290002881216,false,רסק תפוחי עץ לא ממותק תומר 700 גרם,תומר ייבוא ושיווק מוצרי מזון [,,,יח`,700,גרם,false,1,9.90,1.41,false,1,
7290002904694,false,"טיטניום דאודורנט ספריי לגברים 150 מ""ל",החברה הדרומית לשיווק בעמ,,,יח`,150,"מ""ל",false,1,14.90,9.93,false,1,
7290002909576,false,בשר בקר טחון לקציצות ולקבב 500 ג' 12 יח',יוליניבר,,,יח`,500,גרם,false,1,12.90,2.58,false,1,
7290002909880,false,"פולי סויה - אדממה - 400 גרם (בד""ץ עדה חרדית)",בלדי בעמ,,,יח`,400,גרם,false,1,6.90,1.73,false,1,
7290002921240,false,"קרבונה שמפוזר לניקוי שטיחים וריפוד יעקבי 650 מ""ל",יעקב יעקבי ובניו בעמ,,,יח`,650,"מ""ל",false,1,24.90,3.83,false,1,
7290002929642,false,נתחי טונה בהירה בשמן ויליגר (140x4 גרם),דיאמנט פוד פרודקט קו,,,יח`,460,גרם,false,1,19.90,4.33,false,1,
7290002954026,false,"שמן תירס ""שוקחה"" 3 ליטר",בני ג`ורג` שוקחה (חיפה) בעמ,,,יח`,3,1 ליטר,false,1,44.90,14.97,false,1,
7290002954040,false,שמן תירס שוקחה 1 ליטר,בני ג`ורג` שוקחה (חיפה) בעמ,,,יח`,1000,"מ""ל",false,1,15.90,1.59,false,1,
7290002954187,false,אורז יסמין שוקחה (5 קג),בני ג`ורג` שוקחה (חיפה) בעמ,,,יח`,5,"ק""ג",false,1,42.90,8.58,true,1,
7290002954736,false,עדשים שחורות 1 קג שוקחה,בני ג`ורג` שוקחה (חיפה) בעמ,,,יח`,1,"ק""ג",false,1,13.90,13.90,true,1,
7290002971986,false,קמח שיפון מלא 1 קג שטיבל ללא צורך בניפוי,טחנות קמח שטיבל בש בעמ,,,יח`,1,"ק""ג",false,1,8.50,8.50,true,1,
7290002971993,false,קמח כוסמין מלא ללא צורך בניפוי 1 קג שטיב,טחנות קמח שטיבל בש בעמ,,,יח`,1000,גרם,false,1,14.90,1.49,false,1,
7290002972006,false,קמח בהיר(405) ללא צורך בניפוי ( 1 קג ),טחנות קמח שטיבל בש בעמ,,,יח`,1,"ק""ג",false,1,8.50,8.50,true,1,
7290002972365,false,קמח תופח שטיבל 13 ללא צורך בניפוי 1 קג,טחנות קמח שטיבל בש בעמ,,,יח`,1,"ק""ג",false,1,8.50,8.50,true,1,
7290002972426,false,"קמח 80% מלא ללא צורך בניפוי 1 ק""ג*",טחנות קמח שטיבל בש בעמ,,,יח`,1,"ק""ג",false,1,8.50,8.50,true,1,
7290002973669,false,"קמח שטיבל ללחם 2 ללא ניפוי 1 ק""ג",טחנת קמח דגן-שטיבל,,,יח`,1,"ק""ג",false,1,8.50,8.50,true,1,
7290002973812,false,קמח כוסמין (80% 1 קג)ללא צורך בניפוי ש,טחנות קמח שטיבל בש בעמ,,,יח`,1000,גרם,false,1,14.90,1.49,false,1,
7290002973829,false,קמח כוסמין לבן( 1 קג) ללא צורך ניפוי ש,טחנות קמח שטיבל בש בעמ,,,יח`,1000,גרם,false,1,14.90,1.49,false,1,
7290002974116,false,"קמח כפרי ללא צ.בניפוי שטיבל 1 ק""ג*",טחנות קמח שטיבל בש בעמ,,,יח`,1,"ק""ג",false,1,8.50,8.50,true,1,
7290002974239,false,"קמח עוגות ללא צ.בניפוי שטיבל 1 ק""ג*",טחנות קמח שטיבל בש בעמ,,,יח`,1,"ק""ג",false,1,8.50,8.50,true,1,
7290002974314,false,"קמח פיצה שטיבל 1 ק""ג",טחנת קמח דגן-שטיבל,,,יח`,1,"ק""ג",false,1,10.90,10.90,false,1,
7290002987963,false,"חומוס אחלה 1 ק""ג שטראוס",שטראוס גרופ בעמ/מצונן,,,יח`,10000,גרם,false,1,13.90,0.14,false,1,
7290003009183,false,סירופ דיאט 750 מל בטעם תפוחים פריגת,החברה המרכזית להפצת משקאות בעמ,,,יח`,750,"מ""ל",false,1,22.90,3.05,false,1,
7290003009312,false,בוטן קלוי 200 גרם שקית קליית גת,הדקלאים אגודת שיתופי,,,יח`,200,גרם,false,1,6.90,3.45,true,1,
7290003009329,false,בוטנים אמריקאיים קליית גת (200 גרם),הדקלאים אגודת שיתופי,,,יח`,200,גרם,false,1,5.90,2.95,false,1,
7290003009336,false,קבוקים קליית גת (200 גרם),הדקלאים אגודת שיתופי,,,יח`,200,גרם,false,1,5.90,2.95,false,1,
7290003009640,false,מיץ תפוזים סחוט רכיבים טבעיים פריגת 1 ליטר,החברה המרכזית טלהפצת משקאות בע,,,יח`,1,1 ליטר,false,1,15.90,15.90,true,1,
7290003011087,false,אורז בסמטי 1 קג` שקית כחולה דין שיווק,דין שיווק וקליה 2021 בעמ,,,יח`,1,"ק""ג",false,1,10.90,10.90,true,1,
7290003015634,false,"נוזל רצפות פסיפלורה 2 ליטר ""ריצפז פרש""",החברה הדרומית לשיווק בעמ,,,יח`,2,1 ליטר,false,1,19.90,9.95,false,1,
7290003015641,false,"נוזל רצפות יסמין 2 ליטר ""ריצפז פרש""",החברה הדרומית לשיווק בעמ,,,יח`,2,1 ליטר,false,1,19.90,9.95,false,1,
7290003026029,false,"ד""ר פישר - קמיל בלו סנסיטיב שמפו אלדמע 500 מ""ל","פישר תעשיות פרמצביטות בע""מ",,,יח`,500,"מ""ל",false,1,17.90,3.58,false,1,
7290003026234,false,"ד""ר פישר - קמיל בלו תחליב לתינוק 500 מ""ל","פישר תעשיות פרמצבטיות בע""מ",,,יח`,500,"מ""ל",false,1,29.90,5.98,true,1,
7290003029181,false,משקה יטבתה שוקו' בקבוק 1ל מהדרין,שטראוס גרופ בעמ/מצונן,,,יח`,1,1 ליטר,false,1,11.90,11.90,false,1,
7290003029372,false,יטבתה משקה בטעם בננה %3 בקבוק 1 ליטר,שטראוס גרופ בעמ/מצונן,,,יח`,1,1 ליטר,false,1,11.90,11.90,false,1,
7290003029389,false,"משקה חלב בננה פקק ספורט 250 מ""ל יוטבתה",שטראוס גרופ בעמ/מצונן,,,יח`,250,"מ""ל",false,1,5.50,2.20,false,1,
7290003029433,false,"משקה יטבתה שוקו פקק 250 מ""ל מהדרין",שטראוס גרופ בעמ/מצונן,,,יח`,250,"מ""ל",false,1,5.50,2.20,false,1,
7290003029532,false,מוקה בבקבוק יטבתה 1 ליטר מהדרין,שטראוס גרופ בעמ/מצונן,,,יח`,1,1 ליטר,false,1,11.90,11.90,false,1,
7290003029617,false,יטבתה שמנת מנה אישית 15% 125מל,שטראוס גרופ בעמ/מצונן,,,יח`,125,"מ""ל",false,1,1.90,1.52,false,1,
7290003029792,false,"משקה יטבתה שוקו שקיות מהדרין מארז 225X8מ""ל",שטראוס גרופ בעמ/מצונן,,,יח`,1.80,1 ליטר,false,1,19.90,11.06,false,1,
7290003029815,false,כד חלב 3% יטבתה 2 ליטר מהדרין,שטראוס גרופ בעמ/מצונן,,,יח`,2000,"מ""ל",false,1,14.90,0.75,false,1,
7290003029907,false,משקה חלב אייס קפה 2% יטבתה (1 ליטר,שטראוס גרופ בעמ/מצונן,,,יח`,1,1 ליטר,false,1,11.90,11.90,false,1,
7290003031702,false,"נקניקיות הודו מחפוד וואקום 1 ק""ג טירת צבי",תנובה מרכז שיתופי לשיווק תוצרת,,,יח`,1,"ק""ג",false,1,32.90,32.90,true,1,
7290003031733,false,טירת צבי פסטרמה על גחלים קופ. מחפוד 400ג,טיב טירת צבי 2000,,,יח`,400,גרם,false,1,34.90,8.73,true,1,
7290003031740,false,טירתצבי פסטרמה בדבש קופ. מחפוד 400ג,טיב טירת צבי 2000,,,יח`,400,גרם,false,1,34.90,8.73,true,1,
7290003031788,false,צמד כפרי סלמי+פסטרמה טירת צבי 400X2ג' מחפוד,תנובה מרכז שיתופי לשיווק תוצרת,,,יח`,800,גרם,false,1,24.90,3.11,false,1,
7290003054657,false,חרדל ריין דיז'ון אקסטרה פורטה 370 גרם,דיפלומט מפיצים (1968) בעמ**,,,יח`,370,גרם,false,1,11.90,3.22,false,1,
7290003069682,false,בצק פילאס תורכי שלושת האופים (500 גרם),שלושת האופים שגמור,,,יח`,500,גרם,false,1,19.90,3.98,true,1,
7290003069705,false,"פיצה אישית גבינה דק 80 ג' תפזורת בד""צ",שגמור ייצור ושווק מוצרי,,,יח`,80,גרם,false,1,2.90,3.63,false,1,
7290003072972,false,קבנוס בתיבול מעושן טירת צבי 120 גרם,טיב טירת צבי 2000,,,יח`,120,גרם,false,1,11.90,9.92,true,1,
7290003102136,false,צמר גפן COTTON SOFT רפואי 100 גר' 3102136,הדקלאים אגודת שיתופי,,,יח`,1,,false,1,5.90,5.90,false,1,
7290003102419,false,כפפות ניילון 100 יח` בקופסא,אינטרסן 1996 בעמ,,,יח`,1,,false,1,5.90,5.90,true,1,
7290003102891,false,שקיות צליה הוסטס בקופסה 10יח',אינטרסן (1996) בעמ,,,יח`,1,,false,1,4.90,4.90,true,1,
7290003102976,false,צימרוני אוזניים פלסטיק בקופסה 200 יחידות,הדקלאים אגודת שיתופי,,,יח`,20000,גרם,false,1,3.90,0.02,false,1,
7290003107247,false,שמרים יבשים אינסטנט33גרם,אבאל יזמות בעמ,,,יח`,33,גרם,false,1,6.90,20.91,true,1,
7290003107315,false,סולת בשקית טחנת קמח דגן (1 קג),טחנות קמח דגן (2006) בעמ,,,יח`,1,"ק""ג",false,1,4.40,4.40,false,1,
7290003107346,false,קמח חיטה לבן בדץ טחנת קמח דגן (1 קג),טחנות קמח דגן (2006) בעמ,,,יח`,1,"ק""ג",false,1,4.40,4.40,false,1,
7290003107353,false,שטיבל משפר אפייה ביתי 3 * 10 גרם,ט.ק דגן טכנולוגיות ב,,,יח`,30,גרם,false,1,5.90,19.67,true,1,
7290003126958,false,טופו גבינה גוש בואקום צוריאל 300 ג',החברה המרכזית טלהפצת משקאות בע,,,יח`,300,גרם,false,1,12.40,4.13,false,1,
7290003141159,false,יוגטה מרשמלו ממתק מוקצף בטעמי תות שדה ווניל 180 גרם,ליימן שליסל בעמ,,,יח`,180,גרם,false,1,8.90,4.94,true,1,
7290003143139,false,סילאן תמרים קלית גת 900 ג',ליימן שליסל בעמ,,,יח`,900,גרם,false,1,14.90,1.66,false,1,
7290003143146,false,ממרח תמרים קליית גת (450 גרם),הדקלאים אגודת שיתופי,,,יח`,450,גרם,false,1,6.90,1.53,false,1,
7290003143276,false,יוגטה מרשמלו ממתק מוקצף בטעם תות שדה 180 גרם,תות ממתקי איכות,,,יח`,180,גרם,false,1,8.90,4.94,true,1,
7290003144419,false,סילאן טבעי קליית גת (710 גרם),ליימן שליסל בעמ,,,יח`,710,גרם,false,1,19.90,2.80,false,1,
7290003145751,false,אגוזי קשיו קלויים קליית גת (200 גרם),הדקלאים אגודת שיתופי,,,יח`,200,גרם,false,1,14.90,7.45,false,1,
7290003185726,false,קבב מזרחי טיבון ויל 500 גרם,טיבון ויל אחזקות בעמ,,,יח`,500,גרם,false,1,20.90,4.18,true,1,
7290003189076,false,פיצרלה הצהובה הטובה מגורדת 22% כפיר 500 גרם,צי תעשיות מזון יבנה,,,יח`,500,גרם,false,1,20.90,4.18,false,1,
7290003189144,false,"גבינה הולנדית 22% שומן 1 ק""ג כפיר",צי תעשיות מזון יבנה,,,יח`,1,"ק""ג",false,1,35.40,35.40,false,1,
7290003224128,false,כיסוני תפוא 800 גר`קפוא מאמא מרי,מאמא - מרי בעמ,,,יח`,800,גרם,false,1,16.90,2.11,false,1,
7290003224159,false,בלינצ`ס במילוי בשר 400 גר`מאמא מרי,מאמא - מרי בעמ,,,יח`,400,גרם,false,1,17.90,4.48,false,1,
7290003224258,false,כיסונים במילוי בשר 1.5 קג מאמא מרי,מאמא - מרי בעמ,,,יח`,1.50,"ק""ג",false,1,49.90,33.27,false,1,
7290003224265,false,כיסונים עם בשר בקר 800 גר`מאמא מרי,מאמא - מרי בעמ,,,יח`,800,גרם,false,1,28.90,3.61,false,1,
7290003224272,false,כיסונים בשר מוסקובסקי 1 קג`קפוא מאמא מר,מאמא - מרי בעמ,,,יח`,1,"ק""ג",false,1,27.90,27.90,false,1,
7290003224456,false,"כיסונים בשר סיבירסקי מאמא מרי 1 ק""ג",מאמא - מרי בעמ,,,יח`,1,"ק""ג",false,1,27.90,27.90,false,1,
7290003224463,false,כיסונים בשר אוראינסקי 1 קג`מאמא מרי,מאמא - מרי בעמ,,,יח`,1,"ק""ג",false,1,27.90,27.90,false,1,
7290003224470,false,כיסוני בשר 1 קג קפוא מאמא מרי,מאמא - מרי בעמ,,,יח`,1,"ק""ג",false,1,27.90,27.90,false,1,
7290003229109,false,פסטרמה הודו בפפריקה טירת צבי (400 גרם),תנובה מרכז שיתופי לשיווק תוצרת,,,יח`,400,גרם,false,1,31.90,7.98,true,1,
7290003229147,false,נקניק סלמי איטלקי מעושן טירת צבי 300 גרם,תנובה מרכז שיתופי לשיווק תוצרת,,,יח`,300,גרם,false,1,28.90,9.63,true,1,
7290003229154,false,נקניק סלמי קוניאק טירת צבי 300 גרם,תנובה מרכז שיתופי לשיווק תוצרת,,,יח`,300,גרם,false,1,28.90,9.63,true,1,
7290003229192,false,נקניק כתף בקר מעושן 2% טירת צבי 400 גרם,תנובה מרכז שיתופי לשיווק תוצרת,,,יח`,400,גרם,false,1,35.90,8.98,true,1,
7290003229208,false,פסטרמה ספרדית 2% טירת צבי 360 גרם,תנובה מרכז שיתופי לשיווק תוצרת,,,יח`,360,גרם,false,1,31.90,8.86,true,1,
7290003229215,false,פסטרמה איטלקית 3.5% טירת צבי 360 גרם,תנובה מרכז שיתופי לשיווק תוצרת,,,יח`,360,גרם,false,1,31.90,8.86,true,1,
7290003229222,false,נקניק סלמי תה טירת צבי 300 גרם,תנובה מרכז שיתופי לשיווק תוצרת,,,יח`,300,גרם,false,1,21.90,7.30,false,1,
7290003268252,false,לחם חיטה מלא לילדים 750 ג' דגנית עין בר,דגנית עין בר תעשיות מזון ואפיה,,,יח`,750,גרם,false,1,14.50,1.93,false,1,
7290003268429,false,לחם ירוק מקמח מלא דגנית עין בר (750 גרם),דגנית עין בר תעשיות מזון ואפיה,,,יח`,750,גרם,false,1,14.90,1.99,false,1,
7290003287253,false,נקניקיות מרגז הקצביה 500 גרם בלדי,בלדי בעמ,,,יח`,500,גרם,false,1,27.90,5.58,false,1,
7290003287284,false,קבב ביתי קצביה ארוז 600 גר`באלדי,בלדי בע`מ,,,יח`,600,גרם,false,1,27.90,4.65,false,1,
7290003287291,false,קבב טלה וצנובר קצביה ארוז 600 ג' - 8 יח',יוליניבר,,,יח`,600,גרם,false,1,27.90,4.65,false,1,
7290003287314,false,קבב על מקל קינמון קצביה ארוז 520 ג' - 8 יח',בלדי בעמ,,,יח`,520,גרם,false,1,27.90,5.37,false,1,
7290003321155,false,יוגורט בר עם פקאן מצופה שוקולד 183 ג' דנונה,שטראוס גרופ בעמ/מצונן,,,יח`,175,"מ""ל",false,1,4.40,2.51,false,1,
7290003332007,false,קפה שחור עם הל נח`לה אדום (250 גרם),סובחי נחלה ובניו בעמ,,,יח`,250,גרם,false,1,13.90,5.56,false,1,
7290003332014,false,קפה שחור עם הל נח`לה אדום (500 גרם),סובחי נחלה ובניו בעמ,,,יח`,500,גרם,false,1,26.90,5.38,false,1,
7290003387410,false,שלישיית פדים להסרת איפור בלונס 80 יחידות,ש. שסטוביץ בע`מ,,,יח`,1,יח`,false,1,19.90,19.90,false,1,
7290003401369,false,"קרם לחות לשיער חוחובה נטורל פורמולה 400 מ""ל",החברה הדרומית לשיווק בעמ,,,יח`,400,"מ""ל",false,1,21.90,5.48,true,1,
7290003401376,false,"קרם לחות ועיצוב לשיער אלוורה נטורל 400 מ""ל",החברה הדרומית לשיווק בעמ,,,יח`,400,"מ""ל",false,1,21.90,5.48,true,1,
7290003401420,false,"קרם לחות לשיער סיליקון כתום נטורל 400 מ""ל",החברה הדרומית לשיווק בעמ,,,יח`,400,"מ""ל",false,1,21.90,5.48,true,1,
7290003401635,false,נטורל פורמולה לחות מעצבת לפתיחת תלתלים,החברה הדרומית לשיווק בעמ,,,יח`,400,"מ""ל",false,1,21.90,5.48,true,1,
7290003401642,false,"קרם לחות לתלתלים טבעיים נטורל פורמולה 400 מ""ל",החברה הדרומית לשיווק בעמ,,,יח`,400,"מ""ל",false,1,21.90,5.48,true,1,
7290003411054,false,שקיות צליה גדול דליקטס רוסטי הנמל 5יח`,הנמל אריזות ושיווק (1984) בעמ,,,יח`,0,גרם,false,1,3.90,3.90,false,1,
7290003411276,false,עמבה הודית מובחרת הנמל 600ג',הנמל אריזות ושיווק (1984) בעמ,,,יח`,600,גרם,false,1,10.90,1.82,false,1,
7290003411566,false,צמרוני עץ הנמל 200 יחידות,הנמל אריזות ושיווק (1984) בעמ,,,יח`,1,,false,1,2.90,2.90,false,1,
7290003411573,false,צלחות פלסטיק עמוקות חד פעמיות 30 יח,הנמל אריזות ושיווק (1984) בעמ,,,יח`,1,,false,1,16.90,16.90,false,1,
7290003411689,false,לפתניות פלסטיק חד פעמיות 25 יח`,הנמל אריזות ושיווק (1984) בעמ,,,יח`,1,,false,1,4.90,4.90,true,1,
7290003411696,false,מרקיות פלסטיק חד פעמיות 25 יח`,הנמל אריזות ושיווק (1984) בעמ,,,יח`,25,יח`,false,1,9.90,0.40,true,1,
7290003411726,false,קיסמי שיניים מלחיה הנמל 300יח',הנמל אריזות ושיווק (1984) בעמ,,,יח`,1,,false,1,4.90,4.90,false,1,
7290003411993,false,גפרורים הנמל 10 יחידות,הנמל אריזות ושיווק (1984) בעמ,,,יח`,1,,false,1,2.90,2.90,false,1,
7290003427154,false,"שמן זית כתית מעולה טעם מעודן זיתא 750 מ""ל",תה ויסוצקי (ישראל) בעמ,,,יח`,750,"מ""ל",false,1,27.90,3.72,false,1,
7290003438006,false,ממרח אולביה פסטו וצנובר איטלקי 190ג',תה ויסוצקי (ישראל) בעמ,,,יח`,190,גרם,false,1,13.90,7.32,true,1,
7290003438013,false,7290003אוליביה ממרח זיתים ירוקים 190 גרם,תה ויסוצקי (ישראל) בעמ,,,יח`,190,גרם,false,1,13.90,7.32,true,1,
7290003438020,false,אוליביה ממרח עגבניות מיובשות (190 גרם),תה ויסוצקי (ישראל) בעמ,,,יח`,190,גרם,false,1,13.90,7.32,true,1,
7290003438853,false,אוליביה ממרח אריסה חריפה 185 גר ',תה ויסוצקי (ישראל) בעמ,,,יח`,180,גרם,false,1,13.90,7.72,true,1,
7290003438990,false,עיטורי עגבניות מיובשות וזיתים אוליביה 280 ג',תה ויסוצקי (ישראל) בעמ,,,יח`,280,גרם,false,1,17.90,6.39,true,1,
7290003450602,false,חרדל אמיתי צהוב בקבוק לחיץ 255 גר,היינץ צפון אמריקה מקבוצת ה.י.היינץ,,,יח`,255,גרם,false,1,11.90,4.67,false,1,
7290003457991,false,טילון קורנטו וניל עם וופל ואגוזי לוז מסוכרים,"גלידת שטראוס בע""\מ, רחוב",,,יח`,300,גרם,false,1,32.90,10.97,false,1,
7290003521074,false,סרקל מרכך שיער לילדים דר. פישר (1 ליטר),"פישר תעשיות פרמצביטות בע""מ",,,יח`,1,1 ליטר,false,1,29.90,29.90,false,1,
7290003521081,false,"סרקל שמפו אל דמע לילדים ד""ר פישר 1 ליטר","פישר תעשיות פרמצביטות בע""מ",,,יח`,1,1 ליטר,false,1,29.90,29.90,false,1,
7290003521166,false,"ד""ר פישר - סרקל קרם רוזמרין לילדים 325 מ""ל","פישר תעשיות פרמצביטות בע""מ",,,יח`,325,גרם,false,1,25.90,7.97,false,1,
7290003521197,false,"ד""ר פישר - סרקל תרסיס מתיר קשרים 340 מ""ל","פישר תעשיות פרמצביטות בע""מ",,,יח`,340,"מ""ל",false,1,25.90,7.62,false,1,
7290003521340,false,"קמיל בלו אל סבון קלאסיק ד""ר פישר 2 ליטר",פישר תעשיות פרמצבטיות בעמ,,,יח`,2,1 ליטר,false,1,39.90,19.95,false,1,
7290003521395,false,"קמיל בלו סנסיטיב אל סבון ד""ר פישר 2 ליטר","פישר תעשיות פרמצביטות בע""מ",,,יח`,2,1 ליטר,false,1,39.90,19.95,false,1,
7290003521463,false,"קמיל בלו שמפו לשיער אל דמע ד""ר פישר 2 ליטר","פישר תעשיות פרמצביטות בע""מ",,,יח`,2,1 ליטר,false,1,39.90,19.95,false,1,
7290003550753,false,נתחי טונה בהירה בשמן פוסידון (108x4 גרם),נטו מילנדה סחר בעמ*,,,יח`,432,גרם,false,1,19.90,4.61,true,1,
7290003570164,false,מינוט שווארמה פרגית 300 גרם ארוז בלדי,"בלדי בע""\מ",,,יח`,300,גרם,false,1,26.90,8.97,false,1,
7290003570171,false,מינוט שניצל 300 גרם ארוז בלדי,"בלדי בע""\מ",,,יח`,300,גרם,false,1,22.90,7.63,false,1,
7290003578061,false,לבבות דקל שלמים וילי פוד (400 גרם),ג.וילי-פוד אינטרנשיונל בעמ,,,יח`,400,גרם,false,1,12.90,3.23,false,1,
7290003578078,false,קוקטייל פירות טרופי בסירופ קל ויליפוד 850 גרם,ג. וילי-פוד אינטרנשיונל בע`מ,,,יח`,850,גרם,false,1,9.90,1.16,false,1,
7290003578108,false,חתיכות אננס בסירופ קל וילי פוד (850 גרם),ג.וילי-פוד אינטרנשיונל בעמ,,,יח`,820,גרם,false,1,8.90,1.09,false,1,
7290003578177,false,תירס צעיר שלם וילי פוד (410 גרם),ג.וילי-פוד אינטרנשיונל בעמ,,,יח`,410,גרם,false,1,6.90,1.68,false,1,
7290003578290,false,וילי פוד מקלוני אורז בדץ 300ג,ג. וילי-פוד אינטרנשיונל בע`מ,,,יח`,300,גרם,false,1,5.90,1.97,false,1,
7290003578313,false,דובדבנים ללא חרצנים ויליפוד 680 גרם,ג. וילי-פוד אינטרנשיונל בע`מ,,,יח`,720,גרם,false,1,8.90,1.24,false,1,
7290003578412,false,חצאי אפרסקים בסירופ קל תפארת (820 גרם),ג.וילי-פוד אינטרנשיונל בעמ,,,יח`,820,גרם,false,1,9.90,1.21,false,1,
7290003643004,false,אורז בסמטי קלאסי סוגת (1 קג),האי נאם סי או אל.טי.,,,יח`,1,"ק""ג",false,1,12.90,12.90,false,1,
7290003643387,false,סוכר לבן בצנצנת פלסטיק 1 ק`ג,האי נאם סי או אל.טי.,,,יח`,1,"ק""ג",false,1,7.90,7.90,false,1,
7290003643646,false,"סוכר דמררה קלאסי בצנצנת סוגת 1 ק""ג",האי נאם סי או אל.טי.,,,יח`,1000,גרם,false,1,12.90,1.29,false,1,
7290003643707,false,גריסים סוגת (500 גרם),"סוגת תעשיות בע""מ",,,יח`,500,גרם,false,1,5.90,1.18,true,1,
7290003643714,false,חומוס גרגירים 500 גרם סוגת,האי נאם סי או אל.טי.,,,יח`,500,גרם,false,1,7.90,1.58,true,1,
7290003643738,false,חיטה סוגת (500 גרם),האי נאם סי או אל.טי.,,,יח`,500,גרם,false,1,5.90,1.18,true,1,
7290003643745,false,כוסמת סוגת (500 גרם),האי נאם סי או אל.טי.,,,יח`,500,גרם,false,1,7.90,1.58,true,1,
7290003643752,false,עדשים ירוקים יבש סוגת 500 גר',האי נאם סי או אל.טי.,,,יח`,500,גרם,false,1,7.90,1.58,true,1,
7290003643769,false,עדשים אדומים יבש סוגת 500 גר',"סוגת תעשיות בע""\מ",,,יח`,500,גרם,false,1,7.90,1.58,true,1,
7290003643776,false,"פופקורן גרעינים סוגת 500 ג' כשל""פ",האי נאם סי או אל.טי.,,,יח`,500,גרם,false,1,6.90,1.38,true,1,
7290003643806,false,שעועית לבנה יבשה סוגת (500 גרם),האי נאם סי או אל.טי.,,,יח`,500,גרם,false,1,12.90,2.58,true,1,
7290003643813,false,שעועית אדומה יבשה סוגת 500 גר',האי נאם סי או אל.טי.,,,יח`,500,גרם,false,1,10.90,2.18,true,1,
7290003643820,false,חומוס ענק יבש סוגת 500 גרם,"סוגת תעשיות בע""\מ",,,יח`,500,גרם,false,1,12.90,2.58,true,1,
7290003681334,false,"קוקוס 400 גרם מיה בד""צ",מיה תעשיות מזון מ.ת.מ. בעמ,,,יח`,400,גרם,false,1,11.90,2.98,false,1,
7290003681365,false,קישוט לעוגה צבעוני בבצנצנת מיה 80 גרם,מיה תעשיות מזון מ.ת.מ. בעמ,,,יח`,200,גרם,false,1,6.90,3.45,false,1,
7290003681532,false,דובדבנים מסוכרים 80 גרם מיה,מיה תעשיות מזון מ.ת.מ. בעמ,,,יח`,80,גרם,false,1,8.90,11.13,false,1,
7290003681716,false,גריסי פנינה מיה (500 גרם),מיה תעשיות מזון מ.ת.מ. בעמ,,,יח`,500,גרם,false,1,6.90,1.38,false,1,
7290003726141,false,טופו אמיתי כפרי בריא 300 גרם,מחלבות גד שיווק 1992 בעמ,,,יח`,320,גרם,false,1,10,3.13,false,1,
7290003726615,false,"טופו ויילר 300 גרם ""שטראוס""",שטראוס גרופ בעמ/מצונן,,,יח`,300,גרם,false,1,11.90,3.97,true,1,
7290003726622,false,טופו פיקנטי 300 ג' משק ויילר,שטראוס גרופ בעמ/מצונן,,,יח`,300,גרם,false,1,12.90,4.30,true,1,
7290003726868,false,טופו חומוס בתוספת עגבניות מיובשות 300 ג' משק ויילר,שטראוס גרופ בעמ/מצונן,,,יח`,300,גרם,false,1,12.90,4.30,true,1,
7290003744428,false,אובלטים מלוחים דקדקים קימל ברט (300 גרם),שוקוטרייד בעמ,,,יח`,300,גרם,false,1,11.90,3.97,false,1,
7290003744831,false,אובלטים עם בצל 300 גר',שוקוטרייד בעמ,,,יח`,300,גרם,false,1,11.90,3.97,false,1,
7290003744848,false,אובלטים גריל ברביקיו,שוקוטרייד בעמ,,,יח`,300,גרם,false,1,11.90,3.97,false,1,
7290003744855,false,אובלטים עם שומשום 300 גר,שוקוטרייד בעמ,,,יח`,300,גרם,false,1,11.90,3.97,false,1,
7290003744862,false,אובלטים מלוחים דקיקים זעתר ברט (300 גרם),שוקוטרייד בעמ,,,יח`,300,גרם,false,1,11.90,3.97,false,1,
7290003781065,false,מלפפונים בחומץ קטנים מאוד וילי פוד 370 גרם,ג. וילי-פוד אינטרנשיונל בע`מ,,,יח`,690,גרם,false,1,9.90,1.43,false,1,
7290003804252,false,תיבוליות לאורז בנוסח הודי קנור 80גרם,יוניליוור ישראל שיווק בע`מ,,,יח`,80,גרם,false,1,9.90,12.38,false,1,
7290003804320,false,תיבולית שום ופטרוזיליה קנור 72 גרם,יוניליוור ישראל שיווק בע`מ,,,יח`,80,גרם,false,1,9.90,12.38,false,1,
7290003804368,false,תיבוליות בזיליקום קנור (8 יח`- 72 גרם),יוניליוור ישראל שיווק בע`מ,,,יח`,72,גרם,false,1,9.90,13.75,false,1,
7290003804382,false,תיבוליות פטריות קנור (8 יח`- 72 גרם),יוניליוור ישראל שיווק בע`מ,,,יח`,72,גרם,false,1,9.90,13.75,false,1,
7290003805587,false,"פתית חיטה מלאה בד""צ 250 גרם-קופסא",יוניליוור ישראל שיווק בע`מ,,,יח`,250,גרם,false,1,17.90,7.16,false,1,
7290003821754,false,סלמון נורבגי מעושן קפוא,"ויליגר, תעשיות בע""מ",,,יח`,100,גרם,false,1,17.90,17.90,false,1,
7290003864478,false,סרדינים בשמן צמחי פתח קל ויליפוד 110 גרם,ג.וילי-פוד אינטרנשיונל בעמ,,,יח`,110,גרם,false,1,5.90,5.36,true,1,
7290003864485,false,סרדינים ברוטב עגבנ יות ויליפוד 110ג' פתח קל,ג. וילי-פוד אינטרנשיונל בע`מ,,,יח`,110,גרם,false,1,5.90,5.36,true,1,
7290003864492,false,סרדינים בשמן צמחי חריף פתח קל ויליפוד 110ג',ג. וילי-פוד אינטרנשיונל בע`מ,,,יח`,110,גרם,false,1,5.90,5.36,true,1,
7290003882922,false,עלי גפן ממולאים באורז וילי פוד 360 גרם,ג. וילי-פוד אינטרנשיונל בע`מ,,,יח`,400,גרם,false,1,8.90,2.23,false,1,
7290003896141,false,חטיף ספרדי פיקנטי אלמנדוס 200 גרם,הדקלאים אגודת שיתופי,,,יח`,200,גרם,false,1,8.90,4.45,false,1,
7290003962013,false,סחוג אדום 200 גר`,מטעמי אביטלי,,,יח`,200,גרם,false,1,11.90,5.95,false,1,
7290003962037,false,שום כתוש 200 גר`.,מטעמי אביטלי,,,יח`,200,גרם,false,1,11.90,5.95,false,1,
7290003962075,false,שום כתוש 1 קג,מטעמי אביטלי,,,יח`,1,,false,1,29.90,29.90,false,1,
7290003962112,false,שום כתוש 400 גר`,מטעמי אביטלי,,,יח`,400,גרם,false,1,17.90,4.48,false,1,
7290003976560,false,"מטהר אוויר אוטומטי מיסטרי טאצ 250 מ""ל",סאסאטק אגשח בעמ,,,יח`,250,"מ""ל",false,1,12.90,5.16,false,1,
7290003976577,false,"מטהר אוויר אוטומטי פרדיסו טאצ 250 מ""ל",סאסאטק אגשח בעמ,,,יח`,250,"מ""ל",false,1,12.90,5.16,false,1,
7290003976584,false,מטהר אויר אוטומט( 250 מל)אקווה טאצ,סאסאטק אגשח בעמ,,,יח`,250,"מ""ל",false,1,12.90,5.16,false,1,
7290003976591,false,מטהר אויר אוטומט( 250 מל)לוטוס טאצ,סאסאטק אגשח בעמ,,,יח`,250,"מ""ל",false,1,12.90,5.16,false,1,
7290003976607,false,אקונומיקה סמיכה לבנדר 4 ליטר עם פקק ביטח,סאסאטק אגשח בעמ,,,יח`,4000,"מ""ל",false,1,11.90,0.30,false,1,
7290003976614,false,אקונומיקה סמיכה פרחים 4 ליטר עם פקק ביטח,סאסאטק אגשח בעמ,,,יח`,4000,"מ""ל",false,1,11.90,0.30,false,1,
7290003989096,false,סלט חצילים פיקנטי אחלה 500 גרם,שטראוס גרופ בעמ/מצונן,,,יח`,575,גרם,false,1,15.90,2.77,true,1,
7290003989539,false,רביולי עם גבינה שטראוס (400 גרם),שטראוס גרופ בעמ/מצונן,,,יח`,400,גרם,false,1,20.90,5.23,true,1,
7290003989553,false,פסטה טורטליני גבינה ופטריות 400 גרם,שטראוס גרופ בעמ/מצונן,,,יח`,400,גרם,false,1,20.90,5.23,true,1,
7290003996018,false,חסה ערבית (שקית ) חסלט,"בכורי השדה צפון1994 ג.ד. בע""מ",,,יח`,1,,false,1,7.90,7.90,false,1,
7290004011284,false,בסיס להכנת קצפת צמחי ריץ` (212 מל),ריצ' פרודקטס קורפריי,,,יח`,212,"מ""ל",false,1,8.90,4.20,true,1,
7290004011291,false,בסיס להכנת קצפת צמחי ריץ` (425 מל),נטו מלינדה סחר בע`מ,,,יח`,425,"מ""ל",false,1,16.90,3.98,true,1,
7290004011338,false,קצפת מתוקה מוכנה ספריי ריץ` (250 מל),נטו מלינדה סחר בע`מ,,,יח`,250,"מ""ל",false,1,15.90,6.36,true,1,
7290004011796,false,קבבונים בקר קפוא אל גאוצ''ו 400ג',"טיבון ויל אחזקות בע""",,,יח`,400,גרם,false,1,22.90,5.73,true,1,
7290004011819,false,המבורגר ריב אנטריקוט אל גאוצ`ו 360 גר`ק,נטו מלינדה סחר בע`מ,,,יח`,360,גרם,false,1,22.90,6.36,true,1,
7290004011826,false,מיני המבורגר ריב אנטריקוט אל גאוצ`ו 360,טיבון ויל אחזקות בעמ,,,יח`,320,גרם,false,1,22.90,7.16,true,1,
7290004030018,false,"פריניב מיץ לימון סחוט פרי לתיבול 500 מ""ל",הנסיך- מפעל לייצור ט,,,יח`,500,"מ""ל",false,1,11.20,2.18,false,1,
7290004030216,false,משקה בטעם חמוציות 1 ליטר פריניב,הנסיך- מפעל לייצור ט,,,יח`,1,1 ליטר,false,1,14.90,14.90,true,1,
7290004030223,false,מיץ תפוחים סחוט רכיבים טבעיים 100% פרי ניב 1 ליטר,הנסיך- מפעל לייצור ט,,,יח`,1,1 ליטר,false,1,19.90,19.90,false,1,
7290004030445,false,מיץ תפוזים סחוט רכיבים טבעיים 1 ליטר פרי ניב,הנסיך- מפעל לייצור ט,,,יח`,1,1 ליטר,false,1,13.90,13.90,false,1,
7290004030544,false,משקה בטעם לימונדה לואיזה ולימון 1 ליטר פריניב,תנובה - פריניב,,,יח`,1,1 ליטר,false,1,14.90,14.90,false,1,
7290004030834,false,מיץ רימונים סחוט 100% רכיבים טבעיים פרי ניב 1 ליטר,תנובה - פריניב,,,יח`,1,1 ליטר,false,1,24.90,24.90,false,1,
7290004048679,false,קובה למרק שלושת האופים(כ 18 יח`- 1 קג),נטו מלינדה סחר בעמ,,,יח`,1000,גרם,false,1,19.90,1.99,false,1,
7290004061449,false,שניצל אמריקאי 700 גר`טופ שוף,קפוא-זן תעשיות מזון בעמ - תפוג,,,יח`,700,גרם,false,1,12.90,1.84,false,1,
7290004061487,false,טבעות עוף700 גר`טופ שף,קפוא-זן תעשיות מזון בעמ - תפוג,,,יח`,700,גרם,false,1,14.90,2.13,false,1,
7290004061494,false,נגיסי עוף 700 גר`טופ שף,קפוא-זן תעשיות מזון בעמ - תפוג,,,יח`,700,גרם,false,1,14.90,2.13,false,1,
7290004063016,false,מלח שולחן מעולה סלית (1 קג)פיקוח,האי נאם סי או אל.טי.,,,יח`,1,"ק""ג",false,1,1.90,1.90,false,1,
7290004063115,false,"מלח מטבח עבה להמלחת בשר ובישול 1 ק""ג 1ק""ג",האי נאם סי או אל.טי.,,,יח`,1,"ק""ג",false,1,1.90,1.90,false,1,
7290004064099,false,מטחנה מלח ים מהרי ההימלאיה מלח הארץ 100 גרם,"חברת מלח הארץ אילת בע""\מ",,,יח`,250,גרם,false,1,16.90,6.76,true,1,
7290004064181,false,"תבלין מלח ההימלאיה גס בצנצנת 1 ק""ג","חברת מלח הארץ אילת בע""\מ",,,יח`,1,"ק""ג",false,1,15.90,15.90,false,1,
7290004064280,false,מלח מופחת נתרן בצנצנת מלח הארץ 600 גרם,חברת מלח הארץ אילת ב,,,יח`,600,גרם,false,1,15.90,2.65,false,1,
7290004064297,false,"מלח מועשר ביוד בצנצנת מלח הארץ 1 ק""ג","חברת מלח הארץ אילת בע""\מ",,,יח`,1000,גרם,false,1,8.90,0.89,false,1,
7290004064303,false,מלח אטלנטי בצנצנת מלח הארץ 800 גרם,"חברת מלח הארץ אילת בע""\מ",,,יח`,800,גרם,false,1,18.90,2.36,false,1,
7290004064334,false,מלח פלוס שום מלחייה 175 ג' מלח הארץ,"חברת מלח הארץ אילת בע""\מ",,,יח`,175,גרם,false,1,11.90,6.80,true,1,
7290004064389,false,מלח הימלאיה דק 250ג מלחיה סוגת*,"חברת מלח הארץ אילת בע""\מ",,,יח`,250,גרם,false,1,11.90,4.76,true,1,
7290004064501,false,מארז זוג מלחיות מלח שום פלוס+הים האדום 5,סוגת תעשיות בעמ,,,יח`,500,גרם,false,1,9.90,1.98,false,1,
7290004068028,false,"יוגורט צזיקי לשתיה 3.5% 500 מ""ל רובין",מחלבות גד שיווק 1992 בעמ,,,יח`,500,"מ""ל",false,1,10,2,false,1,
7290004068035,false,"איירן יוגורט לשתייה 3% גד 500 מ""ל",מחלבות גד שיווק 1992 בעמ,,,יח`,500,"מ""ל",false,1,7.90,1.58,false,1,
7290004068172,false,"יוגורט עיזים בדלי 5% 600 מ""ל רובין",מחלבות גד שיווק 1992 בעמ,,,יח`,600,גרם,false,1,17.90,2.98,false,1,
7290004078263,false,מקלות אוזניים פלסטיק 2* 200 יחידות,ש. שסטוביץ בע`מ,,,יח`,1,,false,1,9.90,9.90,false,1,
7290004078270,false,נוזל לניקוי כלים בריח לימון פלמוליב 1 ליטר,יבואן ומשווק: ש. שסט,,,יח`,1,1 ליטר,false,1,13.90,13.90,false,1,
7290004078942,false,ליידי ספיד סטיק - דאודורנט ג'ל לאישה 65 גרם,קולגייט-פלמוליב,,,יח`,65,גרם,false,1,17.90,27.54,false,1,
7290004119133,false,כד יוגורט תנובה 6.5% שומן 1.5 ליטר,מיוצר עי קונדיטוריית,,,יח`,1.50,1 ליטר,false,1,17.50,11.67,false,1,
7290004119225,false,יופלה יוגורט בטעם אננס %3 150 גרם,תנובה מרכז שיתופי לש,,,יח`,150,"מ""ל",false,1,4.90,3.27,false,1,
7290004119928,false,מעדן חלב בטעם וניל 2% קרלו תנובה 125 גרם,מחלבת אלון תבור,,,יח`,125,"מ""ל",false,1,2.90,2.32,false,1,
7290004119973,false,קרלו מעדן שוקו רביעיה גביע 1.5% 125 גרם,תנובה מרכז שיתופי לש,,,יח`,125,"מ""ל",false,1,2.90,2.32,false,1,
7290004120061,false,מעדן חלב בטעם שוקו וניל שוניל 2% קרלו 125 גרם,תנובה מרכז שיתופי לש,,,יח`,125,"מ""ל",false,1,3,2.40,false,1,
7290004120108,false,יופלה דיאט יוגורט דובדבן %0 גביע 150גרם,תנובה מרכז שיתופי לש,,,יח`,150,"מ""ל",false,1,4.90,3.27,false,1,
7290004120566,false,גבינה בולגרית (25024% גרם)פיראוס תנובה,"תנובה בע""מ ***",,,יח`,250,גרם,false,1,22.90,9.16,false,1,
7290004120573,false,גבינה בולגרית (25016% גרם)פיראוס תנובה,תנובה מרכז שיתופי לש,,,יח`,250,גרם,false,1,22.90,9.16,false,1,
7290004120634,false,גבינה בולגרית (2505% גרם)פיראוס תנובה,תנובה מרכז שיתופי לש,,,יח`,250,גרם,false,1,21.90,8.76,false,1,
7290004121488,false,יוגורט ביו דיאט 0% אפרסק יופלה (150 גרם),תנובה מרכז שיתופי לש,,,יח`,150,"מ""ל",false,1,4.90,3.27,false,1,
7290004121754,false,יוגורט ביו עוגת גבינה ותות 3% יופלה 150 גרם,תנובה בעמ ***,,,יח`,150,"מ""ל",false,1,4.90,3.27,false,1,
7290004121839,false,גבינת פטה כבשים (25020% גרם)פיראוס בול,תנובה מרכז שיתופי לש,,,יח`,250,גרם,false,1,26.50,10.60,false,1,
7290004121853,false,גבינה בולגרית קוביות (2005% גרם)פיראוס,תנובה מרכז שיתופי לש,,,יח`,200,גרם,false,1,21.90,10.95,false,1,
7290004122119,false,פתיתי פרמזן לפסטה 23% השף הלבן 100 גרם,"תנובה בע""מ ***",,,יח`,100,גרם,false,1,12.20,12.20,false,1,
7290004122195,false,גוש חלב גבינה צהובה פרוסה 28% תנובה 200 גרם,"תנובה בע""מ ***",,,יח`,200,גרם,false,1,13.80,6.90,false,1,
7290004122270,false,עמק קלאסית פרוסות גבינה חצי קשה 28% 200 גרם,תנובה מרכז שיתופי לש,,,יח`,200,גרם,false,1,16.10,8.05,false,1,
7290004122676,false,גבינה חמד לייט (2505% גרם)פיראוס תנובה,"תנובה,מחלבת טנא נוגה",,,יח`,250,גרם,false,1,17.90,7.16,false,1,
7290004122683,false,עמק חטיף אצבעות גבינה חצי קשה 28% שומן,תנובה מרכז שיתופי לש,,,יח`,172,גרם,false,1,16.20,9.42,false,1,
7290004124205,false,יופלה דיאט יוגורט תות %0 גביע 150 גרם,תנובה מרכז שיתופי לש,,,יח`,150,"מ""ל",false,1,4.90,3.27,false,1,
7290004124847,false,"קצפת צמחית השף הלבן 500 מ""ל תנובה",תנובה מרכז שיתופי לש,,,יח`,500,"מ""ל",false,1,14.90,2.98,false,1,
7290004125370,false,"שמנת חמוצה 9% מופחתת שומן תנובה 200 מ""ל מהדרין",תנובה מרכז שיתופי לש,,,יח`,200,"מ""ל",false,1,3.70,1.85,false,1,
7290004125400,false,"אשל שלי מהדרין 200 מ""ל 4.5% ""תנובה""- מוצר בפיקוח",פארייפאבה אגרואינדוס,,,יח`,200,"מ""ל",false,1,1.69,0.85,false,1,
7290004125417,false,"גיל 3% שלי 200 מ""ל ""תנובה"" -מוצר בפיקוח",תנובה מרכז שיתופי לש,,,יח`,200,"מ""ל",false,1,1.51,0.76,false,1,
7290004125455,false,"שמנת חמוצה 200 מ""ל 15% ""תנובה"" -מוצר בפיקוח",תנובה מרכז שיתופי לש,,,יח`,200,"מ""ל",false,1,2.40,1.20,false,1,
7290004125462,false,"שמנת חמוצה 15% תנובה 500 מ""ל מהדרין",תנובה מרכז שיתופי לש,,,יח`,500,"מ""ל",false,1,6,1.20,false,1,
7290004125509,false,"שמנת חמוצה 15% מועשרת תנובה 100 מ""ל",תנובה מרכז שיתופי לש,,,יח`,100,"מ""ל",false,1,1.60,1.60,false,1,
7290004125578,false,משקה סויה מעושר בסידן תנובה 1ל',תנובה מרכז שיתופי לש,,,יח`,1,1 ליטר,false,1,9.90,9.90,false,1,
7290004125585,false,משקה סויה בטעם וניל תנובה 1 ליטר,תנובה מרכז שיתופי לש,,,יח`,1,1 ליטר,false,1,9.90,9.90,false,1,
7290004125721,false,"השף הלבן שמנת עמידה לבישול 15% תנובה 250 מ""ל",תנובה מרכז שיתופי לש,,,יח`,250,"מ""ל",false,1,8.20,3.28,false,1,
7290004125738,false,שמנת מתוקה להקצפה32% 250מל עמיד השף הלבן,תנובה מרכז שיתופי לש,,,יח`,250,"מ""ל",false,1,6.40,2.56,false,1,
7290004125776,false,גבינה צהובה קלאסית 28% עמק (400 גרם),"תנובה בע""מ ***",,,יח`,400,גרם,false,1,27.80,6.95,false,1,
7290004126674,false,טל העמק פרוסות גבינה חצי קשה לייט %9 200 גרם בקופסא,תנובה מרכז שיתופי לש,,,יח`,200,גרם,false,1,18.90,9.45,false,1,
7290004126759,false,דאיט יופלה פירות יער טו יוג פרי 150גר.,"תנובה בע""מ ***",,,יח`,150,"מ""ל",false,1,4.90,3.27,false,1,
7290004127077,false,קוטג תנובה 3% גביע 250 גרם מהדרין,מיוצר עי קונדיטוריית,,,יח`,250,גרם,false,1,5.50,2.20,false,1,
7290004127329,false,קוטג תנובה גביע 250 גרם %5 ו.מהדרין,מיוצר עי קונדיטוריית,,,יח`,250,גרם,false,1,5.50,2.20,false,1,
7290004127336,false,קוטג תנובה גביע 250 גרם %9 ו.מהדרין,מיוצר עי קונדיטוריית,,,יח`,250,גרם,false,1,5.50,2.20,false,1,
7290004127800,false,"גבינה לבנה 500 גרם 5% ""תנובה"" -מוצר בפיקוח",מיוצר עי קונדיטוריית,,,יח`,500,גרם,false,1,9.96,1.99,false,1,
7290004127817,false,גבינה לבנה 9% שומן 500 ג' תנובה,מיוצר עי קונדיטוריית,,,יח`,500,גרם,false,1,9.50,1.90,false,1,
7290004127862,false,"גבינה לבנה 750 גרם 5% ""תנובה"" - מוצר בפיקוח",תנובה מרכז שיתופי לש,,,יח`,750,גרם,false,1,14.94,1.99,false,1,
7290004128340,false,קרם גבינת שמנת %5 בטעם טבעי 200 ג' תנובה,"תנובה בע""מ ***",,,יח`,200,גרם,false,1,11.50,5.75,false,1,
7290004129101,false,גבינת שמנת 25% בטעם טבעי 225 ג' נפוליאון,תנובה מרכז שיתופי לש,,,יח`,225,גרם,false,1,13.90,6.18,false,1,
7290004129156,false,גבינת שמנת25% עם שום שמיר 225 ג' נפוליאון,תנובה מרכז שיתופי לש,,,יח`,225,גרם,false,1,13.90,6.18,false,1,
7290004129767,false,"3% 'יופלה לבן מארז שמינייה 1.2 ק""ג",תנובה מרכז שיתופי לש,,,יח`,1200,"מ""ל",false,1,17.50,1.46,false,1,
7290004130794,false,משקה סויה במתיקות מופחתת תנובה (1 ליטר),תנובה מרכז שיתופי לש,,,יח`,1,1 ליטר,false,1,9.90,9.90,false,1,
7290004130916,false,יוגורט יופלה פירות יער בשמנת 3% 150 גרם,תנובה מרכז שיתופי לש,,,יח`,150,"מ""ל",false,1,4.90,3.27,false,1,
7290004131074,false,"חלב 1 ליטר 3% קרטון ""תנובה""- מוצר בפיקוח",תנובה מרכז שיתופי לש,,,יח`,1,1 ליטר,false,1,6.23,6.23,false,1,
7290004131456,false,יוגורט ביו 1.5% שומן 200 ג' יופלה,מיוצר עי קונדיטוריית,,,יח`,200,"מ""ל",false,1,3.90,1.95,false,1,
7290004131814,false,גבינת צפתית מעודנת (2005% גרם)פיראוס ת,פארייפאבה אגרואינדוס,,,יח`,200,גרם,false,1,14.90,7.45,false,1,
7290004131845,false,לאבנה גביע 9% 750 גר`פיראוס תנובה,תנובה מרכז שיתופי לש,,,יח`,750,גרם,false,1,26.90,3.59,false,1,
7290004132552,false,משקה סויה בטעם טבעי לייט תנובה 1 ליטר,תנובה מרכז שיתופי לש,,,יח`,1,1 ליטר,false,1,9.90,9.90,false,1,
7290004132606,false,"קרלו מעדן חלב בטעם וניל 2% תנובה 8*100 מ""ל",תנובה מרכז שיתופי לש,,,יח`,800,"מ""ל",false,1,13.90,1.74,false,1,
7290004132712,false,חטיף אצבעות גבינת מוצרלה 20% 172 ג' עמק,תנובה מרכז שיתופי לש,,,יח`,174,גרם,false,1,16.50,9.48,false,1,
7290004133511,false,יופלה מאגדת לבן 1.5% מעודן 8 יח' * 150 ג',מיוצר עי קונדיטוריית,,,יח`,1.20,1 ליטר,false,1,20.90,17.42,false,1,
7290004134945,false,יוגורט ביו 3% בטעם מוקה יופלה (150 גרם),תנובה מרכז שיתופי לש,,,יח`,150,"מ""ל",false,1,4.90,3.27,false,1,
7290004135058,false,שמיניית קרלו מיני שוקולד 100 גרם מהדרין,תנובה מרכז שיתופי לש,,,יח`,800,"מ""ל",false,1,13.90,1.74,false,1,
7290004135225,false,מעדן חלב דל קלוריות בטעם שוקולד 0.2שומ,תנובה מרכז שיתופי לש,,,יח`,150,"מ""ל",false,1,4,2.67,false,1,
7290004135614,false,גבינה בולגרית מעודנת 5% פיראוס 250 גרם,"תנובה בע""מ ***",,,יח`,250,גרם,false,1,21.90,8.76,false,1,
7290004136598,false,מארז הפסקת אוכל עם קורנפלקס ומשקה חלב עמיד בטעם וניל,פארייפאבה אגרואינדוס,,,יח`,150,"מ""ל",false,1,9.90,6.60,false,1,
7290004136857,false,מעדן ג`לי בטעם פטל תנובה (125 גרם),תנובה מרכז שיתופי לש,,,יח`,125,"מ""ל",false,1,2.30,1.84,false,1,
7290004136864,false,מעדן ג'לי בטעם אננס עם חתיכות תנובה 125 גרם,תנובה בעמ ***,,,יח`,125,"מ""ל",false,1,2.60,2.08,false,1,
7290004136871,false,מעדן ג'לי בטעם אפרסק עם חתיכות תנובה 125 גרם,תנובה מרכז שיתופי לש,,,יח`,125,"מ""ל",false,1,2.60,2.08,false,1,
7290004137021,false,"שמנת עמידה לבישול מופחת שומן 10% השף הלבן 250 מ""ל",תנובה מרכז שיתופי לש,,,יח`,250,"מ""ל",false,1,8.20,3.28,false,1,
7290004137311,false,גבינה צהובה מופחתת שומן 9% עמק (400 גרם),"תנובה בע""מ ***",,,יח`,400,גרם,false,1,30.80,7.70,false,1,
7290004137809,false,לאבנה אסלית 5% גביע (250 גרם)פיראוס תנו,"תנובה, מחלבת אלון תב",,,יח`,250,גרם,false,1,12.50,5,false,1,
7290004147020,false,גיישנית מקורית/יפאני,קונסיגנציה- ש. י גיספאן 1993,,,יח`,1,,false,1,28.90,28.90,false,1,
7290004147150,false,ליפות/רצועות/וספוגים- מערוב,קונסיגנציה- ש. י גיספאן 1993,,,יח`,1,,false,1,14.90,14.90,false,1,
7290004147310,false,מראות טיול מספר 4,קונסיגנציה- ש. י גיספאן 1993,,,יח`,4,1 ליטר,false,1,10.90,2.73,false,1,
7290004150136,false,חציל על האש פיקנטי פרימיום 300 גרם שמיר,"סלטי שמיר 2006 בע""\מ",,,יח`,300,גרם,false,1,14.90,4.97,false,1,
7290004150143,false,חציל במיונז פיקנטי פרימיום 300 גרם שמיר,"סלטי שמיר 2006 בע""\מ",,,יח`,300,גרם,false,1,14.90,4.97,false,1,
7290004150150,false,חציל בטחינה פיקנטי פרימיום 300 גרם שמיר,"סלטי שמיר 2006 בע""\מ",,,יח`,300,גרם,false,1,14.90,4.97,false,1,
7290004199203,false,קיסמי שיניים במבוק מלחיה לב הוסטס (300),הדקלאים אגודת שיתופי,,,יח`,1,,false,1,3.50,3.50,true,1,
7290004199579,false,פלסטר מעורב 100 יח' - SUNNY PLASTER,הדקלאים אגודת שיתופי,,,יח`,100,יח`,false,1,9.90,0.10,true,1,
7290004199777,false,צימרוני אוזניים פלסטיק בכוס 300 יחידות אינטרסאן,אינטרסן (1996) בעמ,,,יח`,1,,false,1,7.90,7.90,true,1,
7290004219819,false,קומפלטה מלבין קפה הולנדי 200ג,ג. וילי-פוד אינטרנשיונל בע`מ,,,יח`,200,גרם,false,1,9.90,4.95,false,1,
7290004219826,false,מלבין קפה הולנדי קומפלטה 400ג',ג. וילי-פוד אינטרנשיונל בע`מ,,,יח`,400,גרם,false,1,19.90,4.98,false,1,
7290004228804,false,עלי בצק לסיגרים ואגרול שלושת האופים (450,נטו מלינדה סחר בע`מ,,,יח`,450,גרם,false,1,13.90,3.09,true,1,
7290004230944,false,מקלות פילו גבינה 600 גר' שלושת האופים לנדא,שלושת האופים שגמור,,,יח`,600,גרם,false,1,19.90,3.32,true,1,
7290004255428,false,נר נשמה בפחית 24 שעות מנורה,"מנורה שי נר בע""מ",,,יח`,1,,false,1,1.90,1.90,false,1,
7290004255619,false,נר חימום מנורה שי נר) (100,"מנורה שי נר בע""מ",,,יח`,1,,false,1,21.90,21.90,false,1,
7290004255879,false,נר הבדלה דקורטיבי פירמידה,אבאל יזמות בעמ,,,יח`,1,,false,1,16.90,16.90,false,1,
7290004256371,false,ריץ פרוס 400 ג' -צהובה פרוסה,נטו מילנדה סחר בעמ*,,,יח`,400,גרם,false,1,19.90,4.98,false,1,
7290004263515,false,מעורב ירושלמי קפוא עטרה 800 גר',נטו מלינדה סחר - עטרה,,,יח`,800,גרם,false,1,19.80,2.48,false,1,
7290004263652,false,נקניקיות עוף עטרה (400 גרם),נטו מלינדה סחר - עטרה,,,יח`,400,גרם,false,1,11.90,2.98,false,1,
7290004263676,false,בשר הודו קפוא טחון חלק עטרה (500 גרם),נטו מלינדה סחר - עטרה,,,יח`,500,גרם,false,1,12.40,2.48,false,1,
7290004324858,false,קבב כבש טיבון ויל 500 גרם,"טיבון ויל אחזקות בע""",,,יח`,500,גרם,false,1,20.90,4.18,true,1,
7290004492274,false,בייגלה טבעות מלוחות בייגל בייגל 400 גרם,יוניליוור ישראל שיווק בע`מ,,,יח`,400,גרם,false,1,10.90,2.73,false,1,
7290004494131,false,יין דלתון קברנה סוביניון גליל,הכרם - משקאות חריפים בעמ,,,יח`,750,"מ""ל",false,1,64.90,8.61,true,1,
7290004494377,false,יין אדום יבש שיראז יקב דלתון (750 מל),הכרם - משקאות חריפים בעמ,,,יח`,750,"מ""ל",false,1,64.90,8.61,true,1,
7290004494919,false,יין כנען קברנה שיראז 750 מל דלתון,הכרם - משקאות חריפים בעמ,,,יח`,750,"מ""ל",false,1,48.90,6.48,true,1,
7290004544539,false,לחמניות סנדביץ ללא גלוטן 6 יח`,מאפית אריאל שיווק והפצה,,,יח`,1,,false,1,17.90,17.90,false,1,
7290004544546,false,שליש בגט ללא גלוטן 4 יח,מאפית אריאל שיווק והפצה,,,יח`,1,,false,1,17.90,17.90,false,1,
7290004544553,false,לחמניה המבורגר ללא גלוטן 4 יח`,מאפית אריאל שיווק והפצה,,,יח`,1,,false,1,17.90,17.90,false,1,
7290004544560,false,לחמניה מיני ללא גלוטן 10 יח`,מאפית אריאל שיווק והפצה,,,יח`,1,,false,1,17.90,17.90,false,1,
7290004554781,false,קרחון אסקימו שטראוס לימון,גלידות שטראוס בעמ,,,יח`,0,גרם,false,1,1.90,1.90,false,1,
7290004554798,false,"שלגון מטרה פטל,לימון וענבים","מיוצר ע"" גלידת שטראו",,,יח`,1,,false,1,4.90,4.90,false,1,
7290004554903,false,"גלידת פנטזיה שוקו וניל 900 מ""ל שטראוס","גלידת שטראוס בע""\מ, רחוב",,,יח`,900,"מ""ל",false,1,23.90,2.66,false,1,
7290004584351,false,גבינה לבנה סימפוניה עם תוספות 200 ג' חמישית 200,שטראוס גרופ בעמ/מצונן,,,יח`,200,גרם,false,1,11.40,5.70,true,1,
7290004584528,false,יוגורט דנונה ביו לבן 1.7% שומן 200 גרם,שטראוס גרופ בעמ/מצונן,,,יח`,200,"מ""ל",false,1,3.50,1.75,false,1,
7290004585907,false,דני ועדן וניל 1.5% 125ג' שטראוס,שטראוס גרופ בעמ/מצונן,,,יח`,130,"מ""ל",false,1,2.60,2,false,1,
7290004639006,false,קוסקוס תונסאי קפוא מטעמי פאר (800 גרם),מטעמי פאר (א.מ.נ) בעמ,,,יח`,800,גרם,false,1,14.90,1.86,false,1,
7290004658946,false,פרייבט קולקשן שרדונה יקבי כרמל (750 מל),"כד בני דרום בע""מ",,,יח`,750,"מ""ל",false,1,39.90,5.28,true,1,
7290004658953,false,יין סוביניון בלאן פרייבט קולקשן יקבי כרמל,"כד בני דרום בע""מ",,,יח`,750,"מ""ל",false,1,39.90,5.28,true,1,
7290004685157,false,לחם שיפון 100% פרוס לחם הארץ (750 גרם),מאפית י את א ברמן בע,,,יח`,750,גרם,false,1,16.20,2.16,false,1,
7290004685430,false,100% לחם כומסין 500 גר לחם הארץ,מאפית י את א ברמן בע,,,יח`,500,גרם,false,1,16.20,3.24,false,1,
7290004685447,false,לחמניות כוסמין 6 יח בשקית מלא 450 גר`E,מאפית ברמן מקבוצת י. את,,,יח`,450,גרם,false,1,15.90,3.53,false,1,
7290004685454,false,לחם שיבולת שועל 500 גר`ברמן,מאפית י את א ברמן בע,,,יח`,500,גרם,false,1,16.90,3.38,false,1,
7290004731076,false,אל סבון נוזלי עם אלוורה כיף 1 ליטר,החברה הדרומית לשיווק בעמ,,,יח`,1,1 ליטר,false,1,13.90,13.90,true,1,
7290004731083,false,אל סבון נוזלי ג`ינסנג כיף (1 ליטר),החברה הדרומית לשיווק בעמ,,,יח`,1,1 ליטר,false,1,13.90,13.90,true,1,
7290004731472,false,"שלישיית אלסבון צבעוני כיף 500 מ""ל",החברה הדרומית לשיווק בעמ,,,יח`,1.50,1 ליטר,false,1,20.90,13.93,true,1,
7290004731519,false,"מקסימה מרכך ומבשם כביסה למייבש סנסיטיב סנו 750 מ""ל",החברה הדרומית לשיווק בעמ,,,יח`,750,"מ""ל",false,1,17.90,2.39,true,1,
7290004731557,false,"מקסימה תרסיס מרכך ומבשם כביסה במייבש מאסק סנו 750 מ""ל",החברה הדרומית לשיווק בעמ,,,יח`,750,"מ""ל",false,1,17.90,2.39,true,1,
7290004731564,false,"מקסימה מבשם ומרכך למייבש הכביסה בלו בלוסום 750 מ""ל",החברה הדרומית לשיווק בעמ,,,יח`,750,"מ""ל",false,1,17.90,2.39,true,1,
7290004737719,false,אספרגוס שלם מקולף בצנצנת ויליפוד 330 גרם,ג.וילי-פוד אינטרנשיונל בעמ,,,יח`,330,גרם,false,1,9.90,3,false,1,
7290004737900,false,חלב כחוש מרוכז וממותק בתוספת שמן צמחי ויליפוד 397 גרם,ג. וילי-פוד אינטרנשיונל בע`מ,,,יח`,397,גרם,false,1,9.90,2.49,false,1,
7290004934859,false,נקנקיות עוף קפוא 400 גר`חתם סופר,עוף ירושלים שיווק בעמ,,,יח`,400,גרם,false,1,7.90,1.98,false,1,
7290004944032,false,חומוס אמיתי אסלי שמיר 400 גרם,"סלטי שמיר 2006 בע""מ",,,יח`,400,גרם,false,1,9.90,2.48,false,1,
7290004944049,false,טחינה אסלי שמיר 400 גרם,"סלטי שמיר 2006 בע""מ",,,יח`,400,גרם,false,1,9.90,2.48,false,1,
7290004944056,false,סדרת האסלי חציל במיונז שמיר 400 גרם,"סלטי שמיר 2006 בע""מ",,,יח`,400,גרם,false,1,9.90,2.48,false,1,
7290005008184,false,"סבון נוזלי בניחוח חלב שקדים פלמוליב 500 מ""ל",הנסיך- מפעל לייצור ט,,,יח`,500,"מ""ל",false,1,15.90,3.18,false,1,
7290005008481,false,ספיד סטיק - דאודורנט ג'ל לגבר ספורט 85 גרם,הנסיך- מפעל לייצור ט,,,יח`,85,גרם,false,1,17.90,21.06,false,1,
7290005041402,false,שיפודי פרגיות קפוא מעדני הטלה 600 גר`,מעדני הטלה והעגל,,,יח`,600,גרם,false,1,54.80,9.13,false,1,
7290005068492,false,לקט ירקות מעורבים 700 גרם פרי-גליל,ויטה- פרי גליל (החדשה) בעמ,,,יח`,800,גרם,false,1,9.90,1.24,false,1,
7290005079290,false,גבנצ 15% נעם חריץ מעדנייה,החב` המרכזית - טרה,,,"ק""ג",1000,גרם,true,1,68,6.80,false,1,
7290005084355,false,סנסודין משחת שיניים דואל קר פלואוריד 75,גלקסו סמית קליין,,,יח`,75,גרם,false,1,21.90,29.20,true,1,
7290005095658,false,תפיחוני תירס מתוקים 150 גר שלוה,מפעלי דגן ניסן את גפ,,,יח`,150,גרם,false,1,8.90,5.93,false,1,
7290005095702,false,חיטה תפוחה בדבש 200 גר שלוה,מפעלי דגן ניסן את גפ,,,יח`,210,גרם,false,1,8.90,4.24,false,1,
7290005095801,false,רוטב עמבה עם פרי 500,ציון תורג`מן בעמ,,,יח`,500,גרם,false,1,16.90,3.38,false,1,
7290005111761,false,"מזון לכלבים בונזו מזון כלבים בשר 3 ק""ג",דיפלומט מפיצים (1968) בעמ**,,,יח`,3,גרם,false,1,49.90,1663.33,false,1,
7290005174513,false,חציל על האש במיונז אחלה 400 גרם+225גר,שטראוס גרופ בעמ/מצונן,,,יח`,500,גרם,false,1,15.50,3.10,true,1,
7290005174551,false,סלט חומוס עם צנוברים 125 ג' אחלה,שטראוס גרופ בעמ/מצונן,,,יח`,125,גרם,false,1,4.90,3.92,false,1,
7290005174568,false,אחלה יום יום חצילים במיונז 125 גרם,שטראוס גרופ בעמ/מצונן,,,יח`,125,גרם,false,1,4.90,3.92,false,1,
7290005174575,false,טחינה אחלה יום יום משובחת 125ג',שטראוס גרופ בעמ/מצונן,,,יח`,125,גרם,false,1,4.90,3.92,false,1,
7290005175428,false,"קמח תירס לל""ג ריבארה 500 ג'",ג. וילי-פוד אינטרנשיונל בע`מ,,,יח`,500,גרם,false,1,5.90,1.18,false,1,
7290005197758,false,"עוגיות חיוכים שוקולד עלית 150 גרם בד""צ",אפיפית נצרת תעשיות ב,,,יח`,150,גרם,false,1,4.90,3.27,false,1,
7290005199578,false,קפה נמס מיובש בהקפאה נטול קפאין 200ג,שטראוס קפה בי.וי.,,,יח`,200,גרם,false,1,24.90,12.45,false,1,
7290005200786,false,תפוצ'יפס בטעם שמנת בצל עלית 50 גרם,"שטראוס פריטו ליי בע""\מ )",,,יח`,50,גרם,false,1,3.90,7.80,false,1,
7290005201455,false,קפה נמס מגורען ארומה קלאסי עלית 200 גרם,שטראוס גרופ בע`מ,,,יח`,200,גרם,false,1,24.90,12.45,false,1,
7290005201882,false,קפה טורקי בצלופן עלית 200 גרם,הנסיך- מפעל לייצור ט,,,יח`,200,גרם,false,1,15.90,7.95,true,1,
7290005230035,false,צלחת ענק לבן בייסיק 50 יח`,פאלאס תעשיות נטו (2014) בעמ,,,יח`,1,,false,1,19.90,19.90,false,1,
7290005230042,false,צלחת קטנה לבן 50 יח פאלאס,פאלאס תעשיות נטו (2014) בעמ,,,יח`,1,,false,1,12.90,12.90,true,1,
7290005230059,false,צלחת מרק לבנה 25 יח פאלאס .,פאלאס תעשיות נטו (2014) בעמ,,,יח`,2500,גרם,false,1,9.90,0.40,false,1,
7290005230066,false,ליפתניות לבן 25 יח פאלאס,פאלאס תעשיות נטו (2014) בעמ,,,יח`,1,,false,1,5.90,5.90,true,1,
7290005230455,false,צלחת מרכזית חד פעמי 30 יח`פאלאס,פאלאס תעשיות נטו (2014) בעמ,,,יח`,1,,false,1,16.90,16.90,false,1,
7290005230769,false,צלחת גדולה לבן 50 יח פאלאס,פאלאס תעשיות נטו (2014) בעמ,,,יח`,1,,false,1,16.90,16.90,true,1,
7290005230813,false,קערית אובלית לבן 25 יח פאלאס,פאלאס תעשיות נטו (2014) בעמ,,,יח`,1,,false,1,9.20,9.20,true,1,
7290005287206,false,רביעיית טונה בשמן סטארקיסט 160 גרם,דיפלומט מפיצים (1968) בעמ**,,,יח`,640,גרם,false,1,24.90,3.89,false,1,
7290005287213,false,"רביעיית טונה בשמן סטארקיסט 160 גרם בד""צ",דיפלומט מפיצים (1968) בעמ**,,,יח`,640,גרם,false,1,24.90,3.89,false,1,
7290005287251,false,רביעיית טונה במים סטארקיסט 160 גרם,דיפלומט מפיצים (1968) בעמ**,,,יח`,640,גרם,false,1,24.90,3.89,false,1,
7290005287510,false,"סטארקיסט טונה בשמן עם פלפל חריף 160 גרם בד""צ",סטארקיסט דיפלומט היינץ,,,יח`,160,גרם,false,1,8.90,5.56,false,1,
7290005287534,false,"סטארקיסט טונה בשמן עישון טבעי 160 גרם בד""צ",סטארקיסט דיפלומט היינץ,,,יח`,160,גרם,false,1,8.90,5.56,false,1,
7290005287657,false,"סטארקיסט ממרח טונה 160 גרם בד""צ",דיפלומט מפיצים (1968) בעמ**,,,יח`,160,גרם,false,1,7.90,4.94,true,1,
7290005296260,false,"אסטוניש ספריי רסס ונגב לניקוי כללי יעקבי 750 מ""ל",יעקב יעקבי ובניו בע`מ,,,יח`,750,"מ""ל",false,1,11.90,1.59,false,1,
7290005326523,false,ממרח פסטו פטרוזיליה ונענע אוליביה 180 גרם,תה ויסוצקי (ישראל) בעמ,,,יח`,180,גרם,false,1,13.90,7.72,true,1,
7290005418709,false,"נטורל קרם לחות לקיבוע תלתלים גלי 400 מ""ל",החברה הדרומית לשיווק בעמ,,,יח`,400,"מ""ל",false,1,21.90,5.48,true,1,
7290005423253,false,"סנו - מקסימה מרסס למייבש כביסה אולטרה פרש 750 מ""ל",החברה הדרומית לשיווק בעמ,,,יח`,750,"מ""ל",false,1,17.90,2.39,true,1,
7290005423567,false,מטליות ניקוי רב שימושיות בגליל סנו סושי 40 יחידות,החברה הדרומית לשיווק בעמ,,,יח`,1,,false,1,19.90,19.90,true,1,
7290005423635,false,ריצפז נוזל רצפות דוחה תיקנים סנו 2 ליטר,החברה הדרומית לשיווק בעמ,,,יח`,2,1 ליטר,false,1,22.90,11.45,true,1,
7290005423734,false,מרכך כביסה מרוכז אולטרא פרש סנו מקסימה 4 ליטר,החברה הדרומית לשיווק בעמ,,,יח`,4,1 ליטר,false,1,19.90,4.98,true,1,
7290005423871,false,שלישיית משחת שיניים מנטול אורביטול 145 גרם,טרופיקל דגיל תעשיות קוסמ,,,יח`,435,גרם,false,1,19.90,4.57,true,1,
7290005423918,false,סנו - מקסימה מרכך כביסה היפואלרגני אלוורה 4 ליטר,החברה הדרומית לשיווק בעמ,,,יח`,4,1 ליטר,false,1,19.90,4.98,true,1,
7290005424403,false,"אל סבון כיף אצות ים קטיפתי 1ליטר,",החברה הדרומית לשיווק בעמ,,,יח`,1,1 ליטר,false,1,13.90,13.90,true,1,
7290005424700,false,סנו - פורטה פלוס מרסס מסיר שומנים 1 ליטר,החברה הדרומית לשיווק בעמ,,,יח`,1000,"מ""ל",false,1,17.90,1.79,true,1,
7290005424755,false,מטליות ריצפז פלוס לחות לניקוי רצפות דוחה תיקנים 10 יח' סנו,החברה הדרומית לשיווק בעמ,,,יח`,1,,false,1,14.90,14.90,false,1,
7290005424847,false,"מפיות סופט לבנות לשולחן (150 יח') ""סנו""",החברה הדרומית לשיווק בעמ,,,יח`,150,יח`,false,1,7.90,0.05,true,1,
7290005424915,false,"סנומוד מבשם אויר בניחוח לבנדר פטצ'ולי סנו 150 מ""ל",החברה הדרומית לשיווק בעמ,,,יח`,150,"מ""ל",false,1,10.90,7.27,true,1,
7290005425127,false,"חיטוי משטחים 99.9% מתז לשומנים ואבנית 750 מ""ל",החברה הדרומית לשיווק בעמ,,,יח`,750,"מ""ל",false,1,14.90,1.99,true,1,
7290005425646,false,קליר נוזל לניקוי חלונות רב תכליתי סנו 1 ליטר,החברה הדרומית לשיווק בעמ,,,יח`,1,1 ליטר,false,1,11.90,11.90,true,1,
7290005425745,false,אורביטול - משחת שיניים אלפיין פרש 145 גרם,החברה הדרומית לשיווק בעמ,,,יח`,145,גרם,false,1,7.90,5.45,false,1,
7290005426193,false,ספוגית הפלא סנו סושי 6 יחידות,החברה הדרומית לשיווק בעמ,,,יח`,1,,false,1,12.90,12.90,true,1,
7290005426230,false,מטלית הפלא לרצפה מיקרופייבר סנו 1יח',החברה הדרומית לשיווק בעמ,,,יח`,1,,false,1,11.90,11.90,true,1,
7290005426568,false,"קרמה - קרם לחות לשיער רגיל 400 מ""ל",החברה הדרומית לשיווק בעמ,,,יח`,400,"מ""ל",false,1,19.90,4.98,true,1,
7290005426803,false,מקסימה מרכך כביסה פצ'ולי לבנדר סגול סנו 4 ליטר,החברה הדרומית לשיווק בעמ,,,יח`,4,1 ליטר,false,1,19.90,4.98,true,1,
7290005426964,false,סנובון סבון לאסלה בניחוח אפרסק סנו 3 יחידות,החברה הדרומית לשיווק בעמ,,,יח`,165,גרם,false,1,17.90,10.85,true,1,
7290005426971,false,סנובון סבון לאסלה תפוח כחול סנו 3 יחידות,החברה הדרומית לשיווק בעמ,,,יח`,165,גרם,false,1,17.90,10.85,true,1,
7290005427107,false,סנו - סושי מגבות נייר הפלא 6 יחידות,החברה הדרומית לשיווק בעמ,,,יח`,570,גרם,false,1,12.90,2.26,true,1,
7290005427626,false,"ג'ל לעיצוב השיער למראה רטוב כיף 1 ק""ג",החברה הדרומית לשיווק בעמ,,,יח`,1000,גרם,false,1,19.90,1.99,false,1,
7290005427787,false,"קרמה - קרם לחות לשיער מתולתל 400 מ""ל",החברה הדרומית לשיווק בעמ,,,יח`,400,"מ""ל",false,1,19.90,4.98,true,1,
7290005428852,false,ממחטות טישו צבעוניים סנו סופט 5 יח' *100דף,החברה הדרומית לשיווק בעמ,,,יח`,650,גרם,false,1,12.90,1.98,false,1,
7290005429279,false,סנו מקסימה קומפקט קומפקט אפקט גאוול 6 ק,החברה הדרומית לשיווק בעמ,,,יח`,6,"ק""ג",false,1,49.90,8.32,true,1,
7290005429286,false,"אבקת כביסה מקסימה ביו 6 ק""ג סנו",החברה הדרומית לשיווק בעמ,,,יח`,6,"ק""ג",false,1,49.90,8.32,true,1,
7290005430602,false,"סנו אוקסיג'ן ספריי להסרת כתמים עם חמצן פעיל 750 מ""ל",החברה הדרומית לשיווק בעמ,,,יח`,750,"מ""ל",false,1,18.90,2.52,true,1,
7290005431159,false,תותים בקצפת לייט עדן קינוחים 80 גרם,עדן קינוחים,,,יח`,80,גרם,false,1,6.90,8.63,false,1,
7290005431883,false,מלבי חלבי עדן קינוחים 165 גרם,עדן קינוחים Eden,,,יח`,165,"מ""ל",false,1,6.90,4.18,false,1,
7290005431906,false,מארז קדאיף 82 גר` עדן קינוחים,עדן קינוחים Eden,,,יח`,124,גרם,false,1,6.90,5.56,false,1,
7290005431913,false,עוגת גבינה פירורים עדן קינוחים 92 גרם,עדן קינוחים Eden,,,יח`,92,גרם,false,1,6.90,7.50,false,1,
7290005431920,false,עוגת גבינה פירורים לייט עדן קינוחים 78 גרם,עדן קינוחים Eden,,,יח`,1,,false,1,6.90,6.90,false,1,
7290005431937,false,מעדן טירמיסו 82 גר` עדן קינוחים,עדן קינוחים Eden,,,יח`,82,גרם,false,1,6.90,8.41,false,1,
7290005431968,false,מלבי שמנת עדן קינוחים 150 גרם,עדן קינוחים Eden,,,יח`,150,"מ""ל",false,1,6.90,4.60,false,1,
7290005500558,false,ג'ל חזק לעיצוב שיער 1 ליטר פנינה רוזנבלום,פנינה רוזנבלום בעמ,,,יח`,1,"ק""ג",false,1,17.90,17.90,false,1,
7290005500688,false,"פנינה רוזנבלום מסיכה לשיקום ורודה , 1 ק""ג",פנינה רוזנבלום בעמ,,,יח`,1,"ק""ג",false,1,30.90,30.90,false,1,
7290005559587,false,מאפה נקניקיה בבצק מעדנות 800ג',תנובה מרכז שיתופי לשיווק תוצרת,,,יח`,800,גרם,false,1,30,3.75,false,1,
7290005559907,false,פיצה משפחתית 100% גבינה מעדנות 500 גרם,תנובה מרכז שיתופי לשיווק תוצרת,,,יח`,500,גרם,false,1,23.90,4.78,false,1,
7290005559914,false,פיצה משפחתית עם 100% גבינה בתוספת זיתים מעדנות 550 גרם,תנובה מרכז שיתופי לשיווק תוצרת,,,יח`,550,גרם,false,1,25.90,4.71,false,1,
7290005559990,false,בצק עלים פילאס תורכי 600 גרם קפוא,תנובה מרכז שיתופי לשיווק תוצרת,,,יח`,600,גרם,false,1,22.90,3.82,false,1,
7290005591761,false,דבש טהור מפרחי בר בלחיץ 400 ג' יד מרדכי,מכוורת יד מרדכי שטרא,,,יח`,400,גרם,false,1,20.90,5.23,true,1,
7290005610509,false,צנונית ארוז דוד משה 500ג',תוצרת הנגב אגודה שיתופית חקלאי,,,יח`,1,,false,1,6.90,6.90,false,1,
7290005651366,false,"מזון לכלבים בונזו מזון כלבים כבד 3 ק""ג",דיפלומט מפיצים (1968) בעמ**,,,יח`,3,"ק""ג",false,1,49.90,16.63,false,1,
7290005692543,false,"נקניקיות מרגז חריפות קפוא 1 ק""ג מחפוד",עוף ירושלים שיווק בעמ,,,יח`,100,גרם,false,1,49.90,49.90,false,1,
7290005692550,false,נקנקיות צוריסוס חריפות 1 קפוא מחפוד,עוף ירושלים שיווק בעמ,,,יח`,100,גרם,false,1,49.90,49.90,false,1,
7290005838002,false,מעדן גבינה ויוגורט בטעם וניל 88 ג' דניאלה,שטראוס גרופ בעמ/מצונן,,,יח`,150,"מ""ל",false,1,4,2.67,false,1,
7290005838613,false,קרם גבינה 3% בטעם וניל סקי (125 גרם),שטראוס גרופ בעמ/מצונן,,,יח`,125,גרם,false,1,3.70,2.96,true,1,
7290005838972,false,סקי יום יום גבינה לבנה %5 125 גרם,שטראוס גרופ בעמ/מצונן,,,יח`,125,גרם,false,1,3.10,2.48,false,1,
7290005839078,false,שמיניית יוגורט לבן 3% ביו דנונה 150 גרם,שטראוס גרופ בעמ/מצונן,,,יח`,1.20,1 ליטר,false,1,16.80,14,false,1,
7290005839108,false,גבינה לבנה סימפוניה עם תוספות 200 ג'+זיתים 5%,שטראוס גרופ בעמ/מצונן,,,יח`,200,גרם,false,1,11.40,5.70,true,1,
7290005839313,false,מילקי Top עם שוקולדה מגולגלת 140 גרם,שטראוס גרופ בעמ/מצונן,,,יח`,130,"מ""ל",false,1,4.90,3.77,false,1,
7290005896439,false,"בירה מכבי, בקבוק חוזר 500 מ''ל","טמפו משקאות בע""מ",,,יח`,500,"מ""ל",false,1,6.90,1.14,false,1,
7290005896453,false,"בירה מכבי 7.9%, בירה חזקה, בקבוק חוזר 500 מ''ל",פארייפאבה אגרואינדוס,,,יח`,500,"מ""ל",false,1,7.90,1.34,false,1,
7290005938245,false,ממרח פסטו קלאסי פרסקו 220ג' מצונן,מיוצר עי פרסקו חצבה,,,יח`,190,גרם,false,1,19,10,false,1,
7290005966033,false,הר חרמון לבן יקב רמת הגולן (750 מל),היכל היין שקד גולן בעמ,,,יח`,750,"מ""ל",false,1,35.90,4.75,true,1,
7290005966088,false,"יין הר חרמון אדום עברית 750 מ""ל",היכל היין שקד גולן בעמ,,,יח`,750,"מ""ל",false,1,35.90,4.75,true,1,
7290005992018,false,"יוגורט עיזים לשתיה 3% מחלבות גד 500 מ""ל",מחלבות גד שיווק 1992 בעמ,,,יח`,500,"מ""ל",false,1,13.90,2.78,false,1,
7290005992575,false,גבינה בולגרית למריחה 5% גד (250 גרם),מחלבות גד שיווק 1992 בעמ,,,יח`,250,גרם,false,1,16.90,6.76,false,1,
7290005992735,false,לאבנה טבעית 5% 250 גר' - רבנות,מחלבות גד שיווק 1992 בעמ,,,יח`,250,גרם,false,1,11.90,4.76,false,1,
7290005996009,false,סלמי גלילי מעושן 400 גר`יחיעם,מעדני יחיעם (1993) בעמ,,,יח`,400,גרם,false,1,24.90,6.23,false,1,
7290005996221,false,פסטרמה של פעם דק דק (120 גר`)יחיעם,מעדני יחיעם (1993) בעמ,,,יח`,120,גרם,false,1,10.90,9.08,false,1,
7290005996238,false,פסטרמה בדבש דק דק (120 גר`)יחיעם,מעדני יחיעם (1993) בעמ,,,יח`,120,גרם,false,1,10.90,9.08,false,1,
7290006199027,false,מאגדת גלידל וניל מצופה סורבה תות שדה [8],הגלידות של פלדמן,,,יח`,640,גרם,false,1,29.90,4.67,false,1,
7290006199218,false,"שמיניית גלידל אייס מוקה ""פלדמן""",הגלידות של פלדמן,,,יח`,640,גרם,false,1,29.90,4.67,false,1,
7290006199942,false,"שמיניית גלידל פרי דובדבן ""פלדמן""",הגלידות של פלדמן,,,יח`,640,גרם,false,1,24.90,3.89,false,1,
7290006229427,false,סן בנדטו - מים מינרלים - מארז שישיית 500 מל,טמפו משקאות בע`מ,,,יח`,3,1 ליטר,false,1,13.70,3.97,false,1,
7290006241153,false,אגוזי פקאן סיניים קליית גת (150 גרם),ליימן שליסל בעמ,,,יח`,150,גרם,false,1,17.50,11.67,false,1,
7290006241191,false,אגוזי מלך טבעיים קליית גת (150 גרם),הדקלאים אגודת שיתופי,,,יח`,150,גרם,false,1,16.90,11.27,true,1,
7290006241214,false,שקדים טבעיים קליית גת (200 גרם),הדקלאים אגודת שיתופי,,,יח`,200,גרם,false,1,16.90,8.45,true,1,
7290006251107,false,תה צ'אי מסאלה ויסוצקי 25 יחידות,תה ויסוצקי (ישראל) בעמ,,,יח`,50,גרם,false,1,17.50,35,false,1,
7290006251275,false,תה ירוק סיני קלאסי ויסוצקי 25 יחידות,תה ויסוצקי (ישראל) בעמ,,,יח`,37.50,גרם,false,1,24.90,66.40,true,1,
7290006251282,false,חליטת חמוציות הגן הקסום ויסוצקי 25 יחידות,תה ויסוצקי (ישראל) בעמ,,,יח`,75,גרם,false,1,17.50,23.33,true,1,
7290006251343,false,חליטת פסיפלורה מנגו הגן הקסום ויסוצקי 25 יחידות,תה ויסוצקי (ישראל) בעמ,,,יח`,62.50,גרם,false,1,17.50,28,true,1,
7290006251374,false,תה ירוק לימונית וג'ינג'ר ויסוצקי 25 יחידות,תה ויסוצקי (ישראל) בעמ,,,יח`,25,גרם,false,1,24.90,99.60,true,1,
7290006251589,false,תה ירוק עם עלי נענע 50 שקיקים ויסוצקי,תה ויסוצקי (ישראל) בעמ,,,יח`,75,גרם,false,1,44.90,59.87,false,1,
7290006256089,false,"יין אדום קברנה סוביניון גאטו נגרו 750 מ""ל",היכל היין שקד גולן בעמ,,,יח`,750,"מ""ל",false,1,39.90,5.28,true,1,
7290006256102,false,"יין אדום מרלו גאטו נגרו 750 מ""ל",היכל היין שקד גולן בעמ,,,יח`,750,"מ""ל",false,1,39.90,5.28,true,1,
7290006265500,false,פטריות שמפיניון ארוז מרינה,קונס`-מרינה פטריות הגליל בעמ*ש,,,יח`,2.50,1 ליטר,false,1,9.90,3.96,true,1,
7290006271174,false,ג'חנון לאפיה בתנור מעדנות 700 גרם,תנובה מרכז שיתופי לשיווק תוצרת,,,יח`,700,גרם,false,1,18.90,2.70,false,1,
7290006271181,false,ג'חנון אפוי למיקרוגל מעדנות 750 גרם,תנובה מרכז שיתופי לשיווק תוצרת,,,יח`,750,גרם,false,1,24.90,3.32,false,1,
7290006271648,false,מיני בורקס תפוחי אדמה מעדנות 800 גרם,תנובה מרכז שיתופי לשיווק תוצרת,,,יח`,650,גרם,false,1,24,3.69,false,1,
7290006271655,false,מיני בורקס במילוי גבינה מעדנות (800 גרם),תנובה מרכז שיתופי לשיווק תוצרת,,,יח`,800,גרם,false,1,25.90,3.24,false,1,
7290006272072,false,חטיפי פיצה גבינה מעדנות 650 גרם,תנובה קפואים,,,יח`,650,גרם,false,1,33.90,5.22,false,1,
7290006272430,false,בצק עלים חמאה חלבי מעדנות (600 גרם),מיוצר עי קונדיטוריית,,,יח`,600,גרם,false,1,29,4.83,false,1,
7290006306296,false,רביולי במילוי גבינה לילדים 400 ג' פסטה נונה,דורום תעשיות מזון ופסטה,,,יח`,400,גרם,false,1,23.90,5.98,false,1,
7290006306319,false,רביולי במילוי בטטה 400 ג' פסטה נונה,דורום תעשיות מזון ופסטה,,,יח`,400,גרם,false,1,23.90,5.98,false,1,
7290006306357,false,רביולי במילוי גבינת עיזים 400 ג' פסטה נונה,דורום תעשיות מזון ופסטה,,,יח`,400,גרם,false,1,25.90,6.48,false,1,
7290006342072,false,גרעין לבן ששון הקולה 200 גרם,דין שיווק וקליה 2021 בעמ,,,יח`,200,גרם,false,1,9.90,4.95,false,1,
7290006342447,false,גרעיני אבטיח ששון הקולה 200 גרם,דין שיווק וקליה 2021 בעמ,,,יח`,200,גרם,false,1,12.90,6.45,false,1,
7290006374653,false,דבש לייט מופחת קלוריות יד מרדכי 350 ג',מכוורת יד מרדכי שטראוס ב,,,יח`,350,גרם,false,1,26.90,7.69,false,1,
7290006374738,false,קונפיטורה תות יד מרדכי בטעם תות,אף.סי תבליני בגליל ב,,,יח`,340,גרם,false,1,11.90,3.50,false,1,
7290006439444,false,"אורז בסמתי ""גולד"" מוזהב 1 ק""ג שוקחה",בני ג`ורג` שוקחה (חיפה) בעמ,,,יח`,1,"ק""ג",false,1,10.90,10.90,false,1,
7290006439451,false,אורז בסמטי 5 קג`גולד שוקחה,בני ג`ורג` שוקחה (חיפה) בעמ,,,יח`,5,"ק""ג",false,1,39.90,7.98,false,1,
7290006439512,false,פול גדול 750 גר` שוקחה,בני ג`ורג` שוקחה (חיפה) בעמ,,,יח`,750,גרם,false,1,12.90,1.72,true,1,
7290006439536,false,חומוס יבש 1 קג שוקחה,בני ג`ורג` שוקחה (חיפה) בעמ,,,יח`,1,"ק""ג",false,1,13.90,13.90,true,1,
7290006439703,false,אפונה חצאים 1 קג שוקחה,בני ג`ורג` שוקחה (חיפה) בעמ,,,יח`,1,"ק""ג",false,1,8.90,8.90,false,1,
7290006439710,false,שעועית אדומה 1 קג שוקחה,בני ג`ורג` שוקחה (חיפה) בעמ,,,יח`,1,"ק""ג",false,1,15.90,15.90,true,1,
7290006492432,false,גבינה מוצרלה בייבי 18% גד (150 גרם),מחלבות גד שיווק 1992 בעמ,,,יח`,170,גרם,false,1,12.90,7.59,false,1,
7290006492616,false,גבינה בולגרית מעודנת פרוסות 5% גד 250 גרם,מחלבות גד שיווק 1992 בעמ,,,יח`,250,גרם,false,1,25.90,10.36,false,1,
7290006492685,false,גבינת לאבנה עיזים 5% גד (250 גרם),מחלבות גד שיווק 1992 בעמ,,,יח`,250,גרם,false,1,16.90,6.76,false,1,
7290006511157,false,פטריות שמפניון שלמות וילי פוד (400 גרם),ג.וילי-פוד אינטרנשיונל בעמ,,,יח`,400,גרם,false,1,7.90,1.98,false,1,
7290006511751,false,פטריות שמפניון חתוך ויליפוד 290X3 ג' בד”צ,ג.וילי-פוד אינטרנשיונל בעמ,,,יח`,870,גרם,false,1,11.90,1.37,false,1,
7290006546388,false,תחתיות ארטישוק קפוא פרי הגליל 400ג',ויטה- פרי גליל (החדשה) בעמ,,,יח`,400,גרם,false,1,9.90,2.48,false,1,
7290006546395,false,לקט העונה קפוא פרי הגליל 800ג',ויטה- פרי גליל (החדשה) בעמ,,,יח`,800,גרם,false,1,9.90,1.24,false,1,
7290006550972,false,בשר בקר קפוא טחון מהדרין עטרה (1 קג),נטו מלינדה סחר - עטרה,,,יח`,1,"ק""ג",false,1,42.90,42.90,false,1,
7290006582355,false,סילאן סירופ 900 גרם שקדיה,דין שיווק וקליה 2021 בעמ,,,יח`,900,גרם,false,1,14.90,1.66,false,1,
7290006652027,false,במבה חטיף בוטנים אסם 20*15 גרם,קבוצת אוסם סחר שותפות מוגבלת,,,יח`,300,גרם,false,1,23.90,7.97,false,1,
7290006653819,false,קוסקוס אמיתי דק בשקית 350 גרם,קבוצת אוסם סחר שותפות מוגבלת,,,יח`,350,גרם,false,1,8.90,2.54,false,1,
7290006664037,false,גמדים סופר ארוחת בוקר דגנים 4*100גר,שטראוס גרופ בעמ/מצונן,,,יח`,400,"מ""ל",false,1,11.40,2.85,true,1,
7290006664051,false,"אקטימל לבן 1.51 ק""ג מארז 14 יחידות",שטראוס גרופ בעמ/מצונן,,,יח`,1.40,1 ליטר,false,1,29.90,21.36,false,1,
7290006664532,false,יוגורט עם תות 3% שומן 150 ג' דנונה,שטראוס גרופ בעמ/מצונן,,,יח`,150,"מ""ל",false,1,3.90,2.60,true,1,
7290006664655,false,דנונה Actimel יוגורט טבעי 8*100 מ``ל,שטראוס גרופ בעמ/מצונן,,,יח`,800,"מ""ל",false,1,19.90,2.49,false,1,
7290006664990,false,"יוגורט דנונה ביו לבן 1.7% שומן 8*150 מ""ל",שטראוס גרופ בעמ/מצונן,,,יח`,1.20,1 ליטר,false,1,16.80,14,false,1,
7290006681003,false,גלידה תות לימון סורבה 1.33 ל' קרמיסימו,"גלידת שטראוס בע""\מ, רחוב",,,יח`,1.33,1 ליטר,false,1,19.90,14.96,true,1,
7290006681553,false,קרמבו בטעם וניל שטראוס 8 יחידות,"גלידות שטראוס בע""מ",,,יח`,200,גרם,false,1,15.90,7.95,false,1,
7290006681560,false,קרמבו בטעם מוקה שטראוס 8 יחידות,"גלידות שטראוס בע""מ",,,יח`,200,גרם,false,1,15.90,7.95,false,1,
7290006681966,false,שטראוס קרמיסימו,גלידות שטראוס בעמ,,,יח`,1.33,1 ליטר,false,1,19.90,14.96,true,1,
7290006681980,false,שטראוס קרמיסימו פירות יער,"גלידת שטראוס בע""\מ",,,יח`,1.33,1 ליטר,false,1,19.90,14.96,true,1,
7290006703903,false,בשר בקר טחון חלק מעדני הטלה 1 קג,לאטי עזרא בעמ,,,יח`,1,"ק""ג",false,1,39.80,39.80,false,1,
7290006704061,false,עירית ארוזה,א.אדמה (2007) בעמ,,,יח`,1,,false,1,5.90,5.90,false,1,
7290006704269,false,חסה עגולה יח',"מרינה פטריות הגליל בע""מ",,,יח`,1,,false,1,5,5,false,1,
7290006714381,false,בשר עוף טחון מעדני הטלה 500 גר`,מעדני הטלה והעגל,,,יח`,500,גרם,false,1,12.90,2.58,false,1,
7290006714398,false,בשר הודו טחון קפוא מעדני הטלה 500 גר`,לאטי עזרא בעמ,,,יח`,500,גרם,false,1,12.90,2.58,false,1,
7290006739124,false,בצק עלים פילאס 500ג' זוגלובק,זוגלובק שיווק בעמ,,,יח`,500,גרם,false,1,18.90,3.78,false,1,
7290006739131,false,בצק גולמי פילו זוגלובק 500ג',זוגלובק שיווק בעמ,,,יח`,500,גרם,false,1,18.90,3.78,false,1,
7290006739292,false,נקניק פסטרמה פרגיות ציפוי תירס,נקניק נהריה כשר זוגל,,,יח`,330,גרם,false,1,28.90,8.76,true,1,
7290006739346,false,נקניקיות פרגיות טרי 400 גרם זוגלובק,נקניק נהריה כשר זוגל,,,יח`,400,גרם,false,1,17.90,4.48,false,1,
7290006739407,false,שניצל תירס לייט זוגלובק (630 גרם),נקניק נהריה כשר זוגל,,,יח`,600,גרם,false,1,35.90,5.98,true,1,
7290006739414,false,נקניק סלמי קוניאק זוגלובק 300 גרם,נקניק נהריה כשר זוגל,,,יח`,350,גרם,false,1,29.90,8.54,true,1,
7290006739421,false,נקניק סלמי מעושן איטלקי זוגלובק 300 גרם,נקניק נהריה כשר זוגל,,,יח`,300,גרם,false,1,28.90,9.63,true,1,
7290006739445,false,שניצל תירס קלאסי 750 ג' זוגלובק,נקניק נהריה כשר זוגל,,,יח`,750,גרם,false,1,26.90,3.59,true,1,
7290006739544,false,כתף בקר 3% שומן זוגלובק (300 גרם),נקניק זוגלובק נהריה,,,יח`,300,גרם,false,1,28.90,9.63,true,1,
7290006741363,false,בורקס תפוחי אדמה זוגלובק 800 גרם,מאפיית אריאל וגידרון,,,יח`,800,גרם,false,1,19.90,2.49,false,1,
7290006741387,false,מלווח תימני זוגלובק בד`צ 700 גרם קפוא,נקניק נהריה כשר זוגל,,,יח`,700,גרם,false,1,16.90,2.41,false,1,
7290006742278,false,פסטרמה הודו צלויה על לבנים 330 ג' זוגלובק,נקניק נהריה כשר זוגל,,,יח`,330,גרם,false,1,28.90,8.76,true,1,
7290006742292,false,פסטרמה הודו בדבש 330 ג' זוגלובק,נקניק נהריה כשר זוגל,,,יח`,330,גרם,false,1,28.90,8.76,true,1,
7290006742315,false,פסטרמה חזה הודו ברביקיו 2% זוגלובק 330 גרם,נקניק נהריה כשר זוגל,,,יח`,330,גרם,false,1,28.90,8.76,true,1,
7290006764065,false,בירה שחורה נשר מאלט חוזר (500 מל),"טמפו משקאות בע""\ם.",,,יח`,500,"מ""ל",false,1,4.90,0.74,true,1,
7290006764072,false,"בירה גולדסטאר בקבוק 500 מ""ל חוזר","טמפו משקאות בע""\מ",,,יח`,500,"מ""ל",false,1,6.90,1.14,false,1,
7290006764478,false,"בירה נשר מאלט בקבוק זכוכית 330 מ""ל",החברה המרכזית להפצת משקאות בעמ,,,יח`,330,"מ""ל",false,1,5.50,1.58,false,1,
7290006764485,false,"בירה שחורה נשר מאלט שישייה ח""פ 330*6 מ''ל","טמפו משקאות בע""\ם.",,,יח`,1.98,1 ליטר,false,1,27.90,13.18,false,1,
7290006775023,false,עוגה אנגלית אחוה (450 גרם)אחוה,אחדות ביתחרושת לטחינה חלבה,,,יח`,450,גרם,false,1,10.90,2.42,true,1,
7290006775030,false,עוגת שוקו צ`יפס אחוה (450 גרם)אחוה,אחדות ביתחרושת לטחינה חלבה,,,יח`,450,גרם,false,1,10.90,2.42,true,1,
7290006775047,false,עוגת שוקולד אחוה (450 גרם)אחוה,אחדות ביתחרושת לטחינה חלבה,,,יח`,450,גרם,false,1,10.90,2.42,true,1,
7290006775054,false,עוגת שיש אחוה (450 גרם)אחוה,אחדות ביתחרושת לטחינה חלבה,,,יח`,450,גרם,false,1,10.90,2.42,true,1,
7290006775344,false,עוגת שמרים במילוי קרם קינמון אחוה 400 גרם,אחדות ביתחרושת לטחינה חלבה,,,יח`,400,גרם,false,1,10.90,2.73,false,1,
7290006775795,false,עוגת תפוחי עץ עם מילוי מעודן אחוה 450 גרם,"אחדות ביח""ר לטחינה ח",,,יח`,450,גרם,false,1,11.90,2.64,false,1,
7290006775801,false,עוגיות רוגלך שוקולד 400 גר' אחדות,אחדות ביתחרושת לטחינה חלבה,,,יח`,400,גרם,false,1,9.90,2.48,false,1,
7290006775900,false,עוגיות מיני מרוקאיות אחוה (500 גרם),אחדות ביתחרושת לטחינה חלבה,,,יח`,500,גרם,false,1,8.90,1.78,false,1,
7290006784360,false,חלונית סנט מוריץ לניקוי חלונות 1 ליטר,קומפלקס כימיקלים בעמ,,,יח`,1,1 ליטר,false,1,6.90,6.90,true,1,
7290006788405,false,"קרליין - נושם אקטיב דאודורנט רול און לאישה ברודו 75 מ""ל",החברה הדרומית לשיווק בעמ,,,יח`,75,גרם,false,1,12.90,17.20,true,1,
7290006788412,false,"קרליין - נושם אקווה דאודורנט רול און לאישה כחול 75 מ""ל",החברה הדרומית לשיווק בעמ,,,יח`,50,גרם,false,1,12.90,25.80,true,1,
7290006788429,false,"קרליין - נושם סאן רייס דאודורנט רול און לאישה כתום 75 מ""ל",החברה הדרומית לשיווק בעמ,,,יח`,75,גרם,false,1,12.90,17.20,true,1,
7290006788436,false,"קרליין - נושם פיור דאודורנט רול און לאישה ורוד 75 מ""ל",החברה הדרומית לשיווק בעמ,,,יח`,75,גרם,false,1,12.90,17.20,true,1,
7290006788443,false,"קרליין - נושם אוקסיג'ן דאודורנט רול און לאישה סגול 75 מ""ל",החברה הדרומית לשיווק בעמ,,,יח`,75,גרם,false,1,12.90,17.20,true,1,
7290006788481,false,"קרליין - נושם סאן רייס דאודורנט ספריי לאישה כתום 200 מ""ל",החברה הדרומית לשיווק בעמ,,,יח`,200,"מ""ל",false,1,12.90,6.45,true,1,
7290006788504,false,"קרליין - נושם אוקסיג'ן דאודורנט ספריי לאישה סגול 200 מ""ל",החברה הדרומית לשיווק בעמ,,,יח`,200,"מ""ל",false,1,12.90,6.45,true,1,
7290006789655,false,"קרם לחות לסירוק קל לשיער מתולתל ומקורזל 10 קרליין 400 מ""ל",החברה הדרומית לשיווק בעמ,,,יח`,400,"מ""ל",false,1,17.90,4.48,true,1,
7290006805355,false,"פילסברי, כדורים בטעם שוקולד, תערובת להכנת כדורים בטעם שוקולד. 500 גרם.",הדקלאים אגודת שיתופי,,,יח`,500,גרם,false,1,18.90,3.78,false,1,
7290006805850,false,תערובת להכנת פנקייקס פילסברי (500 גרם),הדקלאים אגודת שיתופי,,,יח`,500,גרם,false,1,18.90,3.78,false,1,
7290006822192,false,נקטר דיאט חמוציות אושן ספריי פריגת 1 ליטר,החברה המרכזית להפצת משקאות בעמ,,,יח`,1,1 ליטר,false,1,12.90,12.90,false,1,
7290006983152,false,קרוטונים מתובלים למרק אסם (400 גרם),קבוצת אוסם סחר שותפות מוגבלת,,,יח`,400,גרם,false,1,19.90,4.98,false,1,
7290006983176,false,קרקר לחמית שיפון אסם (230 גרם),קבוצת אוסם סחר שותפות מוגבלת,,,יח`,230,גרם,false,1,8.90,3.87,false,1,
7290006983206,false,תערובת להכנת פלפל קלי קלות 180 גרם,קבוצת אוסם סחר שותפות מוגבלת,,,יח`,90,גרם,false,1,10.90,12.11,false,1,
7290006983527,false,עוגת הבית תפוחי עץ עם פירורים 400 ג' אסם,קבוצת אוסם סחר שותפות מוגבלת,,,יח`,400,גרם,false,1,18.90,4.73,false,1,
7290006983763,false,עוגת הבית בטעם שוקולד אסם (400 גרם),קבוצת אוסם סחר שותפות מוגבלת,,,יח`,400,גרם,false,1,11.90,2.98,false,1,
7290006983770,false,עוגת הבית שיש אסם (400 גרם),קבוצת אוסם סחר שותפות מוגבלת,,,יח`,400,גרם,false,1,11.90,2.98,false,1,
7290006983787,false,עוגת הבית שוקולד צ'יפס אסם 400 גרם,קבוצת אוסם סחר שותפות מוגבלת,,,יח`,400,גרם,false,1,11.90,2.98,false,1,
7290006983794,false,עוגת הבית בטעם תפוז אסם 400 גרם,קבוצת אוסם סחר שותפות מוגבלת,,,יח`,400,גרם,false,1,11.90,2.98,false,1,
7290006992161,false,מטרנה - דייסת קורנפלור פרוביוטי 200 גרם,קבוצת אוסם סחר שותפות מוגבלת,,,יח`,200,גרם,false,1,12.90,6.45,false,1,
7290006992192,false,דייסה מטרנה סולת פרוביוטיקה,קבוצת אוסם סחר שותפות מוגבלת,,,יח`,200,גרם,false,1,12.90,6.45,false,1,
7290006992208,false,מטרנה דייסת 8 דגנים מעורבים 200 גרם,קבוצת אוסם סחר שותפות מוגבלת,,,יח`,200,גרם,false,1,12.90,6.45,false,1,
7290006992390,false,"מטרנה - דייסת וניל פרוביוטי כשל""פ 200 גרם",קבוצת אוסם סחר שותפות מוגבלת,,,יח`,200,גרם,false,1,12.90,6.45,false,1,
7290008101318,false,קריספ פירורי לחם זהוב 300 גרם מיימונס,א.ל.ייצור ושיווק תבלינים בעמ,,,יח`,300,גרם,false,1,6.90,2.30,true,1,
7290008154222,false,שניצלונים עוף טוב 700 גרם,קבוצת אוסם סחר-שות.מוגבלת,,,יח`,700,גרם,false,1,13.90,1.99,false,1,
7290008175210,false,גבינת פרמזן מגורדת 90ג' ויליפוד,ג.וילי-פוד אינטרנשיונל **גבינו,,,יח`,90,גרם,false,1,14.90,16.56,false,1,
7290008175814,false,וילי פוד פטריות שמפיניון חתוך בדץ 400ג,ג.וילי-פוד אינטרנשיונל בעמ,,,יח`,400,גרם,false,1,4.90,1.23,false,1,
7290008268455,false,קיווי ישראלי בראשית,בראשית - אגודה שיתופית חקלאית-,,,יח`,1,,false,1,15,15,false,1,
7290008298285,false,קבב מסעדות חלק 600 גר`,לוגסי מ.ס. מוצרי בשר בעמ-שיק ל,,,יח`,600,גרם,false,1,25.90,4.32,false,1,
7290008343466,false,בצק פילו שלושת האופים (500 גרם),שלושת האופים שגמור,,,יח`,500,גרם,false,1,19.90,3.98,true,1,
7290008343503,false,גחנון אפוי 650 גר' שלושת האופים קהילות,נטו מלינדה סחר בעמ,,,יח`,650,גרם,false,1,20.90,3.22,true,1,
7290008343558,false,סיגרים במילוי בשר פיקנטי 1 ק``ג קפוא,נטו מלינדה סחר בע`מ,,,יח`,1,"ק""ג",false,1,19.90,19.90,true,1,
7290008343565,false,"סיגרים תפו""א 1 ק""ג שלושת האופים",נטו מלינדה סחר בעמ,,,יח`,1,"ק""ג",false,1,19.90,19.90,true,1,
7290008343572,false,אגרול סיני 1 קג -שלושת האופים,נטו מלינדה סחר בע`מ,,,יח`,1,"ק""ג",false,1,19.90,19.90,false,1,
7290008343602,false,"קובה בשר 1 ק""ג שלושת האופים",נטו מלינדה סחר בעמ,,,יח`,1,"ק""ג",false,1,19.90,19.90,false,1,
7290008343619,false,"פסטלים תפו""א שלושת האופים 1 ק""ג",נטו מלינדה סחר בע`מ,,,יח`,1,"ק""ג",false,1,19.90,19.90,false,1,
7290008343626,false,כדורי פלאפל 1 קג -שלושת האופים,נטו מלינדה סחר בע`מ,,,יח`,1,"ק""ג",false,1,19.90,19.90,true,1,
7290008344258,false,המבורגר מיזרחי 400 גר`טיבונוויל,"טיבון ויל אחזקות בע""\מ",,,יח`,400,גרם,false,1,20.90,5.23,true,1,
7290008344272,false,המבורגר 100% טיבון ויל 400 גרם,טיבון ויל אחזקות בעמ,,,יח`,400,גרם,false,1,20.90,5.23,true,1,
7290008345576,false,סלט איקרה ביתית לבנה 300 גרם דלידג,נטו מלינדה סחר בע`מ,,,יח`,300,גרם,false,1,19.90,6.63,false,1,
7290008345583,false,סלט איקרה ביתית ורודה דלידג (300 גרם),נטו מלינדה סחר בע`מ,,,יח`,300,גרם,false,1,19.90,6.63,false,1,
7290008347211,false,אצבעות דג מצופות דלידג (700 גרם),אף.סי תבליני בגליל ב,,,יח`,700,גרם,false,1,22.90,3.27,true,1,
7290008409049,false,שניצלונים בציפוי שומשום מיני מיני דק מאמא עוף 500 גרם,תנובה מרכז שיתופי לשיווק תוצרת,,,יח`,500,גרם,false,1,26.90,5.38,false,1,
7290008409100,false,אצבעות שניצל בציפוי שומשום מאמא עוף 700 גרם,תנובה גליל שותפות מוגבלת,,,יח`,600,גרם,false,1,36,6,false,1,
7290008409124,false,מאמא עוף קפוא שניצל ג'ונגל פריך 700 גרם,תנובה מרכז שיתופי לשיווק תוצרת,,,יח`,700,גרם,false,1,36,5.14,false,1,
7290008409216,false,מאמא עוף קפוא שניצל דק פריך 700 גרם,תנובה מרכז שיתופי לשיווק תוצרת,,,יח`,700,גרם,false,1,42.90,6.13,false,1,
7290008409223,false,שניצל דק דק מתובל מאמא עוף (700 גרם),תנובה מרכז שיתופי לשיווק תוצרת,,,יח`,700,גרם,false,1,42.90,6.13,false,1,
7290008409315,false,שניצלונים בציפוי פריך מיני מיני דק מאמא עוף 500 גרם,תנובה מרכז שיתופי לשיווק תוצרת,,,יח`,500,גרם,false,1,26.90,5.38,false,1,
7290008409407,false,שניצל דק דק צ`יפס מאמא עוף (700 גרם),תנובה גליל שותפות מוגבלת,,,יח`,0,גרם,false,1,42.90,42.90,false,1,
7290008409551,false,שניצל עוף אמיתי בציפוי מעודן 700 ג' מאמא עוף,תנובה מרכז שיתופי לשיווק תוצרת,,,יח`,700,גרם,false,1,39.90,5.70,false,1,
7290008409582,false,שניצל עוף אמיתי בציפוי ביתי מאמא עוף 700 גרם,תנובה מרכז שיתופי לשיווק תוצרת,,,יח`,700,גרם,false,1,39.90,5.70,false,1,
7290008409773,false,קציצות עוף אמיתיות קפואות 700 גרם קפוא,תנובה מרכז שיתופי לשיווק תוצרת,,,יח`,700,גרם,false,1,32,4.57,false,1,
7290008415071,false,צבר חומוס עם טחינה עגול 150 גרם,קבוצת אוסם סחר שותפות מוגבלת,,,יח`,150,גרם,false,1,4.90,3.27,false,1,
7290008415514,false,צבר חומוס עם חריף עגול 150 גרם,קבוצת אוסם סחר שותפות מוגבלת,,,יח`,150,גרם,false,1,4.90,3.27,false,1,
7290008443647,false,"מרכך לשיער מתולתל סגול, 750 מ""ל נקה 7",החברה הדרומית לשיווק בעמ,,,יח`,750,"מ""ל",false,1,10.90,1.45,true,1,
7290008461221,false,סרדינים רוברט בשמן חמניות 115 גרם,א. סיימן סחר בעמ,,,יח`,140,גרם,false,1,6.90,4.93,false,1,
7290008461238,false,"סרדינים בשמן חמניות ופלפל חריף רוברט 84 גרם, 115 גרם",א. סיימן סחר בעמ,,,יח`,115,גרם,false,1,6.90,6,false,1,
7290008464130,false,"בירה גולדסטאר Unfiltered, בירה לא מסוננת, מארז שישייה, בקבוק 330 מ""ל",טמפו משקאות בעמ,,,יח`,1.98,1 ליטר,false,1,40.90,19.75,true,1,
7290008464222,false,"בירה מכבי 7.9%, בירה חזקה, פחית 500 מ""ל","טמפו משקאות בע""\מ",,,יח`,500,"מ""ל",false,1,7.50,1.44,false,1,
7290008464703,false,"שישיית בירה מכבי בקבוק 330 מ""ל",טמפו משקאות בע''מ,,,יח`,1.98,1 ליטר,false,1,33.90,16.21,true,1,
7290008464741,false,"בירה גולדסטאר, מארז שישייה, בקבוק 330 מ''ל","טמפו משקאות בע""\מ",,,יח`,1.98,1 ליטר,false,1,37.90,18.23,true,1,
7290008464987,false,שישיית מי סודה טמפו 1.5 ליטר,"טמפו משקאות בע""מ",,,יח`,9,1 ליטר,false,1,15.90,1.77,false,1,
7290008493710,false,פרורי גריסני זהב פירורי לחם מאיר בייגל 200 גרם,"דנשר (1963) בע,מ",,,יח`,200,גרם,false,1,5.90,2.95,false,1,
7290008636926,false,קקאו הולנדי בשקית מיה 500 גרם,מיה תעשיות מזון מ.ת.מ. בעמ,,,יח`,500,גרם,false,1,14.90,2.98,false,1,
7290008644112,false,אחלה יום יום סלט מטבוחה יום יום 125 גרם,שטראוס גרופ בעמ/מצונן,,,יח`,125,גרם,false,1,4.90,3.92,false,1,
7290008644235,false,מבחר עלי בייבי 120 גרם-טעם הטבע,שטראוס בריאות ירקות טריי,,,יח`,120,גרם,false,1,9.90,8.25,false,1,
7290008644945,false,סלט המושבה שטראוס 450 גר`-טעם הטבע,שטראוס בריאות ירקות טריי,,,יח`,450,גרם,false,1,10.90,2.42,false,1,
7290008645935,false,אחלה חומוס לניגוב 750 גרם,שטראוס גרופ בעמ/מצונן,,,יח`,750,גרם,false,1,9.90,1.32,false,1,
7290008670012,false,"יין אדום קברנה סוביניון רקנאטי 750 מ""ל",היכל היין שקד גולן בעמ,,,יח`,750,"מ""ל",false,1,54.90,7.28,false,1,
7290008670029,false,"יין אדום מרלו רקנאטי 750 מ""ל",היכל היין שקד גולן בעמ,,,יח`,750,"מ""ל",false,1,55.20,7.32,true,1,
7290008670159,false,"יין רקנאטי יסמין לבן 750 מ""ל",היכל היין שקד גולן בעמ,,,יח`,750,"מ""ל",false,1,37.90,5.01,true,1,
7290008670210,false,"יין אדום שירז רקנאטי אחים שקד 750 מ""ל",היכל היין שקד גולן בעמ,,,יח`,750,"מ""ל",false,1,54.90,7.28,true,1,
7290008690713,false,נקטר חמוציות אושן ספריי פריגת (1 ליטר),החברה המרכזית להפצת משקאות בעמ,,,יח`,1,1 ליטר,false,1,12.90,12.90,false,1,
7290008693134,false,מעדן גבינה ויוגורט בטעם תות 5% שומן 88 ג' דניאלה,שטראוס גרופ בעמ/מצונן,,,יח`,150,"מ""ל",false,1,4,2.67,false,1,
7290008713900,false,לחם שיפון עגול פרוס אחדות (750 גרם),מאפיית אנג'\ל אורנים מאפ,,,יח`,750,גרם,false,1,12.50,1.67,false,1,
7290008713917,false,לחם שיפון כהה פרוס מאפיית אחדות 750 גרם,מאפיית שלמה א. אנג'\ל בע,,,יח`,750,גרם,false,1,12.50,1.67,false,1,
7290008745239,false,תפוצ'יפס קראנצ' בטעם טבעי עלית 50 גרם,"שטראוס פריטו ליי בע""\מ )",,,יח`,55,גרם,false,1,3.90,7.09,false,1,
7290008747547,false,תפוצ'יפס קראנץ' בטעם טבעי עלית 200 גרם,"שטראוס פריטו ליי בע""\מ )",,,יח`,200,גרם,false,1,10.90,5.45,true,1,
7290008752244,false,תפוצ'יפס קראנץ' בטעם גריל עלית 50 גרם,"שטראוס פריטו ליי בע""\מ )",,,יח`,50,גרם,false,1,3.90,7.80,false,1,
7290008753111,false,תפוצ'יפס קראנץ' בטעם מקסיקני עלית 50 גרם,"שטראוס פריטו ליי בע""\מ )",,,יח`,50,גרם,false,1,3.90,7.80,false,1,
7290008754415,false,גומי מאסט בטעם ספירמינט עדין פליפטופ 28 ג' עלית,שטראוס גרופ בע`מ,,,יח`,28,גרם,false,1,4.90,17.50,false,1,
7290008757980,false,קרטונית ספרינג נקטר רימונים 1 ליטר,יפאורה שותפות מוגבלת לשיווק,,,יח`,1,1 ליטר,false,1,6.90,6.90,false,1,
7290008775816,false,ערגליות עוגיות במילוי שוקולד אסם 300 גרם,קבוצת אוסם סחר שותפות מוגבלת,,,יח`,300,גרם,false,1,10.90,3.63,false,1,
7290008775823,false,ערגליות עוגיות תות שדה אסם 300 גרם,קבוצת אוסם סחר שותפות מוגבלת,,,יח`,300,גרם,false,1,10.90,3.63,false,1,
7290008792264,false,מפיות טישיו טאצ' 100יח',שניב תעשיות נייר בעמ,,,יח`,1,,false,1,4.90,4.90,false,1,
7290008801010,false,"יין קברנה סוביניון מרלו פרייוט קולקשן 750 מ""ל",אגודת הכורמים הקאופו,,,יח`,750,"מ""ל",false,1,39.90,5.28,true,1,
7290008801157,false,"יין מרלו סלקטד כרמל כרמל 750 מ""ל",אגודת הכורמים -כרמל מזרחי,,,יח`,750,"מ""ל",false,1,29.90,3.95,true,1,
7290008801478,false,יין טופז זהב אדום מתוק ייצוא 750 מל,אגודת הכורמים בעמ,,,יח`,750,"מ""ל",false,1,21.20,2.79,true,1,
7290008801522,false,יין קינג דויד קונקורד אדום מתוק 750 מל,אגודת הכורמים הקואופרטיב,,,יח`,750,"מ""ל",false,1,21.90,2.88,false,1,
7290008801843,false,סלקטד קברנה סובניון יקבי כרמל (750 מל),אגודת הכורמים בעמ,,,יח`,750,"מ""ל",false,1,29.90,3.95,true,1,
7290008801850,false,סלקטד אמרלד ריזלינג לבן חצי יבש 750 מל,אגודת הכורמים הקואופרטיב,,,יח`,750,"מ""ל",false,1,29.90,3.95,true,1,
7290008802291,false,יין מרלו פרייבט קולקשן יקבי כרמל,אגודת הכורמים הקואופרטיב,,,יח`,750,"מ""ל",false,1,39.90,5.28,true,1,
7290008802512,false,"יין וינו אדום ""כרמל מזרחי""",אגודת הכורמים בעמ,,,יח`,750,"מ""ל",false,1,19.90,2.61,true,1,
7290008802529,false,"יין לבן חצי יבש וינו 750 מ""ל",אגודת הכורמים בעמ,,,יח`,750,"מ""ל",false,1,19.90,2.61,true,1,
7290008802895,false,יין קברנה סוביניון פרייבט קולקשן יקבי כרמל,אגודת הכורמים הקאופורטיב,,,יח`,750,"מ""ל",false,1,39.90,5.28,true,1,
7290008803090,false,"יין מרלו קולקשיין הסדרה האזורית כרמל 750 מ""ל",אגודת הכורמים הקואופרטיב,,,יח`,750,"מ""ל",false,1,54.90,7.28,false,1,
7290008804189,false,יין קברנה סוביניון גליל עליון סדרה אזורית יקבי כרמל,אגודת הכורמים הקואופרטיב,,,יח`,750,"מ""ל",false,1,54.90,7.28,false,1,
7290008804332,false,שיראז אדום יבש פריווט קולקשיין 750מל,אגודת הכורמים הקואופרטיב,,,יח`,750,"מ""ל",false,1,39.90,5.28,true,1,
7290008804745,false,"יין כרמל הסדרה האזורית גוורצטרמינר, 750 מ""ל",אגודת הכורמים הקואופרטיב,,,יח`,750,"מ""ל",false,1,54.90,7.28,false,1,
7290008805049,false,סלקטד זינפנדל סמוק יקבי כרמל (750 מל),"כד בני דרום בע""מ",,,יח`,750,"מ""ל",false,1,29.90,3.95,true,1,
7290008805384,false,סלקטד מוסקטו לבן יקבי כרמל (750 מל),אגודת הכורמים הקואופרטיב,,,יח`,750,"מ""ל",false,1,29.90,3.95,true,1,
7290008805520,false,"יין קברנה/סוביניון סלקטד כרמל 750 מ""ל",אגודת הכורמים בעמ,,,יח`,750,"מ""ל",false,1,29.90,3.95,true,1,
7290008805964,false,יין קברנה שיראז גליל עליון סדרה אזורית יקבי כרמל,אגודת הכורמים הקואופרטיב,,,יח`,750,"מ""ל",false,1,54.90,7.28,false,1,
7290008806961,false,גלידה שוקולד שבבי שוקולד פרה 1.33 ל' קרמיסימו,"גלידת שטראוס בע""\מ, רחוב",,,יח`,1.33,1 ליטר,false,1,19.90,14.96,true,1,
7290008830690,false,מובחרים מן הטבע יחידה,קונסיגנציה-דין שיווק וקליה 202,,,יח`,1,,false,1,10,10,false,1,
7290008836401,false,יין אדום מתוק ישן נושן אפרת 1 ליטר,יקב טפרברג 1870 בעמ (יינות ומש,,,יח`,1,1 ליטר,false,1,21.90,21.90,true,1,
7290008849586,false,רוטב לעוף ריבת בצל אוליביה 310 גרם,תה ויסוצקי (ישראל) בעמ,,,יח`,310,גרם,false,1,13.90,4.48,true,1,
7290008849609,false,אוליביה רוטב לעוף שום דבש (330 גרם),תה ויסוצקי (ישראל) בעמ,,,יח`,275,"מ""ל",false,1,13.90,5.05,true,1,
7290008975551,false,תחליף חלב מטרנה מהדרין שלב 3 חלבי 700 גרם,קבוצת אוסם סחר שותפות מוגבלת,,,יח`,700,גרם,false,1,49.90,7.13,false,1,
7290008975780,false,"מזון לכלבים בונזו מזון כלבים גזע קטן 3 ק""ג",דיפלומט מפיצים (1968) בעמ**,,,יח`,3,"ק""ג",false,1,49.90,16.63,false,1,
7290008989091,false,שלישיית פירכוני אורז בטר אנד דיפרנט 310 גרם,"בטר אנד דיפרנט בע""מ",,,יח`,300,גרם,false,1,12.90,4.30,true,1,
7290008989473,false,ממרח חרובים בטעם שוקולד בטר אנד דיפרנט 350 גרם,"בטר אנד דיפרנט בע""מ",,,יח`,350,גרם,false,1,12.90,3.69,false,1,
7290008989671,false,"ציפוי עדיף פריך ""ללא גלוטן"" בטר אנד דיפרנט 250 גרם",בטר אנד דיפרנט בעמ,,,יח`,300,גרם,false,1,7.90,2.63,false,1,
7290010002023,false,כורכום הודי טחון תבליני מימון 100 גרם,א.ל. ייצור ושיווק תבלינים בע`מ,,,יח`,100,גרם,false,1,11.90,11.90,false,1,
7290010002030,false,תבלין כמון טחון תבליני מימון 100 גרם,א.ל. ייצור ושיווק תבלינים בע`מ,,,יח`,100,גרם,false,1,11.90,11.90,false,1,
7290010002047,false,תבלין מלח לימון תבליני מימון 200 גרם,א.ל. ייצור ושיווק תבלינים בע`מ,,,יח`,200,גרם,false,1,13.90,6.95,false,1,
7290010002061,false,פלפל לבן טחון תבליני מימון (100 גרם),א.ל. ייצור ושיווק תבלינים בע`מ,,,יח`,100,גרם,false,1,19.90,19.90,false,1,
7290010002078,false,פלפל שחור טחון תבליני מימון (100 גרם),א.ל. ייצור ושיווק תבלינים בע`מ,,,יח`,100,גרם,false,1,15.90,15.90,false,1,
7290010002092,false,תבלין פלפל שחור גרוס דק תבליני מימון 90,א.ל. ייצור ושיווק תבלינים בע`מ,,,יח`,90,גרם,false,1,15.90,17.67,false,1,
7290010002108,false,תבלין פלפל שחור גרוס גס תבליני מימון 90,א.ל. ייצור ושיווק תבלינים בע`מ,,,יח`,90,גרם,false,1,15.90,17.67,false,1,
7290010002122,false,פפריקה הונגרית מתוקה תבליני מימון 100 גרם,א.ל. ייצור ושיווק תבלינים בע`מ,,,יח`,100,גרם,false,1,11.90,11.90,false,1,
7290010002146,false,פפריקה מרוקאית מתוקה תבליני מימון 100 גרם,א.ל. ייצור ושיווק תבלינים בע`מ,,,יח`,100,גרם,false,1,11.90,11.90,false,1,
7290010002153,false,פפריקה מרוקאית חריפה תבליני מימון 100 גרם,א.ל. ייצור ושיווק תבלינים בע`מ,,,יח`,100,גרם,false,1,11.90,11.90,false,1,
7290010002207,false,תבלין קינמון טחון תבליני מימון 100 גרם,א.ל. ייצור ושיווק תבלינים בע`מ,,,יח`,100,גרם,false,1,10.90,10.90,false,1,
7290010002290,false,תיבול לשווארמה תבליני מימון 100 גרם,א.ל. ייצור ושיווק תבלינים בע`מ,,,יח`,100,גרם,false,1,11.90,11.90,false,1,
7290010002306,false,תיבול לקציצות תבליני מימון 100 גרם,א.ל.ייצור ושיווק תבלינים בעמ,,,יח`,100,גרם,false,1,11.90,11.90,false,1,
7290010002313,false,תבלין ראס אל חנות תבליני מימון 100 גרם,א.ל. ייצור ושיווק תבלינים בע`מ,,,יח`,100,גרם,false,1,11.90,11.90,false,1,
7290010002320,false,תבלין לגריל עוף תבליני מימון (100 גרם),א.ל. ייצור ושיווק תבלינים בע`מ,,,יח`,100,גרם,false,1,11.90,11.90,false,1,
7290010002351,false,זעתר ושומשום בלדי תבליני מימון (100 גרם),א.ל. ייצור ושיווק תבלינים בע`מ,,,יח`,100,גרם,false,1,11.90,11.90,false,1,
7290010002368,false,תערובת חווויג' תבליני מימון 100 גרם,א.ל. ייצור ושיווק תבלינים בע`מ,,,יח`,100,גרם,false,1,11.90,11.90,false,1,
7290010002375,false,תבלין מדראס קארי תבליני מימון (100 גרם),א.ל. ייצור ושיווק תבלינים בע`מ,,,יח`,100,גרם,false,1,11.90,11.90,false,1,
7290010002382,false,תבלין אורגנו תבליני מימון 40 גרם,א.ל. ייצור ושיווק תבלינים בע`מ,,,יח`,40,גרם,false,1,10.90,27.25,false,1,
7290010002399,false,תבלין בזיליקום תבליני מימון 40 גרם,א.ל. ייצור ושיווק תבלינים בע`מ,,,יח`,50,גרם,false,1,10.90,21.80,false,1,
7290010002429,false,עלי דפנה תבליני מימון 20 גרם צנצנת,א.ל. ייצור ושיווק תבלינים בע`מ,,,יח`,20,גרם,false,1,10.90,54.50,false,1,
7290010002436,false,תבלין פטרוזיליה תבליני מימון 25 גרם,א.ל. ייצור ושיווק תבלינים בע`מ,,,יח`,25,גרם,false,1,10.90,43.60,false,1,
7290010002443,false,תבלין רוזמרין תבליני מימון 40 גרם,א.ל. ייצור ושיווק תבלינים בע`מ,,,יח`,50,גרם,false,1,10.90,21.80,false,1,
7290010002597,false,כוסברה ירוקה תבליני מימון (20 גרם),א.ל. ייצור ושיווק תבלינים בע`מ,,,יח`,30,גרם,false,1,10.90,36.33,false,1,
7290010002696,false,אקסטרה צ'יפס אורז חום מלא שמנת בצל 60 גרם,א.ל.ייצור ושיווק תבלינים בעמ,,,יח`,60,גרם,false,1,6.90,11.50,true,1,
7290010002726,false,תבלין לפרגיות תבליני מימון 100 גרם.,א.ל. ייצור ושיווק תבלינים בע`מ,,,יח`,100,גרם,false,1,11.90,11.90,false,1,
7290010003051,false,פפריקה הונגרית מתוקה תבליני מימון 400 גרם,א.ל. ייצור ושיווק תבלינים בע`מ,,,יח`,400,גרם,false,1,24.90,6.23,false,1,
7290010003075,false,פפריקה מרוקאית מתוקה תבליני מימון 400 גרם,א.ל. ייצור ושיווק תבלינים בע`מ,,,יח`,400,גרם,false,1,24.90,6.23,false,1,
7290010003686,false,עלי דפנה שקית תבליני מימון (20 גרם),א.ל. ייצור ושיווק תבלינים בע`מ,,,יח`,20,גרם,false,1,5.90,29.50,false,1,
7290010003693,false,פפריקה מתוקה בשקית תבליני מימון 80 גרם,א.ל. ייצור ושיווק תבלינים בע`מ,,,יח`,80,גרם,false,1,5.90,7.38,false,1,
7290010003709,false,פלפל שחור טחון בשקית תבליני מימון 50 גרם,א.ל. ייצור ושיווק תבלינים בע`מ,,,יח`,50,גרם,false,1,7.90,15.80,false,1,
7290010003754,false,כמון טחון בשקית תבליני תבליני מימון 50 גרם,א.ל. ייצור ושיווק תבלינים בע`מ,,,יח`,50,גרם,false,1,5.90,11.80,false,1,
7290010003761,false,כורכום טחון בשקית תבליני מימון 80 גרם,א.ל. ייצור ושיווק תבלינים בע`מ,,,יח`,80,גרם,false,1,5.90,7.38,false,1,
7290010003778,false,תיבול לגריל עוף בשקית תבליני מימון 80 גרם,א.ל. ייצור ושיווק תבלינים בע`מ,,,יח`,80,גרם,false,1,5.90,7.38,false,1,
7290010003792,false,מלח לימון בשקית תבליני מימון 100 גרם,א.ל. ייצור ושיווק תבלינים בע`מ,,,יח`,100,גרם,false,1,5.90,5.90,false,1,
7290010003822,false,פפריקה חריפה בשקית תבליני מימון (80 גרם),א.ל. ייצור ושיווק תבלינים בע`מ,,,יח`,80,גרם,false,1,5.90,7.38,false,1,
7290010003846,false,אורגנו בשקית תבליני מימון 20 גרם,א.ל. ייצור ושיווק תבלינים בע`מ,,,יח`,20,גרם,false,1,5.90,29.50,false,1,
7290010003990,false,פטרוזיליה בשקית תבליני מימון 20 גרם,א.ל. ייצור ושיווק תבלינים בע`מ,,,יח`,80,גרם,false,1,5.90,7.38,false,1,
7290010023141,false,תה לימונענע הגן הקסום ויסוצקי 25 יחידות,תה ויסוצקי (ישראל) בעמ,,,יח`,50,גרם,false,1,17.50,35,true,1,
7290010023622,false,תה קלאסי עם נגיעות נענע ויסוצקי 100 יחידות,תה ויסוצקי (ישראל) בעמ,,,יח`,100,גרם,false,1,17.70,17.70,false,1,
7290010045013,false,עוגיות חמאה צרפתיות לחמי (200 גרם),קונדטוריות לחמי,,,יח`,200,גרם,false,1,18.90,9.45,false,1,
7290010045051,false,עוגיות מלבן שקדים לחמי (200 גרם),קונדטוריות לחמי,,,יח`,200,גרם,false,1,18.90,9.45,false,1,
7290010045068,false,עוגיות נסיכה לחמי (250 גרם),קונדטוריות לחמי,,,יח`,250,גרם,false,1,18.90,7.56,false,1,
7290010051021,false,בזיליקום ארוז א.אדמה,א.אדמה (2007) בעמ,,,יח`,1,,false,1,5.90,5.90,false,1,
7290010051045,false,עלי בייבי ארוז א.אדמה,א.אדמה (2007) בעמ,,,יח`,1,,false,1,9.90,9.90,false,1,
7290010051052,false,פטרוזיליה ארוז א.אדמה,א.אדמה (2007) בעמ,,,יח`,120,גרם,false,1,3.90,3.25,false,1,
7290010051076,false,לבבות חסה ארוז א.אדמה,א.אדמה (2007) בעמ,,,יח`,1,,false,1,11.90,11.90,false,1,
7290010051113,false,טימין - קורנית יח',א.אדמה (2007) בעמ,,,יח`,1,,false,1,5.90,5.90,false,1,
7290010051120,false,מרווה ארוז א.אדמה,א.אדמה (2007) בעמ,,,יח`,1,,false,1,5.90,5.90,false,1,
7290010051144,false,תרד עלים א.אדמה,ביכורי השדה צפון 1994 ג.ד. בעמ,,,יח`,180,גרם,false,1,9.90,5.50,false,1,
7290010051168,false,כוסברה ארוז א.אדמה,א.אדמה (2007) בעמ,,,יח`,1,,false,1,3.90,3.90,false,1,
7290010051175,false,כוסברה/שמיר ארוז,א.אדמה (2007) בעמ,,,יח`,1,,false,1,3.90,3.90,false,1,
7290010051182,false,נענע ארוז א.אדמה,א.אדמה (2007) בעמ,,,יח`,1,,false,1,3.90,3.90,false,1,
7290010051199,false,שורש פטרוזיליה ארוז א.אדמה,א.אדמה (2007) בעמ,,,יח`,1,,false,1,5.90,5.90,false,1,
7290010051205,false,סלרי עלים ארוז א.אדמה,א.אדמה (2007) בעמ,,,יח`,1,,false,1,5.90,5.90,false,1,
7290010051212,false,ראש סלרי א.אדמה,א.אדמה (2007) בעמ,,,יח`,300,גרם,false,1,5.90,1.97,false,1,
7290010051243,false,תרד ניוזילנדי א. אדמה,א.אדמה (2007) בעמ,,,יח`,1,,false,1,11.90,11.90,false,1,
7290010051267,false,לוף בשקית א.אדמה,א.אדמה (2007) בעמ,,,יח`,1,,false,1,10.90,10.90,false,1,
7290010051281,false,רוקולה ארוז א.אדמה,ביכורי השדה צפון 1994 ג.ד. בעמ,,,יח`,110,גרם,false,1,9.90,9,false,1,
7290010051298,false,סלק עלים ארוז מנגולד א.אד,א.אדמה (2007) בעמ,,,יח`,1,,false,1,5.90,5.90,false,1,
7290010051328,false,חסה באק צ`וי א. אדמה,א.אדמה (2007) בעמ,,,יח`,1,,false,1,12.90,12.90,false,1,
7290010051335,false,בצל ירוק ארוז א.אדמה,א.אדמה (2007) בעמ,,,יח`,1,,false,1,5.90,5.90,false,1,
7290010051373,false,לבבות חסה בשקית א.אדמה,ביכורי השדה צפון 1994 ג.ד. בעמ,,,יח`,1,,false,1,10.90,10.90,false,1,
7290010051403,false,סלרי אמריקאי ביכורי שדה ארוז,א.אדמה (2007) בעמ,,,יח`,1,,false,1,5.90,5.90,false,1,
7290010051434,false,חסה סלנובה ארוז א.אדמה,ביכורי שדה דרום,,,יח`,1,,false,1,11.90,11.90,false,1,
7290010051687,false,רוזמרין ארוז א.אדמה,א.אדמה (2007) בעמ,,,יח`,300,גרם,false,1,5.90,1.97,false,1,
7290010051724,false,מלפפון בייבי,א.אדמה (2007) בעמ,,,יח`,1,,false,1,9.90,9.90,false,1,
7290010065295,false,פרינוק - מחית תפוחי עץ ובננה 130 גרם,גורי מוצרי צריכה (1991) בעמ,,,יח`,130,גרם,false,1,5.90,4.54,false,1,
7290010065301,false,פרינוק - מחית סלט פירות 130 גרם,גורי מוצרי צריכה (1991) בעמ,,,יח`,130,גרם,false,1,5.90,4.54,false,1,
7290010065332,false,מחית תפוח עץ בננה ג'וניור פרינוק 190 גרם,גורי מוצרי צריכה (1991) בעמ,,,יח`,190,גרם,false,1,6.60,3.47,true,1,
7290010066001,false,נתחי טונה עם שמן צמחי פילטונה 960 גרם,תעשיות פיל טונה בעמ,,,יח`,960,גרם,false,1,34.90,3.64,false,1,
7290010066025,false,טונה פילטונה בודד בשמן 160 ג`.,תעשיות פיל טונה בעמ,,,יח`,160,גרם,false,1,5.90,3.69,false,1,
7290010066513,false,נתחי טונה בשמן צמחי רביעיה *158ג' פילטונה,תעשיות פילטונה בעמ,,,יח`,632,גרם,false,1,22.90,3.62,false,1,
7290010066575,false,נתחי טונה במים רביעיה *158ג' פילטונה,תעשיות פילטונה בעמ,,,יח`,632,גרם,false,1,22.90,3.62,false,1,
7290010066582,false,נתחי טונה בשמן קנולה רביעיה * 158 ג' פילטונה,תעשיות פילטונה בעמ,,,יח`,632,גרם,false,1,22.90,3.62,false,1,
7290010116980,false,שוקולית אבקה להכנת משקה שוקו שקית 850,הנסיך- מפעל לייצור ט,,,יח`,850,גרם,false,1,18.50,2.18,true,1,
7290010117864,false,דוריטוס חטיף תירס בטעם חריף אש עלית 70 גרם,"שטראוס פריטו ליי בע""\מ )",,,יח`,70,גרם,false,1,3.90,5.57,true,1,
7290010118328,false,חטיף צ`יפס בטעם טבעי תפוצ`יפס (40x6 גרם),"שטראוס פריטו ליי בע""מ",,,יח`,240,גרם,false,1,12.90,5.38,false,1,
7290010124107,false,סטייקבורגר זהב 400 גרם הקצביה בלדי,בלדי בעמ,,,יח`,400,גרם,false,1,15.90,3.98,false,1,
7290010124190,false,אל מטאדור שניצל בקר מלינסה 250 גרם בלדי,בלדי בעמ,,,יח`,250,גרם,false,1,12.90,5.16,false,1,
7290010124503,false,שומן כבש מעובד ארוז בלדי 200גר,בלדי בע`מ,,,יח`,200,גרם,false,1,9.90,4.95,false,1,
7290010129003,false,עוגיות אוזניים דולצ`ה ויטה 600 גר,שיבולים יצור ושיווק מוצרי מאפה,,,יח`,600,גרם,false,1,19.90,3.32,false,1,
7290010129010,false,עוגיות כתר ריבה דולצ`ה ויטה (600 גרם),שיבולים יצור ושיווק מוצרי מאפה,,,יח`,600,גרם,false,1,19.90,3.32,false,1,
7290010129324,false,עוגיות מעמול דולצה ויטה 600 גר,שיבולים יצור ושיווק מוצרי מאפה,,,יח`,600,גרם,false,1,19.90,3.32,false,1,
7290010129348,false,עוגיות שוקולד דולצ`ה ויטה (600 גרם),שיבולים יצור ושיווק מוצרי מאפה,,,יח`,600,גרם,false,1,19.90,3.32,false,1,
7290010129652,false,עוגיות לקפה 350ג מאפים של אדל,שיבולים יצור ושיווק מוצרי מאפה,,,יח`,350,גרם,false,1,15.90,4.54,false,1,
7290010129720,false,עוגיות שמרים קינמון 400 גרם דולצה ויטה,שיבולים יצור ושיווק מוצרי מאפה,,,יח`,400,גרם,false,1,11.90,2.98,false,1,
7290010129942,false,עוגיות שמרים 500 גרם דולצה ויטה,שיבולים יצור ושיווק מוצרי מאפה,,,יח`,500,גרם,false,1,12.90,2.58,false,1,
7290010129959,false,עוגיות שמרים 400 גרם דולצה ויטה,שיבולים יצור ושיווק מוצרי מאפה,,,יח`,400,גרם,false,1,11.90,2.98,false,1,
7290010153503,false,שעועית בובס יבשה מיה 400 גר',מיה תעשיות מזון מ.ת.מ. בעמ,,,יח`,400,גרם,false,1,11.90,2.98,false,1,
7290010153510,false,בורגול יבש מיה 500 גר',מיה תעשיות מזון מ.ת.מ. בעמ,,,יח`,500,גרם,false,1,5.90,1.18,true,1,
7290010153527,false,ג'ריש מיה 500 גרם,מיה תעשיות מזון מ.ת.מ. בעמ,,,יח`,500,גרם,false,1,5.90,1.18,true,1,
7290010153770,false,ציפוי לשניצל פיקנטי מיה 500 גרם,מיה תעשיות מזון מ.ת.מ. בעמ,,,יח`,500,גרם,false,1,11.90,2.38,true,1,
7290010153787,false,ציפוי לשניצל עם שומשום 500 גר`מיה,מיה תעשיות מזון מ.ת.מ. בעמ,,,יח`,500,גרם,false,1,11.90,2.38,true,1,
7290010153817,false,ריבת חלב אמיתי מיה 400 גרם,מיה תעשיות מזון מ.ת.מ. בעמ,,,יח`,400,גרם,false,1,13.90,3.48,false,1,
7290010153879,false,ריבת חלב מרוכזת בטעם שמנת מיה 400 גר',מיה תעשיות מזון מ.ת.מ. בעמ,,,יח`,400,גרם,false,1,13.90,3.48,false,1,
7290010154005,false,סחוג תימני תבליני ביטון יוחאי (250 גרם),תבליני יוחאי ביטון,,,יח`,250,גרם,false,1,13.90,5.56,false,1,
7290010154012,false,לימון בלאדי תבליני ביטון יוחאי (250 גרם),תבליני יוחאי ביטון,,,יח`,250,גרם,false,1,15.90,6.36,false,1,
7290010154029,false,אריסה מתוקה תבליני ביטון יוחאי (250 גרם),תבליני יוחאי ביטון,,,יח`,250,גרם,false,1,14.90,5.96,false,1,
7290010154036,false,עמבה תבליני ביטון יוחאי (250 גרם),תבליני יוחאי ביטון,,,יח`,250,גרם,false,1,13.90,5.56,false,1,
7290010154050,false,ממרח שיפקה כבוש ביטון יוחאי (250 גרם),תבליני יוחאי ביטון,,,יח`,250,גרם,false,1,14.90,5.96,false,1,
7290010154241,false,סלט חזרת ביתית תבליני ביטון יוחאי (250 ג,תבליני יוחאי ביטון,,,יח`,250,גרם,false,1,13.90,5.56,false,1,
7290010154265,false,פלפל צ`ומה תבליני ביטון יוחאי (250 גרם),תבליני יוחאי ביטון,,,יח`,250,גרם,false,1,14.90,5.96,false,1,
7290010154425,false,סחוג ירוק תבליני ביטון 130 גרם,תבליני יוחאי ביטון,,,יח`,130,גרם,false,1,8.90,6.85,true,1,
7290010173044,false,"יין בר הרי גליל מרלו 750 מ""ל",היכל היין שקד גולן בעמ,,,יח`,750,"מ""ל",false,1,37.90,5.01,true,1,
7290010173068,false,יין בר הרי גליל קברנה סוביניון 750 מל,היכל היין שקד גולן בעמ,,,יח`,750,"מ""ל",false,1,37.90,5.01,true,1,
7290010192120,false,צנונית ארוז 400 גרם,ביכורי השדה צפון 1994 ג.ד. בעמ,,,יח`,1,,false,1,6.90,6.90,false,1,
7290010195268,false,פופקורן פופסטאר חמישייה מופחת שומן טבעי,דנשר (1963) בעמ,,,יח`,425,גרם,false,1,16.90,3.98,true,1,
7290010237685,false,"הייניקן בירה צואר ארוך 330מ""ל",טמפו משקאות בע''מ,,,יח`,330,"מ""ל",false,1,10.10,2.97,false,1,
7290010237784,false,בירה שנדי בתוספת משקה לימון ליים - שישייה,"טמפו משקאות בע""\מ",,,יח`,1.98,1 ליטר,false,1,36.90,17.73,true,1,
7290010237890,false,"בירה הייניקן בקבוק 500 מ""ל חוזר",טמפו משקאות בע''מ,,,יח`,500,"מ""ל",false,1,8.50,1.46,false,1,
7290010259359,false,וילי פוד נודלס אטר.ביצים להקפצה בדץ 200ג,ג.וילי-פוד אינטרנשיונל בעמ,,,יח`,200,גרם,false,1,4.90,2.45,false,1,
7290010259366,false,וילי פוד נודלס אטר.ביצים מסולסל בדץ 200ג,ג. וילי-פוד אינטרנשיונל בע`מ,,,יח`,200,גרם,false,1,4.90,2.45,false,1,
7290010259830,false,מנת השף נודלס בסגנון סיני פיקנטי וילי פוד 70 גרם,ג. וילי-פוד אינטרנשיונל בע`מ,,,יח`,70,גרם,false,1,4.90,7,false,1,
7290010259861,false,מנת השף מרק עם נודלס בטעם ירקות ויליפוד 70 גרם,ג. וילי-פוד אינטרנשיונל בע`מ,,,יח`,70,גרם,false,1,4.90,7,false,1,
7290010259991,false,צנימים מיוחדים בטעם טבעי 250 ג',ג. וילי-פוד אינטרנשיונל בע`מ,,,יח`,250,גרם,false,1,7.90,3.16,true,1,
7290010328093,false,ממרח חלווה אחווה 400 ג' מהדרין,אחדות בית חרושת לטחי,,,יח`,400,גרם,false,1,9.90,2.48,false,1,
7290010328239,false,טחינה מתובלת משומשום טבעי אחוה (500 גרם),אחדות ביתחרושת לטחינה חלבה,,,יח`,500,גרם,false,1,11.90,2.38,false,1,
7290010328246,false,טחינה גולמית שומשום מלא אחווה 500 ג',אחדות ביתחרושת לטחינה חלבה,,,יח`,500,גרם,false,1,10.90,2.18,false,1,
7290010328253,false,טחינה גולמית משומשום טבעי אחווה 500 גרם,אחדות ביתחרושת לטחינה חלבה,,,יח`,500,גרם,false,1,10.90,2.18,false,1,
7290010328468,false,מארז מיני חלווה אחוה בטעמים 18 יחידות 216 גרם,שוורצקוף& הנקל דיסלד,,,יח`,216,גרם,false,1,10.90,5.05,true,1,
7290010328505,false,"מארז מיני חלווה 15 יחידות לל""ס אחוה 150 גרם",אחדות ביחר לטחינה חל,,,יח`,1,,false,1,10.90,10.90,true,1,
7290010328680,false,עוגה בטעם שוקולד עם שוקוצ'יפס מריר ולבן 450 גרם,אחדות ביחר לטחינה חל,,,יח`,450,גרם,false,1,10.90,2.42,true,1,
7290010328710,false,קצפיות אחווה 180 גר`חדש ללא חזרות*,אחדות ביחר לטחינה חל,,,יח`,180,גרם,false,1,7.90,4.39,false,1,
7290010328727,false,ממרח טחינה עם שוקולד אחווה 400 גרם,אחדות ביחר לטחינה חל,,,יח`,400,גרם,false,1,9.90,2.48,false,1,
7290010382842,false,"קרם נטורל פורמולה קרם לחות קלילה לשיער רגיל, 400 מ""ל קלילה רגיל",החברה הדרומית לשיווק בעמ,,,יח`,500,"מ""ל",false,1,24.90,4.98,true,1,
7290010471669,false,יוגורט תות עם קורנפלקס מצופה שוקולד ללא גלוטן 3.9%,שטראוס גרופ בעמ/מצונן,,,יח`,175,"מ""ל",false,1,4.40,2.51,false,1,
7290010472307,false,"שמיניית משקה גמדים תות בננה דיסני 108 מ""ל",שטראוס גרופ בעמ/מצונן,,,יח`,800,"מ""ל",false,1,20,2.50,true,1,
7290010472390,false,מארז 8 יחידות מעדן דני בטעם שוקולד 1.5%,שטראוס גרופ בעמ/מצונן,,,יח`,1,1 ליטר,false,1,16.40,16.40,true,1,
7290010569717,false,שטראוס קרמיסימו,גלידות שטראוס בעמ,,,יח`,1.33,1 ליטר,false,1,19.90,14.96,true,1,
7290010627004,false,טחינה גולמית מסורתית ירושלים 500 ג',תה ויסוצקי (ישראל) בעמ,,,יח`,500,גרם,false,1,15.90,3.18,true,1,
7290010627844,false,טחינה גולמית שומשום מלא ירושלים 500גרם,תה ויסוצקי (ישראל) בעמ,,,יח`,500,גרם,false,1,15.90,3.18,true,1,
7290010632787,false,צימרוני אוזניים מעץ אינטרסן) (300,הדקלאים אגודת שיתופי,,,יח`,300,יח`,false,1,4.90,0.02,false,1,
7290010690527,false,קייל ארוז גן ירק,א.אדמה (2007) בעמ,,,יח`,1,,false,1,11.90,11.90,false,1,
7290010711031,false,מברשת אבק גדולה 1522,מ.א.ייצור ויבוא מטליות בעמ,,,יח`,1,,false,1,14.90,14.90,false,1,
7290010711123,false,כריות מתכת שייני 4 יחידות,מ.א.ייצור ויבוא מטליות בעמ,,,יח`,1,,false,1,5.90,5.90,false,1,
7290010711208,false,שייני גליל מטליות צהוב 33 יח',מ.א.ייצור ויבוא מטליות בעמ,,,יח`,1,,false,1,17.90,17.90,false,1,
7290010711253,false,רביעייה מטליות מיקרו לניקוי כללי Shiny,מ.א.ייצור ויבוא מטליות בעמ,,,יח`,1,,false,1,6.90,6.90,false,1,
7290010711543,false,כף אשפה + גומי SHINY,מ.א.ייצור ויבוא מטליות בעמ,,,יח`,1,,false,1,5.90,5.90,false,1,
7290010711550,false,דלי איטלקי עם פיה יוגב,מ.א.ייצור ויבוא מטליות בעמ,,,יח`,1,,false,1,11.90,11.90,false,1,
7290010711864,false,מטאטא משובח+מקל,מ.א.ייצור ויבוא מטליות בעמ,,,יח`,1,,false,1,31.90,31.90,false,1,
7290010711901,false,מיקרופייבר שלישייה לרצפה שייני,מ.א.ייצור ויבוא מטליות בעמ,,,יח`,1,,false,1,13.90,13.90,false,1,
7290010711918,false,שייני מטליות מיקרופייבר לניקוי כללי חמישיה,מ.א.ייצור ויבוא מטליות בעמ,,,יח`,1,,false,1,7.90,7.90,false,1,
7290010711932,false,מטליות רב שימושיות פרימיום שייני 9 יחידות,מ.א.ייצור ויבוא מטליות בעמ,,,יח`,1,,false,1,7.90,7.90,false,1,
7290010718023,false,"קרם גוף איזבלה ורוד 300 מ""ל פנינה רוזנבלום",פנינה רוזנבלום בעמ,,,יח`,400,"מ""ל",false,1,17.90,4.48,false,1,
7290010748860,false,"ד""ר פישר - אפקטיב קר קרם ידיים אינטנסיב 150 מ""ל","פישר תעשיות פרמצביטות בע""מ",,,יח`,150,"מ""ל",false,1,18.90,12.60,true,1,
7290010748884,false,אפקטיב קר קרם גוף אינטנסיב לעור יבש במיוחד ח 700,"פישר תעשיות פרמצביטות בע""מ",,,יח`,700,"מ""ל",false,1,32.90,4.70,true,1,
7290010757893,false,"בורקס תפו""א ללא גלוטן פרווה - מוקפא",מאפיית ישראל חיפה,,,יח`,500,גרם,false,1,19.90,3.98,false,1,
7290010757923,false,אריאל ללא גלוטן- ריבועי בצק עלים 450 גר,מאפית אריאל שיווק והפצה,,,יח`,450,גרם,false,1,19.90,4.42,false,1,
7290010766307,false,רוטב לפסטה בולונז אוליביה 420 ג' אסם,תה ויסוצקי (ישראל) בעמ,,,יח`,420,גרם,false,1,13.90,3.31,true,1,
7290010766734,false,רוטב פיצה אוליביה אסם 430 ג',תה ויסוצקי (ישראל) בעמ,,,יח`,415,"מ""ל",false,1,13.90,3.35,true,1,
7290010777099,false,פיתות בעבודת יד פיתה אקספרס 8 יחידות,מגוון שיווק והפצת מאפים בעמ,,,יח`,800,גרם,false,1,11.30,1.41,false,1,
7290010777297,false,פיתות עבודת יד10 יח'/ פיתה ביס לבן 12 יח',מגוון שיווק והפצת מאפים בעמ,,,יח`,0.01,1 ליטר,false,1,12.90,1290,false,1,
7290010777358,false,מארז שמיניית פיתות 100% כוסמין מלא,מגוון שיווק והפצת מאפים בעמ,,,יח`,1,,false,1,15.90,15.90,false,1,
7290010777488,false,פיתה מחמצת 100% קמח מלא פיתה אקספרס,מגוון שיווק והפצת מאפים בעמ,,,יח`,1,,false,1,15.90,15.90,false,1,
7290010777525,false,מארז שישייה פיתות כוסמין פיתה אקספרס,מגוון שיווק והפצת מאפים בעמ,,,יח`,0,גרם,false,1,15.90,15.90,false,1,
7290010838219,false,ממתיק על בסיס צמח הסטיביה - שקיות,"קיפל טבליות וממתיקים בע""מ",,,יח`,100,יח`,false,1,27.90,0.28,false,1,
7290010838424,false,ג'ל לניקוי מתקדם בניחוח רענן - מארז זוג,"איטיליאן פוד, אס.פי.",,,יח`,1.50,1 ליטר,false,1,18.90,12.60,true,1,
7290010838431,false,דאק נוזל לניקוי אסלות זוג בניחוח ים 2*750 מל,מיוצר עי קונדיטוריית,,,יח`,1.50,1 ליטר,false,1,18.90,12.60,true,1,
7290010849512,false,למברוסקו די לואיג`י קאוויקיולי (750 מל),הכרם - משקאות חריפים בעמ,,,יח`,750,"מ""ל",false,1,29.90,3.95,true,1,
7290010883356,false,כפפות אלוורה רב שימושיות גדולות L סנו סושי,החברה הדרומית לשיווק בעמ,,,יח`,1,,false,1,10.90,10.90,true,1,
7290010883370,false,כפפות אלוורה רב שימושיות בינוניות M סנו סושי,החברה הדרומית לשיווק בעמ,,,יח`,1,,false,1,10.90,10.90,true,1,
7290010903917,false,שניצל תירס שף הטבע 1,קפוא-זן תעשיות מזון בעמ - תפוג,,,יח`,1000,גרם,false,1,21.90,2.19,false,1,
7290010922864,false,גולש בקר ארוז קפוא אשפר( 800 גר`),בלדי בעמ,,,יח`,800,גרם,false,1,29.90,3.74,false,1,
7290010922871,false,טחון בקר 1 קג ארוז קפוא -אשפר,בלדי בעמ,,,יח`,1000,גרם,false,1,29.90,2.99,false,1,
7290010922895,false,המבורגר בקר בלדי אשפר 400 גרם ארוז,"בלדי בע""\מn\",,,יח`,400,גרם,false,1,13.90,3.48,false,1,
7290010922901,false,קבב מזרחי קפוא ארוז אשפר 400 גרם בלדי,"בלדי בע""\מ",,,יח`,400,גרם,false,1,13.90,3.48,false,1,
7290010931330,false,סלט מטבוחה אחלה 500 גרם,שטראוס גרופ בעמ/מצונן,,,יח`,500,גרם,false,1,14.90,2.98,true,1,
7290010945146,false,קוטג' 3% מועשר בסידן טרה 250 ג' מהדרין,החברה המרכזית טלהפצת משקאות בע,,,יח`,250,גרם,false,1,5.60,2.24,false,1,
7290010945306,false,חלב טרה קרטון 2 ליטר מהדרין*%*3,החברה המרכזית טלהפצת משקאות בע,,,יח`,2,1 ליטר,false,1,12.46,6.23,false,1,
7290010945450,false,גבינה לבנה 3% 250 גר מועשר בסידן וויטמין,החברה המרכזית טלהפצת משקאות בע,,,יח`,250,גרם,false,1,4.98,1.99,false,1,
7290010945481,false,גבינה לבנה טרה 5% מרכיבים טבעיים,החברה המרכזית טלהפצת משקאות בע,,,יח`,500,גרם,false,1,9.96,1.99,false,1,
7290011015862,false,סירופ דיאט 750 מל בטעם לימונענע פריגת,החברה המרכזית להפצת משקאות בעמ,,,יח`,750,"מ""ל",false,1,22.90,3.05,false,1,
7290011015985,false,"סירופ בטעם דיאט אננס 750 מ""ל פריגת",החברה המרכזית להפצת משקאות בעמ,,,יח`,750,"מ""ל",false,1,22.90,3.05,false,1,
7290011017866,false,פחית קולה סליק קוקה-קולה (330 מל),החברה המרכזית להפצת משקאות בעמ,,,יח`,330,"מ""ל",false,1,3.90,1.09,true,1,
7290011017873,false,פחית זירו סליק קוקה-קולה (330 מל),החברה המרכזית להפצת משקאות בעמ,,,יח`,330,"מ""ל",false,1,3.90,1.09,true,1,
7290011017880,false,פחית דיאט קולה סליק קוקה-קולה (330 מל),החברה המרכזית להפצת משקאות בעמ,,,יח`,330,"מ""ל",false,1,3.90,1.09,true,1,
7290011018443,false,משקה מוגז אורנג` פאנטה (330 מל),החברה המרכזית להפצת משקאות בעמ,,,יח`,330,"מ""ל",false,1,3.90,1.09,true,1,
7290011026066,false,"ד""ר פישר - סרקל שמפו + מרכך לילדים 1 ליטר","פישר תעשיות פרמצביטות בע""מ",,,יח`,1,1 ליטר,false,1,29.90,29.90,false,1,
7290011064099,false,ירקות או פרות ממולאים במעדן גבינה ניצן 125 גרם,גבינות עמיר ניצן בעמ,,,יח`,125,גרם,false,1,19.90,15.92,false,1,
7290011065416,false,פלפל שחור מטחנה מימונס 60 גרם,"א.ל ייצור ושיווק תבלינים בע""מ",,,יח`,60,גרם,false,1,16.90,28.17,false,1,
7290011065430,false,צ'ילי מטחנה מימונס 50 גרם,א.ל.ייצור ושיווק תבלינים בעמ,,,יח`,50,גרם,false,1,17.90,35.80,false,1,
7290011081041,false,שטראוס קרמיסימו וניל גורמה,גלידות שטראוס בעמ,,,יח`,1.30,1 ליטר,false,1,19.90,15.31,true,1,
7290011081492,false,גלידה בטעם שלושה שוקולדים 1.33ל' קרמיסימו,"גלידת שטראוס בע""\מ, רחוב",,,יח`,1.33,1 ליטר,false,1,19.90,14.96,true,1,
7290011081690,false,קרמיסימו פרווה שוקו ציפ+וניל ציפ 1.33ל,"גלידת שטראוס בע""\מ, רחוב",,,יח`,1.33,1 ליטר,false,1,19.90,14.96,true,1,
7290011103088,false,זיקוקים 6 יח בשקית 15 סמ,שמחה זה אנחנו בעמ,,,יח`,1,,false,1,14.90,14.90,false,1,
7290011115159,false,סבון מוצק מועשר בקרם לחות ניחוח פרחים נקה 7 4*100 גרם,החברה הדרומית לשיווק בעמ,,,יח`,400,גרם,false,1,10.90,2.73,true,1,
7290011115203,false,אל סבון מוצק מבושם בניחוח עדין קלאסיק - מארז רביעיה,החברה הדרומית לשיווק בעמ,,,יח`,400,גרם,false,1,10.90,2.73,true,1,
7290011115258,false,אל סבון מוצק מבושם בניחוח עדין קלאסיק - מארז רביעיה,החברה הדרומית לשיווק בעמ,,,יח`,400,גרם,false,1,10.90,2.73,true,1,
7290011115265,false,מארז סבון מוצק ארומה אל סבון מועשר בשמנים ארומטיים,החברה הדרומית לשיווק בעמ,,,יח`,400,גרם,false,1,10.90,2.73,true,1,
7290011126452,false,הגן הקסום תה בטעם קמומיל ונענע ויסוצקי 25 יחידות,תה ויסוצקי (ישראל) בעמ,,,יח`,37.50,גרם,false,1,17.50,46.67,true,1,
7290011126469,false,חליטת צמחים וקמומיל הגן הקסום ויסוצקי 25 יחידות,תה ויסוצקי (ישראל) בעמ,,,יח`,37.50,גרם,false,1,17.50,46.67,true,1,
7290011128050,false,השורשים של שליט גזר צבעוני מובחר,גזר שליט (חוות מיכאל)בעמ,,,יח`,1,,false,1,9.90,9.90,false,1,
7290011131654,false,מוזלי קראנצ'י ביג מיקס עם פירות ואגוזים,משה סידס ובנו בעמ,,,יח`,1,"ק""ג",false,1,25.90,25.90,true,1,
7290011132507,false,סן בנדטו- מים מנרליים - מוגז עדין 500 מל,אקווה מינרלה סאן בנדטו ב,,,יח`,500,"מ""ל",false,1,3.30,0.60,false,1,
7290011133368,false,בירה שנדי בתוספת משקה תפוח - שישייה,טמפו משקאות בע`מ,,,יח`,1.98,1 ליטר,false,1,36.90,17.73,true,1,
7290011133375,false,בירה שנדי בתוספת משקה אפרסק - שישייה,"טמפו משקאות בע""מ",,,יח`,1.98,1 ליטר,false,1,36.90,17.73,true,1,
7290011142001,false,לחם שיפון בורודינסקי,מאפיית דואט בעמ,,,יח`,550,גרם,false,1,11.90,2.16,false,1,
7290011142025,false,לחם שיפון אוקראינסקי 630 גר,מאפיית דואט בעמ,,,יח`,600,גרם,false,1,11.90,1.98,false,1,
7290011142049,false,לחם ביתי עם סובין לל,מאפיית דואט בעמ,,,יח`,630,גרם,false,1,11.90,1.89,false,1,
7290011142070,false,לחם שיפון אשדודי 630 גר`,מאפיית דואט בעמ,,,יח`,630,גרם,false,1,11.90,1.89,false,1,
7290011142148,false,שישיית לחמניות אצבע מאפיית דואט,מאפיית דואט בעמ,,,יח`,1,,false,1,11.90,11.90,false,1,
7290011142193,false,לחמניות קלועות מתוקות עם צימוקים 400 גרם,מאפיית דואט בעמ,,,יח`,1,,false,1,11.90,11.90,false,1,
7290011142315,false,לחם מרוקאי מסורתי(פרנה),מאפיית דואט בעמ,,,יח`,550,גרם,false,1,13.90,2.53,false,1,
7290011142407,false,לחם שבע דגנים 1100 גר`,מאפיית דואט בעמ,,,יח`,1100,גרם,false,1,15.90,1.45,false,1,
7290011142551,false,לחם בתוספת גרעיני כוסמין וחיטה 750 גרם,אלון חברה ליצור שיוו,,,יח`,750,גרם,false,1,14.90,1.99,false,1,
7290011142650,false,לחם שיפון עם אגוזים-,מאפיית דואט בעמ,,,יח`,900,גרם,false,1,14.90,1.66,false,1,
7290011148805,false,שעועית טריה עד 500 ג,ירקט ירקות צעירים ארוזים בעמ,,,יח`,1,,false,1,12.90,12.90,false,1,
7290011194215,false,מעדן גבינה ויוגורט בטעם בננה 5% שומן 88 ג' דניאלה,שטראוס גרופ בעמ/מצונן,,,יח`,150,"מ""ל",false,1,4,2.67,false,1,
7290011194246,false,קוטג 5% 250 גרם עם סידן שטראוס,שטראוס גרופ בעמ/מצונן,,,יח`,250,גרם,false,1,5.90,2.36,false,1,
7290011215415,false,סופגניה מיני ריקה פילסברי 40 גרם,קונסיגנציה ג`נרל מילס ישראל בע,,,יח`,1,,false,1,2.90,2.90,false,1,
7290011223038,false,בונומי עלים לקרמשניט שכבות אפויות מבצק עלים 300 גרם,דנשר (1963) בעמ,,,יח`,300,גרם,false,1,17.90,5.97,false,1,
7290011223045,false,בישקוטים ליידיפינגרז בונומי (200 גרם),דנשר (1963) בעמ,,,יח`,200,גרם,false,1,7.90,3.95,false,1,
7290011239237,false,חטיף אגוזים ישראלי 250גר ללתס,סוכנויות עמוס ממתקים בעמ,,,יח`,250,גרם,false,1,18.90,7.56,false,1,
7290011239404,false,חטיפים מתוקים טעמים שונים 330גר,סוכנויות עמוס ממתקים בעמ,,,יח`,330,גרם,false,1,14.90,4.52,false,1,
7290011239657,false,רחת לוקום ארוז קוביות500,סוכנויות עמוס ממתקים בעמ,,,יח`,500,גרם,false,1,14.90,2.98,false,1,
7290011254032,false,קינואה מיה (500 גרם),מיה תעשיות מזון מ.ת.מ. בעמ,,,יח`,500,גרם,false,1,19.90,3.98,true,1,
7290011254254,false,נטיפי שוקולד צ'יפס בטעם שוקולד מיה 300 גרם,מיה תעשיות מזון מ.ת.מ. בעמ,,,יח`,300,גרם,false,1,7.90,2.63,false,1,
7290011254346,false,"קינואה מיה בד""צ 1 ק""ג",מיה תעשיות מזון מ.ת.מ. בעמ,,,יח`,1,"ק""ג",false,1,29.90,29.90,true,1,
7290011254605,false,תערובת לקדירה לקט חמין מיה 600 גרם,מיה תעשיות מזון מ.ת.מ. בעמ,,,יח`,600,גרם,false,1,13.90,2.32,false,1,
7290011254698,false,"שמן זית כתית מעולה 750מ""ל בד''ץ",מיה תעשיות מזון מ.ת.מ. בעמ,,,יח`,750,"מ""ל",false,1,30.90,4.12,true,1,
7290011254773,false,שעועית ארגנטינאית יבשה מיה 500 גר',מיה תעשיות מזון מ.ת.מ. בעמ,,,יח`,500,גרם,false,1,11.90,2.38,false,1,
7290011254780,false,"שעועית ארגנטינאית יבשה מיה 1 ק""ג",מיה תעשיות מזון מ.ת.מ. בעמ,,,יח`,1,"ק""ג",false,1,19.90,19.90,true,1,
7290011312381,false,פטריות סטייק פורטבלה ארוז,קונס`-מרינה פטריות הגליל בעמ*ש,,,יח`,1,,false,1,13.90,13.90,false,1,
7290011378028,false,חלבה קלאסית וניל ללא תוספת סוכר בארכה 350 גרם,קבוצת אסם סחר שות. מוגבלת,,,יח`,350,גרם,false,1,14.90,4.26,false,1,
7290011378233,false,"חטיפי חלווה בארכה 126 גרם מארז 7 יחידות לל""ס",קבוצת אוסם סחר שותפות מוגבלת,,,יח`,1,,false,1,11.90,11.90,false,1,
7290011378769,false,חטיף חלווה וניל בארכה 126 גרם מארז 7 יחידות,קבוצת אוסם סחר שותפות מוגבלת,,,יח`,1,,false,1,11.90,11.90,false,1,
7290011378776,false,חטיף חלווה פיסטוק בארכה 126 גרם מארז 7 יחידות,קבוצת אוסם סחר שותפות מוגבלת,,,יח`,1,,false,1,11.90,11.90,false,1,
7290011379926,false,סלרי עלים ארוז יח,"מרינה פטריות הגליל בע""מ",,,יח`,1,,false,1,6,6,false,1,
7290011438142,false,"משקה יטבתה אייס קפה בבקבוק אישי 350 מ""ל",שטראוס גרופ בעמ/מצונן,,,יח`,350,"מ""ל",false,1,6.30,1.80,false,1,
7290011447267,false,מטרנה פרימיום חלבי שלב 1 700 גרם חיסכון,קבוצת אוסם סחר שותפות מוגבלת,,,יח`,700,גרם,false,1,49.90,7.13,false,1,
7290011447281,false,מטרנה פרימיום חלבי שלב 2 700 גרם חיסכון,קבוצת אוסם סחר שותפות מוגבלת,,,יח`,700,גרם,false,1,49.90,7.13,false,1,
7290011447304,false,מטרנה פרימיום חלבי שלב 3 700 גרם חיסכון,קבוצת אוסם סחר שותפות מוגבלת,,,יח`,700,גרם,false,1,49.90,7.13,false,1,
7290011447359,false,תחליף חלב מטרנה מהדרין שלב 1 חלבי 700 גרם,קבוצת אוסם סחר שותפות מוגבלת,,,יח`,700,גרם,false,1,49.90,7.13,false,1,
7290011447373,false,תחליף חלב מטרנה מהדרין שלב 2 חלבי 700 גרם,קבוצת אוסם סחר שותפות מוגבלת,,,יח`,700,גרם,false,1,49.90,7.13,false,1,
7290011447908,false,"מזון לחתולים מלא טעם עוף וכבד סופר קט 3 ק""ג",דיפלומט מפיצים (1968) בעמ**,,,יח`,3,גרם,false,1,49.90,1663.33,false,1,
7290011499105,false,בולגרית מסורתית 5% 250 גרם -רבנות,מחלבות גד שיווק 1992 בעמ,,,יח`,250,גרם,false,1,23.90,9.56,false,1,
7290011499129,false,גבינה בולגרית מעודנת קוביות קטנות 5% גד 200 גרם,מחלבות גד שיווק 1992 בעמ,,,יח`,200,גרם,false,1,21.90,10.95,false,1,
7290011499303,false,פטה עיזים מעודנת 5% בגביע 250 גרם - רבנות,מחלבות גד שיווק 1992 בעמ,,,יח`,250,גרם,false,1,30.90,12.36,false,1,
7290011499327,false,גבינה בולגרית מעודנת 5% 250 גרם - רבנות,מחלבות גד שיווק 1992 בעמ,,,יח`,250,גרם,false,1,22.90,9.16,false,1,
7290011499365,false,גבינת חלומי 24% מחלב בקר גד (200 גרם),מחלבות גד שיווק 1992 בעמ,,,יח`,200,גרם,false,1,21.90,10.95,false,1,
7290011499419,false,גבינה במרקם שמנת בטעם טבעי 5% ניו יורק,מחלבות גד שיווק 1992 בעמ,,,יח`,200,גרם,false,1,11.90,5.95,false,1,
7290011499624,false,שמנת 30% ניו יורק טבעי 200 גרם רבנות,מחלבות גד שיווק 1992 בעמ,,,יח`,200,גרם,false,1,12.90,6.45,false,1,
7290011499846,false,גבינת ריקוטה פרסקה 9% גד (300 גרם),מחלבות גד שיווק 1992 בעמ,,,יח`,300,גרם,false,1,17.90,5.97,false,1,
7290011499853,false,שמנת 30% ניו יורק זיתים מחלבות גד,מחלבות גד שיווק 1992 בעמ,,,יח`,200,גרם,false,1,12.90,6.45,false,1,
7290011505776,false,שיפודי במבוק עבים במיוחד 75 יחידות,אינטרסן (1996) בעמ,,,יח`,1,,false,1,3.90,3.90,false,1,
7290011505790,false,צימרוני אוזניים מפלסטיק בחבית 500 יח`,קוטון סופט Cotton soft,,,יח`,1,,false,1,11.90,11.90,false,1,
7290011505806,false,קיסמי שיניים דנטאליים מפלסטיק 200 יחידות בחבית,אינטרסן (1996) בעמ,,,יח`,1,,false,1,10.90,10.90,true,1,
7290011518561,false,"אקטימל תות 1.51 ק""ג מארז 14 יחידות",שטראוס גרופ בעמ/מצונן,,,יח`,1.40,1 ליטר,false,1,29.90,21.36,false,1,
7290011524548,false,גרגרי חומוס מוקפאים 800 גר`פרי גליל,ויטה- פרי גליל (החדשה) בעמ,,,יח`,800,גרם,false,1,9.90,1.24,false,1,
7290011524555,false,שעועית לבנה מבושלת קפוא 800 גר`פרי גליל,ויטה פרי גליל (החדשה) בע`מ,,,יח`,800,גרם,false,1,9.90,1.24,false,1,
7290011525712,false,"קמיל בלו אל סבון סנסיטיב לפני השינה ד""ר פישר 1 ליטר","פישר תעשיות פרמצביטות בע""מ",,,יח`,1,1 ליטר,false,1,32.90,32.90,true,1,
7290011530488,false,שייק איט 450 גר saturday מיקס פירות קפוא,"הבו-קדו בע""מ",,,יח`,450,גרם,false,1,29.90,6.64,true,1,
7290011530525,false,מיקס פירות קפואים שייק איט צהוב - 3*150 ג',"הבו-קדו בע""מ",,,יח`,450,גרם,false,1,29.90,6.64,true,1,
7290011530549,false,מיקס פירות קפואים שייק איט ורוד - 3*150 ג',"הבו-קדו בע""מ",,,יח`,450,גרם,false,1,29.90,6.64,true,1,
7290011587451,false,מוזלי קראנצי בתוספת פירות ואגוזים ויטליה 600 גרם,תומר יבוא ושיווק מוצרי מזון (1,,,יח`,600,גרם,false,1,12.90,2.15,false,1,
7290011587468,false,מוזלי קראנצי בתוספת אגוזים ויטליה 600 גרם,תומר ייבוא ושיווק מוצרי מזון [,,,יח`,600,גרם,false,1,12.90,2.15,false,1,
7290011598211,false,"סנו - אנטי קאלק מרסס ניקוי כללי 4 ב-1 700 מ""ל",החברה הדרומית לשיווק בעמ,,,יח`,700,"מ""ל",false,1,15.90,2.27,true,1,
7290011598259,false,"פרש מטהר אוויר אוטומטי בניחוח מאסק סנו 250 מ""ל",החברה הדרומית לשיווק בעמ,,,יח`,250,"מ""ל",false,1,13.90,5.56,false,1,
7290011598402,false,מקסימה מרכך כביסה ארומתרפי מאסק סנו 4 ליטר,החברה הדרומית לשיווק בעמ,,,יח`,4,1 ליטר,false,1,19.90,4.98,true,1,
7290011618025,false,בייבי ביס הוט קידס נגיסי אורז לתינוק,גואנז'ו יונג וואנט פ,,,יח`,1,,false,1,13.90,13.90,false,1,
7290011618124,false,נגיסי אורז לתינוקות בטעם ירקות,גואנז'ו יונג וואנט פ,,,יח`,50,גרם,false,1,13.90,27.80,false,1,
7290011622428,false,כתמטמינים-חטיף בריאות לתינוקות וילדים 45 ג',גורי מוצרי צריכה (1991) בעמ,,,יח`,46,גרם,false,1,6.50,14.13,false,1,
7290011668587,false,בריא מהטבע גרנולה בטעם עשיר 500 גרם פנינה רוזנבלום,בריא מהטבע פנינה רוזנבלום,,,יח`,500,גרם,false,1,29.90,5.98,true,1,
7290011765095,false,קרמה מן גל גילוח אלוורה ירוק 200 מל,החברה הדרומית לשיווק בעמ,,,יח`,200,"מ""ל",false,1,10.90,5.45,false,1,
7290011765422,false,אל סבון מועשר בלחות ותמצית קמומיל - בוב ספוג,החברה הדרומית לשיווק בעמ,,,יח`,750,"מ""ל",false,1,10.90,1.45,true,1,
7290011765613,false,סנו מסיר עובש בניחות לימון מתז 1 ל',החברה הדרומית לשיווק בעמ,,,יח`,1000,"מ""ל",false,1,17.90,1.79,true,1,
7290011772055,false,אסותא נייר טואלט 32 גלילים,עיסא ערטול בעמ,,,יח`,1,,false,1,29.90,29.90,true,1,
7290011772468,false,אקונומיקה אמה 4 ליטר,עיסא ערטול בעמ,,,יח`,4000,"מ""ל",false,1,8.90,0.22,false,1,
7290011800840,false,רפי כהן סלט טחינה בלאדי צבר 400 גרם,קבוצת אוסם סחר שותפות מוגבלת,,,יח`,400,גרם,false,1,15.90,3.98,false,1,
7290011860271,false,ביסבול כדורי פירה מתפוחי אדמה תפוגן 700 גרם,קבוצת אוסם סחר שותפות מוגבלת,,,יח`,700,גרם,false,1,12.90,1.84,false,1,
7290011876388,false,קציצות עוף ובקר מאמא עוף (600 גרם),תנובה מרכז שיתופי לשיווק תוצרת,,,יח`,600,גרם,false,1,32,5.33,false,1,
7290011877101,false,"סנומוד מטהר אוויר מאסק סנו 150 מ""ל",החברה הדרומית לשיווק בעמ,,,יח`,150,"מ""ל",false,1,10.90,7.27,true,1,
7290011877859,false,סנו אינסטלטור חדש פותח סתימות 200ג',החברה הדרומית לשיווק בעמ,,,יח`,200,"מ""ל",false,1,14.90,7.45,true,1,
7290011877866,false,"מקסימה אבקת כביסה בניחוח מאסק סנו 6 ק""ג",החברה הדרומית לשיווק בעמ,,,יח`,6,"ק""ג",false,1,49.90,8.32,true,1,
7290011923273,false,טופו אורגני ליב (300 גרם),ל.י.ב. (לחיות יותר בטבע) בעמ,,,יח`,300,גרם,false,1,11.90,3.97,false,1,
7290011923303,false,טופו טבעי ליב (300 גרם),ל.י.ב. (לחיות יותר בטבע) בעמ,,,יח`,300,גרם,false,1,9.90,3.30,false,1,
7290011931162,false,סוכרלייט ממתיק נוזלי על בסיס סוכרלוז,אף.סי תבליני בגליל ב,,,יח`,220,"מ""ל",false,1,23.90,10.86,false,1,
7290011941277,false,קערה שקופה לסלט9.5 פאלאס,פאלאס תעשיות נטו (2014) בעמ,,,יח`,1,,false,1,9.90,9.90,false,1,
7290011947309,false,זיתים מצוננים סורי מבוקע ולימון כבוש זיתא 230 ג',תה ויסוצקי (ישראל) בעמ,,,יח`,230,גרם,false,1,13.90,6.04,false,1,
7290011947316,false,זיתא זיתי קלמטה בשמן זית כתית מעולה 215ג,תה ויסוצקי (ישראל) בעמ,,,יח`,215,גרם,false,1,13.90,6.47,false,1,
7290011947781,false,מיקס זית ירוק וזית קלמטה ללא גלעין עם שמן זית כתית מעולה,תה ויסוצקי (ישראל) בעמ,,,יח`,190,גרם,false,1,13.90,7.32,false,1,
7290011947798,false,זית קלמטה ללא גלעין עם שמן זית כתית מעולה,תה ויסוצקי (ישראל) בעמ,,,יח`,190,גרם,false,1,13.90,7.32,false,1,
7290011947903,false,מיקס זיתים יווני זיתא 215 ג',תה ויסוצקי (ישראל) בעמ,,,יח`,215,גרם,false,1,13.90,6.47,false,1,
7290011964344,false,שום גבישי בקופ' 120 גר' טעם וריח,"תבליני טעם וריח בע""מ",,,יח`,120,גרם,false,1,9.90,8.25,true,1,
7290011964542,false,פפריקה מתוקה 400 גר' טעם וריח,"תבליני טעם וריח בע""מ",,,יח`,400,גרם,false,1,22.90,5.73,false,1,
7290011964573,false,פלפל שחור טחון במיכל 400 גר`טעם וריח,תבליני טעם וריח בעמ,,,יח`,400,גרם,false,1,29.90,7.48,false,1,
7290011964689,false,על האש לא מונוסודיום 100 גרם 100 גרם מיכל גדול,"תבליני טעם וריח בע""מ",,,יח`,100,גרם,false,1,9.90,9.90,true,1,
7290011964702,false,שווארמה ללא מונסודיום 100 גרם מיכל גדול,"תבליני טעם וריח בע""מ",,,יח`,100,גרם,false,1,9.90,9.90,true,1,
7290011969158,false,חמישיית מגבונים טייגר בייבי פאלאס,פאלאס תעשיות נטו (2014) בעמ,,,יח`,5,יח`,false,1,12.90,2.58,false,1,
7290011996062,false,אורז לבן עגול מתאים להכנת סושי,טחנת האבן קואופ בעמ,,,יח`,1,"ק""ג",false,1,13.90,13.90,true,1,
7290011996086,false,"רוטב צ`ילי חריף אסיה 700 מ""ל",טחנת האבן קואופ בעמ,,,יח`,700,"מ""ל",false,1,9.90,1.41,false,1,
7290011996109,false,רוטב צ`ילי מתוק טעמי אסיה (700 מל),טחנת האבן קואופ בעמ,,,יח`,700,"מ""ל",false,1,9.90,1.41,false,1,
7290011996123,false,אצות לסושי נורי גולד 10 יחידות,טחנת האבן קואופ בעמ,,,יח`,25,גרם,false,1,11.90,47.60,true,1,
7290011996185,false,חומץ אורז לבן לסושי טעמי אסיה (250 מל),טחנת האבן קואופ בעמ,,,יח`,250,"מ""ל",false,1,10.90,4.36,true,1,
7290011996222,false,מי קוקוס טעמי אסיה (400 מל),טחנת האבן קואופ בעמ,,,יח`,400,"מ""ל",false,1,8.90,2.23,false,1,
7290011996512,false,"טעם אסיה טעם אסיה אטריות אורז 3מ""מ 400ג'",טחנת האבן קואופ בעמ,,,יח`,400,גרם,false,1,10.90,2.73,false,1,
7290011996529,false,אטריות אורז 5 סמ טעמי אסיה (400 גרם),טחנת האבן קואופ בעמ,,,יח`,400,גרם,false,1,10.90,2.73,false,1,
7290011996888,false,רוטב טריאקי טעמי אסיה (300 מל),קיי.אר.אס.ספייסי פוד,,,יח`,300,"מ""ל",false,1,11.90,3.97,false,1,
7290012001994,false,חרדל דיז'ון גרעינים 350 ג' ריין דיזון,דיפלומט מפיצים (1968) בעמ**,,,יח`,340,גרם,false,1,12.90,3.79,false,1,
7290012022005,false,פריכיות חיטה 60 גרם,דילייט 2005 בעמ,,,יח`,60,גרם,false,1,12.90,21.50,false,1,
7290012022050,false,קריספיות מרובה דגנים 75ג,דילייט 2005 בעמ,,,יח`,75,גרם,false,1,13.90,18.53,false,1,
7290012022067,false,קריספיות קידס 30 גרם,דילייט 2005 בעמ,,,יח`,30,גרם,false,1,10.90,36.33,false,1,
7290012025822,false,שמיר סלק אסלי 400 גרם,"סלטי שמיר 2006 בע""מ",,,יח`,400,גרם,false,1,9.90,2.48,false,1,
7290012025839,false,מטבוחה שמיר אסלי 400 גרם,"סלטי שמיר 2006 בע""מ",,,יח`,400,גרם,false,1,9.90,2.48,false,1,
7290012116360,false,פוליויקס נוזל לניקוי רצפות גרניט פורצלן סנו 2 ליטר,החברה הדרומית לשיווק בעמ,,,יח`,2,1 ליטר,false,1,22.90,11.45,true,1,
7290012116537,false,"מקסימה אבקת כביסה בניחוח מאסק סנו 2.5 ק""ג",החברה הדרומית לשיווק בעמ,,,יח`,2.50,"ק""ג",false,1,24.90,9.96,false,1,
7290012116551,false,אנטי קאלק נוזל לניקוי כללי סנו 2 ליטר,החברה הדרומית לשיווק בעמ,,,יח`,2,1 ליטר,false,1,19.90,9.95,true,1,
7290012116612,false,אורביטול מברשת שיניים סופט 4 יח`,החברה הדרומית לשיווק בעמ,,,יח`,1,,false,1,11.90,11.90,true,1,
7290012117091,false,"אבקת כביסה סנסיטיב סנו מקסימה 6 ק""ג",החברה הדרומית לשיווק בעמ,,,יח`,6,"ק""ג",false,1,49.90,8.32,true,1,
7290012117275,false,"קליר שקית מילוי לניקוי חלונות סנו 750 מ""ל",החברה הדרומית לשיווק בעמ,,,יח`,750,"מ""ל",false,1,5.90,0.79,false,1,
7290012117428,false,"ג'ל רחצה ושמפו מעיינות מנטה קרמה מן 700 מ""ל",החברה הדרומית לשיווק בעמ,,,יח`,700,"מ""ל",false,1,15,2.14,true,1,
7290012117435,false,"קרמה - שמפו וג'ל רחצה 2 ב-1 אלוורה 700 מ""ל",החברה הדרומית לשיווק בעמ,,,יח`,700,"מ""ל",false,1,15,2.14,true,1,
7290012117534,false,מרכך כביסה מרוכז תכלת קול סנו מקסימה 1 ליטר,החברה הדרומית לשיווק בעמ,,,יח`,1,1 ליטר,false,1,17.90,17.90,true,1,
7290012117541,false,מרכך כביסה מרוכז צהוב סנו מקסימה 1 ליטר,החברה הדרומית לשיווק בעמ,,,יח`,1,1 ליטר,false,1,17.90,17.90,true,1,
7290012117558,false,מקסימה מרכך כביסה מרוכז ורוד בניחוח מאסק סנו 1 ליטר,החברה הדרומית לשיווק בעמ,,,יח`,1,1 ליטר,false,1,17.90,17.90,true,1,
7290012117879,false,סנו קליר 750 מל לחלונות,החברה הדרומית לשיווק בעמ,,,יח`,750,"מ""ל",false,1,9.90,1.32,true,1,
7290012117916,false,אינסטלטור נוזל לפתיחת סתימות סנו 1 ליטר,החברה הדרומית לשיווק בעמ,,,יח`,1,1 ליטר,false,1,26.90,26.90,false,1,
7290012191985,false,גפרור קטן מנורה,אבאל יזמות בעמ,,,יח`,1,,false,1,2.50,2.50,false,1,
7290012191992,false,גפרורי בטיחות - גפרורים ארוכים,אבאל יזמות בעמ,,,יח`,1,,false,1,5.90,5.90,true,1,
7290012226342,false,נקניקיה טבעונית למחבת או לתנור עשירה בחלבון,זוגלובק שיווק בעמ,,,יח`,460,גרם,false,1,27.90,6.07,true,1,
7290012227172,false,חרמן הודו בדבש וברביקיו זוג במארז 600 ג' זוגלובק,נקניק נהריה כשר זוגל,,,יח`,600,גרם,false,1,33.90,5.65,true,1,
7290012227325,false,סלמי דק דק מעושן איטלקי 120 ג' זוגלובק,זוגלובק שיווק בעמ,,,יח`,120,גרם,false,1,13.50,11.25,true,1,
7290012227592,false,פסט' חרמון כפרי וסלמי תה זוגי זוגלובק 300X2ג' מחפוד,זוגלובק שיווק בעמ,,,יח`,600,גרם,false,1,34.90,5.82,false,1,
7290012227776,false,פסטרמה חרמון הודו מחפוד 400 גר',זוגלובק שיווק בעמ,,,יח`,400,גרם,false,1,19.90,4.98,false,1,
7290012227783,false,נקניק תה מעושן מחפוד זוגלובק 400ג',זוגלובק שיווק בעמ,,,יח`,400,גרם,false,1,19.90,4.98,false,1,
7290012227998,false,פסטרמה דק דק חזה בקר 120 ג' זוגלובק,זוגלובק שיווק בעמ,,,יח`,120,גרם,false,1,13.50,11.25,true,1,
7290012275401,false,מולר בירה לבנה בקבוק גרמנית 500מל,בני פאוזי שמשום (2009) בעמ,,,יח`,500,"מ""ל",false,1,3.50,0.64,false,1,
7290012309939,false,חלווה מסולסלת בקופסא ששון הקולה 500 גרם,דין שיווק וקליה 2021 בעמ,,,יח`,500,גרם,false,1,16.90,3.38,true,1,
7290012352010,false,קרם לחות מזינה עם שמן ארגן מרוקאי לשיער יבש מאוד ופגום,החברה הדרומית לשיווק בעמ,,,יח`,400,"מ""ל",false,1,23.90,5.98,true,1,
7290012352034,false,"נטורל - קרם לחות עם שמן אגוז מקדמיה לשיער מתולתל 400 מ""ל",החברה הדרומית לשיווק בעמ,,,יח`,400,"מ""ל",false,1,23.90,5.98,true,1,
7290012404955,false,נקטר חמוציות ספרינג קולקשן (1.25 ליטר),יפאורה - שותפות מוגבלת לשיווק,,,יח`,1.25,1 ליטר,false,1,14.90,11.68,true,1,
7290012404993,false,נקטר דיאט חמוציות ספרינג קולקשן 1.25 ליטר,יפאורה - שותפות מוגבלת לשיווק,,,יח`,1.25,1 ליטר,false,1,14.90,11.68,true,1,
7290012413636,false,תה ירוק צ'אי מסאלה ויסוצקי 25 יחידות,תה ויסוצקי (ישראל) בעמ,,,יח`,37.50,גרם,false,1,24.90,66.40,true,1,
7290012413643,false,תה ירוק קמומיל ויסוצקי 25 יחידות,תה ויסוצקי (ישראל) בעמ,,,יח`,37.50,גרם,false,1,24.90,66.40,true,1,
7290012454202,false,סוכריות ללא תוספת סוכר בטעם ריבת חלב מיה 80 גרם,מיה תעשיות מזון מ.ת.מ. בעמ,,,יח`,80,גרם,false,1,8.90,11.13,false,1,
7290012470493,false,כובע רחצה 2 שכבות ענ,קונסיגנציה- ש. י גיספאן 1993,,,יח`,1,,false,1,14.90,14.90,false,1,
7290012483608,false,"אורז בסגנון בסמטי מובחר 5ק""ג DAWAT",ג.וילי-פוד אינטרנשיונל בעמ,,,יח`,5,גרם,false,1,48.90,978,false,1,
7290012522581,false,טבעול שניצל תירס ללא גלוטן טבעול 664 גרם,קבוצת אוסם סחר-שות.מוגבלת,,,יח`,750,גרם,false,1,19.90,2.65,false,1,
7290012561405,false,בצל קצוץ ומטוגן דורות (180 גרם),קבוצת אוסם סחר שותפות מוגבלת,,,יח`,180,גרם,false,1,11.90,6.61,false,1,
7290012576607,false,"יין קברנה סוביניון פרמייר מלבק אדום ברקן 750 מ""ל","ברקן שיווק והפצה בע""",,,יח`,750,"מ""ל",false,1,26.90,3.55,false,1,
7290012645051,false,יוגורט עיזים בגביע 350 גר` חלב הארץ,שטראוס גרופ בעמ/מצונן,,,יח`,350,גרם,false,1,11.90,3.40,true,1,
7290012645112,false,יוגורט עיזים 2.8% בדלי חלב הארץ 750 גרם,שטראוס גרופ בעמ/מצונן,,,יח`,750,"מ""ל",false,1,19.90,2.65,true,1,
7290012645129,false,יוגורט כבשים 5% בדלי חלב הארץ 750 גרם,שטראוס גרופ בעמ/מצונן,,,יח`,750,"מ""ל",false,1,19.90,2.65,true,1,
7290012645174,false,גבינת עיזים 5% חלב הארץ 200 גרם,שטראוס גרופ בעמ/מצונן,,,יח`,200,גרם,false,1,13.90,6.95,true,1,
7290012645280,false,יוגורט כבשים בסגנון יוני 5% חלב הארץ 150 גרם,שטראוס גרופ בעמ/מצונן,,,יח`,150,גרם,false,1,5.90,3.93,true,1,
7290012645297,false,יוגורט עיזים ביו 2.8% טעם טבעי חלב הארץ 150 גרם,שטראוס גרופ בעמ/מצונן,,,יח`,150,גרם,false,1,5.90,3.93,true,1,
7290012803055,false,סוכרלוז מרמולייט- 100שקיות אישיות,"קיפל טבליות וממתיקים בע""מ",,,יח`,100,גרם,false,1,32.90,32.90,false,1,
7290012803215,false,טוסו וופל בלגי ללתס בטעם שוקולד 200 גר`,בטר אנד דיפרנט,,,יח`,200,גרם,false,1,10.90,5.45,true,1,
7290012803451,false,טוסו שוקולד מריר 62% מוצקי קקאו ללא תוספת סוכר 100 גרם,"דנשר (1963) בע,מ",,,יח`,100,גרם,false,1,12.90,12.90,false,1,
7290012803765,false,טוסו שוקולד מריר ללא תוספת סוכר 100 גרם,אלטינמארקה גידה סאן,,,יח`,100,גרם,false,1,12.90,12.90,false,1,
7290012803772,false,טוסו שוקולד חלב ללא תוספת סוכר 100 גרם,אלטינמארקה גידה סאן,,,יח`,100,גרם,false,1,12.90,12.90,false,1,
7290012803789,false,טוסו שוקולד מריר עם אגוזים ללא תוספת סוכר 100 גרם,האי נאם סי או אל.טי.,,,יח`,100,גרם,false,1,12.90,12.90,false,1,
7290012803796,false,טוסו שוקולד חלב עם אגוזים ללא תוספת סוכר 100 גר',אלטינמארקה גידה סאן,,,יח`,100,גרם,false,1,12.90,12.90,false,1,
7290012823251,false,אל סבון נוזלי יסמין ולבנדר כיף (1 ליטר),החברה הדרומית לשיווק בעמ,,,יח`,1,1 ליטר,false,1,13.90,13.90,true,1,
7290012823381,false,מקסימה מרכך כביסה מרוכז סנסטיב בייבי סנו 1 ליטר,החברה הדרומית לשיווק בעמ,,,יח`,1,1 ליטר,false,1,17.90,17.90,true,1,
7290012823398,false,מטליות חד פעמיות לניקוי הרצפה בניחוח מרכך כביסה 10יח' סנו,החברה הדרומית לשיווק בעמ,,,יח`,1,,false,1,11.90,11.90,true,1,
7290012823558,false,"מטליות לחות לרצפה 40*70 ס""מ סנו סושי 10 יחידות",החברה הדרומית לשיווק בעמ,,,יח`,1,,false,1,11.90,11.90,true,1,
7290012823589,false,ריצפז פרש בניחוח לימון מרענן,החברה הדרומית לשיווק בעמ,,,יח`,2000,1 ליטר,false,1,19.90,0.01,false,1,
7290012823602,false,נייר טואלט סופט סילק לבן 32 גלילים סנו,החברה הדרומית לשיווק בעמ,,,יח`,1,,false,1,34.90,34.90,true,1,
7290012823794,false,אל סבון נוזלי יסמין לבנדר כיף (2 ליטר),החברה הדרומית לשיווק בעמ,,,יח`,2,1 ליטר,false,1,19.90,9.95,false,1,
7290012823923,false,"מרכך כביסה מרוכז פרפיום גולדן מקסימה 750 מ""ל",החברה הדרומית לשיווק בעמ,,,יח`,750,"מ""ל",false,1,17.90,2.39,true,1,
7290012823947,false,"סנו - מרכך כביסה מרוכז פרפיום קריסטל נואר 750 מ""ל",החברה הדרומית לשיווק בעמ,,,יח`,750,"מ""ל",false,1,17.90,2.39,true,1,
7290012864001,false,נבטי חמנייה ארוז א.אדמה,ביכורי השדה צפון 1994 ג.ד. בעמ,,,יח`,1,,false,1,10.90,10.90,false,1,
7290012864025,false,נבטי אלפא אלפא ארוז א.אדמה,"בכורי השדה צפון1994 ג.ד. בע""מ",,,יח`,1,,false,1,7.90,7.90,false,1,
7290012881992,false,נוזל שמשות לרכב מקסוול 4ליטר,סאסאטק אגשח בעמ,,,יח`,4000,"מ""ל",false,1,9.90,0.25,false,1,
7290012884986,false,צ`יפס לתנור עד 4% שומן תפוגן (1.5 קג),קבוצת אוסם סחר שותפות מוגבלת,,,יח`,1500,גרם,false,1,24.90,1.66,false,1,
7290012911156,false,"רוטב טריאקי שומשום 300 מ""ל ""אסיה""",קיי.אר.אס.ספייסי פוד,,,יח`,300,"מ""ל",false,1,14.90,4.97,false,1,
7290012911293,false,דפי אורז 22 סמ טעמי אסיה (300 גרם)-ללא,טחנת האבן קואופ בעמ,,,יח`,300,גרם,false,1,11.90,3.97,true,1,
7290012911415,false,ממרח קארי ירוק טעמי אסיה (400 גרם),קיי אר אס ספייסי פוד,,,יח`,400,גרם,false,1,18.50,4.63,true,1,
7290012911422,false,ממרח קארי אדום טעמי אסיה (400 גרם),טחנת האבן קואופ בעמ,,,יח`,400,גרם,false,1,18.50,4.63,true,1,
7290012911439,false,"קארי ממרח צהוב 400 גרם ""אסיה""",טחנת האבן קואופ בעמ,,,יח`,400,גרם,false,1,18.50,4.63,true,1,
7290012911477,false,קרם קוקוס טעמי אסיה (400 מל),אסיאטיק אגרו אינדסטר,,,יח`,400,גרם,false,1,10.90,2.73,false,1,
7290012911804,false,שמן שומשום טעמי אסיה (150 מל),גואנגדונג גוד טייסט,,,יח`,150,"מ""ל",false,1,15.90,10.60,true,1,
7290012911866,false,"דפי אורז מרוב עים 22 ס""מ 300 גרם",טחנת האבן קואופ בעמ,,,יח`,300,גרם,false,1,11.90,3.97,false,1,
7290012911934,false,שבבי אורז 227 גרם כש,טחנת האבן קואופ בעמ,,,יח`,227,גרם,false,1,6.50,2.86,false,1,
7290012931086,false,מטאטא סינטטי 2 צבעים עם מקל,מ.א.ייצור ויבוא מטליות בעמ,,,יח`,1,יח`,false,1,16.90,16.90,false,1,
7290012931116,false,מגב מיוחד איכותי חד להב עם מקל,מ.א.ייצור ויבוא מטליות בעמ,,,יח`,1,,false,1,24,24,false,1,
7290012931611,false,כריות ברזל לקרצוף חזק שייני 3 יחידות,מ.א.ייצור ויבוא מטליות בעמ,,,יח`,1,,false,1,6.90,6.90,false,1,
7290012936944,false,אגוז מוסקט טחון תבליני מימון (40 גרם),א.ל. ייצור ושיווק תבלינים בע`מ,,,יח`,40,גרם,false,1,14.90,37.25,false,1,
7290012938405,false,"רדיד אלומיניום עבה במיוחד לבישול,אפייה והקפאה.",גורי ע.ע.ע. בע`מ,,,יח`,1,,false,1,17.50,17.50,false,1,
7290012938580,false,"סנסודיין משחת שיניים להלבנה עדינה 75 מ""ל",גלקסוסמית'\קליין קונסיומ,,,יח`,75,"מ""ל",false,1,21.90,29.20,true,1,
7290012938597,false,משחת שיניים רפיד רליף סנסודיין (75 מל),"סמיתקליין ביצ'ם בע""מ",,,יח`,75,גרם,false,1,23.90,31.87,true,1,
7290012938740,false,"משחת שיניים פרש מינט מנטה 75מ""ל סנסודיין",גלקסו סמית קליין,,,יח`,75,גרם,false,1,21.90,29.20,true,1,
7290012938924,false,אקוהפרש מי פה ללא אלכוהול 500 מל,מולינו ניקולי s.p.a,,,יח`,500,"מ""ל",false,1,19.90,3.98,true,1,
7290012962561,false,קיסמי שיניים במבוק הוסטס) (500,אינטרסן (1996) בעמ,,,יח`,1,,false,1,4.90,4.90,false,1,
7290012983160,false,סילאן לחיץ 400גר חתם סופר,"חצר כנרת מוצרי תמר אגש""ח",,,יח`,400,גרם,false,1,10.90,2.73,false,1,
7290012996672,false,סבון אסלה + בושם ל24 שעות ביום הפי,יעקב יעקבי ובניו בעמ,,,יח`,88,"מ""ל",false,1,9.90,11.25,false,1,
7290013027399,false,לחם קמח מלא קל בתוספת שיפון 750 ג' אנג'ל,מאפיית שלמה א. אנג'\ל בע,,,יח`,750,גרם,false,1,13.90,1.85,false,1,
7290013083678,false,"מטרנה אקסטרה קר שלב 2 חסכון 700 גרם תמ""ל",קבוצת אוסם סחר-שות.מוגבלת,,,יח`,700,גרם,false,1,59.90,8.56,false,1,
7290013083685,false,תחליף חלב מטרנה אקסטרה קר שלב 3 חסכון 700 גרם,קבוצת אוסם סחר-שות.מוגבלת,,,יח`,700,גרם,false,1,59.90,8.56,false,1,
7290013117212,false,בורקס פילו במילוי גבינה מעדנות 600 גר,תנובה מרכז שיתופי לשיווק תוצרת,,,יח`,600,גרם,false,1,21.90,3.65,false,1,
7290013117229,false,"בורקס פילו במילוי תפו""א מעדנות 600 גר",תנובה מרכז שיתופי לשיווק תוצרת,,,יח`,600,גרם,false,1,21.90,3.65,false,1,
7290013117243,false,בורקס פילו בולגרית מעדנות 600 גרם,תנובה מרכז שיתופי לשיווק תוצרת,,,יח`,600,גרם,false,1,21.90,3.65,false,1,
7290013117410,false,בצק פריך מרודד למאפים מתוקים 900 ג' מעדנות,תנובה מרכז שיתופי לשיווק תוצרת,,,יח`,900,גרם,false,1,24,2.67,false,1,
7290013117427,false,בצק פריך מרודד למאפים מלוחים מעדנות 2*450 גרם,תנובה מרכז שיתופי לשיווק תוצרת,,,יח`,900,גרם,false,1,24,2.67,false,1,
7290013117526,false,בצק שמרים מרודד למאפים מתוקים מעדנות 900 גרם,תנובה מרכז שיתופי לשיווק תוצרת,,,יח`,900,גרם,false,1,22.90,2.54,false,1,
7290013121110,false,לחמניות בורגר ללא גלוטן גרין לייט 4 * 87 גרם,אביב קונדיטוריה מעול,,,יח`,350,גרם,false,1,14.90,4.26,false,1,
7290013121127,false,לחמניות מיני ללא גלוטן גרין לייט 6 יחידות,אביב קונדיטוריה מעול,,,יח`,480,גרם,false,1,18.50,3.85,false,1,
7290013121769,false,רביעיית שליש באגט ללא תוספת סוכר וללא גלוטן,אביב קונדיטוריה מעול,,,יח`,400,גרם,false,1,17.90,4.48,false,1,
7290013128324,false,ענב פליים ללא חרצנים,לכיש מושב עובדים להתישבות*30 י,,,"ק""ג",1,,true,1,14.90,14.90,false,1,
7290013144157,false,תערובת להכנת סחלב 130גרם,א.ל. ייצור ושיווק תבלינים בע`מ,,,יח`,130,גרם,false,1,10.90,8.38,true,1,
7290013144171,false,מיימונס תערובת עוגת שוקולד 560 גרם.,א.ל.ייצור ושיווק תבלינים בעמ,,,יח`,560,גרם,false,1,18.90,3.38,true,1,
7290013144195,false,מיימונס תערובת כדורי שוקולד 500 גרם.,א.ל.ייצור ושיווק תבלינים בעמ,,,יח`,500,גרם,false,1,18.90,3.78,true,1,
7290013144218,false,מיימונס תערובת עוגת וניל 560 גרם.,א.ל.ייצור ושיווק תבלינים בעמ,,,יח`,560,גרם,false,1,18.90,3.38,true,1,
7290013144232,false,מיימונס פודינג בטעם וניל 80 גרם,א.ל. ייצור ושיווק תבלינים בע`מ,,,יח`,85,גרם,false,1,5.90,6.94,true,1,
7290013144270,false,תערובת להכנת קרם פטיסייר מיימונס 100 גרם,א.ל. ייצור ושיווק תבלינים בע`מ,,,יח`,100,גרם,false,1,11.90,11.90,false,1,
7290013144317,false,מימונס ג'וני גלילית וופל למילוי 18 יחידות,א.ל. ייצור ושיווק תבלינים בע`מ,,,יח`,400,גרם,false,1,23.90,5.98,false,1,
7290013144393,false,תמצית אפיה בטעם וניל מימונס (50 מל),א.ל. ייצור ושיווק תבלינים בע`מ,,,יח`,50,גרם,false,1,4.90,9.80,false,1,
7290013144409,false,תמצית אפיה בטעם רום מימונס (50 מל),א.ל. ייצור ושיווק תבלינים בע`מ,,,יח`,50,גרם,false,1,4.90,9.80,false,1,
7290013144522,false,צבע מאכל ירוק מימונס (50 מל),א.ל. ייצור ושיווק תבלינים בע`מ,,,יח`,50,גרם,false,1,5.90,11.80,false,1,
7290013144539,false,צבע מאכל אדום מימונס 50 גרם,א.ל. ייצור ושיווק תבלינים בע`מ,,,יח`,50,גרם,false,1,5.90,11.80,false,1,
7290013144560,false,מיימונס צבע מאכל כחול 50 גרם,א.ל. ייצור ושיווק תבלינים בע`מ,,,יח`,50,גרם,false,1,5.90,11.80,false,1,
7290013144614,false,"מיימונס סירופ מייפל אמיתי 100% מקנדה 236 מ""ל",א.ל.ייצור ושיווק תבלינים בעמ,,,יח`,236,"מ""ל",false,1,34.90,14.79,true,1,
7290013144751,false,סירופ בטעם מייפל מימונס 500 גרם,א.ל. ייצור ושיווק תבלינים בע`מ,,,יח`,500,"מ""ל",false,1,15.90,3.18,true,1,
7290013144768,false,סירופ בטעם שוקולד מימונס 500 גרם,א.ל. ייצור ושיווק תבלינים בע`מ,,,יח`,500,"מ""ל",false,1,15.90,3.18,true,1,
7290013145062,false,סירופ מייפל אמיתי 100% מימונס 187 מל*,א.ל.ייצור ושיווק תבלינים בעמ,,,יח`,187,"מ""ל",false,1,29.90,15.99,true,1,
7290013145109,false,שקד מולבן טחון מימונס (100 גרם),א.ל. ייצור ושיווק תבלינים בע`מ,,,יח`,100,גרם,false,1,11.90,11.90,true,1,
7290013145116,false,מיימונס שקד מולבן מקלות 100 גרם.,א.ל. ייצור ושיווק תבלינים בע`מ,,,יח`,100,גרם,false,1,11.90,11.90,true,1,
7290013145178,false,קוקוס לבן טחון מימונס (100 גרם),א.ל. ייצור ושיווק תבלינים בע`מ,,,יח`,100,גרם,false,1,5.90,5.90,false,1,
7290013145192,false,שומשום מימונס (100 גרם),א.ל. ייצור ושיווק תבלינים בע`מ,,,יח`,100,גרם,false,1,5.90,5.90,false,1,
7290013145215,false,שומשום מימונס (400 גרם),א.ל.ייצור ושיווק תבלינים בעמ,,,יח`,400,גרם,false,1,13.90,3.48,false,1,
7290013145277,false,עלים לקרמשניט מימונס 300 גרם,א.ל.ייצור ושיווק תבלינים בעמ,,,יח`,300,גרם,false,1,16.90,5.63,false,1,
7290013145390,false,מימונס שוקולד צ'יפס מהדרין 250 גר,א.ל. ייצור ושיווק תבלינים בע`מ,,,יח`,250,גרם,false,1,10.90,4.36,false,1,
7290013145406,false,שוקולד צ`יפס לבן מימונס (250 גרם),א.ל. ייצור ושיווק תבלינים בע`מ,,,יח`,250,גרם,false,1,10.90,4.36,false,1,
7290013145444,false,שוקולד מריר מעולה ציפס 66% מימונס 250 ג',א.ל. ייצור ושיווק תבלינים בע`מ,,,יח`,250,גרם,false,1,16.90,6.76,false,1,
7290013145529,false,סוכריות צבעוניות לקישוט מיימונס 90 גרם,א.ל. ייצור ושיווק תבלינים בע`מ,,,יח`,90,גרם,false,1,6.90,7.67,false,1,
7290013145567,false,מיימונס מיני מיני עדשים 90 גרם.,א.ל.ייצור ושיווק תבלינים בעמ,,,יח`,90,גרם,false,1,11.90,13.22,false,1,
7290013145574,false,ערכת קישוט לעוגות מימונס (100 גרם),א.ל. ייצור ושיווק תבלינים בע`מ,,,יח`,100,גרם,false,1,13.90,13.90,false,1,
7290013145628,false,סוכריות צבעוניות לקישוט מימונס 200 גרם,א.ל. ייצור ושיווק תבלינים בע`מ,,,יח`,200,גרם,false,1,9.90,4.95,false,1,
7290013145710,false,מיימונס דובדבנים מסוכרים 100 גרם,א.ל. ייצור ושיווק תבלינים בע`מ,,,יח`,100,גרם,false,1,9.90,9.90,false,1,
7290013145840,false,סוכר וניל מימונס 10יח בצלופן,א.ל. ייצור ושיווק תבלינים בע`מ,,,יח`,10,יח`,false,1,2.90,0.29,false,1,
7290013145857,false,אבקת אפיה מימונס 10יח בצלופן,א.ל. ייצור ושיווק תבלינים בע`מ,,,יח`,10,יח`,false,1,2.90,0.29,false,1,
7290013145918,false,אבקת סוכר מימונס (100 גרם),א.ל. ייצור ושיווק תבלינים בע`מ,,,יח`,100,גרם,false,1,3.90,3.90,false,1,
7290013145956,false,שמרים יבשים בוואקום מיימונס 500 גרם,א.ל. ייצור ושיווק תבלינים בע`מ,,,יח`,500,גרם,false,1,12.90,2.58,false,1,
7290013145963,false,שמרים יבשים בוואקום מיימונס 125 גרם,א.ל. ייצור ושיווק תבלינים בע`מ,,,יח`,125,גרם,false,1,5.90,4.72,false,1,
7290013145970,false,קורנפלור מימונס בשקית 200 ג',א.ל. ייצור ושיווק תבלינים בע`מ,,,יח`,200,גרם,false,1,4.90,2.45,false,1,
7290013146274,false,מארז 8 יח תחתיות מרנג 10 גר`מימונס,א.ל.ייצור ושיווק תבלינים בעמ,,,יח`,100,גרם,false,1,19.90,19.90,false,1,
7290013146304,false,קורנפלור 500 גרם מימונס.,א.ל.ייצור ושיווק תבלינים בעמ,,,יח`,500,גרם,false,1,6.90,1.38,false,1,
7290013146663,false,אטריות צבעוניות לקישוט מימונס 55 גרם,א.ל.ייצור ושיווק תבלינים בעמ,,,יח`,55,גרם,false,1,11.90,21.64,true,1,
7290013146670,false,סוכריות לב סגול ורוד לבן לקישוט 60 גרם,א.ל.ייצור ושיווק תבלינים בעמ,,,יח`,60,גרם,false,1,11.90,19.83,true,1,
7290013146755,false,קצפת צמחי 24% 500 גרם מימונס,קפוא-זן תעשיות מזון בעמ - תפוג,,,יח`,500,גרם,false,1,13.90,2.78,false,1,
7290013146816,false,אבקת סוכר שקית 500 מימונס,א.ל.ייצור ושיווק תבלינים בעמ,,,יח`,500,גרם,false,1,6.90,1.38,false,1,
7290013153395,false,מיץ סחוט רימונים טבעי פריגת (1 ליטר),*החברה המרכזית להפצת משקאותבעמ,,,יח`,1,1 ליטר,false,1,21.90,21.90,false,1,
7290013153593,false,תפוזים מתקתק 100% פריגת 1 ליטר,החברה המרכזית טלהפצת משקאות בע,,,יח`,1000,"מ""ל",false,1,10.90,1.06,false,1,
7290013215017,false,פטריות זוגות חוות השמפניון,ביכורי השדה צפון 1994 ג.ד. בעמ,,,יח`,1,,false,1,18.90,18.90,false,1,
7290013220042,false,"מיקס טרופי קפוא א.מ.שרון שיווק 500 גר כשל""פ","א.מ.שרון שיווק (2014) בע""מ",,,יח`,500,גרם,false,1,24.90,4.98,false,1,
7290013220103,false,דובדבן קפוא א.מ שרון (500 גרם),"א.מ.שרון שיווק (2014) בע""מ",,,יח`,500,גרם,false,1,24.90,4.98,false,1,
7290013220127,false,דומדמנית שחורה א.מ שרון (500 גרם),א.מ. שרון שיווק (2014) בעמ,,,יח`,500,גרם,false,1,24.90,4.98,false,1,
7290013220134,false,מיקס פירות שדה א.מ שרון (500 גרם),"א.מ.שרון שיווק (2014) בע""מ",,,יח`,500,גרם,false,1,24.90,4.98,false,1,
7290013220899,false,תות שדה א.מ שרון (500 גרם),"א.מ.שרון שיווק (2014) בע""מ",,,יח`,500,גרם,false,1,24.90,4.98,false,1,
7290013220929,false,אוכמנית א.מ שרון (400 גרם),"א.מ.שרון שיווק (2014) בע""מ",,,יח`,400,גרם,false,1,24.90,6.23,false,1,
7290013268020,false,מקסימה מרכך כביסה מרוכז בניחוח אולטרא פרש סנו 1 ליטר,החברה הדרומית לשיווק בעמ,,,יח`,1,1 ליטר,false,1,17.90,17.90,true,1,
7290013268037,false,מקסימה מרכך כביסה מרוכז בניחוח לבנדר פצ'ולי סנו 1 ליטר,החברה הדרומית לשיווק בעמ,,,יח`,1,1 ליטר,false,1,17.90,17.90,true,1,
7290013268242,false,תרכיז ריחני לניקוי רצפות בריח מלון מפנק ריצפז פרש,החברה הדרומית לשיווק בעמ,,,יח`,2,1 ליטר,false,1,21.90,10.95,true,1,
7290013268884,false,"נוזל רצפות מאסק 2 ליטר ""ריצפז פרש""",החברה הדרומית לשיווק בעמ,,,יח`,2,1 ליטר,false,1,19.90,9.95,false,1,
7290013268891,false,אוקסיג'ן ג'ל ללא אקונומיקה עם חמצן פעיל סנו 3 ליטר,החברה הדרומית לשיווק בעמ,,,יח`,3,1 ליטר,false,1,29.90,9.97,true,1,
7290013268907,false,ג'ל כביסה ביו בטמפרטורות נמוכות,החברה הדרומית לשיווק בעמ,,,יח`,3,1 ליטר,false,1,29.60,9.87,true,1,
7290013268914,false,סנו מקסימה ג'ל כביסה סמארט 3 ל',החברה הדרומית לשיווק בעמ,,,יח`,3,1 ליטר,false,1,29.90,9.97,false,1,
7290013268938,false,סנובון סבון לאסלה בניחוח מאסק סנו 3*65 גרם,החברה הדרומית לשיווק בעמ,,,יח`,195,גרם,false,1,11.90,6.10,true,1,
7290013268983,false,מרכך כביסה סופר מרוכז בבישום עוצמתי סנו מקסימה 1 ל',החברה הדרומית לשיווק בעמ,,,יח`,1,1 ליטר,false,1,17.90,17.90,true,1,
7290013268990,false,מרכך כביסה מרוכז לבן ביו סנו מקסימה 1 ליטר,החברה הדרומית לשיווק בעמ,,,יח`,1,1 ליטר,false,1,17.90,17.90,true,1,
7290013269003,false,מרכך כביסה סופר מרוכז בייבי לתינוקות ולעור רגיש,החברה הדרומית לשיווק בעמ,,,יח`,1000,"מ""ל",false,1,19.90,1.99,true,1,
7290013269263,false,ג'ל כביסה מרוכז מקסימה בבישום קריסטל נואר,החברה הדרומית לשיווק בעמ,,,יח`,3,1 ליטר,false,1,29.60,9.87,true,1,
7290013269287,false,סנו - מקסימה ג'ל כביסה מרוכז מאסק 3 ליטר,החברה הדרומית לשיווק בעמ,,,יח`,3000,1 ליטר,false,1,29.60,0.01,true,1,
7290013269300,false,סושי ניילון נצמד פלוס סנו (150 מטר),החברה הדרומית לשיווק בעמ,,,יח`,1,,false,1,20.90,20.90,true,1,
7290013269638,false,ספוג הפלא אקסטרה Extra- מארז 6 יח',החברה הדרומית לשיווק בעמ,,,יח`,1,,false,1,11.90,11.90,true,1,
7290013269645,false,ריצפז פרש מטליות לחות לריצפה בניחוח מאסק 10 יחידות,החברה הדרומית לשיווק בעמ,,,יח`,1,,false,1,11.90,11.90,true,1,
7290013269669,false,ריצפז בניחוח פנטזיה לניקוי הרצפה,החברה הדרומית לשיווק בעמ,,,יח`,3,1 ליטר,false,1,12.90,4.30,true,1,
7290013269751,false,מטליות לחותריצפז פרש לניקוי ריצפה בניחות מלון בוטיק 10 יח' סנו,החברה הדרומית לשיווק בעמ,,,יח`,1,,false,1,11.90,11.90,true,1,
7290013269850,false,נייר אפיה אקולוגי סנו סושי 50 יחידות,החברה הדרומית לשיווק בעמ,,,יח`,50,יח`,false,1,14.90,0.30,false,1,
7290013284051,false,פריניר טריו זיתים 560ג.,פריניר ( הדס 1987) ב,,,יח`,560,גרם,false,1,8.50,1.52,true,1,
7290013284075,false,פריניר טבעות זיתים מושחרים 560ג.,אבאל יזמות בעמ,,,יח`,560,גרם,false,1,8.50,1.52,true,1,
7290013284082,false,פריניר זית מושחר ללא גלעין 275 גרם,אבאל יזמות בעמ,,,יח`,560,גרם,false,1,8.50,1.52,true,1,
7290013284105,false,פריניר זיתים טבעות ירוק a2,אבאל יזמות בעמ,,,יח`,560,גרם,false,1,8.50,1.52,true,1,
7290013284112,false,פריניר זיתים חרוזית ירוק a2,פריניר ( הדס 1987) ב,,,יח`,100,גרם,false,1,8.50,8.50,true,1,
7290013284136,false,פריניר מלפפון במלח 7-9 560ג.,אבאל יזמות בעמ,,,יח`,560,גרם,false,1,6.50,1.16,true,1,
7290013284143,false,פריניר מלפפונים במלח 10-12 560ג.,אבאל יזמות בעמ,,,יח`,560,גרם,false,1,7.50,1.34,true,1,
7290013284150,false,פריניר מלפפונים במלח 13-17 560ג,אבאל יזמות בעמ,,,יח`,560,גרם,false,1,8.90,1.59,true,1,
7290013284174,false,פריניר מלפפונים בחומץ 7-9 560גר.,אבאל יזמות בעמ,,,יח`,560,גרם,false,1,6.50,1.16,true,1,
7290013284181,false,פריניר מלפפונים בחומץ10-12 560ג.,אבאל יזמות בעמ,,,יח`,560,גרם,false,1,7.50,1.34,true,1,
7290013284198,false,פריניר מלפפון בחומץ 13-17,פריניר ( הדס 1987) ב,,,יח`,1,,false,1,8.90,8.90,true,1,
7290013284204,false,פריניר מלפפון חומץ 18-25,אבאל יזמות בעמ,,,יח`,560,גרם,false,1,8.90,1.59,false,1,
7290013284310,false,רוטב פסטה לילדים פריניר 240 גרם,ח.כהן סוכנות מזון ומשקאות בע,,,יח`,240,גרם,false,1,5.50,2.29,true,1,
7290013284662,false,רוטב פיצה פיתה לילדים 240 ג' פריניר,ח.כהן סוכנות מזון ומשקאות בע,,,יח`,240,גרם,false,1,5.50,2.29,true,1,
7290013310101,false,"שיפודי במבוק ג'מבו 50 יח' עובי 5 מ""מ אורך 30 ס""מ",הדקלאים אגודת שיתופי,,,יח`,1,,false,1,5.90,5.90,false,1,
7290013358356,false,פירורי לחם מוזהבים מאסטר שף (320גרם),ש. שסטוביץ בע`מ,,,יח`,320,גרם,false,1,6.90,2.16,false,1,
7290013358363,false,מאסטר שף פרורי לחם פנקו עבים בסגנון יפני 300 גר,קריניציה ויטמינה אס,,,יח`,300,גרם,false,1,9.90,3.30,false,1,
7290013358417,false,מאסטר שף אסייאתי רוטב טריאקי 300 מל כשלפ,קריניציה ויטמינה אס,,,יח`,300,"מ""ל",false,1,11.90,3.97,false,1,
7290013358462,false,"מיני קרוטונים למרק בתיבול שום, בצל ופטרוזיליה","עינת תעשיות מזון, אגשח ב",,,יח`,350,גרם,false,1,18.90,5.40,false,1,
7290013358530,false,מאסטר שף אסייאתי רוטב צ'ילי מתוק 700 מל כשלפ,קריניציה ויטמינה אס,,,יח`,700,"מ""ל",false,1,13.90,1.99,false,1,
7290013358547,false,מאסטר שף אסייאתי רוטב צ'ילי חריף 700 מל כשלפ,קי.אר.אס. ספייסי פוד,,,יח`,700,"מ""ל",false,1,13.90,1.99,false,1,
7290013358578,false,מנה אסייאתי אטריות אורז רחבות 400 ג מ.שף,ליינג טונג רייספלוור,,,יח`,400,גרם,false,1,9.90,2.48,false,1,
7290013358585,false,מנה אסייאתי נודלס ביצים להקפצה 400 מ.שף,הנסיך- מפעל לייצור ט,,,יח`,400,גרם,false,1,9.90,2.48,false,1,
7290013358806,false,מנה מאגדת פריכיות אורז עם מלח 264 גרם,ש. שסטוביץ בע`מ,,,יח`,264,גרם,false,1,13.90,5.27,false,1,
7290013389381,false,"קמח תירס פולנטה מולינו 1 ק""ג",תומר ייבוא ושיווק מוצרי מזון [,,,יח`,1000,גרם,false,1,9.90,0.99,false,1,
7290013472199,false,ערמונים קלופים וקלויים 105 גרם,ג.וילי-פוד אינטרנשיונל בעמ,,,יח`,100,גרם,false,1,4.90,4.90,false,1,
7290013472892,false,בולגריה קוביות במי מלח - מרכיבי חלב ושומן צמחי,ג.וילי-פוד אינטרנשיונל **גבינו,,,יח`,200,גרם,false,1,9.90,4.95,false,1,
7290013492005,false,תפוח אדמה אדום למיקרו 600 ג',ביכורי השדה צפון 1994 ג.ד. בעמ,,,יח`,1,,false,1,8.90,8.90,false,1,
7290013531117,false,רוטב פסטה לילדים יכין (240 גר`),"זנלכל בע""\מ",,,יח`,240,גרם,false,1,5.90,2.46,false,1,
7290013531582,false,מארז זיתים ירוקים מגולענים יכין 200 גרם,זנלכל בעמ,,,יח`,200,גרם,false,1,15.50,7.75,false,1,
7290013531612,false,רוטב לפסטה נפוליטנה יכין 240 גרם,זנלכול יכין,,,יח`,240,גרם,false,1,5.90,2.46,false,1,
7290013531759,false,שעועית לבנה מבושלת במים יכין (550 גרם),זנלכול יכין,,,יח`,550,גרם,false,1,10.50,1.91,false,1,
7290013534057,false,"צ'יפס בטטה טבעי מיה 100ג' 'כשל""פ",מיה תעשיות מזון מ.ת.מ. בעמ,,,יח`,100,גרם,false,1,9.90,9.90,true,1,
7290013580009,false,המבורגר זהב 400 גרם הקצביה בלדי,בלדי בעמ,,,יח`,400,גרם,false,1,15.90,3.98,false,1,
7290013581648,false,אל מטאדור מינוט סטייק 250 גרם בלדי,בלדי בעמ,,,יח`,250,גרם,false,1,17.90,7.16,false,1,
7290013585233,false,"ספרייט זירו פחית סליק 330 מ""ל",החברה המרכזית להפצת משקאות בעמ,,,יח`,330,"מ""ל",false,1,3.90,1.09,true,1,
7290013585387,false,בקבוק זירו קוקה-קולה (1 ליטר),החברה המרכזית להפצת משקאות בעמ,,,יח`,1000,"מ""ל",false,1,7.70,0.74,false,1,
7290013585394,false,בקבוק קוקה-קולה (1 ליטר),החברה המרכזית להפצת משקאות בעמ,,,יח`,1000,"מ""ל",false,1,7.70,0.74,false,1,
7290013608260,false,מיץ רימונים 100%מיץ סחוט טרי מצונן 1ליט,שטראוס גרופ בעמ/מצונן,,,יח`,1,1 ליטר,false,1,20.90,20.90,false,1,
7290013608864,false,פרימור משקה פירות הדר 1 ליטר בתוספת ויטמין C,שטראוס גרופ בעמ/מצונן,,,יח`,1,"מ""ל",false,1,15.90,1560,false,1,
7290013645364,false,עוגיות מזרחיות ללא גלוטן GFREE 200 גר`,גורי מוצרי צריכה (1991) בעמ,,,יח`,200,גרם,false,1,19.70,9.85,false,1,
7290013652157,false,"ד""ר פישר - נטורל קר מגבונים להסרת איפור לעור רגיל יבש 30 יח' * 3","פישר תעשיות פרמבצטיות בע""מ",,,יח`,1,,false,1,24.90,24.90,false,1,
7290013675545,false,שניצל כלי תחבורה מאמא עוף (700 גרם),תנובה גליל שותפות מוגבלת,,,יח`,700,גרם,false,1,34.90,4.99,false,1,
7290013675965,false,רצועוף בטעם טבעות בצל מאמא עוף 500 גרם,תנובה קפואים,,,יח`,500,גרם,false,1,26.90,5.38,false,1,
7290013677389,false,ג'לילנד - ג'ליבינס - קרנבל - 100גרם *(12יח'),מיה תעשיות מזון מ.ת.מ. בעמ,,,יח`,100,גרם,false,1,8.90,8.90,false,1,
7290013677648,false,שמן זית למאור מיה 1 ליטר,מיה תעשיות מזון מ.ת.מ. בעמ,,,יח`,1,1 ליטר,false,1,22.90,22.90,false,1,
7290013677822,false,"גריסי פנינה מיה 1 ק""ג",מיה תעשיות מזון מ.ת.מ. בעמ,,,יח`,1,"ק""ג",false,1,10,10,false,1,
7290013677846,false,כוסמת מיה (1 קג),מיה תעשיות מזון מ.ת.מ. בעמ,,,יח`,1,"ק""ג",false,1,13.90,13.90,false,1,
7290013847454,false,טונה סטאריקיסט בשמן קנולה רביעייה 160 גר,דיפלומט מפיצים (1968) בעמ**,,,יח`,640,גרם,false,1,24.90,3.89,false,1,
7290013847812,false,נתחי טונה בהירה בשמן זית כתית מעולה Yellowfin,סטארקיסט דיפלומט היינץ,,,יח`,140,גרם,false,1,9.90,7.07,false,1,
7290013847980,false,"טונה סטארקיסט שפע 425גר בד""ץ**מבצע**",סטארקיסט דיפלומט היינץ,,,יח`,425,גרם,false,1,17.90,4.21,false,1,
7290013848345,false,מארז מטליות לחיטוי וניקוי יסודי אנטיבקטריאלי 99.9%,החברה הדרומית לשיווק בעמ,,,יח`,1,,false,1,19.90,19.90,true,1,
7290013848758,false,מקסימה גל כביסה מרוכז בייבי 3ליטר סנסטיב,החברה הדרומית לשיווק בעמ,,,יח`,3,1 ליטר,false,1,32.90,10.97,false,1,
7290013883407,false,"דזיטול מרסס לחיטוי כללי יעקבי 750 מ""ל",יעקב יעקבי ובניו בע`מ,,,יח`,1,,false,1,12.90,12.90,false,1,
7290013903310,false,טופו אורגני 500 יח 2 יח נפרדות ליב,ל.י.ב. (לחיות יותר בטבע) בעמ,,,יח`,500,גרם,false,1,17.90,3.58,false,1,
7290013903327,false,טופו טבעי 500 יח 2 יח נפרדות ליב,ל.י.ב. (לחיות יותר בטבע) בעמ,,,יח`,500,גרם,false,1,15.90,3.18,true,1,
7290013906205,false,פסטרמה שום וצילי טירת צבי (400 גרם),תנובה מרכז שיתופי לשיווק תוצרת,,,יח`,400,גרם,false,1,31.90,7.98,true,1,
7290013906212,false,"נקנקיות וינר טירת 1 ק""ג טירת צבי",תנובה מרכז שיתופי לשיווק תוצרת,,,יח`,1,1 ליטר,false,1,32.90,32.90,true,1,
7290013906441,false,קבנוס טירת צבי 120 גרם,תנובה מרכז שיתופי לשיווק תוצרת,,,יח`,120,גרם,false,1,11.90,9.92,true,1,
7290013906458,false,קבנוס בטעם פיקנטי טירת צבי 120 גרם,תנובה מרכז שיתופי לשיווק תוצרת,,,יח`,120,גרם,false,1,11.90,9.92,true,1,
7290013906489,false,חטיפי מיני קבנוס טירת צבי 120 גרם,תנובה מרכז שיתופי לשיווק תוצרת,,,יח`,120,גרם,false,1,11.90,9.92,true,1,
7290013906694,false,נקניקיות שקית קילו וחצי טירת צבי,תנובה מרכז שיתופי לשיווק תוצרת,,,יח`,1.50,"ק""ג",false,1,39.90,26.60,false,1,
7290013906700,false,"נקניקיות הודו טירת צבי כשרות הרב מחפוד 1.5 ק""ג",תנובה מרכז שיתופי לשיווק תוצרת,,,יח`,1.50,"ק""ג",false,1,39.90,26.60,false,1,
7290013927002,false,עוגיות דקליות בטעם שוקולד אחוה (400 גרם),אחדות ביתחרושת לטחינה חלבה,,,יח`,400,גרם,false,1,8.90,2.23,false,1,
7290013927026,false,עוגיות דקליות וניל אחווה 400 ג',אחדות ביתחרושת לטחינה חלבה,,,יח`,400,גרם,false,1,8.90,2.23,false,1,
7290013927033,false,עוגיות מעמול במילוי תמרים ואגוזים אחווה 600 ג',אחדות בעמ,,,יח`,600,גרם,false,1,9.90,1.65,false,1,
7290013927040,false,אחדות עוגיות ממולאות שוקולד במגש 600,אחדות בעמ,,,יח`,600,גרם,false,1,9.90,1.65,false,1,
7290013927057,false,א. עוגיות שוקולד צ'יפס במגש 400 גר',"אחדות בע""מ",,,יח`,400,גרם,false,1,8.90,2.23,false,1,
7290013927064,false,א. עוגיות גרנולה עם פירות יער 400 ג'-אחווה,אחדות ביתחרושת לטחינה חלבה,,,יח`,400,גרם,false,1,8.90,2.23,false,1,
7290013927200,false,עוגיות שוקולד צ`יפס עשירה 400גרם אחוה,אחדות ביחר לטחינה חל,,,יח`,400,גרם,false,1,11.90,2.98,false,1,
7290013927514,false,רוגעלך קינמון במגש 400 גר`אחוה,אחדות ביחר לטחינה חל,,,יח`,400,גרם,false,1,9.90,2.48,false,1,
7290013927637,false,חלוה ללא תוספת סוכר במגש 400 גר' אחוה,אחדות ביחר לטחינה חל,,,יח`,400,גרם,false,1,12.90,3.23,false,1,
7290014002135,false,תה ירוק מיקס 5 טעמים ויסוצקי 25 יחידות,תה ויסוצקי (ישראל) בעמ,,,יח`,37.50,גרם,false,1,24.90,66.40,true,1,
7290014002197,false,חליטת קמומיל ולימונית הגן הקסום ויסוצקי 25 יחידות,תה ויסוצקי (ישראל) בעמ,,,יח`,37.50,גרם,false,1,17.50,46.67,true,1,
7290014002203,false,חליטת לימונית ולואיזה הגן הקסום ויסוצקי 25 יחידות,תה ויסוצקי (ישראל) בעמ,,,יח`,37.50,גרם,false,1,17.50,46.67,true,1,
7290014002944,false,גן קסום חליטת פירות וצמחים חמדת שקד 25 שקיקים,תה ויסוצקי (ישראל) בעמ,,,יח`,1,,false,1,17.50,17.50,true,1,
7290014046016,false,פסטרמה של פעם דל שומן 2% רכיבים טבעיים,מעדני יחיעם ( 1993 ) בע`מ,,,יח`,250,גרם,false,1,24.90,9.96,false,1,
7290014046047,false,פסטרמת מעודנת ברביקיו 2יח*300גר,מעדני יחיעם ( 1993 ) בע`מ,,,יח`,600,גרם,false,1,25.90,4.32,true,1,
7290014046474,false,"נקניקיות עוף יחיעם 1.5 ק""ג",מעדני יחיעם ( 1993 ) בע`מ,,,יח`,1.50,"ק""ג",false,1,29.90,19.93,true,1,
7290014046580,false,פסטרמה מעודנת על גחלים יחיעם (300 גרם),מעדני יחיעם (1993) בעמ,,,יח`,300,גרם,false,1,23.90,7.97,true,1,
7290014046757,false,סלמי תה יחיעם (300 גרם),מעדני יחיעם (1993) בעמ,,,יח`,300,גרם,false,1,25.90,8.63,true,1,
7290014046764,false,סלמי פפרוני יחיעם 200 גרם,מעדני יחיעם (1993) בעמ,,,יח`,200,גרם,false,1,14.90,7.45,false,1,
7290014059436,false,"משחת שיניים סנסודיין 75 מ""ל פרימיום לשיקום והגנה מלבינה 75 מ""ל","סמית קליין ביצ'ם בע""",,,יח`,75,"מ""ל",false,1,23.90,31.87,true,1,
7290014079847,false,פטריות בייבי בלה צמד מרינה,קונס`-מרינה פטריות הגליל בעמ*ש,,,יח`,1,,false,1,15.90,15.90,false,1,
7290014083813,false,וילי פוד מריגה שפרוטים מעושנים בשמן 190ג,ג. וילי-פוד אינטרנשיונל בע`מ,,,יח`,190,גרם,false,1,7.90,4.16,false,1,
7290014094345,false,גרעיני חמניה קלופים ששון הקולה בקופסא 300 גרם,דין שיווק וקליה 2021 בעמ,,,יח`,300,גרם,false,1,10.90,3.63,false,1,
7290014094406,false,צימוק לבן בקופסא ששון הקולה 330 גרם,דין שיווק וקליה 2021 בעמ,,,יח`,330,גרם,false,1,17.90,5.42,false,1,
7290014094512,false,"רוטב טריאקי 300 מ""ל אהרוני",דין שיווק וקליה 2021 בעמ,,,יח`,300,"מ""ל",false,1,10.90,3.63,false,1,
7290014094543,false,תרסיס שמן קנולה מזוכך 186 מל שקדיה,דין שיווק וקליה 2021 בעמ,,,יח`,186,"מ""ל",false,1,12.90,6.94,true,1,
7290014094864,false,פיסטוק קלוי 170 גר עם קליפה ששון הקולה,דין שיווק וקליה 2021 בעמ,,,יח`,170,גרם,false,1,16.90,9.94,false,1,
7290014094895,false,אגוזים קלופים בשקית ששון הקולה 150 גרם,דין שיווק וקליה 2021 בעמ,,,יח`,150,גרם,false,1,10.90,7.27,true,1,
7290014095861,false,שיבולת שועל דקה בשקית שקדיה 500 גרם,דין שיווק וקליה 2021 בעמ,,,יח`,500,גרם,false,1,5.90,1.18,true,1,
7290014095960,false,שיבולת שועל עבה בשקית שקדיה 500 גרם,דין שיווק וקליה 2021 בעמ,,,יח`,500,גרם,false,1,5.90,1.18,true,1,
7290014204560,false,"פנינהרוזנבלום- סבון נוזלי לידיים שלישיה,3*500 מ""ל","פנינה רוזנבלום בע""מ",,,יח`,1.50,1 ליטר,false,1,9.90,6.60,false,1,
7290014204690,false,אלסבון 1 ליטר משאבה ורוד פנינה רוזנבלום,פנינה רוזנבלום בעמ,,,יח`,1,1 ליטר,false,1,9.90,9.90,true,1,
7290014217010,false,דגים T130 -BUL בקופ' 90 גר' טעם וריח,"תבליני טעם וריח בע""מ",,,יח`,90,גרם,false,1,12.90,14.33,true,1,
7290014217027,false,עוף T130 -BUL בקופ' 120 גר' טעם וריח,"תבליני טעם וריח בע""מ",,,יח`,120,גרם,false,1,12.90,10.75,true,1,
7290014217065,false,אורגנו עלים בקופ' 30 גר' טעם וריח,"תבליני טעם וריח בע""מ",,,יח`,30,גרם,false,1,9.90,33,true,1,
7290014217119,false,תערובת לצ'יפס בקופ' 100 גר' טעם וריח,"תבליני טעם וריח בע""מ",,,יח`,100,גרם,false,1,9.90,9.90,true,1,
7290014217140,false,"מיכל ראס אל חנות 100 גר' ""טעם וריח""","תבליני טעם וריח בע""מ",,,יח`,100,גרם,false,1,9.90,9.90,true,1,
7290014217157,false,תיבול טוסקנה בקופ' 120 גר' טעם וריח,"תבליני טעם וריח בע""מ",,,יח`,120,גרם,false,1,9.90,8.25,true,1,
7290014217164,false,תבלין פטרוזיליה מיכל גדול 20 ג',"תבליני טעם וריח בע""מ",,,יח`,20,גרם,false,1,9.90,49.50,true,1,
7290014217171,false,תערובת תיבול תיבול גריל דג מיכל 100ג',"תבליני טעם וריח בע""מ",,,יח`,100,גרם,false,1,9.90,9.90,true,1,
7290014217201,false,"תערובת תיבול סומק 45 גרם ""טעם וריח""","תבליני טעם וריח בע""מ",,,יח`,45,גרם,false,1,6.90,15.33,false,1,
7290014217225,false,גריל עוף בקופ' 120 גר' טעם וריח,"תבליני טעם וריח בע""מ",,,יח`,120,גרם,false,1,9.90,8.25,true,1,
7290014217263,false,תיבול לפרגית בקופ' 100 גר' טעם וריח,"תבליני טעם וריח בע""מ",,,יח`,100,גרם,false,1,9.90,9.90,true,1,
7290014217348,false,"מיכל צ'ילי כתוש 70 גר' ""טעם וריח""","תבליני טעם וריח בע""מ",,,יח`,70,גרם,false,1,9.90,14.14,true,1,
7290014217362,false,תיבול לקציצות בקופ' 100 גר' טעם וריח,"תבליני טעם וריח בע""מ",,,יח`,100,גרם,false,1,9.90,9.90,true,1,
7290014217409,false,תערובת עשבי תיבול הרבס דה פרובנס טעם וריח 100 ג',"תבליני טעם וריח בע""מ",,,יח`,30,גרם,false,1,9.90,33,false,1,
7290014217478,false,תערובת עשבי תיבול איטלקי ים תיכוני 30ג',"תבליני טעם וריח בע""מ",,,יח`,30,גרם,false,1,9.90,33,true,1,
7290014217492,false,תיבול פילדלפיה בקופ' 100 גר' טעם וריח,"תבליני טעם וריח בע""מ",,,יח`,100,גרם,false,1,9.90,9.90,true,1,
7290014217515,false,לציפוי מאפה מלוח מיכל 90 גר` טעם וריח,"תבליני טעם וריח בע""מ",,,יח`,90,גרם,false,1,11.90,13.22,true,1,
7290014218932,false,חטיפי פיצה בתוספ זיתים בשקית מעדנות 710 גרם,מיוצר עי קונדיטוריית,,,יח`,710,גרם,false,1,33.90,4.77,false,1,
7290014220317,false,סט 2 יח`בקבוק לטיולים,קונסיגנציה- ש. י גיספאן 1993,,,יח`,1,,false,1,12.90,12.90,false,1,
7290014256637,false,"יין מבעבע מוסקטו באזז יקבי כרמל 750 מ""ל",אגודת הכורמים -כרמל מזרחי,,,יח`,750,"מ""ל",false,1,27.90,3.68,true,1,
7290014258716,false,תרכובת מזון צמחי על בסיס חלבון סויה מגיל לידה,קבוצת אוסם סחר שותפות מוגבלת,,,יח`,700,גרם,false,1,66.90,9.56,false,1,
7290014258723,false,תרכובת מזון צמחי לתינוקות מגיל 0 עד גיל שנה,קבוצת אוסם סחר שותפות מוגבלת,,,יח`,700,גרם,false,1,66.90,9.56,false,1,
7290014258730,false,תרכובת מזון צמחי לתינוקות מגיל 12 חודשים ואילך,קבוצת אוסם סחר שותפות מוגבלת,,,יח`,700,גרם,false,1,66.90,9.56,false,1,
7290014325036,false,סוכריות ג'לי עטופות שמחות מיה 600 גרם,מיה תעשיות מזון מ.ת.מ. בעמ,,,יח`,1,,false,1,19.90,19.90,false,1,
7290014325043,false,פודינג בטעם וניל 1 קג מיה,מיה תעשיות מזון מ.ת.מ. בעמ,,,יח`,1,"ק""ג",false,1,19.90,19.90,false,1,
7290014325050,false,קורנפלור 500 גר` מיה ג.,מיה תעשיות מזון מ.ת.מ. בעמ,,,יח`,500,גרם,false,1,8.90,1.78,false,1,
7290014397286,false,מרכך כביסה מרוכז חלב ודבש סנו מקסימה 1 ליטר,החברה הדרומית לשיווק בעמ,,,יח`,1,1 ליטר,false,1,17.90,17.90,true,1,
7290014397453,false,סנו אוקסיגן גל מסיר כתמים כביסה לבנה 3 ל,החברה הדרומית לשיווק בעמ,,,יח`,3,1 ליטר,false,1,29.90,9.97,true,1,
7290014397514,false,"מבשם אויר סנו פרש הום בניחוח כותנה מלטפת 350 מ""ל",החברה הדרומית לשיווק בעמ,,,יח`,350,"מ""ל",false,1,11.90,3.40,true,1,
7290014397705,false,פוליויקס פרקט טבעי וסינטטי סנו (2 ליטר),החברה הדרומית לשיווק בעמ,,,יח`,2,1 ליטר,false,1,19.90,9.95,false,1,
7290014397767,false,סנו ריצפז פרש הום 2 ליטר בניחוח כותנה-מרכז,החברה הדרומית לשיווק בעמ,,,יח`,2,1 ליטר,false,1,21.90,10.95,true,1,
7290014397774,false,ריצפז פרש הום טבע רענן 2ל לרצפה,החברה הדרומית לשיווק בעמ,,,יח`,2,1 ליטר,false,1,21.90,10.95,true,1,
7290014397873,false,מרכך כביסה בבישום עוצמתי ג'נטל בריז,החברה הדרומית לשיווק בעמ,,,יח`,4000,"מ""ל",false,1,19.90,0.50,true,1,
7290014426061,false,משחת שיניים הלו קיטי בטעם ענבים לגיל 2-6,גורי ע.ע.ע. בע`מ,,,יח`,50,"מ""ל",false,1,11.90,23.80,false,1,
7290014435704,false,סלמון מעושן פרוס 100ג(שמיר),שבעת הימים - שמיר,,,יח`,100,גרם,false,1,21.90,21.90,false,1,
7290014435803,false,מטיאס הולנדי (פרובנציאל) עם בצל בשמן 180 גרם,שבעת הימים - שמיר,,,יח`,200,גרם,false,1,18.90,9.45,false,1,
7290014435810,false,נתחי הרינג כבוש עם בצל במרינת חמוץ מתוק שמיר 220 גרם,שבעת הימים - שמיר,,,יח`,220,גרם,false,1,18.90,8.59,false,1,
7290014435834,false,מקרל מעושן פרוס בשמן שמיר 180 גרם,שבעת הימים - שמיר,,,יח`,190,גרם,false,1,24.90,13.11,false,1,
7290014435841,false,פילה הרינג עם בצל בשמן מטיאס הולנדי שמיר 200 גרם,סלטי שמיר 2006 בעמ,,,יח`,200,גרם,false,1,18.90,9.45,false,1,
7290014455245,false,גבינת גרנה פדנו משולש 29% 200 גרם בית יוסף,מחלבות גד שיווק 1992 בעמ,,,יח`,200,גרם,false,1,24.90,12.45,false,1,
7290014455252,false,גבינת גרנה פדנו מגורדת 29% גד (100 גרם),מחלבות גד שיווק 1992 בעמ,,,יח`,100,גרם,false,1,13.90,13.90,false,1,
7290014455320,false,גבינה כדורי מוצרלה פרסקה גד 100ג',מחלבות גד שיווק 1992 בעמ,,,יח`,100,גרם,false,1,8.90,8.90,false,1,
7290014455467,false,ירח מתוק מעדן חלב 2% ושיבולת שועל גד 150ג',מחלבות גד שיווק 1992 בעמ,,,יח`,150,גרם,false,1,5.60,3.73,false,1,
7290014459137,false,"תפוגן סטייק צ'יפס 1.5 ק""ג אסם",קבוצת אוסם סחר שותפות מוגבלת,,,יח`,1500,גרם,false,1,24.90,1.66,false,1,
7290014459373,false,"צ'יפס קראנצ'י לתנור קפוא תפוגן 1.5ק""ג",קבוצת אוסם סחר שותפות מוגבלת,,,יח`,1500,גרם,false,1,24.90,1.66,false,1,
7290014459472,false,"תפוגן צ יפס קלאסי 2ק""ג (תפוגן)",קבוצת אוסם סחר שותפות מוגבלת,,,יח`,2,"ק""ג",false,1,29.90,14.95,false,1,
7290014466609,false,יין גמלא מרלו עברית 2018*,היכל היין שקד גולן בעמ,,,יח`,750,"מ""ל",false,1,59.90,7.95,true,1,
7290014471412,false,"מוזלי בוטנים אגוזים ושקדים 1 ק""ג - 412 ירוק שקדיה",דין שיווק וקליה 2021 בעמ,,,יח`,1,"ק""ג",false,1,19.90,19.90,false,1,
7290014471429,false,"מוזלי עם פירות 1 ק""ג - 429 סגול שקדיה",דין שיווק וקליה 2021 בעמ,,,יח`,1,"ק""ג",false,1,19.90,19.90,false,1,
7290014471436,false,"מוזלי צימוקים תפוח קינמון וגרעיני חמניה 1 ק""ג כחול שקדיה",דין שיווק וקליה 2021 בעמ,,,יח`,1,"ק""ג",false,1,19.90,19.90,false,1,
7290014471443,false,"גרנולה צימוקים אגוזים ושקדים1 ק""ג חדש - 443 כתום שקדיה (כתום)",דין שיווק וקליה 2021 בעמ,,,יח`,1,"ק""ג",false,1,19.90,19.90,false,1,
7290014472136,false,גרעין שחור קלוי ששון הקולה (150 גרם),דין שיווק וקליה 2021 בעמ,,,יח`,150,גרם,false,1,4.90,3.27,true,1,
7290014472471,false,גרעיני חמנייה קלוי ענק ששון הקולה 200 גרם,דין שיווק וקליה 2021 בעמ,,,יח`,200,גרם,false,1,5.90,2.95,false,1,
7290014472990,false,ממרח 100% שקדים שקדיה (300 גרם),דין שיווק וקליה 2021 בעמ,,,יח`,300,גרם,false,1,34.90,11.63,true,1,
7290014525177,false,חטיף סלים פרוט Slim fruit בטעם יוגורט ופירות יער,סלים דליס Slim Delis,,,יח`,120,גרם,false,1,10.90,9.08,true,1,
7290014525290,false,חטיפי סלים דליס קריספי תות מרבה 125 גרם,סלים דליס Slim Delis,,,יח`,120,גרם,false,1,10.90,9.08,true,1,
7290014525306,false,חטיפי סלים דליס קריספי אוכמניות מרבה 125 גרם,סלים דליס Slim Delis,,,יח`,125,גרם,false,1,10.90,8.72,true,1,
7290014525313,false,חטיפי סלים דליס קריספי שוקולד מרבה 125 גרם,סלים דליס Slim Delis,,,יח`,125,גרם,false,1,10.90,8.72,true,1,
7290014555082,false,מים מזוקקים 4 ליטר מקסול,סאסטאק אגשח בעמ,,,יח`,4000,"מ""ל",false,1,9.90,0.25,false,1,
7290014581036,false,"פחם למנגל הלהבה כ2- ק""ג",פחם קוואנגו סחר בעמ,,,יח`,2000,גרם,false,1,11.90,0.60,false,1,
7290014603813,false,שטראוס קרמסימו מסטיגם 1.33 ליטר,גלידות שטראוס בעמ,,,יח`,1.33,1 ליטר,false,1,19.90,14.96,true,1,
7290014648081,false,סכיני גילוח חד פעמי לה בלה עשירייה,פארמה דיל (פ.א.ב.) שיווק והפצה,,,יח`,1,,false,1,9.90,9.90,false,1,
7290014648296,false,מקלוני אוזניים עץ 100 יח LA BELLE,פארמה דיל (פ.א.ב.) שיווק והפצה,,,יח`,1,,false,1,1.50,1.50,false,1,
7290014648593,false,מקלוני אוזניים פלסטיק 300 יח`LA BELLE,פארמה דיל (פ.א.ב.) שיווק והפצה,,,יח`,1,,false,1,3.90,3.90,false,1,
7290014648906,false,LA BELLEמסיר לק מהציפורניים 100 מל,פארמה דיל (פ.א.ב.) שיווק והפצה,,,יח`,100,"מ""ל",false,1,3.90,3.90,false,1,
7290014649033,false,שלישיית ספוגי רחצה עדינים לאמבט מפנק,פארמה דיל (פ.א.ב.) שיווק והפצה,,,יח`,1,,false,1,9.90,9.90,false,1,
7290014673373,false,פפריקה הונגרית חריפה תבליני מימון 250 גרם,א.ל.ייצור ושיווק תבלינים בעמ,,,יח`,250,גרם,false,1,21.90,8.76,false,1,
7290014673397,false,תיבול לגריל עוף תבליני מימון 250 גרם,א.ל. ייצור ושיווק תבלינים בע`מ,,,יח`,250,גרם,false,1,21.90,8.76,false,1,
7290014673403,false,פלפל שחור טחון תבליני מימון (250 גרם),א.ל. ייצור ושיווק תבלינים בע`מ,,,יח`,250,גרם,false,1,29.90,11.96,false,1,
7290014673410,false,פלפל שחור גרוס דק תבליני מימון 250 גרם,א.ל. ייצור ושיווק תבלינים בע`מ,,,יח`,250,גרם,false,1,29.90,11.96,false,1,
7290014673434,false,פלפל שחור גרוס דק שקית תבליני מימון 80גרם,א.ל.ייצור ושיווק תבלינים בעמ,,,יח`,80,גרם,false,1,9.90,12.38,false,1,
7290014692299,false,גבינת ברי EURO CHEESE ויליפוד 125 גרם,ג.וילי-פוד אינטרנשיונל **גבינו,,,יח`,125,גרם,false,1,14.90,11.92,false,1,
7290014692305,false,גבינת קממבר EURO CHEESE ויליפוד 125 גרם,ג.וילי-פוד אינטרנשיונל **גבינו,,,יח`,125,גרם,false,1,14.90,11.92,false,1,
7290014692541,false,צהובה מגורדת גולדן 500 גרם ויליפוד,ג.וילי-פוד אינטרנשיונל **גבינו,,,יח`,500,גרם,false,1,19.90,3.98,false,1,
7290014692565,false,גרעיני תירס מתוק וילי פוד (320 גרם),ג.וילי-פוד אינטרנשיונל בעמ,,,יח`,320,גרם,false,1,4.90,1.53,false,1,
7290014748972,false,עוף טוב מיני פילה אמנון בציפוי פופקורן,קבוצת אסם סחר שות. מוגבלת,,,יח`,400,גרם,false,1,34.90,8.73,true,1,
7290014749245,false,ספיישל רצועות שניצל שומשום עוף טוב 600 גרם,קבוצת אוסם סחר שותפות מוגבלת,,,יח`,600,גרם,false,1,32.90,5.48,true,1,
7290014749764,false,עוף טוב שניצל עוף ביתי עדין כזה 700 גרם,קבוצת אוסם סחר שותפות מוגבלת,,,יח`,700,גרם,false,1,43.90,6.27,true,1,
7290014749863,false,שניצל דק ענק קריספי צ'יפס עוף טוב 720 גרם,קבוצת אוסם סחר-שות.מוגבלת,,,יח`,720,גרם,false,1,35.90,4.99,true,1,
7290014749887,false,שניצל דק ענק קריספי קלאסי עוף טוב 720 גרם,קבוצת אוסם סחר שותפות מוגבלת,,,יח`,720,גרם,false,1,35.90,4.99,true,1,
7290014758100,false,מאגדת יוגורט ביו 3% שומן 8 יח' *150ג' תנובה,מיוצר עי קונדיטוריית,,,יח`,1200,גרם,false,1,16.50,1.38,false,1,
7290014758117,false,מאגדת יוגורט ביו 1.5% שומן 8 יח' *150 ג' תנובה,מיוצר עי קונדיטוריית,,,יח`,1200,גרם,false,1,16.50,1.38,false,1,
7290014758681,false,גבינת קוטג`1% בגביע תנובה (250 גרם),מיוצר עי קונדיטוריית,,,יח`,250,גרם,false,1,5.50,2.20,false,1,
7290014759084,false,גבינת שמנת נפוליאון 16% מופחת שומן תנובה 225 גרם,תנובה מרכז שיתופי לש,,,יח`,225,גרם,false,1,13.90,6.18,false,1,
7290014759909,false,פטה עיזים 5% 250 גר`גביע פיראוס תנובה,"תנובה, מחלבת טנא נוג",,,יח`,250,גרם,false,1,28.50,11.40,false,1,
7290014760134,false,"מעדן סויה בטעם וניל תנובה 125 מ""ל","תנובה בע""מ ***",,,יח`,125,גרם,false,1,4.20,3.36,false,1,
7290014760141,false,משקה שקדים טרי תנובה (1 ליטר),"תנובה בע""מ ***",,,יח`,1000,"מ""ל",false,1,11.90,1.19,false,1,
7290014760448,false,גבינה צהובה גלבוע 400 גרם 22% שומן תנובה,מחלבת בית יצחק,,,יח`,400,גרם,false,1,22.90,5.73,false,1,
7290014760912,false,גבינה צהובה 28% מהדרין גוש חלב (400 גרם),תנובה מרכז שיתופי לש,,,יח`,400,גרם,false,1,25.90,6.48,false,1,
7290014761056,false,מעדן שוקולד חלב יולו תנובה 123 גרם,מיוצר עי קונדיטוריית,,,יח`,123,"מ""ל",false,1,4.50,3.66,false,1,
7290014761070,false,מעדן שוקולד לבן יולו תנובה 123 גרם,מיוצר עי קונדיטוריית,,,יח`,123,"מ""ל",false,1,4.50,3.66,false,1,
7290014761193,false,יוגורט עם פירות יער 1.5% שומן 125 ג' פרילי,תנובה מרכז שיתופי לש,,,יח`,125,"מ""ל",false,1,3.50,2.80,false,1,
7290014761414,false,יולו מעדן שכבות שוקולד חלב ולבן 123 גר,מיוצר עי קונדיטוריית,,,יח`,123,"מ""ל",false,1,4.50,3.66,false,1,
7290014761612,false,מעדן שכבות שוקולד מריר ולבן יולו 122 גרם,מיוצר עי קונדיטוריית,,,יח`,123,"מ""ל",false,1,4.50,3.66,false,1,
7290014761698,false,"גבינת עמק 28% סמי חצי קשה 600 גרם בד""ץ",תנובה מרכז שיתופי לש,,,יח`,600,גרם,false,1,29.90,4.98,false,1,
7290014762756,false,גבינת שמנת נפוליאון 16% עם בצל תנובה 225 גרם,תנובה - חלב,,,יח`,225,גרם,false,1,13.90,6.18,false,1,
7290014762831,false,גבינת שמנת נפוליאון 16% עם פלפל חלפיניו תנובה 225 גרם,תנובה מרכז שיתופי לש,,,יח`,225,גרם,false,1,13.90,6.18,false,1,
7290014762909,false,פתיתי מוצרלה השף הלבן 10% תוספת מתנה,"תנובה, מחלבת תל יוסף",,,יח`,200,גרם,false,1,15.90,7.95,false,1,
7290014763098,false,קרם גבינת שמנת 5% עם פלפל שום ובצל 200 ג' תנובה,תנובה - חלב,,,יח`,200,גרם,false,1,11.50,5.75,false,1,
7290014763395,false,גבינה צהובה עמק פרוס 28% 600 גרם מהדרין,תנובה מרכז שיתופי לש,,,יח`,600,גרם,false,1,29.90,4.98,false,1,
7290014785007,false,גרגרי טפיוקה קטנים 400 גר`טעמי אסיה,טחנת האבן קואופ בעמ,,,יח`,400,גרם,false,1,8.90,2.23,false,1,
7290014785069,false,מירין משובח טעמי אסיה (250 מל),טחנת האבן קואופ בעמ,,,יח`,250,"מ""ל",false,1,15.90,6.36,true,1,
7290014785076,false,"קרם קוקוס ללא תוספות חומר משמר 400 מ""ל",טחנת האבן קואופ בעמ,,,יח`,400,"מ""ל",false,1,10.90,2.73,false,1,
7290014785113,false,רוטב טריאקי טעמי אסיה (500 מל),טחנת האבן קואופ בעמ,,,יח`,500,"מ""ל",false,1,15.90,3.18,false,1,
7290014785168,false,שיראטקי ג'ל קונג'אק בצורת אטריות,ננטונג דינגבורג סיוי,,,יח`,200,גרם,false,1,10.90,5.45,false,1,
7290014785571,false,"אטריות מוכנות מתאים להקפצה, מרקים ומנות קרות",טחנת האבן קואופ בעמ,,,יח`,200,גרם,false,1,4.90,2.45,true,1,
7290014785991,false,רוטב סויה ללא גולטן 500 מל טעמי אסיה,טחנת האבן קואופ בעמ,,,יח`,500,"מ""ל",false,1,13.90,2.78,false,1,
7290014791336,false,מי מינרלים בודד ליטר,יפאורה שותפות מוגבלת לשיווק,,,יח`,1000,"מ""ל",false,1,3.90,0.36,false,1,
7290014855434,false,מגבונים בייביסיטר פרפורמנס מבושם רביעיה,בייביסיטר Babysitter,,,יח`,1,,false,1,17.90,17.90,true,1,
7290014855458,false,מגבוני בייביסיטר פרפורמנס ללא בישום מארז 72X4יח',בייביסיטר Babysitter,,,יח`,1,,false,1,17.90,17.90,true,1,
7290014901247,false,"שמפו קרטין לאחר החלקה ועיצוב בחום סטייל 750 מ""ל",א.ל. ארמן ייצור תמרו,,,יח`,750,"מ""ל",false,1,24.90,3.32,false,1,
7290014905733,false,נוזל לניקוי חלונות הפי (750 מל),"יעקב יעקבי ובניו בע""מ",,,יח`,750,"מ""ל",false,1,9.90,1.32,false,1,
7290014940901,false,לחם פשוט מלא לילדים פרוס אנג`ל (750 גרם),מאפיית שלמה א. אנג'\ל בע,,,יח`,500,גרם,false,1,14.50,2.90,false,1,
7290014945821,false,אטבי כביסה איכותיים קולור 24 יח,מ.א.ייצור ויבוא מטליות בעמ,,,יח`,1,,false,1,6.90,6.90,false,1,
7290015037273,false,פטרוזיליה אוצר הארץ - מהדרין,יעל ירק עלים לשיווק בעמ,,,יח`,1,,false,1,6.40,6.40,false,1,
7290015037280,false,כוסברה אוצר הארץ - מהדרין,יעל ירק עלים לשיווק בעמ,,,יח`,1,,false,1,6.40,6.40,false,1,
7290015037297,false,שמיר אוצר הארץ - מהדרין,יעל ירק עלים לשיווק בעמ,,,יח`,1,,false,1,6.40,6.40,false,1,
7290015037396,false,נענע אוצר הארץ - מהדרין,"בכורי השדה צפון1994 ג.ד. בע""מ",,,יח`,1,,false,1,6.40,6.40,false,1,
7290015037419,false,סלרי אמריקאי אוצר הארץ,"בכורי השדה צפון1994 ג.ד. בע""מ",,,יח`,1,,false,1,7.40,7.40,false,1,
7290015037433,false,חסה ערבית אוצר הארץ יחיד,"בכורי השדה צפון1994 ג.ד. בע""מ",,,יח`,1,,false,1,7.40,7.40,false,1,
7290015037440,false,"כרוב לבן שלם 1 ק""ג -א. הארץ",יעל ירק עלים לשיווק בעמ,,,"ק""ג",0,"ק""ג",true,1,14.90,14.90,false,1,
7290015037488,false,חסלט פטרוזיליה עדה חרדית,ביכורי השדה צפון 1994 ג.ד. בעמ,,,יח`,1,,false,1,6.90,6.90,false,1,
7290015039246,false,נתחי טונה בשמן צמחי רביעיה * 160 ג' וילי פוד,ג.וילי-פוד אינטרנשיונל בעמ,,,יח`,640,גרם,false,1,21.90,3.42,true,1,
7290015039253,false,עלי גפן במי מלח ויליפוד 620 גרם,ג. וילי-פוד אינטרנשיונל בע`מ,,,יח`,620,גרם,false,1,8.90,1.44,false,1,
7290015039338,false,נתחי טונה במי מלח רביעיה * 160 ג' וילי פוד,ג.וילי-פוד אינטרנשיונל בעמ,,,יח`,640,גרם,false,1,21.90,3.42,true,1,
7290015039499,false,ויליפוד עוגיות חמאה איטלקיות מובחרות 1ק,ג.וילי-פוד אינטרנשיונל בעמ,,,יח`,1,"ק""ג",false,1,11.90,11.90,false,1,
7290015129121,false,אטריות גל קונג`אק נודלס ללא גלוטן סקיני,הוויזאי וואנגייה פוד,,,יח`,270,גרם,false,1,9.90,3.67,false,1,
7290015129145,false,אטריות קונג'אק בתוספת טפיוקה בצורת ספגטי,הוויזאי וואנגייה פוד,,,יח`,270,גרם,false,1,9.90,3.67,false,1,
7290015150088,false,מחית עגבניות קלה גרנד איטליה 700 גרם,תה ויסוצקי (ישראל) בעמ,,,יח`,700,גרם,false,1,13.90,1.99,true,1,
7290015150118,false,שלישיית עגבניות חתוכות דק גרנד איטליה 400 גרם,תה ויסוצקי (ישראל) בעמ,,,יח`,1.20,"ק""ג",false,1,16.90,14.08,false,1,
7290015150361,false,תה ירוק נענע בתוספת סטיביה ויסוצקי) (25,תה ויסוצקי (ישראל) בעמ,,,יח`,68.80,גרם,false,1,24.90,36.19,true,1,
7290015150583,false,תה ירוק בתוספת לימון ודבש ויסוצקי) (25,תה ויסוצקי (ישראל) בעמ,,,יח`,1,,false,1,24.90,24.90,true,1,
7290015150590,false,תה ירוק ג'ינג'ר חריף ויסוצקי 25 יחידות,תה ויסוצקי (ישראל) בעמ,,,יח`,50,גרם,false,1,24.90,49.80,true,1,
7290015150729,false,תה ירוק סקיני גריני ויסוצקי 25 יחידות,תה ויסוצקי (ישראל) בעמ,,,יח`,1,,false,1,24.90,24.90,true,1,
7290015150903,false,תה ירוק קינמון ודבש ויסוצקי 25 יחידות,תה ויסוצקי (ישראל) בעמ,,,יח`,1,,false,1,24.90,24.90,true,1,
7290015155823,false,מחית תפוחי עץ חטיפטף ללא תוספת סוכר,גורי מוצרי צריכה (1991) בעמ,,,יח`,120,גרם,false,1,5.90,4.92,true,1,
7290015155830,false,מחית תפוחי עץ ובננה חטיפטף ללא תוספת סוכר,גורי מוצרי צריכה (1991) בעמ,,,יח`,120,גרם,false,1,5.90,4.92,true,1,
7290015155847,false,מחית סלט פירות חטיפטף ללא תוספת סוכר,גורי מוצרי צריכה (1991) בעמ,,,יח`,120,גרם,false,1,5.90,4.92,true,1,
7290015156769,false,מחית פרינוק פאוץ' תפוח ואוכמניות 120 גרם,גורי מוצרי צריכה (1991) בעמ,,,יח`,120,גרם,false,1,5.90,4.92,true,1,
7290015156776,false,מחית פירות טרופיים חטיפטף ללא תוספת סוכר,גורי מוצרי צריכה (1991) בעמ,,,יח`,120,גרם,false,1,5.90,4.92,true,1,
7290015156790,false,מחית לפתן פירות חטיפטף ללא תוספת סוכר,גורי מוצרי צריכה (1991) בעמ,,,יח`,120,גרם,false,1,5.90,4.92,true,1,
7290015282000,false,איקרא אדומה SEVEN SEAS 200 גרם,שבעת הימים - שמיר,,,יח`,200,גרם,false,1,12.90,6.45,false,1,
7290015282024,false,איקרא לבנה SEVEN SEAS 200 גרם,שבעת הימים - שמיר,,,יח`,200,גרם,false,1,12.90,6.45,false,1,
7290015282581,false,חומוס אבו גוש עם חריף שמיר 200 גרם,"סלטי שמיר 2006 בע""מ",,,יח`,200,גרם,false,1,9.90,4.95,false,1,
7290015282604,false,טחינה מיוחדת גורמה שמיר 200 גרם,"סלטי שמיר 2006 בע""מ",,,יח`,200,גרם,false,1,9.90,4.95,false,1,
7290015282628,false,חציל בטעם כבד גורמה שמיר 200 גרם,"סלטי שמיר 2006 בע""מ",,,יח`,200,גרם,false,1,11.90,5.95,false,1,
7290015282635,false,חומוס מסבחה גורמה שמיר 200 גרם,"סלטי שמיר 2006 בע""מ",,,יח`,200,גרם,false,1,9.90,4.95,false,1,
7290015282673,false,חציל במיונז ביתי גורמה שמיר 200 גרם,"סלטי שמיר 2006 בע""מ",,,יח`,200,גרם,false,1,9.90,4.95,false,1,
7290015282697,false,כרוב אדום שמיר גורמה 200גר,"סלטי שמיר 2006 בע""מ",,,יח`,200,גרם,false,1,9.90,4.95,false,1,
7290015282727,false,גזר מרוקאי ברוטב פיקנטי אסלי שמיר 200 ג',"סלטי שמיר 2006 בע""מ",,,יח`,200,גרם,false,1,11.90,5.95,false,1,
7290015282741,false,חציל תאילנדי אסלי שמיר 200 ג',"סלטי שמיר 2006 בע""מ",,,יח`,200,גרם,false,1,11.90,5.95,false,1,
7290015282796,false,"סלט תפו""א שמיר במיונז 200ג'","סלטי שמיר 2006 בע""מ",,,יח`,200,גרם,false,1,11.90,5.95,false,1,
7290015320009,false,שלישיית שוקולד מריר השקדיה 100 גרם,דין שיווק וקליה 2021 בעמ,,,יח`,300,גרם,false,1,8.90,2.97,false,1,
7290015320481,false,שוקולד מריר 60% קקאו שגוטן 100 גרם,יעד ממתקים בעמ,,,יח`,1,,false,1,3.90,3.90,false,1,
7290015324007,false,פלפל שחור גרוס 80 גר' טעם וריח,"תבליני טעם וריח בע""מ",,,יח`,80,גרם,false,1,9.90,12.38,false,1,
7290015324014,false,"פלפל שחור טחון בשקית 80 גרם ""טעם וריח""","תבליני טעם וריח בע""מ",,,יח`,80,גרם,false,1,9.90,12.38,false,1,
7290015324038,false,פפריקה מתוקה בשמן 100 גרם טעם וריח,"תבליני טעם וריח בע""מ",,,יח`,80,גרם,false,1,5.90,7.38,false,1,
7290015324045,false,תבלין פפריקה חריפה 80 גר' שק',"תבליני טעם וריח בע""מ",,,יח`,80,גרם,false,1,5.90,7.38,false,1,
7290015324052,false,פפריקה מתוקה 80 גר' טעם וריח,"תבליני טעם וריח בע""מ",,,יח`,80,גרם,false,1,5.90,7.38,false,1,
7290015324069,false,גריל עוף 80 גר' טעם וריח,"תבליני טעם וריח בע""מ",,,יח`,80,גרם,false,1,5.90,7.38,false,1,
7290015324076,false,זעתר מעורב 80 גר' טעם וריח,"תבליני טעם וריח בע""מ",,,יח`,80,גרם,false,1,5.90,7.38,false,1,
7290015324083,false,מלח לימון 80 גר' טעם וריח,"תבליני טעם וריח בע""מ",,,יח`,80,גרם,false,1,5.90,7.38,false,1,
7290015324090,false,כמון טחון 80 גר' טעם וריח,"תבליני טעם וריח בע""מ",,,יח`,80,גרם,false,1,5.90,7.38,false,1,
7290015324106,false,כורכום טחון 80 גר' טעם וריח,"תבליני טעם וריח בע""מ",,,יח`,80,גרם,false,1,5.90,7.38,false,1,
7290015324113,false,טעם וריח בהרט שקית 8,"תבליני טעם וריח בע""מ",,,יח`,80,גרם,false,1,6.90,8.63,false,1,
7290015324120,false,שום גבישי 80 גר' טעם וריח,"תבליני טעם וריח בע""מ",,,יח`,80,גרם,false,1,6.90,8.63,false,1,
7290015324151,false,חוואיג' למרק 80 גר' טעם וריח,"תבליני טעם וריח בע""מ",,,יח`,80,גרם,false,1,6.90,8.63,false,1,
7290015324168,false,שק 80 גרם על האש ללא מונוסטדיום,"תבליני טעם וריח בע""מ",,,יח`,80,גרם,false,1,5.90,7.38,false,1,
7290015324175,false,תיבול לשווארמה 80 גר' טעם וריח,"תבליני טעם וריח בע""מ",,,יח`,80,גרם,false,1,5.90,7.38,false,1,
7290015324526,false,תערובת תיבול לפרגיות 80 גרם,"תבליני טעם וריח בע""מ",,,יח`,80,גרם,false,1,5.90,7.38,false,1,
7290015324533,false,רוזמרין מיכל גדול 55 גרם,"תבליני טעם וריח בע""מ",,,יח`,55,גרם,false,1,9.90,18,true,1,
7290015324540,false,טימין מיכל גדול 30 גרם,"תבליני טעם וריח בע""מ",,,יח`,30,גרם,false,1,9.90,33,true,1,
7290015324557,false,בהרט לבישול מיכל גדול 80 גרם,"תבליני טעם וריח בע""מ",,,יח`,80,גרם,false,1,9.90,12.38,true,1,
7290015324564,false,בכוסברה טחונה מיכל גדול 70 גרם,"תבליני טעם וריח בע""מ",,,יח`,55,גרם,false,1,9.90,18,true,1,
7290015324571,false,פפריקה מתוקה בשמן בסגנון מרוקאי 400גרם.,"תבליני טעם וריח בע""\מ",,,יח`,400,גרם,false,1,19.90,4.98,false,1,
7290015324588,false,פלפל לבן 100 גר` טעם וריח,"תבליני טעם וריח בע""מ",,,יח`,100,גרם,false,1,12.90,12.90,true,1,
7290015324670,false,מטחנת פלפל שחור שלם 50 ג' טעם וריח,תבליני טעם וריח בעמ,,,יח`,50,גרם,false,1,14.90,29.80,true,1,
7290015324717,false,"מחית שום `טעם וריח, 210 גרם",ליני קאטייאמה פודסטאפס ב,,,יח`,210,גרם,false,1,13.90,6.62,true,1,
7290015324748,false,"מחית שום וג`ינגר `טעם וריח', 210 גרם",ליני קאטייאמה פודסטאפס ב,,,יח`,210,גרם,false,1,13.90,6.62,true,1,
7290015325752,false,מגבונים אסותא רביעייה לתינוק,עיסא ערטול בעמ-סוכן הנקל סוד,,,יח`,1,,false,1,15.90,15.90,false,1,
7290015347273,false,נטיפי שוקולד לאפייה שוקולדמריר 250גר,מיה תעשיות מזון מ.ת.מ. בעמ,,,יח`,250,גרם,false,1,9.90,3.96,false,1,
7290015347488,false,"סוכר דמררה חום שקית מיה 1 ק""ג",מיה תעשיות מזון מ.ת.מ. בעמ,,,יח`,1,"ק""ג",false,1,11.90,11.90,false,1,
7290015347990,false,מארז שמיניית עדשי שוקולד מיה 160 גרם,מיה תעשיות מזון מ.ת.מ. בעמ,,,יח`,160,גרם,false,1,9.90,6.19,false,1,
7290015366373,false,ספירה אנתוש דוחה יתושים לילדים ותינוקות,סאסא קוסמטיקס,,,יח`,50,"מ""ל",false,1,15.90,31.80,false,1,
7290015366663,false,"משחת שיניים מנטה עדין אקווה פרש 100 מ""ל",גלקסוסמיתקליין,,,יח`,100,גרם,false,1,6.90,6.90,true,1,
7290015366670,false,משחת שיניים בטעם מנטה אקוהפרש (100 מל),גלקסוסמיתקליין,,,יח`,100,"מ""ל",false,1,6.90,6.90,true,1,
7290015437431,false,רכז רימונים 100% טבעי 420 גר,תומר יבוא ושיווק מוצרי מזון (1,,,יח`,420,"מ""ל",false,1,19.90,4.74,false,1,
7290015597548,false,קרמיסימו בננה שוקולד צ`יפ,"גלידת שטראוס בע""\מ",,,יח`,133,1 ליטר,false,1,19.90,0.15,true,1,
7290015597555,false,קרמיסימו וניל פירות טרופיים סולרו,גלידות שטראוס בעמ,,,יח`,133,1 ליטר,false,1,19.90,0.15,false,1,
7290015644297,false,שישיית לחמניות פשוט מלא אנג'ל 450 גרם,מאפיית שלמה א. אנג'\ל בע,,,יח`,450,גרם,false,1,11.90,2.64,false,1,
7290015644433,false,לחם מחמצת 100% שיפון קל אנג'ל 600 גרם,מאפיית שלמה א. אנג'\ל בע,,,יח`,600,גרם,false,1,16.90,2.82,false,1,
7290015652070,false,קשוי קלוי בשקית ששון הקולה 150 גרם,דין שיווק וקליה 2021 בעמ,,,יח`,150,גרם,false,1,12.90,8.60,true,1,
7290015652087,false,תערובת פיצוחים בשקית ששון הקולה 150 גרם,דין שיווק וקליה 2021 בעמ,,,יח`,150,גרם,false,1,12.90,8.60,true,1,
7290015652254,false,גרעיני חמניה קלויים ששון הקולה (400 גרם),דין שיווק וקליה 2021 בעמ,,,יח`,400,גרם,false,1,10,2.50,false,1,
7290015652261,false,בוטנים קלויים ששון הקולה 350 גרם,דין שיווק וקליה 2021 בעמ,,,יח`,300,גרם,false,1,10,3.33,false,1,
7290015652278,false,תערובת פיצוחים ששון הקולה 300 גרם,דין שיווק וקליה 2021 בעמ,,,יח`,250,גרם,false,1,20,8,false,1,
7290015652292,false,קבוקים עם שומשום ששון הקולה 400 גרם,דין שיווק וקליה 2021 בעמ,,,יח`,400,גרם,false,1,10,2.50,false,1,
7290015652308,false,מנצ'ס ששון הקולה 400 גרם,דין שיווק וקליה 2021 בעמ,,,יח`,300,גרם,false,1,10,3.33,false,1,
7290015652322,false,בוטנים אמריקאיים מצופים 400 גר ששון הקלה,דין שיווק וקליה 2021 בעמ,,,יח`,400,גרם,false,1,10,2.50,false,1,
7290015652407,false,פיסטוק קלוי ששון הקולה (250 גרם),דין שיווק וקליה 2021 בעמ,,,יח`,250,גרם,false,1,20,8,false,1,
7290015699730,false,סבון דה מארסיי יעקבי 1.5 ליטר *חדש-,"יעקב יעקבי ובניו בע""מ",,,יח`,1500,"מ""ל",false,1,11.90,0.79,false,1,
7290015733120,false,מטרנה גולד שלב 1 תרכובת מזון על בסיס חלבי,קבוצת אוסם סחר שותפות מוגבלת,,,יח`,700,גרם,false,1,67.50,9.64,true,1,
7290015733229,false,תרכובת מזון לתינוקות חלבי שלב 2 אקסטרה קר מהדרין,קבוצת אוסם סחר שותפות מוגבלת,,,יח`,700,גרם,false,1,59.90,8.56,false,1,
7290015733243,false,מטרנה אקסטרה קייר מהדרין שלב 3 700 גרם,קבוצת אוסם סחר שותפות מוגבלת,,,יח`,700,גרם,false,1,59.90,8.56,false,1,
7290015733427,false,מטרנה דייסת גם וגם וניל פרו12*300ג 2019,קבוצת אוסם סחר שותפות מוגבלת,,,יח`,300,גרם,false,1,18.90,6.30,false,1,
7290015733465,false,דייסת מטרנה גם וגם קרנפלור פרו 300 גרם,קבוצת אוסם סחר שותפות מוגבלת,,,יח`,300,גרם,false,1,18.90,6.30,false,1,
7290015733977,false,תרכובת מזון קומפורט על בסיס חלבי דל לקטוז,קבוצת אוסם סחר שותפות מוגבלת,,,יח`,700,גרם,false,1,67.90,9.70,false,1,
7290015781008,false,"יין VISION מרלו אדום טפרברג 750 מ""ל",יקב טפרברג 1870 בעמ (יינות ומש,,,יח`,750,"מ""ל",false,1,39.90,5.28,true,1,
7290015781015,false,יין אדום מלבק ויז`יון טפרברג (750 מל),יקב טפרברג 1870 בעמ (יינות ומש,,,יח`,750,"מ""ל",false,1,39.90,5.28,true,1,
7290015781053,false,יין לבן יבש ויזון יקב טפרברג (750 מל),יקב טפרברג 1870 בעמ (יינות ומש,,,יח`,750,"מ""ל",false,1,39.90,5.28,true,1,
7290015781107,false,"יין סנג'ובזה 750 מ""ל IMPRESSION",יקב טפרברג 1870 בעמ (יינות ומש,,,יח`,750,"מ""ל",false,1,49.90,6.61,true,1,
7290015781121,false,"יין IMPRESSION קברנה סוביניון יבש טפרברג 750 מ""ל",יקב טפרברג 1870 בעמ (יינות ומש,,,יח`,750,"מ""ל",false,1,49.90,6.61,true,1,
7290015781169,false,"יין IMPRESSION קברנה סוביניון חצי יבש טפרברג 750 מ""ל",יקב טפרברג 1870 בעמ (יינות ומש,,,יח`,750,"מ""ל",false,1,49.90,6.61,true,1,
7290015781268,false,יין אדום מוסקטו מתוק טפרברג (750 מל),יקב טפרברג 1870 בעמ (יינות ומש,,,יח`,750,"מ""ל",false,1,39.90,5.28,true,1,
7290015781299,false,יין שיראז ויזון יקב טפרברג (750 מל),יקב טפרברג 1870 בעמ (יינות ומש,,,יח`,750,"מ""ל",false,1,39.90,5.28,true,1,
7290015855013,false,פלפלונים -טינקרבל א.אדמה,א.אדמה (2007) בעמ,,,יח`,1,,false,1,9.90,9.90,false,1,
7290015855037,false,פלפל צ`ילי בשקית,א.אדמה (2007) בעמ,,,יח`,1,,false,1,9.90,9.90,false,1,
7290015855112,false,חמציץ,א.אדמה (2007) בעמ,,,יח`,1,,false,1,8.90,8.90,false,1,
7290015855143,false,שיני שום קלופות בנספ,א.אדמה (2007) בעמ,,,יח`,170,גרם,false,1,12.90,7.59,false,1,
7290015855181,false,גינג`ר יחידה טרי,א.אדמה (2007) בעמ,,,יח`,1,,false,1,8.90,8.90,false,1,
7290015855228,false,אספרגוס א.אדמה,א.אדמה (2007) בעמ,,,יח`,1,,false,1,29.90,29.90,false,1,
7290015855273,false,בזיליקום מארז גדול א.אדמה,א.אדמה (2007) בעמ,,,יח`,1,,false,1,9.90,9.90,false,1,
7290015855341,false,אנדיב לבן (עלוש),א.אדמה (2007) בעמ,,,יח`,1,,false,1,15.90,15.90,false,1,
7290015855938,false,עלי בייבי 250 גרם ארוז א.אדמה,א.אדמה (2007) בעמ,,,יח`,250,גרם,false,1,14.90,5.96,false,1,
7290015855990,false,לקט ירקות למרק טרי,א.אדמה (2007) בעמ,,,יח`,1,,false,1,14.90,14.90,false,1,
7290015858106,false,"ממרח פסטו ביתי 180 גרם ""עללחם""",שטראוס גרופ בעמ/מצונן,,,יח`,180,גרם,false,1,16.90,9.39,false,1,
7290015858113,false,"ממרח עגבניות מיובשות 180 גרם ""טריטרי""",שטראוס גרופ בעמ/מצונן,,,יח`,180,גרם,false,1,16.90,9.39,false,1,
7290015858144,false,ממרח ארטישוק עללחם 180 גרם,שטראוס גרופ בעמ/מצונן,,,יח`,180,גרם,false,1,16.90,9.39,false,1,
7290015858229,false,"טפנד זיתי קלמטה 180 גרם ""עללחם""",שטראוס גרופ בעמ/מצונן,,,יח`,180,גרם,false,1,16.90,9.39,false,1,
7290015858243,false,ממרח צימיצורי עללחם 180 גרם,שטראוס גרופ בעמ/מצונן,,,יח`,180,גרם,false,1,16.90,9.39,false,1,
7290015858328,false,עללחם ממרח איולי פסטו 295 גרם,"מדשא תעשיות מזון בע""\מ",,,יח`,295,גרם,false,1,12.90,4.37,false,1,
7290015858441,false,עללחם ממרח איולי פלפלים 295 גרם,"מדשא תעשיות מזון בע""\מ",,,יח`,295,גרם,false,1,12.90,4.37,false,1,
7290015858687,false,עללחם ממרח איולי שום 295 גרם,"מדשא תעשיות מזון בע""\מ",,,יח`,295,גרם,false,1,12.90,4.37,false,1,
7290015858694,false,עללחם ממרח איולי שום לימון 295 גרם,"מדשא תעשיות מזון בע""\מ",,,יח`,295,גרם,false,1,12.90,4.37,false,1,
7290015865692,false,ענבי ציון תענוג פרי תות שדה 400 גר`,אבאל יזמות בעמ,,,יח`,400,גרם,false,1,16.90,4.23,false,1,
7290015865708,false,ענבי ציון תענוג פרי אוכמניות 400 גר`,אבאל יזמות בעמ,,,יח`,400,גרם,false,1,16.90,4.23,false,1,
7290015865746,false,ענבי ציון קונפיטורה לייט פירות יער 400 ג,אבאל יזמות בעמ,,,יח`,400,גרם,false,1,19.90,4.98,false,1,
7290015872096,false,חומוס סלטי שמיר 700 גרם,"סלטי שמיר 2006 בע""מ",,,יח`,700,גרם,false,1,9.90,1.41,false,1,
7290015888028,false,"אורז בסגנון בסמטי"" ריהן 1ק""ג",בני ג`ורג` שוקחה (חיפה) בעמ,,,יח`,1,"ק""ג",false,1,10.90,10.90,false,1,
7290015888110,false,קינואה לבנה 1 קג שוקחה,בני ג`ורג` שוקחה (חיפה) בעמ,,,יח`,1,"ק""ג",false,1,23.90,23.90,true,1,
7290015888196,false,שמן חמניות 1 ליטר שוקחה,בני ג`ורג` שוקחה (חיפה) בעמ,,,יח`,1000,"מ""ל",false,1,12.90,1.29,true,1,
7290015888301,false,שמן חמניות 3 ליטר שוקחה,בני ג`ורג` שוקחה (חיפה) בעמ,,,יח`,3000,"מ""ל",false,1,36.90,1.23,true,1,
7290015888325,false,חומוס ענק 1 קג` שוקחה,בני ג`ורג` שוקחה (חיפה) בעמ,,,יח`,1,"ק""ג",false,1,15.90,15.90,true,1,
7290015951890,false,"יין הר חרמון קברנה סוביניון 750 מ""ל.",היכל היין שקד גולן בעמ,,,יח`,750,"מ""ל",false,1,35.90,4.75,true,1,
7290015968010,false,כפפות ניטריל S שחורות סייף טאץ 100 יחידות,סייף טאץ' Safe Touch,,,יח`,1,,false,1,23.90,23.90,false,1,
7290015968102,false,קיסמי שיניים רפויים עם חוט דנטאלי 100 יחידות,אינטרסן (1996) בעמ,,,יח`,1,,false,1,14.90,14.90,false,1,
7290015968140,false,אטב אחיזה רחבה בעיצוב איטלקי הוסטס 36 יח,אינטרסן (1996) בעמ,,,יח`,1,,false,1,15.90,15.90,false,1,
7290015968782,false,פדים להסרת איפור במארז 80X3 יח',אינטרסן (1996) בעמ,,,יח`,1,,false,1,19.90,19.90,false,1,
7290015968973,false,כפפות ניטריל M שחורות סייף טאץ 100 יחידות,סייף טאץ' Safe Touch,,,יח`,1,,false,1,23.90,23.90,false,1,
7290015968980,false,כפפות ניטריל L שחורות סייף טאץ 100 יחידות,סייף טאץ' Safe Touch,,,יח`,1,,false,1,23.90,23.90,false,1,
7290015968997,false,כפפות ניטריל XL שחורות סייף טאץ 100 יחידות,אינטרסן 1996 בעמ,,,יח`,1,,false,1,23.90,23.90,false,1,
7290015996983,false,סוכרלוז סוכרזית 0 קלוריות 100 שקיות,"שטראוס גרופ בע""מ",,,יח`,130,גרם,false,1,25.90,19.92,false,1,
7290016006292,false,נקטר מנגו בננה מלון קרטונית 1 ל' ספרינג,יפאורה שותפות מוגבלת לשיווק,,,יח`,1,1 ליטר,false,1,6.90,6.90,false,1,
7290016006322,false,מים מינרליים מי עדן,יפאורה שותפות מוגבלת לשיווק,,,יח`,1,1 ליטר,false,1,2.90,2.90,false,1,
7290016006339,false,מים מינרלים מי עדן (1x4 ליטר),יפאורה שותפות מוגבלת לשיווק,,,יח`,4,1 ליטר,false,1,10,2.20,false,1,
7290016006346,false,שוופס סודה 0.5 ליטר מארז שישייה,יפאורה שותפות מוגבלת לשיווק,,,יח`,3000,"מ""ל",false,1,13.90,0.40,false,1,
7290016077759,false,רוטב ברביקיו קלאסי היינץ 480 גרם,דיפלומט מפיצים (1968) בעמ**,,,יח`,480,גרם,false,1,16.90,3.52,false,1,
7290016087147,false,רוטב עגבניות מתובל לפיצה מרגריטה 240 גרם,אבאל יזמות בעמ,,,יח`,230,גרם,false,1,5.50,2.39,true,1,
7290016087222,false,רוטב עגבניות מרוכז לשקשוקה פריניר 230 גרם,פריניר ( הדס 1987) ב,,,יח`,230,גרם,false,1,5.50,2.39,true,1,
7290016087574,false,פריניר זיתים חרוזית ירוק 390 גר,אבאל יזמות בעמ,,,יח`,390,גרם,false,1,6.50,1.67,false,1,
7290016087581,false,פריניר זיתים טבעות ירוק 390 גר`,אבאל יזמות בעמ,,,יח`,390,גרם,false,1,6.50,1.67,false,1,
7290016094695,false,אלכוג'ל לשמירה על הייגיינת הידיים 70% אלכוהול,"פישר תעשיות פרמבצטיות בע""מ",,,יח`,500,"מ""ל",false,1,29.90,5.98,false,1,
7290016096934,false,מארז זוגות סלט טונה 2*160 ג' פילטונה,תעשיות פיל טונה בעמ,,,יח`,1,,false,1,11.90,11.90,false,1,
7290016136111,false,"תערובת קמח רב תכליתי ג'י פרי 500 גרם לל""ג",גורי מוצרי צריכה (1991) בעמ,,,יח`,500,גרם,false,1,17.90,3.58,false,1,
7290016136708,false,משחת שיניים הגנה משולשת מנטה עדין- שלישייה,גלקסוסמיתקליין,,,יח`,300,"מ""ל",false,1,17.90,5.97,true,1,
7290016136722,false,פתיתים פנה ללא גלוטן 340 גרם גי פרי,גורי מוצרי צריכה (1991) בעמ,,,יח`,340,גרם,false,1,13.90,4.09,false,1,
7290016136739,false,GFREE פתיתי פוזילי על בסיס קמח תירס וקמח,גורי מוצרי צריכה (1991) בעמ,,,יח`,340,גרם,false,1,13.90,4.09,false,1,
7290016150117,false,סלק אדום מבושל 500 ג' בוואקום,ביג פוד כחול לבן בעמ*שיק 30 יו,,,יח`,1,,false,1,8.90,8.90,false,1,
7290016162264,false,עוגת גבינה רנסנס קפולסקי (450 גרם),קפולסקי שיווק וקמעונ,,,יח`,450,גרם,false,1,39.90,8.87,false,1,
7290016188585,false,GIACOBAZZI למברוסקו רוזה חצי יבש יקבי כרמל,אגודת הכורמים,,,יח`,750,"מ""ל",false,1,26.90,3.55,true,1,
7290016197488,false,מטליות מיקרופייבר למשטחים ניקול 3יח',קימברלי קלארק ישראל שיווק בעמ,,,יח`,1,,false,1,15.90,15.90,true,1,
7290016197495,false,ניקול זוג מטליות הקסם מיקרופייבר לרצפה,קימברלי קלארק ישראל שיווק בעמ,,,יח`,1,,false,1,24.90,24.90,true,1,
7290016197600,false,דיפנד - תחבושת לנשים נורמל 12 יח',קימברלי קלארק ישראל שיווק בעמ,,,יח`,1,,false,1,19.90,19.90,false,1,
7290016197617,false,תחבושת לנשים אקסטרה דיפנד 10 יחידות,קימברלי קלארק ישראל שיווק בעמ,,,יח`,1,,false,1,19.90,19.90,false,1,
7290016197624,false,תחבושות לנשים סופר דיפנד 8 יחידות,קימברלי קלארק ישראל שיווק בעמ,,,יח`,1,,false,1,25.90,25.90,false,1,
7290016197839,false,ניקול השקית החזקה 20 יח' XL,קימברלי קלארק ישראל שיווק בעמ,,,יח`,1,,false,1,24.90,24.90,false,1,
7290016197877,false,שקיות אשפה לפחים בינוניים עם שרוך 50 * 53 ניקול 50 יחידות,קימברלי קלארק ישראל שיווק בעמ,,,יח`,1,,false,1,21.90,21.90,false,1,
7290016217759,false,חציל מרוקאי 200גרם גורמה,"סלטי שמיר 2006 בע""מ",,,יח`,200,גרם,false,1,11.90,5.95,false,1,
7290016246018,false,חטיף מיקס פינוקיות חלבה בארכה 20ג*9,קבוצת אוסם סחר שותפות מוגבלת,,,יח`,200,גרם,false,1,11.90,5.95,false,1,
7290016246025,false,בארכה מיקס פינוקיות חלווה ללא סוכר 10*20ג,קבוצת אוסם סחר שותפות מוגבלת,,,יח`,200,גרם,false,1,11.90,5.95,false,1,
7290016246445,false,בארכה טחינה גולמית מעודנת שומשום מלא 310 גם,קבוצת אוסם סחר שותפות מוגבלת,,,יח`,310,גרם,false,1,10.90,3.52,false,1,
7290016246773,false,בארכה טחינה מתובלת גולמית מעודנת משומשום מלא זעתר 310 גרם,קבוצת אוסם סחר שותפות מוגבלת,,,יח`,310,גרם,false,1,13.90,4.48,false,1,
7290016276855,false,תבשיל אטריות בטעם ירקות 70 גרם סו שף,דין שיווק וקליה 2021 בעמ,,,יח`,70,גרם,false,1,5.90,8.43,true,1,
7290016277470,false,שיבולת שועל דקה 350 גר' שקית (3 ב- 10),דין שיווק וקליה 2021 בעמ,,,יח`,350,גרם,false,1,3.90,1.11,false,1,
7290016277487,false,שיבולת שועל עבה 350 גר',דין שיווק וקליה 2021 בעמ,,,יח`,350,גרם,false,1,3.90,1.11,false,1,
7290016302059,false,מארז לחמניות פרנה ביס 10 יח',קונסיגנציה ג`נרל מילס ישראל בע,,,יח`,1,,false,1,11.90,11.90,false,1,
7290016319309,false,סבון נוזלי מאסק קלאסי+משאבה פמלי 1 ל,הנסיך- מפעל לייצור ט,,,יח`,1,1 ליטר,false,1,14.90,14.90,true,1,
7290016321661,false,פרש וואנס SENSITIVE מגבונים ללא בישום רביעייה 72 יחידות,עלבד משואות יצחק,,,יח`,1,,false,1,15.90,15.90,false,1,
7290016321678,false,מגבונים לחים בניחוח מרענן עם תמציות קמומיל ואלוורה,עלבד משואות יצחק,,,יח`,1,,false,1,15.90,15.90,false,1,
7290016321883,false,פרשוואנס נייר טואלט מתכלה לילדים -מארז שלישייה,עלבד משואות יצחק בעמ,,,יח`,1,,false,1,14.90,14.90,false,1,
7290016321890,false,פרשוואנס נייר טואלט מתכלה למבוגרים -מארז שלישייה,עלבד משואות יצחק בעמ,,,יח`,1,,false,1,14.90,14.90,false,1,
7290016329278,false,קמיל בלו מגבונים מילוי 64 יח רביעייה,"פישר תעשיות פרמצביטות בע""מ",,,יח`,1,,false,1,19.90,19.90,true,1,
7290016372373,false,רסק עגבניות ללא תוספת סוכר ומלח - מארז זוג,תה ויסוצקי (ישראל) בעמ,,,יח`,280,גרם,false,1,8.90,3.18,false,1,
7290016372397,false,"תה ויסוצקי ירוק תפוז,ג'ינגר וכורכום 25 יח'",תה ויסוצקי (ישראל) בעמ,,,יח`,1,,false,1,24.90,24.90,true,1,
7290016372489,false,ויסוצקי חליטת ג'ינג'ר ולימון סודות הצמחים 25 שקיקים,תה ויסוצקי (ישראל) בעמ,,,יח`,0,גרם,false,1,20.90,20.90,true,1,
7290016387339,false,מטליות מיקרופייבר ג'מבו לרצפה זוג,מ.א.ייצור ויבוא מטליות בעמ,,,יח`,1,,false,1,16.90,16.90,false,1,
7290016387650,false,מקל +1.5 הברגה 1/25,מ.א.ייצור ויבוא מטליות בעמ,,,יח`,1,,false,1,6.90,6.90,false,1,
7290016416961,false,מוס גבינה תות שדה קפולסקי 400 גרם,קפולסקי שיווק וקמעונ,,,יח`,400,גרם,false,1,39.90,9.98,false,1,
7290016416992,false,עוגת דובוש בסקוויטים קפולסקי 400 גרם,תופינים מקבוצת קפולסקי,,,יח`,400,גרם,false,1,39.90,9.98,false,1,
7290016496147,false,פתיליות פתיל צף משוש 48יח',פאלאס תעשיות נטו (2014) בעמ,,,יח`,1,,false,1,2.90,2.90,false,1,
7290016509304,false,סוד סבון לאסלה 4 כדוריותבניחוח לבנדר 50 ג',גורי שיווק בעמ,,,יח`,50,גרם,false,1,7.90,15.80,false,1,
7290016509342,false,סוד מארז טריו כדוריות לאסלה כחול אקטיבי אקונומיקה,גורי שיווק בעמ,,,יח`,1,,false,1,16.90,16.90,true,1,
7290016509786,false,פרסיל גל לכביסה לבנה וצבעונית-ירוק 2.5 ל,גורי שיווק בעמ,,,יח`,2.50,1 ליטר,false,1,34.90,13.96,true,1,
7290016509793,false,ג'ל לכביסה לבנה וצבעונית אריזת XL,גורי שיווק בעמ,,,יח`,4,1 ליטר,false,1,44.90,11.23,false,1,
7290016509809,false,ג'ל מרוכז לכביסה קולור 2.5 ל' פרסיל,גורי שיווק בעמ,,,יח`,2.50,1 ליטר,false,1,34.90,13.96,true,1,
7290016510898,false,הוואי שמפו לשיער רגיל 700 מל פריחת דודב,שוורצקוף& הנקל דיסלד,,,יח`,700,"מ""ל",false,1,8.90,1.27,false,1,
7290016564006,false,מבריקל הפלא ספוגיות להסרת כתמים קשים ושומנים 3יח,ח.כהן סוכנות מזון ומשקאות בע,,,יח`,1,,false,1,9.90,9.90,false,1,
7290016564075,false,מבריקל הפלא זוג מטליות מיקרופייבר לניקוי והברקה 30*30,אבאל יזמות בעמ,,,יח`,1,,false,1,9.90,9.90,true,1,
7290016564204,false,מארז 6 כריות יפניות מבריקל,אבאל יזמות בעמ,,,יח`,1,,false,1,8.90,8.90,true,1,
7290016564211,false,מארז 3 מטליות מייקרופבר למטבח מבריקל,אבאל יזמות בעמ,,,יח`,1,,false,1,11.90,11.90,false,1,
7290016564235,false,זוג מטליות מיקרופייבר לרצפה גדולות מבריק,אבאל יזמות בעמ,,,יח`,1,,false,1,17.90,17.90,false,1,
7290016564242,false,מארז 4+2 ספוגלית הפלא מבריקל,אלבגינו שווק וסחר בעמ`,,,יח`,1,,false,1,9.90,9.90,false,1,
7290016564266,false,מבריקל הפלא כיסוי הפלא 3,ח.כהן סוכנות מזון ומשקאות בע,,,יח`,1,,false,1,9.90,9.90,false,1,
7290016564273,false,שלישיית סחבות לרצפה מבריקל,אבאל יזמות בעמ,,,יח`,1,,false,1,14.90,14.90,false,1,
7290016564297,false,מארז זוג שקיות סנדוויץ 300 גר מבריקל,אבאל יזמות בעמ,,,יח`,1,,false,1,11.90,11.90,true,1,
7290016564303,false,מטליות מייקרופייבר מארז 5 יח` מבריקל,אבאל יזמות בעמ,,,יח`,1,,false,1,8.90,8.90,true,1,
7290016564327,false,אטבי כביסה ארוז( 50 יח`)מבריקל,אלבגינו שיווק וסחר בעמ,,,יח`,1,,false,1,9.90,9.90,false,1,
7290016564365,false,מבריק כל לניקוי כללי לבנדר 750 גר,אבאל יזמות בעמ,,,יח`,750,"מ""ל",false,1,11.90,1.59,true,1,
7290016564426,false,מבריקל שקיות אשפה ג`מבו XXL עם ידית 25,אבאל יזמות בעמ,,,יח`,1,,false,1,15.90,15.90,true,1,
7290016564433,false,מבריקל מארז רביעית כרית יפנית,אבאל יזמות בעמ,,,יח`,1,,false,1,9.90,9.90,true,1,
7290016564440,false,ספוגית הפלא גדול מארז שישייה מבריקל,אבאל יזמות בעמ,,,יח`,1,,false,1,8.90,8.90,true,1,
7290016584004,false,חטיפוני גזר 130 גרם,קונס`-מרינה פטריות הגליל בעמ*ש,,,יח`,130,גרם,false,1,6.90,5.31,false,1,
7290016584011,false,חטיפוני גזר 350 גרם גיזרונים,קונס`-מרינה פטריות הגליל בעמ*ש,,,יח`,1,,false,1,11.90,11.90,false,1,
7290016584219,false,שעועית שלמה ירוקה וטריה 400 גרם,קונס`-מרינה פטריות הגליל בעמ*ש,,,יח`,1,,false,1,14.90,14.90,false,1,
7290016651294,false,מסרק כינים קוצים קצרים,ש.י גיספאן 1993,,,יח`,1,,false,1,9.90,9.90,false,1,
7290016651317,false,מברשת יוקרתית 317 סטייל שני,קונסיגנציה- ש. י גיספאן 1993,,,יח`,1,,false,1,15.80,15.80,false,1,
7290016682243,false,פריניב מיץ אשכולית אדומה סחוט 1 ליטר,תנובה - פריניב,,,יח`,1,1 ליטר,false,1,15.90,15.90,false,1,
7290016682335,false,מיץ תפוזים סחוט 2 ליטר פרי ניב,תנובה - פריניב,,,יח`,2,1 ליטר,false,1,25.90,12.80,true,1,
7290016682342,false,מיץ תפוזים וולנסיה פרי ניב 2 ליטר-,תנובה - פריניב,,,יח`,2,1 ליטר,false,1,27.90,13.80,false,1,
7290016682359,false,מיץ תפוזים שמוטי פרי ניב 2 ליטר-,תנובה - פריניב,,,יח`,2,1 ליטר,false,1,27.90,13.80,false,1,
7290016682373,false,משקה קל לימונדה בלאדי 2 ליטר פריניב,תנובה - פריניב,,,יח`,2,1 ליטר,false,1,19.90,9.80,false,1,
7290016717044,false,"יין מוסקטו סלקטד באז כרמל 750 מ""ל",אגודת הכורמים -כרמל מזרחי,,,יח`,750,"מ""ל",false,1,27.90,3.68,true,1,
7290016717631,false,יין מוסקטו בעל חוזק אלכוהול נמוך פרייבט קולקשן,אגודת הכורמים הקואופרטיב,,,יח`,750,"מ""ל",false,1,39.90,5.28,true,1,
7290016717754,false,יין היובל ישן נושן יקבי כרמל (750 מל),אגודת הכורמים הקואופרטיב,,,יח`,750,"מ""ל",false,1,19.90,2.61,true,1,
7290016866643,false,פרודונטקס מ.שיניים אקסטרה פרש 75 מל,פרודונטקס Parodontax,,,יח`,75,"מ""ל",false,1,30.90,41.20,true,1,
7290016866650,false,"פרודונטקס - משחת שיניים אוריג'ינל 75 מ""ל",פרודונטקס Parodontax,,,יח`,75,"מ""ל",false,1,30.90,41.20,true,1,
7290016866674,false,"פרודונטקס - משחת שיניים מלבינה 75 מ""ל",פרודונטקס Parodontax,,,יח`,75,"מ""ל",false,1,30.90,41.20,true,1,
7290016866728,false,סטייל מסכה קרטין E 500 מל לשיקום שיער יב,גורי ע.ע.ע בעמ,,,יח`,500,"מ""ל",false,1,27.90,5.58,false,1,
7290016867008,false,"לחם כוסמין מחמצת ד""ר מרק",המאפה של דר מרק בריאות באפייה,,,יח`,700,גרם,false,1,17.90,2.56,false,1,
7290016867039,false,"מארז פיתות קלות כוסמין בתוספת מחמצת 6 יחידות ד""ר מרק",המאפה של דר מרק בריאות באפייה,,,יח`,324,גרם,false,1,14.90,4.60,false,1,
7290016867046,false,"מארז פיתות קלות כוסמין במתיקות מעודנת 6 יחידות ד""ר מרק",המאפה של דר מרק בריאות באפייה,,,יח`,303,גרם,false,1,14.90,4.92,false,1,
7290016867114,false,לחם קל מכוסמין מלא 500 גר`דר מרק,המאפה של דר מרק בריאות באפייה,,,יח`,500,גרם,false,1,17.90,3.58,false,1,
7290016867152,false,"מארז פיתות קלות כוסמין 5 יחידות ד""ר מרק",המאפה של דר מרק בריאות באפייה,,,יח`,500,גרם,false,1,13.90,2.78,false,1,
7290016867176,false,"מארז לחמניות קלות כוסמין שומשום במתיקות מעודמת 5 יחידות ד""ר מרק",המאפה של דר מרק בריאות באפייה,,,יח`,500,גרם,false,1,13.90,2.78,false,1,
7290016867237,false,לחם קל כוסמין במתיקות מעודנת 400 גר`דר,המאפה של דר מרק בריאות באפייה,,,יח`,400,גרם,false,1,18.90,4.73,false,1,
7290016967074,false,לחם חיטה מלאה עם גרעינים ודגנים,מאפיית שלמה א. אנג'\ל בע,,,יח`,750,גרם,false,1,15.90,2.12,false,1,
7290016967456,false,לחם צרפתי מחמצת 100% כוסמין 600 ג' אנג'ל,"מאפיית אנג'\ל בעמ, מקבוצ",,,יח`,600,גרם,false,1,16.90,2.82,false,1,
7290017023212,false,"שוויפס מוגז פירות תפוח מארז רביעייה* 330 מ""ל",יפאורה שותפות מוגבלת לשיווק,,,יח`,1.32,1 ליטר,false,1,12.90,8.86,false,1,
7290017023236,false,רביעיית פחיות שוופס מוגז פירות ענבים 330 מל.,יפאורה שותפות מוגבלת לשיווק,,,יח`,1.32,1 ליטר,false,1,12.90,8.86,false,1,
7290017023663,false,"שוופס מיץ פירות לימונייד פחית מארז 330X4מ""ל",יפאורה שותפות מוגבלת לשיווק,,,יח`,1.32,1 ליטר,false,1,12.90,8.86,false,1,
7290017023670,false,"שוופס מוגז פירות למונייד פחית 330 מ""ל",יפאורה שותפות מוגבלת לשיווק,,,יח`,330,"מ""ל",false,1,3.90,1.09,false,1,
7290017023854,false,מי סודה בקבוקים אישיים - מארז 4 יח',יפאורה שותפות מוגבלת לשיווק,,,יח`,1,1 ליטר,false,1,13.90,13.90,true,1,
7290017023861,false,סודה בטעם לימון בקבוקים אישיים - מארז 4 יח',יפאורה שותפות מוגבלת לשיווק,,,יח`,1,1 ליטר,false,1,13.90,13.90,true,1,
7290017023878,false,סודה בטעם נענע ליים בקבוקים אישיים - מארז 4 יח',יפאורה שותפות מוגבלת לשיווק,,,יח`,1,1 ליטר,false,1,13.90,13.90,true,1,
7290017031705,false,"סנסודיין משחת שיניים קלין & פרש 75 מ""ל",גלקסוס סמית קליין,,,יח`,75,גרם,false,1,21.90,29.20,true,1,
7290017044019,false,מגבונים אסותא בדלי עיסא ערטול) (400,עיסא ערטול בעמ-סוכן הנקל סוד,,,יח`,1,,false,1,19.90,19.90,false,1,
7290017058573,false,תומר פרוסות פלפל חלפיניו בחומץ 340 גרם,תומר יבוא ושיווק מוצרי מזון (1,,,יח`,340,גרם,false,1,9.90,2.91,false,1,
7290017058689,false,זית שחור יבש 400 גר`תומר,תומר יבוא ושיווק מוצרי מזון (1,,,יח`,400,גרם,false,1,14.90,3.73,false,1,
7290017062686,false,מרכך כביסה מרוכז בייבי 1 ל`טאצ`.,סאסאטק אגשח בעמ,,,יח`,1,1 ליטר,false,1,10.90,10.90,false,1,
7290017062693,false,מרכך כביסה מרוכז לבן 1*5 ליטר טאצ,סאסאטק אגשח בעמ,,,יח`,1,1 ליטר,false,1,10.90,10.90,false,1,
7290017062716,false,מרכך כביסה מרוכז ורוד 1 ל`טאצ`.,סאסאטק אגשח בעמ,,,יח`,1,1 ליטר,false,1,10.90,10.90,false,1,
7290017062730,false,"נוזל כלים לבנדר 36% 750 מ""ל טא'צ+משאבה",סאסאטק אגשח בעמ,,,יח`,750,"מ""ל",false,1,9.90,1.32,false,1,
7290017062747,false,נוזל כלים תפוח (36% 750 מל)+משאבה טאצ,סאסאטק אגשח בעמ,,,יח`,750,"מ""ל",false,1,9.90,1.32,false,1,
7290017062754,false,נוזל כלים לימון (36% 750 מל)+משאבה טא,סאסאטק אגשח בעמ,,,יח`,750,"מ""ל",false,1,9.90,1.32,false,1,
7290017065007,false,פרוסות גבינה מוצרלה חצי קשה 22% שומן 200 ג' גד,מחלבות גד שיווק 1992 בעמ,,,יח`,200,גרם,false,1,17.90,8.95,false,1,
7290017065137,false,ריקוטה למריחה 5% טבעית 200 גר`מחלבות גד,מחלבות גד שיווק 1992 בעמ,,,יח`,200,גרם,false,1,9.90,4.95,false,1,
7290017065144,false,ריקוטה למריחה בתוספת בזיליקום 5% גד 200 גם,מחלבות גד שיווק 1992 בעמ,,,יח`,200,גרם,false,1,9.90,4.95,false,1,
7290017065236,false,גבינה בולגרית מעודנת 24% גד (250 גרם),מחלבות גד שיווק 1992 בעמ,,,יח`,250,גרם,false,1,23.90,9.56,false,1,
7290017065311,false,פרוסות גבינה מוצרלה מעושנת 200 ג',מחלבות גד שיווק 1992 בעמ,,,יח`,200,גרם,false,1,18.50,9.25,false,1,
7290017065434,false,גבינה גאודה פרוסה הולנדית 200 גר',מחלבות גד שיווק 1992 בעמ,,,יח`,200,גרם,false,1,21.90,10.95,false,1,
7290017065526,false,קוואטרו פורמאג'י 4 גבינות מגוררות 26%,מחלבות גד שיווק 1992 בעמ,,,יח`,300,גרם,false,1,29.90,9.97,false,1,
7290017065588,false,יוגורט יווני 600 גר`מחלבות גד,מחלבות גד שיווק 1992 בעמ,,,יח`,600,גרם,false,1,16.90,2.82,false,1,
7290017065618,false,גבינת פקורינו פרוס גד 150 גרם,מחלבות גד שיווק 1992 בעמ,,,יח`,150,גרם,false,1,20.90,13.93,false,1,
7290017065663,false,גבינת פטה עיזים מעודנת 16% גד 200 גרם,מחלבות גד שיווק 1992 בעמ,,,יח`,250,גרם,false,1,30.90,12.36,false,1,
7290017065731,false,גבינת שמנת 30% ניו יורק +כמהין 200 גרם רבנות,מחלבות גד שיווק 1992 בעמ,,,יח`,200,גרם,false,1,12.90,6.45,false,1,
7290017065786,false,גבינה אנגלית קשה צ`דר 210 גר`גד,מחלבות גד שיווק 1992 בעמ,,,יח`,210,גרם,false,1,23.90,11.38,false,1,
7290017065861,false,קאצ`יו אה פפה רוטב פיקורינו ופלפל שחור 2,מחלבות גד שיווק 1992 בעמ,,,יח`,200,גרם,false,1,14.90,7.45,false,1,
7290017068374,false,שמרים יבשים בואקום מיה 500 גרם,מיה תעשיות מזון מ.ת.מ. בעמ,,,יח`,500,גרם,false,1,12.50,2.50,false,1,
7290017068848,false,סוכריות קישוט לעוגה צבעוני מיה 200 גרם,מיה תעשיות מזון מ.ת.מ. בעמ,,,יח`,200,גרם,false,1,9.90,4.95,false,1,
7290017068916,false,סוכריות ג`לי טבעות בציפוי סוכר 350גר,מיה תעשיות מזון מ.ת.מ. בעמ,,,יח`,350,גרם,false,1,14.90,4.26,false,1,
7290017068985,false,שיבולת שועל מלאה עבה 500 גר בזיפר מיה,מיה תעשיות מזון מ.ת.מ. בעמ,,,יח`,500,גרם,false,1,9.90,1.98,false,1,
7290017088051,false,בייביסיטר - חיתולי סטנדרט מידה 3 - 52 יח',די.פי.אל תעשיות מוצרים ח,,,יח`,1,,false,1,32.90,32.90,true,1,
7290017088068,false,בייביסיטר - חיתולי סטנדרט מידה 4 - 42 יח',די.פי.אל תעשיות מוצרים ח,,,יח`,1,,false,1,32.90,32.90,true,1,
7290017088099,false,בייביסיטר - חיתולי סטנדרט מידה 6 - 30 יח',די.פי.אל תעשיות מוצרים ח,,,יח`,1,,false,1,32.90,32.90,true,1,
7290017088327,false,רבעיית מגבונים בייביסיטר אקסטרא סופט ללא בישום 64 יחידות,די.פי.אל בעמ,,,יח`,1,,false,1,17.90,17.90,true,1,
7290017088631,false,רבעיית מגבונים תולי ללא בישום 72*4 יחידות,שקד תבל בעמ,,,יח`,1,,false,1,9.90,9.90,true,1,
7290017088839,false,BREEZE תחבושות לבריחת שתן אקסטרה פלוס (8 יח'),שקד תבל בעמ,,,יח`,1,,false,1,18.90,18.90,false,1,
7290017094830,false,סלט גזר ברוטב פיקנטי אסלי שמיר 400 ג',"סלטי שמיר 2006 בע""מ",,,יח`,400,גרם,false,1,11.90,2.98,false,1,
7290017094847,false,סלט תפוחי אדמה אסלי שמיר 400 ג',"סלטי שמיר 2006 בע""מ",,,יח`,400,גרם,false,1,9.90,2.48,false,1,
7290017094854,false,סלט קולסלאו אסלי( 400 גר`)אסלי,"סלטי שמיר 2006 בע""מ",,,יח`,400,גרם,false,1,9.90,2.48,false,1,
7290017094861,false,חומוס עם רוטב מסבחה אסלי שמיר 400 ג',"סלטי שמיר 2006 בע""מ",,,יח`,400,גרם,false,1,9.90,2.48,false,1,
7290017105369,false,סירופ דיאט בטעם תה אפרסק יכין (1 ליטר),זנלכל בעמ,,,יח`,1000,"מ""ל",false,1,16.90,1.69,false,1,
7290017105383,false,מארז גרעיני תירס קידס מתוק יכין,זנלכל בעמ,,,יח`,200,גרם,false,1,14.50,7.25,false,1,
7290017105468,false,מארז שלישייה אפונה קטנה יכין 3*200 גר,קשקמט קונסרב הונגריה,,,יח`,550,גרם,false,1,14.90,2.71,false,1,
7290017105550,false,רביעיית רסק עגבניות 100% יכין 4X100 גרם,היינץ צפון אמריקה מק,,,יח`,400,גרם,false,1,11.90,2.98,false,1,
7290017105895,false,גרגרי חומוס להכנת חומוס משובח יכין 560 ג,זנלכל בעמ,,,יח`,550,גרם,false,1,9.90,1.80,true,1,
7290017121048,false,"פלפל צ'ומה 250 גרם ""עללחם""",שטראוס גרופ בעמ/מצונן,,,יח`,250,גרם,false,1,13.90,5.56,false,1,
7290017121093,false,"אריסה חריפה 250 גרם ""עללחם""",שטראוס גרופ בעמ/מצונן,,,יח`,250,גרם,false,1,13.90,5.56,false,1,
7290017140056,false,קמח חומוס ללא גלוטן 500 גרם,גורי מוצרי צריכה (1991) בעמ,,,יח`,500,גרם,false,1,15.90,3.18,false,1,
7290017142005,false,"שמן קוקוס אורגני עץ הזית צנצנת 320מ""ל",סוגת תעשיות בעמ,,,יח`,320,"מ""ל",false,1,29.90,9.34,true,1,
7290017142111,false,פתיתי טונה בשמן זית טו גו עץ הזית 85 גרם,"יוניקורד ח.צ בע""מ",,,יח`,85,גרם,false,1,9.90,11.65,false,1,
7290017142159,false,"שלישיית נתחי טונה בהירה בשמן זית 80 גרם ""עץ הזית""",הנסיך- מפעל לייצור ט,,,יח`,240,גרם,false,1,23.90,9.96,true,1,
7290017142203,false,"פילה טונה פרוס עם שמן זית בטעם מעושן 120 גרם ""עץ הזית""","יוניקורד ח.צ בע""מ",,,יח`,120,גרם,false,1,14.90,12.42,true,1,
7290017142289,false,תרסיס שמן חמניות 200 מל ללא תוספת גז עץ,י.ב טכנולוגיות אריזה בעמ,,,יח`,200,"מ""ל",false,1,19.90,9.95,true,1,
7290017142340,false,שמן זרעי ענבים מזוכך 1 ליטר עץ הזית*,אף.ג'\יי.סנצ'\ז סוקחורס,,,יח`,1,1 ליטר,false,1,29.90,29.90,true,1,
7290017142371,false,"שמן שומשום לא מזוכך עץ הזית 250 מ""ל",סוגת תעשיות בעמ,,,יח`,250,"מ""ל",false,1,29.90,11.96,false,1,
7290017142388,false,שמן חמניות פלוס אומגה 3 עץ הזית 1 ליטר,סוגת תעשיות בעמ,,,יח`,1,1 ליטר,false,1,15.90,15.90,true,1,
7290017142395,false,"LUNCH TO GO פסטה עם טונה בשמן זית 160 גרם ""עץ הזית""",יוניקורד ח.צ בעמ,,,יח`,160,גרם,false,1,13.90,8.69,true,1,
7290017142418,false,"LUNCH TO GO אורז עם עדשים טונה בשמן זית 160 גרם ""עץ הזית""",יוניקורד ח.צ בעמ,,,יח`,160,גרם,false,1,13.90,8.69,true,1,
7290017142456,false,מארז נתחי טונה בהירה בשמן זית 2 * 160 ג' עץ הזית,יוניקורד ח.צ בעמ,,,יח`,320,גרם,false,1,27.90,8.72,true,1,
7290017142487,false,"LUNCH TO GO בורגול עם חומוס טונה בשמן זית 160 גרם ""עץ הזית""",יוניקורד ח.צ בעמ,,,יח`,160,גרם,false,1,13.90,8.69,true,1,
7290017189413,false,גולד רינג טבעות בצל שארית ישראל,קפוא-זן תעשיות מזון בעמ - תפוג,,,יח`,600,גרם,false,1,15.90,2.65,false,1,
7290017197029,false,אל סבון la belle מאסק לבן 1 ל,פארמה דיל (פ.א.ב.) שיווק והפצה,,,יח`,1,1 ליטר,false,1,8.90,8.90,false,1,
7290017197036,false,אל סבון מלון פפאיה כתום לבן 1 ליטר,פארמה דיל (פ.א.ב.) שיווק והפצה,,,יח`,1,1 ליטר,false,1,8.90,8.90,false,1,
7290017197456,false,אסותא מגבוני נייר טואלט שלישייה,עיסא ערטול בעמ-סוכן הנקל סוד,,,יח`,1,,false,1,9.90,9.90,false,1,
7290017275352,false,"עוגת שמרים קרנץ תפו""ע וקינמון 400 גר' אחדות",אחדות בעמ,,,יח`,400,גרם,false,1,10.90,2.73,false,1,
7290017275482,false,סירופ לשתיה בטעם ענבים 900 מל,אחדות ביתחרושת לטחינה חלבה,,,יח`,900,"מ""ל",false,1,14.90,1.66,false,1,
7290017275499,false,סירופ לשתיה בטעם אננס 900 מל,אחדות ביתחרושת לטחינה חלבה,,,יח`,900,"מ""ל",false,1,14.90,1.66,false,1,
7290017275505,false,סירופ לשתיה בטעם פטל 900 מל,אחדות ביתחרושת לטחינה חלבה,,,יח`,900,"מ""ל",false,1,14.90,1.66,false,1,
7290017289168,false,"יין ישראלי אדום יבש אפרת 750 מ""ל",יקב טפרברג 1870 בעמ (יינות ומש,,,יח`,750,"מ""ל",false,1,21.90,2.88,true,1,
7290017289175,false,"יין פטיט סירה סדרת ישראלי 750מ""ל.",יקב טפרברג 1870 בעמ (יינות ומש,,,יח`,750,"מ""ל",false,1,21.90,2.88,true,1,
7290017289182,false,"יין ישראלי לבן חצי יבש אפרת 750 מ""ל",יקב טפרברג 1870 בעמ (יינות ומש,,,יח`,750,"מ""ל",false,1,21.90,2.88,true,1,
7290017291123,false,שום ייבוא ליח,",חברת יוסף אופנהימר 1986 בעמ",,,יח`,1,,false,1,5,5,false,1,
7290017296128,false,אל סבון נוזלי פנינה רוזנבלום (500x3 גרם),פנינה רוזנבלום בעמ,,,יח`,1.50,1 ליטר,false,1,9.90,6.60,false,1,
7290017297088,false,ציפס 2 קג,ויטה -פרי גליל (החדשה) בעמ,,,יח`,2000,גרם,false,1,21.90,1.10,false,1,
7290017297095,false,סטייק ציפס 2 קג,ויטה -פרי גליל (החדשה) בעמ,,,יח`,2000,גרם,false,1,21.90,1.10,false,1,
7290017297118,false,ציפס אמריקאי 2 קג,ויטה -פרי גליל (החדשה) בעמ,,,יח`,2000,גרם,false,1,21.90,1.10,false,1,
7290017297194,false,לקט לקט ירקות לתנור פרי הגליל 800 ג',ויטה- פרי גליל (החדשה) בעמ,,,יח`,800,גרם,false,1,16.90,2.11,false,1,
7290017297644,false,ברוקולי קפוא גרין אנד פרש 800 גר',ויטה- פרי גליל (החדשה) בעמ,,,יח`,800,גרם,false,1,14.90,1.86,false,1,
7290017297682,false,כרובית מוקפאת גרין אנד פרש 800 גר',ויטה- פרי גליל (החדשה) בעמ,,,יח`,800,גרם,false,1,9.90,1.24,false,1,
7290017304885,false,לחם שיפון מחיטה מלאה ללא תוספת סוכר 750 ג' אנג'ל,מאפיית שלמה א. אנג'\ל בע,,,יח`,750,גרם,false,1,16.90,2.25,false,1,
7290017374390,false,סט שירותים טורינו,מ.א.ייצור ויבוא מטליות בעמ,,,יח`,1,,false,1,20.90,20.90,false,1,
7290017374925,false,מטאטא אמור AMOR + מק,מ.א.ייצור ויבוא מטליות בעמ,,,יח`,1,,false,1,19.90,19.90,false,1,
7290017440286,false,"ד""ר פישר - קידס מרכך ויטמינים 750 מ""ל","פישר תעשיות פרמצביטות בע""מ",,,יח`,750,"מ""ל",false,1,16.90,2.25,false,1,
7290017440309,false,"ד""ר פישר - קידס שמפו ויטמינים 750 מ""ל","פישר תעשיות פרמצביטות בע""מ",,,יח`,750,"מ""ל",false,1,16.90,2.25,false,1,
7290017457574,false,כדוריות סבון נתלה לאסלה בניחוח פרחים - 3 יח',גורי שיווק בעמ,,,יח`,1,,false,1,16.90,16.90,true,1,
7290017457611,false,גל כביסה סוד טוטאל ירוק 2.5 ליטר,גורי שיווק בעמ,,,יח`,2.50,1 ליטר,false,1,24.90,9.96,false,1,
7290017457628,false,גל כביסה סוד טוטאל כחול 2.5 ליטר,גורי שיווק בעמ,,,יח`,2.50,1 ליטר,false,1,24.90,9.96,false,1,
7290017477169,false,קשיו קלוי 250 גרם ששון הקולה,דין שיווק וקליה 2021 בעמ,,,יח`,250,גרם,false,1,20,8,false,1,
7290017477367,false,מטבעות שוקולד לבן לאפייה 300 גר`שקדיה,דין שיווק וקליה 2021 בעמ,,,יח`,300,גרם,false,1,13.90,4.63,false,1,
7290017477381,false,מטבעות שוקולד מריר 45% לאפיה שקדיה 300 גרם,דין שיווק וקליה 2021 בעמ,,,יח`,300,גרם,false,1,13.90,4.63,false,1,
7290017477596,false,תמר מג'הול פרימיום בקופסא ששון הקולה 400 גרם,דין שיווק וקליה 2021 בעמ,,,יח`,400,גרם,false,1,19.90,4.98,true,1,
7290017513393,false,תה ירוק ספירולינה וצמחים ירוקים 25 שקי,תה ויסוצקי (ישראל) בעמ,,,יח`,1,,false,1,24.90,24.90,true,1,
7290017513775,false,פליפז בייגלה מצופה שוקולד חלב מקוויטיס 140 גרם,תה ויסוצקי (ישראל) בעמ,,,יח`,140,גרם,false,1,8.90,6.36,true,1,
7290017513782,false,פליפז בייגלה מצופה שוקולד מריר מקוויטיס 140 גרם,תה ויסוצקי (ישראל) בעמ,,,יח`,140,גרם,false,1,8.90,6.36,true,1,
7290017516424,false,שוקלד + פנגיאה שוקולד קוקוס ואגוזי לוז 300 גרם,י.איטליאנו אחזקות בעמ,,,יח`,300,גרם,false,1,32.90,10.97,false,1,
7290017536521,false,מארז סופגניות ללא גלוטן רביעייה קפוא,דויטש,,,יח`,1,,false,1,19.90,19.90,false,1,
7290017589633,false,"רזרב גולד אדישיין קברנה סוביניון 750 מ""ל",טמפו משקאות בעמ,,,יח`,750,"מ""ל",false,1,49.90,6.61,true,1,
7290017599229,false,ממתיק סוכרלוז 200 טבליות סוכרזית,שטראוס גרופ בע`מ,,,יח`,1,,false,1,23.90,23.90,false,1,
7290017599236,false,סוכרזית סיטיוויה 200 טבליות,סנו מפעלי ברונוס.,,,יח`,1,,false,1,25.90,25.90,false,1,
7290017599267,false,סוכרלוז 120 שקיות ממתיק שולחני,שטראוס גרופ בע`מ,,,יח`,120,גרם,false,1,24.90,20.75,false,1,
7290017599274,false,סוכרזית סטיוויה 120שקיות 100גרם,שטראוס גרופ בע`מ,,,יח`,120,גרם,false,1,34.90,29.08,false,1,
7290017617046,false,נתחי טונה בשמן זית כתית מעולה רביעיה * 140 ג',דיפלומט מפיצים (1968) בעמ**,,,יח`,560,גרם,false,1,26.90,4.80,false,1,
7290017617107,false,סטארקיסט מיקס טוגו טונה עם 4 דגנים 185 גרם,דיפלומט מפיצים (1968) בעמ**,,,יח`,185,גרם,false,1,12.90,6.97,false,1,
7290017617411,false,סטארקיסט מיקס סלמון עם אורז מלא וירקות 160 גרם,דיפלומט מפיצים (1968) בעמ**,,,יח`,160,גרם,false,1,14.90,9.31,false,1,
7290017637655,false,שמפו קרטין ללא מלח מיקי בוגנים 500 מל,סאסאטק אגשח בעמ - סאסא MB,,,יח`,500,"מ""ל",false,1,29.90,5.98,false,1,
7290017637662,false,שמפו שימר להדגשת גוונים בהיר מיקי בוגנים 500 מל,סאסטק מיקי בוגנים,,,יח`,500,"מ""ל",false,1,24.90,4.98,false,1,
7290017647425,false,"יין גמלא קברנה סוביניון שנת 2018 750 מ""ל",היכל היין שקד גולן בעמ,,,יח`,750,"מ""ל",false,1,68.20,9.05,true,1,
7290017647708,false,"רמת הגולן גמלא גוורצטרמינר, 750 מ""ל י יקב רמת הגולן",מיוצר וממולא על ידי יקב,,,יח`,750,"מ""ל",false,1,64.90,8.61,true,1,
7290017677804,false,"רוטב סויה קיקומן ללא חומרים משמרים 444 מ""ל",דיפלומט מפיצים (1968) בעמ**,,,יח`,444,"מ""ל",false,1,29.90,6.73,true,1,
7290017677811,false,"רוטב סויה קיקומן ללא חומרים משמרים 296 מ""ל",דיפלומט מפיצים (1968) בעמ**,,,יח`,296,"מ""ל",false,1,12.90,4.36,false,1,
7290017682617,false,"מגב 40 ס""מ עם תפס להצמדה סחבה",מ.א.ייצור ויבוא מטליות בעמ,,,יח`,1,,false,1,16.90,16.90,false,1,
7290017696393,false,בורגר פטריות מן הצומח 520 גר,קונס`-מרינה פטריות הגליל בעמ*ש,,,יח`,520,גרם,false,1,34.90,6.71,false,1,
7290017712239,false,פרמיו שימורי מזון מלא עם עוף לכלב במקרם,שחורי אריה ואנסטסיה,,,יח`,150,גרם,false,1,5.90,3.93,false,1,
7290017712307,false,חטיף פרמיו 150 גר מיני,שחורי אריה ואנסטסיה,,,יח`,150,גרם,false,1,12.90,8.60,false,1,
7290017712659,false,הוריזן עוף לגור כלבים ננסי 100 גר`,שחורי אריה ואנסטסיה,,,יח`,1,,false,1,4.90,4.90,false,1,
7290017712741,false,פרמיו כבד 100 גר`,שחורי אריה ואנסטסיה,,,יח`,100,גרם,false,1,4.90,4.90,false,1,
7290017712765,false,פרימו סלמון ופורל לחתול,שחורי אריה ואנסטסיה,,,יח`,1,,false,1,4.90,4.90,false,1,
7290017715346,false,זית שחור טאסוס 400 גר`תומר,תומר יבוא ושיווק מוצרי מזון (1,,,יח`,400,גרם,false,1,14.90,3.73,false,1,
7290017812052,false,יין שיראז-קברנה סוביניון אקסלנס יקבי כרמל,אגודת הכורמים בעמ,,,יח`,750,"מ""ל",false,1,26.90,3.55,true,1,
7290017812069,false,יין אמרלד ריזלינג שרדונה אקסלנס Excellence,אגודת הכורמים -כרמל מזרחי,,,יח`,750,"מ""ל",false,1,26.90,3.55,true,1,
7290017812571,false,מיץ ענבים תירוש אדום 100% טבעי כרמל 1 ליטר,אגודת הכורמים -כרמל מזרחי,,,יח`,1,1 ליטר,false,1,19.90,19.90,false,1,
7290017812588,false,מיץ ענבים תירוש לבן 100% טבעי כרמל 1 ליטר,אגודת הכורמים -כרמל מזרחי,,,יח`,1,1 ליטר,false,1,19.90,19.90,false,1,
7290017812847,false,"יין פרנץ גוורצטרמינר סלקטד כרמל 750 מ""ל",אגודת הכורמים -כרמל מזרחי,,,יח`,750,"מ""ל",false,1,29.90,3.95,true,1,
7290017812861,false,יין לבש יבש ( 750 מל) וינו,אגודת הכורמים -כרמל מזרחי,,,יח`,750,"מ""ל",false,1,19.90,2.61,true,1,
7290017871370,false,פמילי יהלום- סבון ידיים מועשר בשמן אבוקדו לניקוי וטיפוח עור הידיים,המאפיה של הרמן,,,יח`,500,"מ""ל",false,1,9.90,1.98,false,1,
7290017871424,false,טוסו חטיף תמרים ובוטנים ללא גלוטן וללא תוספת סוכר,תות תעשיות מזון,,,יח`,1,,false,1,16.90,16.90,false,1,
7290017871448,false,טוסו חטיף תמרים וקשיו ללא גלוטן וללא תוספת סוכר,תות תעשיות מזון (2014) ב,,,יח`,100,גרם,false,1,16.90,16.90,false,1,
7290017872056,false,פמלי אל סבון 3*1 הסדרה הלבנה-מעורב 500 גרם*3,אברנסל קוסמטיקס,,,יח`,1.50,1 ליטר,false,1,15.90,10.60,false,1,
7290017872063,false,אל סבון ארומתרפי מארז שלישייה 500 מל פמ,אברנסל קוסמטיקס,,,יח`,1.50,1 ליטר,false,1,15.90,10.60,false,1,
7290017872162,false,טוסו - עוגיות אגוזי לוז ללא סוכר 200 גרם,"הגביע מוצרי וופלים בע""\מ",,,יח`,200,גרם,false,1,18.90,9.45,false,1,
7290017872193,false,טוסו עוגיות שקדים וקינמון ללא סוכר 200 גרם,"הגביע מוצרי וופלים בע""\מ",,,יח`,200,גרם,false,1,18.90,9.45,false,1,
7290017872667,false,"פמלי יהלום-סבון ידיים עם שמן קמומיל 500 מ""ל",המאפיה של הרמן,,,יח`,500,"מ""ל",false,1,9.90,1.98,false,1,
7290017872872,false,בייביביס חטיפי דגנים אפויים לתינוקות בטעם גזר וסלק,טאטא גלובל בוורג'ס,,,יח`,40,גרם,false,1,13.90,34.75,true,1,
7290017888026,false,"משקה אננס תפוח גזר פרות & ווג 350 מ""ל",יפאורה שותפות מוגבלת לשיווק,,,יח`,350,"מ""ל",false,1,6.90,1.89,true,1,
7290017888095,false,"רביעיית פחיות שוופס מוגז עדין פירות יער 330 מ""ל.",יפאורה שותפות מוגבלת לשיווק,,,יח`,1320,"מ""ל",false,1,12.90,0.89,false,1,
7290017888101,false,"שוויפס מוגז עדין אפרסק מארז רביעייה* 330 מ""ל",יפאורה שותפות מוגבלת לשיווק,,,יח`,1320,1 ליטר,false,1,12.90,0.01,false,1,
7290017888644,false,"משקה אננס בננה כורכום פרות & ווג 350 מ""ל",יפאורה שותפות מוגבלת לשיווק,,,יח`,350,"מ""ל",false,1,6.90,1.89,true,1,
7290017888972,false,בקבוק מי עדן פקק ספורט 1 ליטר,יפאורה שותפות מוגבלת לשיווק,,,יח`,1,1 ליטר,false,1,3.90,3.90,true,1,
7290017907208,false,תערובת קמח רב תכליתי לנמנעים מגלוטן,י.איטליאנו אחזקות בעמ,,,יח`,500,גרם,false,1,18.90,3.78,false,1,
7290017907246,false,סולת מאורז לנמנעים מגלוטן,י.איטליאנו אחזקות בעמ,,,יח`,300,גרם,false,1,15.90,5.30,false,1,
7290017907253,false,פתיתים מאורז לנמנעים מגלוטן,י.איטליאנו אחזקות בעמ,,,יח`,300,גרם,false,1,15.90,5.30,false,1,
7290017913100,false,אסותא נוזל רצפות ירוק 4 ליטר,עיסא ערטול בעמ,,,יח`,4000,"מ""ל",false,1,14.90,0.37,false,1,
7290017913117,false,אסותא נוזל רצפות צהוב 4 ליטר,עיסא ערטול בעמ,,,יח`,4000,"מ""ל",false,1,14.90,0.37,false,1,
7290017913131,false,אסותא מרכך כביסה 4 ליטר(כביסה שחורה),עיסא ערטול בעמ,,,יח`,4000,"מ""ל",false,1,14.90,0.37,false,1,
7290017913155,false,אסותא מרכך כביסה 4 ליטר(לבן),עיסא ערטול בעמ,,,יח`,4000,"מ""ל",false,1,14.90,0.37,false,1,
7290017913162,false,אסותא מרכך כביסה 4 ליטר(כחול),עיסא ערטול בעמ,,,יח`,4000,"מ""ל",false,1,14.90,0.37,false,1,
7290017913179,false,אסותא מרכך כביסה 4 ליטר(ורוד),עיסא ערטול בעמ,,,יח`,4000,"מ""ל",false,1,14.90,0.37,false,1,
7290017917382,false,אל סבון היגייני לניקוי יסודי ולהרגע העור clean & calm,"פישר תעשיות פרמבצטיות בע""מ",,,יח`,1,"מ""ל",false,1,15.90,1590,true,1,
7290017917450,false,קמיל בלו סנסיטיב אל סבון ושמפו לתינוק קמומיל ואלוורה,"פישר תעשיות פרמצביטות בע""מ",,,יח`,1,1 ליטר,false,1,32.90,32.90,true,1,
7290017928036,false,מקלות גריסיני שומשום מאיר בייגל 175 גרם,מאיר את בייגל,,,יח`,175,גרם,false,1,11.90,6.80,true,1,
7290017928098,false,בייגלה שטוח מלח 330 גר` מאיר בייגל,מאיר את בייגל,,,יח`,330,גרם,false,1,11.90,3.61,false,1,
7290017928227,false,"בייגלה שטוח'לה פינוקים שומשום, קצח, שום ובצל",מאיר את בייגל,,,יח`,300,גרם,false,1,11.90,3.97,false,1,
7290017928463,false,מאיר בייגל -סמאש-שבורים בטעם דבש חרדל ובצל 300 גרם,דנשר (1963) בעמ,,,יח`,300,גרם,false,1,12.90,4.30,true,1,
7290017928524,false,מאיר בייגל בייגלה שטוח ניגובים מלח 330גר,מאיר את בייגל,,,יח`,330,גרם,false,1,11.90,3.61,false,1,
7290017928616,false,בייגלה שטוחלה שומשום 300 גר` מאיר בייגל,מאיר את בייגל,,,יח`,300,גרם,false,1,11.90,3.97,false,1,
7290017928661,false,מאיר בייגל -סמאש-שבורים בטעם צ'דר 300 גרם,"דנשר (1963) בע,מ",,,יח`,300,גרם,false,1,12.90,4.30,true,1,
7290017928685,false,בייגלה שמיניות מלוח מאיר בייגל 400 גרם.,מאיר את בייגל,,,יח`,400,גרם,false,1,11.90,2.98,false,1,
7290017928807,false,בייגלה אצבעות שומשום מאיר בייגל 300 גרם,מאיר את בייגל,,,יח`,300,גרם,false,1,11.90,3.97,true,1,
7290017928821,false,מקלות גריסיני קלאסי מאיר בייגל 200 גרם,מאיר את בייגל,,,יח`,200,גרם,false,1,11.90,5.95,true,1,
7290017946368,false,שלישיית כדוריות סבון לאסלה אוקיינוס סוד 50 גרם,גורי שיווק בעמ,,,יח`,1,,false,1,16.90,16.90,true,1,
7290017947105,false,לחם אנג'ל בסגנון אמריקה 500 גרם,מאפיית שלמה א. אנג'\ל בע,,,יח`,500,גרם,false,1,14.90,2.98,false,1,
7290017947464,false,שמיניית פיתות כוסמין אנג'ל 8*50 גרם,מאפיית שלמה א.אנג'\ל בע\,,,יח`,1,,false,1,16.90,16.90,false,1,
7290017947495,false,לחמניות כוסמין 6 יח(450 גר`)אנג`ל,מאפיית שלמה א.אנג'\ל,,,יח`,450,גרם,false,1,14.90,3.31,false,1,
7290017947891,false,לחם אנג'ל כוסמין וחיטה מלאה 750 גרם,מאפיית שלמה א. אנג'\ל בע,,,יח`,750,גרם,false,1,16.90,2.25,false,1,
7290017947921,false,לחמניות המבורגר בסגנון אמריקאי מארז 6 יח',מאפיית שלמה א. אנג'\ל בע,,,יח`,450,גרם,false,1,14.90,3.31,false,1,
7290017947938,false,מיני לחמניות המבורגר בסגנון אמריקה 400 ג' אנג'ל,מאפיית שלמה א. אנג'\ל בע,,,יח`,400,גרם,false,1,14.90,3.73,false,1,
7290018029206,false,עוגיות כתר ריבה מיקס 600 גרם,שיבולים יצור ושיווק מוצרי מאפה,,,יח`,600,גרם,false,1,19.90,3.32,false,1,
7290018045497,false,דגני בוקר בון בון במילוי קרם שוקולד 480,ר.ב. מוצרי דגנים בעמ,,,יח`,480,גרם,false,1,22.90,4.77,false,1,
7290018045893,false,דגני בוקר בון בון במילוי קרם נוגט 480 גר,ר.ב. מוצרי דגנים בעמ,,,יח`,480,גרם,false,1,22.90,4.77,false,1,
7290018071205,false,כפפות ניטרו V כחולות אלסטיות S ללא אבקה 100 יחידות,אינטרסן (1996) בעמ,,,יח`,1,,false,1,18.90,18.90,false,1,
7290018071212,false,כפפות ניטרו V כחולות אלסטיות M ללא אבקה 100 יחידות,אינטרסן (1996) בעמ,,,יח`,1,,false,1,18.90,18.90,false,1,
7290018071229,false,כפפות ניטרו V כחולות אלסטיות L ללא אבקה 100 יחידות,אינטרסן (1996) בעמ,,,יח`,1,,false,1,18.90,18.90,false,1,
7290018071236,false,כפפות ניטרו V כחולות אלסטיות XL ללא אבקה 100 יחידות,אינטרסן (1996) בעמ,,,יח`,1,,false,1,18.90,18.90,false,1,
7290018091661,false,פיצה ירקות שוק מעדנות 380 גרם,תנובה מרכז שיתופי לשיווק תוצרת,,,יח`,380,גרם,false,1,19.90,5.24,false,1,
7290018192023,false,מקלות סלרי ארוז יח',קונס`-מרינה פטריות הגליל בעמ*ש,,,יח`,1,,false,1,5.90,5.90,false,1,
7290018194201,false,"סודה ספארק בטעם לימון 250 מ""ל-בודד",בני פאוזי שמשום (2009) בעמ,,,יח`,250,"מ""ל",false,1,2.50,0.88,false,1,
7290018194225,false,"סודה ספארק מ""ל 250- בודד",בני פאוזי שמשום (2009) בעמ,,,יח`,250,"מ""ל",false,1,2.50,0.88,false,1,
7290018198056,false,תפוגן קוביות תפוחי אדמה 9*1.5קג,קבוצת אוסם סחר שותפות מוגבלת,,,יח`,1500,גרם,false,1,24.90,1.66,false,1,
7290018198148,false,"תפוגן קריספי צ'יפס קלאסי 1.25 ק""ג",קבוצת אוסם סחר-שות.מוגבלת,,,יח`,1.25,"ק""ג",false,1,27.90,22.32,false,1,
7290018198209,false,צ'יפס בטטה קראנצ'י תפוגן 500 גרם,קבוצת אוסם סחר שותפות מוגבלת,,,יח`,500,גרם,false,1,21.90,4.38,false,1,
7290018236635,false,צ'ונגו-פופקורן מצופה עוף טוב 600 גרם,קבוצת אוסם סחר שותפות מוגבלת,,,יח`,600,גרם,false,1,32.90,5.48,true,1,
7290018237922,false,שניצלונים ציפוי צ'יפס עוף טוב 700 גרם,קבוצת אוסם סחר שותפות מוגבלת,,,יח`,700,גרם,false,1,13.90,1.99,false,1,
7290018237939,false,שניצלונים ציפוי שומשום עוף טוב 700 גרם,קבוצת אוסם סחר שותפות מוגבלת,,,יח`,700,גרם,false,1,13.90,1.99,false,1,
7290018249055,false,"סוויטנגו כמו סוכר באריזה אישי, 300 גרם",אבאל יזמות בעמ,,,יח`,300,גרם,false,1,32.90,10.97,false,1,
7290018249123,false,אינסטנט פודינג סוויטאנגו בטעם וניל,י.איטליאנו אחזקות בעמ,,,יח`,50,גרם,false,1,11.90,23.80,false,1,
7290018282991,false,אסותא סבון ידיים קוביה נוסטלגיה,עיסא ערטול בעמ-סוכן הנקל סוד,,,יח`,500,"מ""ל",false,1,6.90,1.38,false,1,
7290018294208,false,"סלקטדאדום ישראלי יבש כרמל 750 מ""ל",אגודת הכורמים בעמ,,,יח`,750,"מ""ל",false,1,29.90,3.95,true,1,
7290018294932,false,מיץ ענבים אדום 1 ליטר,אגודת הכורמים,,,יח`,1,1 ליטר,false,1,12.90,12.90,false,1,
7290018333044,false,"שלוקים-משקה קל בטעם ענבים קש 18 יח' 200 מ""ל",כרמית תעשיות ממתקים בעמ,,,יח`,1,,false,1,19.90,19.90,false,1,
7290018333624,false,גרנולפלקס קשיו פירות יבשים500ג כשלפ בית יוסף,כרמית תעשיות ממתקים בעמ,,,יח`,500,גרם,false,1,19.90,3.98,false,1,
7290018333631,false,גרנולפלקס חלבה ושקדים 500ג כשלפ בית יוסף,כרמית תעשיות ממתקים בעמ,,,יח`,500,גרם,false,1,19.90,3.98,false,1,
7290018344101,false,חטיף חלבון בטעם קקאו וקפה 50 ג' VEG PROTEIN,אבאל יזמות בעמ,,,יח`,50,גרם,false,1,9.90,19.80,false,1,
7290018344125,false,חטיף חלבון אגוזי לוז קקאו טבע ירוק 50 גר,אבאל יזמות בעמ,,,יח`,50,גרם,false,1,9.90,19.80,false,1,
7290018344156,false,חטיף חלווה משומשום מלא בתוספת שקדים ללא,"ממתקי השלום בעולם בע""\מ\",,,יח`,70,גרם,false,1,7.90,11.29,false,1,
7290018344194,false,חטיף חלווה משומשום מלא בתוספת נגיעות דבש 70 ג',אבאל יזמות בעמ,,,יח`,70,גרם,false,1,7.90,11.29,false,1,
7290018359129,false,פולפה עגבניות חתוכות מקולפות דק יכין 690 גרם,אמיליאנה קונסרב,,,יח`,690,גרם,false,1,10.90,1.58,true,1,
7290018359358,false,שלישית רוטב עגבניות מרוכז מאודפריכוז יכין 200 גרם,זנלכל בעמ,,,יח`,600,גרם,false,1,12.90,2.15,false,1,
7290018359495,false,תירס מהשדה בלי תוספת סוכר יכין 550 גרם,היינץ צפון אמריקה מק,,,יח`,550,גרם,false,1,9.90,1.80,false,1,
7290018359518,false,תירס מהשדה בלי תוספת סוכר יכין מארז 200X3 גר',היינץ צפון אמריקה מק,,,יח`,600,גרם,false,1,14.90,2.48,false,1,
7290018359556,false,תירס מהשדה בלי תוספת סוכר יכין 400 גרם,זנלכל בעמ,,,יח`,400,גרם,false,1,6.90,1.73,false,1,
7290018359570,false,"שלישיית שעועית צ'ילי ""הקטניה הטובה"" יכין",זנלכל בעמ,,,יח`,600,גרם,false,1,13.90,2.32,true,1,
7290018359587,false,חומוס שלם הקטניה הטובה יכין מארז 3*200,זנלכל בעמ,,,יח`,600,גרם,false,1,13.90,2.32,true,1,
7290018359662,false,קוביות סלק יכין מארז שלישייה 3*200 גרם,זנלכל בעמ,,,יח`,600,גרם,false,1,14.90,2.48,false,1,
7290018359716,false,רוטב עגבניות פיצה טוסקנה 240 גרם יכין,"זנלכל בע""\מ",,,יח`,240,גרם,false,1,5.90,2.46,false,1,
7290018359969,false,רוטב עגבניות לפיצה יכין 400 גרם,זנלכול יכין,,,יח`,400,גרם,false,1,11.50,2.88,false,1,
7290018380871,false,פטיסון כבוש שלם תומר 670 גרם,תומר ייבוא ושיווק מוצרי מזון [,,,יח`,670,גרם,false,1,12.90,1.93,false,1,
7290018394076,false,שום שחור תקוע 60 גרם,חוות פטריות תקוע בעמ*קונסיגנצי,,,יח`,1,,false,1,13,13,false,1,
7290018400647,false,סנפרוסט סמודיז בננה תמר 300 גרם SMOOTHI,תנובה ענף ב.ע.ד,,,יח`,300,גרם,false,1,15.90,5.30,false,1,
7290018440070,false,תרכיז עגבניות בשפורפרת 28BX בלה איטליה 200 ג',תה ויסוצקי (ישראל) בעמ,,,יח`,200,גרם,false,1,8.90,4.45,false,1,
7290018440193,false,פליפז בייגלה בציפוי קרם בטעם חמאת בוטנים מקוויטיס 140 גרם,תה ויסוצקי (ישראל) בעמ,,,יח`,140,גרם,false,1,8.90,6.36,true,1,
7290018440209,false,פליפז בייגלה בציפוי פאדג' לבן מקוויטיס 140 גרם,תה ויסוצקי (ישראל) בעמ,,,יח`,140,גרם,false,1,8.90,6.36,true,1,
7290018440223,false,תה צ'אי מסאלה 25 שקיקים ויסוצקי,תה ויסוצקי (ישראל) בעמ,,,יח`,1,,false,1,19.90,19.90,true,1,
7290018440247,false,תה צ'אי שקדים0 25 שקיקים ויסוצקי,תה ויסוצקי (ישראל) בעמ,,,יח`,1,,false,1,19.90,19.90,true,1,
7290018440438,false,Calvo טונה בשמן זית פתיחה קלה 3 * 65 גרם,תה ויסוצקי (ישראל) בעמ,,,יח`,195,גרם,false,1,25.90,13.28,true,1,
7290018440476,false,פליפז בייגלה מצופה בקרם עוגת גבינה ותותים מקוויטיס 140 גרם,תה ויסוצקי (ישראל) בעמ,,,יח`,140,גרם,false,1,8.90,6.36,true,1,
7290018440483,false,פליפז בייגלה מצופה בקרמל מלוח ושוקולד מקוויטיס 140 גרם,תה ויסוצקי (ישראל) בעמ,,,יח`,140,גרם,false,1,8.90,6.36,true,1,
7290018471029,false,"סודה בטעם לימון - מארז 6 בקבוקים 500 מ""ל",יפאורה שותפות מוגבלת לשיווק,,,יח`,3000,"מ""ל",false,1,13.90,0.40,false,1,
7290018471210,false,ספרינג נקטר אגס סברס תפוח 1ליטר קרטוני,יפאורה שותפות מוגבלת לשיווק,,,יח`,1,1 ליטר,false,1,6.90,6.90,false,1,
7290018471463,false,תפוזינה נקטר תפוז מנגו קרטונית 1 ליטר,יפאורה שותפות מוגבלת לשיווק,,,יח`,1000,"מ""ל",false,1,6.90,0.69,false,1,
7290018471470,false,תפוזינה נקטר תפוז פסיפלורה קרטונית 1 ליטר,יפאורה שותפות מוגבלת לשיווק,,,יח`,1000,"מ""ל",false,1,6.90,0.69,false,1,
7290018471487,false,תפוזינה נקטר תפוז אננס קרטונית 1 ליטר,יפאורה שותפות מוגבלת לשיווק,,,יח`,1000,"מ""ל",false,1,6.90,0.69,false,1,
7290018471494,false,תפוזינה משקה תפוז גזר קרטונית 1 ליטר,יפאורה שותפות מוגבלת לשיווק,,,יח`,1000,"מ""ל",false,1,6.90,0.69,false,1,
7290018471692,false,ספרינג שייק בננה אננס קוקוס פירות יער קרטונית 1 ליטר,יפאורה - שותפות מוגבלת לשיווק,,,יח`,1,1 ליטר,false,1,11.90,11.90,true,1,
7290018471906,false,שוופס מוגז פירות לימונדה ורודה 1.5 ליטר פיקדון,יפאורה - שותפות מוגבלת לשיווק,,,יח`,1.50,1 ליטר,false,1,8.90,5.73,true,1,
7290018471913,false,משקה מוגז פירות תפוחים שוופס 1.5 ליטר,יפאורה - שותפות מוגבלת לשיווק,,,יח`,1.50,1 ליטר,false,1,8.90,5.73,true,1,
7290018471920,false,שוופס מוגז פירות ענבים 1.5 ליטר פיקדון,יפאורה - שותפות מוגבלת לשיווק,,,יח`,1.50,1 ליטר,false,1,8.90,5.73,true,1,
7290018471937,false,שוופס מוגז פירות תות ליים 1.5 ליטר פיקדון,יפאורה - שותפות מוגבלת לשיווק,,,יח`,1.50,1 ליטר,false,1,8.90,5.73,true,1,
7290018471944,false,שוופס מוגז פירות לימונייד 1.5 ליטר פיקדון,יפאורה - שותפות מוגבלת לשיווק,,,יח`,1.50,1 ליטר,false,1,8.90,5.73,true,1,
7290018471951,false,שוופס מוגז פירות אשכולית אדומה 1.5 ליטר פיקדון,יפאורה - שותפות מוגבלת לשיווק,,,יח`,1.50,1 ליטר,false,1,8.90,5.73,true,1,
7290018493144,false,קמיל קלין &נוריש אל סבון מועשר בשמן ארגן 1 ליטר,"פישר תעשיות פרמצביטות בע""מ",,,יח`,1000,"מ""ל",false,1,15.90,1.59,true,1,
7290018493915,false,"ד""ר פישר - שמן גוף לתינוק מעושר בשמן שקדים 200 מ""ל",פישר תעשיות פרמצבטיות בעמ,,,יח`,200,"מ""ל",false,1,17.90,8.95,true,1,
7290018493977,false,קמיל לניקוי והרגעת העור מועשר בשיבולת שועל 1 ל',"פישר תעשיות פרמצבטיות בע""מ",,,יח`,1,1 ליטר,false,1,15.90,15.90,true,1,
7290018500231,false,לחם פרוס וויקאנד אנג'ל 750 גרם,מאפיית שלמה א. אנג'\ל בע,,,יח`,750,גרם,false,1,16.90,2.25,false,1,
7290018516256,false,פרמיו לגורי כלבים עו,שחורי אריה ואנסטסיה,,,יח`,1,,false,1,5.90,5.90,false,1,
7290018516393,false,פרמיו סופרים מיקס לחתול,שחורי אריה ואנסטסיה,,,יח`,3000,גרם,false,1,59.90,2,false,1,
7290018540459,false,לחמניות המבורגר כוסמין 6 יח`300 גרם אנג,מאפיית שלמה א.אנג'\ל בע\,,,יח`,300,גרם,false,1,14.90,4.97,false,1,
7290018540817,false,ארטיזנל לחם מחמצת כוסמין אנג'ל 500 גרם,שלמה א. אנג`ל בעמ,,,יח`,500,גרם,false,1,18.90,3.78,false,1,
7290018540824,false,ארטיזנל לחם מחמצת כפרי אנג'ל 500 גרם,שלמה א. אנג`ל בעמ,,,יח`,500,גרם,false,1,17.90,3.58,false,1,
7290018540831,false,ארטיזנל לחם מחמצת חיטה מלאה ודגנים אנג'ל 500 גרם,שלמה א. אנג`ל בעמ,,,יח`,500,גרם,false,1,17.90,3.58,false,1,
7290018571071,false,טופי פספסים 450 גרם כשלפ,מיה תעשיות מזון מ.ת.מ. בעמ,,,יח`,450,גרם,false,1,15.90,3.53,false,1,
7290018571088,false,טופי חמוצמוץ 600 גרם כשלפ,מיה תעשיות מזון מ.ת.מ. בעמ,,,יח`,600,גרם,false,1,15.90,2.65,false,1,
7290018571224,false,"סילאן טבעי לחיץ ""מיה"" 470 גרם",מיה תעשיות מזון מ.ת.מ. בעמ,,,יח`,470,גרם,false,1,14.90,3.17,false,1,
7290018571491,false,ריבת חלב אמיתי אמיתית בצנצנת 340 גרם,מיה תעשיות מזון מ.ת.מ. בעמ,,,יח`,340,גרם,false,1,14.90,4.38,false,1,
7290018571699,false,"קמח שקדים 250 גרם כשל""פ עד""ח",מיה תעשיות מזון מ.ת.מ. בעמ,,,יח`,250,גרם,false,1,24.90,9.96,false,1,
7290018571705,false,"אורז יסמין 1 ק""ג מיה.",מיה תעשיות מזון מ.ת.מ. בעמ,,,יח`,1,"ק""ג",false,1,10.90,10.90,true,1,
7290018571712,false,"אורז בסגנון פרסי 1 ק""ג",מיה תעשיות מזון מ.ת.מ. בעמ,,,יח`,1,"ק""ג",false,1,9.90,9.90,true,1,
7290018571729,false,"אורז ריזוטו עגול 1 ק""ג מיה.",מיה תעשיות מזון מ.ת.מ. בעמ,,,יח`,1,"ק""ג",false,1,8.90,8.90,false,1,
7290018571736,false,אורז בסמטי הודי 1ק''ג,מיה תעשיות מזון מ.ת.מ. בעמ,,,יח`,1,"ק""ג",false,1,10.90,10.90,true,1,
7290018571743,false,"אורז פרסי מלא 1 ק""ג",מיה תעשיות מזון מ.ת.מ. בעמ,,,יח`,1,"ק""ג",false,1,8.90,8.90,false,1,
7290018571798,false,סוכריות ג'לי שמחות 2 צבעים מיה 540 גרם,מיה תעשיות מזון מ.ת.מ. בעמ,,,יח`,540,גרם,false,1,19.90,3.69,false,1,
7290018677148,false,גרנולה קראנצ'י שוקולד וקוקוס ללא גלוטן וללא תוספת סוכר נוטרה זן-300 גרם,י.איטליאנו אחזקות בעמ,,,יח`,300,גרם,false,1,22.90,7.63,false,1,
7290018708118,false,חלבה וניל פיסטוק ללא סוכר בארכה 350 גרם,קבוצת אוסם סחר-שות.מוגבלת,,,יח`,350,גרם,false,1,14.90,4.26,false,1,
7290018708125,false,בארכה חלבה מסולסלת וניל 250 גרם,קבוצת אוסם סחר שותפות מוגבלת,,,יח`,250,גרם,false,1,14.90,5.96,false,1,
7290018770245,false,זית ירוק מגולען בטעם רוזמרין 190 גר`,אבאל יזמות בעמ,,,יח`,190,גרם,false,1,12.90,6.79,true,1,
7290018770252,false,זית ירוק מגולען בטעם שום 190 גר`,אבאל יזמות בעמ,,,יח`,190,גרם,false,1,12.90,6.79,true,1,
7290018770276,false,זית עריביקה עם שמן זית 215 גר`,אבאל יזמות בעמ,,,יח`,215,גרם,false,1,12.90,6,true,1,
7290018770283,false,זית סורי בטעם לימון 215 גר`,אבאל יזמות בעמ,,,יח`,215,גרם,false,1,12.90,6,true,1,
7290018777268,false,חטיף חלבון בננה קקאו טבע ירוק 50 גרם,"ממתקי השלום בעולם בע""\מ\",,,יח`,50,גרם,false,1,9.90,19.80,false,1,
7290018785003,false,סלרי חתוך,יראון - עבודות חקלאיות בעמ,,,יח`,1,,false,1,5.90,5.90,false,1,
7290018795842,false,שיני שום קלופות 500ג מרינה,קונס`-מרינה פטריות הגליל בעמ*ש,,,יח`,500,גרם,false,1,18.90,3.78,false,1,
7290018825020,false,תפוא לבן לאפייה דוד משה גורמה,תוצרת הנגב אגודה שיתופית חקלאי,,,"ק""ג",1,,true,1,5.90,5.90,false,1,
7290018825228,false,תפוא אדום לטיגון דוד משה גורמה,תוצרת הנגב אגודה שיתופית חקלאי,,,"ק""ג",1,,true,1,5.90,5.90,false,1,
7290018878743,false,חמישיות שוקולד מריר (5*100 גר`) כרמית,כרמית תעשיות ממתקים בעמ,,,יח`,500,גרם,false,1,17.90,3.58,false,1,
7290018893036,false,צ'וקטה ביסקוויט בטעם שוקוטלד במילוי קרם בטעם וניל 176 גרם,ש. שסטוביץ בע`מ,,,יח`,176,גרם,false,1,6.90,3.92,false,1,
7290018893081,false,עוגות מגולגלות במילוי קרם חלבי וציפוי בטעם שוקולד,ש. שסטוביץ בע`מ,,,יח`,222,גרם,false,1,9.90,4.46,true,1,
7290018893128,false,צ'וקטה שוקולד חלב בלגי 34% 100 גרם,ש.שסטוביץ בעמ,,,יח`,100,גרם,false,1,9.90,9.90,false,1,
7290018893258,false,צ'וקטה עוגות אישיות במילוי קרם קרמל ובציפוי בטעם שוקולד 300 גרם,פרדי קונדיטוריה אס.פ,,,יח`,300,גרם,false,1,12.90,4.30,true,1,
7290018893265,false,צ'וקטה עוגות אישיות בטעם שוקולד מריר 8 יח 240 גרם,"פרדי קונדיטוריה אס,פי.אי",,,יח`,240,גרם,false,1,12.90,5.38,false,1,
7290018893289,false,צ'וקטה עוגות מגולגלות בטעם קקאו במילוי קרם קקאו וציפוי בטעם שוקולד 6 יח' 222 גרם,ש. שסטוביץ בע`מ,,,יח`,222,גרם,false,1,9.90,4.46,true,1,
7290018893456,false,צ'וקטה עוגות אישיות במילוי קרם ובציפוי בטעם שוקולד 300 גרם,"פרדי קונדיטוריה אס,פי.אי",,,יח`,300,גרם,false,1,12.90,4.30,true,1,
7290018893616,false,מארז צוקטה שוקולד מריר 48% 6*100 גר,ש. שסטוביץ בע`מ,,,יח`,600,גרם,false,1,19.90,3.32,false,1,
7290018893647,false,עוגיות סנדוויץ במילוי קרם וניל בציפוי שוקולד 150 גרם צ'וקטה,ש.שסטוביץ בעמ,,,יח`,150,גרם,false,1,9.90,6.60,true,1,
7290018893661,false,עוגות אישיות במילוי קרם קקאו ציפוי בטעם שוקולד מריר,"פרדי קונדיטוריה אס,פי.אי",,,יח`,240,גרם,false,1,12.90,5.38,false,1,
7290018893708,false,עוגיות סנדוויץ' במילוי קרם בטעם שוקולד,ש.שסטוביץ בעמ,,,יח`,250,גרם,false,1,7.90,3.16,true,1,
7290018893807,false,צוקטה בטעם שוקולד מריר 60% 3 יח' 300 גרם,אייברקקאו אס אי. יו,,,יח`,300,גרם,false,1,12.90,4.30,false,1,
7290018893814,false,צ'וקטה חמישיית שוקולד מריר 48%,הדקלאים אגודת שיתופי,,,יח`,500,גרם,false,1,18.90,3.78,false,1,
7290018893876,false,עוגות אישיות רכות עם מילוי קרם בטעם וניל,פרדי קונדיטוריה אס.פ,,,יח`,200,גרם,false,1,12.90,6.45,false,1,
7290018894019,false,עוגות אישיות במילוי קרם חלבי ובציפוי קרם קקאו,ש. שסטוביץ בע`מ,,,יח`,350,גרם,false,1,14.90,4.26,true,1,
7290018894217,false,עוגות אישיות במילוי קרם קקאו ובציפוי קרם קקאו,ש. שסטוביץ בע`מ,,,יח`,350,גרם,false,1,14.90,4.26,true,1,
7290018921166,false,קמיל אל סבון להזנת העור מועשר באצות-ים 1 ליטר,"פישר תעשיות פרמבצטיות בע""מ",,,יח`,1,1 ליטר,false,1,15.90,15.90,true,1,
7290018921609,false,"ד""ר פישר - קמיל בלו קרם החתלה קלנדולה 120 גרם","פישר תעשיות פרמצבטיות בע""מ",,,יח`,120,גרם,false,1,21.90,18.25,false,1,
7290018921753,false,קמיל אל סבון היגייני לניקוי יסודי מועשר בלחות 1 ליטר,"פישר תעשיות פרמבצטיות בע""מ",,,יח`,1,1 ליטר,false,1,15.90,15.90,true,1,
7290018925065,false,מיץ תפוזים סחוט פרימור (2 ליטר),שטראוס גרופ בעמ/מצונן,,,יח`,2,1 ליטר,false,1,26.90,13.30,false,1,
7290018925072,false,פרימור טרי מיץ לימונים עם נענע 2 ליטר,שטראוס גרופ בעמ/מצונן,,,יח`,2,1 ליטר,false,1,27.90,13.80,false,1,
7290018929377,false,כף אשפה מתקפל(איטליה),מ.א.ייצור ויבוא מטליות בעמ,,,יח`,1,,false,1,9.90,9.90,false,1,
7290018989005,false,שלישיית פולפה עגבניות טבעי יכין 400X3 גרם,זנלכול יכין,,,יח`,1.20,גרם,false,1,15.90,1325,true,1,
7290018989081,false,יכין חומוס הבית להכנת חומוס טרי 410 גי,זנלכל בעמ,,,יח`,410,גרם,false,1,7.90,1.93,false,1,
7290018989128,false,סירופ בטעם ענבים יכין 1 ליטר,זנלכול יכין,,,יח`,1,1 ליטר,false,1,18.90,18.90,false,1,
7290018989135,false,סירופ בטעם פטל יכין 1 ליטר,זנלכול יכין,,,יח`,1,1 ליטר,false,1,18.90,18.90,false,1,
7290019036395,false,ארטישוק 400 גר`קפוא,א.ג בחירה חכמה בעמ,,,יח`,400,גרם,false,1,9.90,2.48,false,1,
7290019036425,false,במיה 400 גר`קפוא,א.ג בחירה חכמה בעמ,,,יח`,400,גרם,false,1,6.90,1.73,false,1,
7290019056027,false,שוופס מוגז פירות תפוחים ללא סוכר 1.5 ליטר פיקדון,יפאורה - שותפות מוגבלת לשיווק,,,יח`,1.50,1 ליטר,false,1,8.90,5.73,true,1,
7290019056034,false,שוופס מוגז פירות אננס ללא סוכר 1.5 ליטר פיקדון,יפאורה - שותפות מוגבלת לשיווק,,,יח`,1.50,1 ליטר,false,1,8.90,5.73,true,1,
7290019056041,false,שוופס מוגז פירות לימונייד ללא סוכר 1.5 ליטר פיקדון,יפאורה - שותפות מוגבלת לשיווק,,,יח`,1.50,1 ליטר,false,1,8.90,5.73,true,1,
7290019056058,false,שוופס מוגז עדין תפוח ליים 1.5 ליטר פיקדון,יפאורה - שותפות מוגבלת לשיווק,,,יח`,1.50,1 ליטר,false,1,8.90,5.73,true,1,
7290019056065,false,שוופס מוגז עדין פירות יער 1.5 ליטר פיקדון,יפאורה - שותפות מוגבלת לשיווק,,,יח`,1.50,1 ליטר,false,1,8.90,5.73,true,1,
7290019056072,false,שוופס מוגז עדין אננס 1.5 ליטר פיקדון,יפאורה - שותפות מוגבלת לשיווק,,,יח`,1.50,1 ליטר,false,1,8.90,5.73,true,1,
7290019056089,false,שוופס מוגז עדין ענבי ריזלינג 1.5 ליטר פיקדון,יפאורה - שותפות מוגבלת לשיווק,,,יח`,1.50,1 ליטר,false,1,8.90,5.73,true,1,
7290019056096,false,שוופס מוגז עדין אפרסק 1.5 ליטר פיקדון,יפאורה - שותפות מוגבלת לשיווק,,,יח`,1.50,1 ליטר,false,1,8.90,5.73,true,1,
7290019056119,false,שוופס סודה 1.5 ליטר פיקדון,יפאורה שותפות מוגבלת לשיווק,,,יח`,1.50,1 ליטר,false,1,3.80,2.33,true,1,
7290019056164,false,שוופס סודה 1.5 ליטר רביעייה פיקדון,יפאורה - שותפות מוגבלת לשיווק,,,יח`,6,1 ליטר,false,1,12.20,1.83,false,1,
7290019056171,false,שוופס סודה לימון 1.5 ליטר רביעייה פיקדון,יפאורה - שותפות מוגבלת לשיווק,,,יח`,6,1 ליטר,false,1,12.20,1.83,false,1,
7290019056201,false,שוופס סודה פירות יער 1.5 ליטר רביעייה פיקדון,יפאורה - שותפות מוגבלת לשיווק,,,יח`,6,1 ליטר,false,1,12.20,1.83,false,1,
7290019056232,false,משקה מוגז בטעם ליים מוחיטו 1.5 ל' שוופס,יפאורה - שותפות מוגבלת לשיווק,,,יח`,1.50,1 ליטר,false,1,8.90,5.73,true,1,
7290019056249,false,שוופס מים בטעמים ענבים 1.5 ליטר פיקדון,יפאורה - שותפות מוגבלת לשיווק,,,יח`,1.50,1 ליטר,false,1,8.90,5.73,true,1,
7290019056256,false,שוופס מים בטעמים תפוחים 1.5 ליטר פיקדון,יפאורה - שותפות מוגבלת לשיווק,,,יח`,1.50,1 ליטר,false,1,8.90,5.73,true,1,
7290019056263,false,שוופס מים בטעמים אפרסק 1.5 ליטר פיקדון,יפאורה - שותפות מוגבלת לשיווק,,,יח`,1.50,1 ליטר,false,1,8.90,5.73,true,1,
7290019056270,false,שוופס מים בטעמים פירות יער 1.5 ליטר פיקדון,יפאורה - שותפות מוגבלת לשיווק,,,יח`,1.50,1 ליטר,false,1,8.90,5.73,true,1,
7290019056287,false,שוופס מים בטעמים אפרסק ללא סוכר 1.5 ליטר פיקדון,יפאורה - שותפות מוגבלת לשיווק,,,יח`,1.50,1 ליטר,false,1,8.90,5.73,true,1,
7290019056294,false,שוופס ג`ינג`ר אייל 1.5 ליטר פיקדון,יפאורה - שותפות מוגבלת לשיווק,,,יח`,1.50,1 ליטר,false,1,11.90,7.73,false,1,
7290019056317,false,שוופס ראשן 1.5 ליטר פיקדון,יפאורה - שותפות מוגבלת לשיווק,,,יח`,1500,"מ""ל",false,1,11.90,0.77,false,1,
7290019056324,false,שוופס טוניק 1.5 ליטר פיקדון,יפאורה - שותפות מוגבלת לשיווק,,,יח`,1.50,1 ליטר,false,1,11.90,7.73,false,1,
7290019056331,false,שוופס טוניק ללא סוכר 1.5 ליטר פיקדון,יפאורה - שותפות מוגבלת לשיווק,,,יח`,1.50,"מ""ל",false,1,11.90,773.33,false,1,
7290019056355,false,תפוזינה לימונדה מיקס לימונענע 1.5 ליטר,יפאורה - שותפות מוגבלת לשיווק,,,יח`,1.50,1 ליטר,false,1,8.90,5.73,true,1,
7290019056362,false,תפוזינה משקה קל ענבים 1.5 ליטר,יפאורה - שותפות מוגבלת לשיווק,,,יח`,1.50,1 ליטר,false,1,8.90,5.73,true,1,
7290019056379,false,משקה קל תפוזינה 1.5 ליטר תפוזים,יפאורה - שותפות מוגבלת לשיווק,,,יח`,1.50,1 ליטר,false,1,8.90,5.73,true,1,
7290019056386,false,משקה קל תפוזינה 1.5 ליטר אשכוליות,יפאורה - שותפות מוגבלת לשיווק,,,יח`,1.50,"מ""ל",false,1,8.90,573.33,true,1,
7290019056393,false,משקה קל תפוזינה 1.5 ליטר תות בננה,יפאורה - שותפות מוגבלת לשיווק,,,יח`,1.50,1 ליטר,false,1,8.90,5.73,true,1,
7290019056409,false,תפוזינה משקה קל מנגו עסיסי1.5ליטר,יפאורה - שותפות מוגבלת לשיווק,,,יח`,1.50,1 ליטר,false,1,8.90,5.73,true,1,
7290019056416,false,מיץ בטעם לימונדה ורודה 1.5 ל' תפוזינה,יפאורה - שותפות מוגבלת לשיווק,,,יח`,1.50,1 ליטר,false,1,8.90,5.73,true,1,
7290019056423,false,תפוזינה משקה קל תפוח רענן 1.5ליטר,יפאורה - שותפות מוגבלת לשיווק,,,יח`,1.50,1 ליטר,false,1,8.90,5.73,true,1,
7290019056430,false,משקה קל תפוזינה 1.5 ליטר תפוזים לייט,יפאורה - שותפות מוגבלת לשיווק,,,יח`,1.50,1 ליטר,false,1,8.90,5.73,true,1,
7290019056447,false,משקה קל תפוזינה 1.5 ליטר אשכוליות לייט,יפאורה - שותפות מוגבלת לשיווק,,,יח`,1.50,1 ליטר,false,1,8.90,5.73,true,1,
7290019056454,false,משקה מוגז בטעם קולה 1.5 ל' אר סי,יפאורה שותפות מוגבלת לשיווק,,,יח`,1.50,1 ליטר,false,1,6.90,4.40,false,1,
7290019056461,false,מארז משקה בטעם קולה שישייה * 1.5 ל' אר.סי,יפאורה - שותפות מוגבלת לשיווק,,,יח`,9000,"מ""ל",false,1,39.90,0.42,false,1,
7290019056478,false,ספרינג טי קר אפרסק 1.5ליטר פיקדון,יפאורה - שותפות מוגבלת לשיווק,,,יח`,1.50,1 ליטר,false,1,8.90,5.73,true,1,
7290019056485,false,ספריג תה ירוק לימון לואיזה 1.5 ליטר פיקדון,יפאורה - שותפות מוגבלת לשיווק,,,יח`,1.50,1 ליטר,false,1,8.90,5.73,true,1,
7290019056492,false,ספרינג תה מנגו אפרסק 1.5 ליטר פיקדון,יפאורה - שותפות מוגבלת לשיווק,,,יח`,1.50,1 ליטר,false,1,8.90,5.73,true,1,
7290019056508,false,פרוט ווטר ענבים 1.5 ליטר פיקדון,יפאורה - שותפות מוגבלת לשיווק,,,יח`,1.50,1 ליטר,false,1,8.90,5.73,true,1,
7290019056515,false,פרוט ווטר אננס 1.5 ליטר פיקדון,יפאורה - שותפות מוגבלת לשיווק,,,יח`,1.50,1 ליטר,false,1,8.90,5.73,true,1,
7290019056522,false,פרוט ווטר תות 1.5 ליטר פיקדון,יפאורה - שותפות מוגבלת לשיווק,,,יח`,1.50,1 ליטר,false,1,8.90,5.73,true,1,
7290019056539,false,פרוט ווטר אפרסק 1.5 ליטר פיקדון,יפאורה שותפות מוגבלת לשיווק,,,יח`,1.50,1 ליטר,false,1,8.90,5.73,true,1,
7290019056546,false,פרוט ווטר אבטיח 1.5 ליטר פיקדון,יפאורה - שותפות מוגבלת לשיווק,,,יח`,1.50,1 ליטר,false,1,8.90,5.73,true,1,
7290019056553,false,שישיית מים מינרלים עין גדי 2 ליטר,יפאורה - שותפות מוגבלת לשיווק,,,יח`,1.20,1 ליטר,false,1,13.70,9.92,false,1,
7290019056560,false,עין גדי מים מינרלים בקבוק 2 ליטר,יפאורה שותפות מוגבלת לשיווק,,,יח`,2,1 ליטר,false,1,2.90,1.45,false,1,
7290019056577,false,ספרינג קל מנגו 1.5 ליטר פיקדון,יפאורה - שותפות מוגבלת לשיווק,,,יח`,1.50,1 ליטר,false,1,8.90,5.73,true,1,
7290019056584,false,משקה קל תפוזים ספרינג 1.5 ליטר,יפאורה - שותפות מוגבלת לשיווק,,,יח`,1.50,1 ליטר,false,1,8.90,5.73,true,1,
7290019056591,false,משקה קל ענבים ספרינג 1.5 ליטר,יפאורה - שותפות מוגבלת לשיווק,,,יח`,1.50,1 ליטר,false,1,8.90,5.73,true,1,
7290019056607,false,משקה קל תפוחים ספרינג 1.5 ליטר,יפאורה - שותפות מוגבלת לשיווק,,,יח`,1.50,1 ליטר,false,1,8.90,5.73,true,1,
7290019056614,false,משקה קל ספרינג 1.5 ליטר אפרסק,יפאורה - שותפות מוגבלת לשיווק,,,יח`,1.50,1 ליטר,false,1,8.90,5.73,true,1,
7290019056621,false,משקה קל פירות טרופיים ספרינג 1.5 ליטר,יפאורה - שותפות מוגבלת לשיווק,,,יח`,1.50,1 ליטר,false,1,8.90,5.73,true,1,
7290019056638,false,משקה קל תות בננה ספרינג 1.5 ליטר,יפאורה - שותפות מוגבלת לשיווק,,,יח`,1.50,1 ליטר,false,1,8.90,5.73,true,1,
7290019056645,false,משקה קל ספרינג 1.5 ליטר אגס תפוח סברס,יפאורה - שותפות מוגבלת לשיווק,,,יח`,1.50,1 ליטר,false,1,8.90,5.73,true,1,
7290019056652,false,משקה קל ספרינג 1.5 ליטר אננס בננה,יפאורה - שותפות מוגבלת לשיווק,,,יח`,1.50,1 ליטר,false,1,8.90,5.73,true,1,
7290019056669,false,משקה קל תפוחים דיאט ספרינג 1.5 ליטר,יפאורה - שותפות מוגבלת לשיווק,,,יח`,1.50,1 ליטר,false,1,8.90,5.73,true,1,
7290019056676,false,משקה קל אשכולית אננס דיאט ספרינג 1.5 ליטר,יפאורה - שותפות מוגבלת לשיווק,,,יח`,1.50,1 ליטר,false,1,8.90,5.73,true,1,
7290019056737,false,משקה קל קריסטל (2 ליטר)אשכוליות,יפאורה - שותפות מוגבלת לשיווק,,,יח`,2,1 ליטר,false,1,7.20,3.45,false,1,
7290019056744,false,קריסטל מיץ תפוזים 2 ליטר פיקדון,יפאורה - שותפות מוגבלת לשיווק,,,יח`,2,1 ליטר,false,1,7.20,3.45,false,1,
7290019056751,false,קריסטל מיץ אשכוליות דיאט 2 ליטר פיקדון,יפאורה - שותפות מוגבלת לשיווק,,,יח`,2,1 ליטר,false,1,7.20,3.45,false,1,
7290019056768,false,קריסטל משקה קל מנגו 2 ליטר פיקדון,יפאורה - שותפות מוגבלת לשיווק,,,יח`,2,1 ליטר,false,1,7.20,3.45,false,1,
7290019056775,false,משקה קל קריסטל (2 ליטר)מוגז ענבים,יפאורה - שותפות מוגבלת לשיווק,,,יח`,2,1 ליטר,false,1,7.20,3.45,false,1,
7290019056782,false,משקה קל קריסטל (2 ליטר)מוגז למון ליים,יפאורה - שותפות מוגבלת לשיווק,,,יח`,2,1 ליטר,false,1,7.20,3.45,false,1,
7290019056799,false,משקה קל קריסטל (2 ליטר)מוגז אקזוטי,יפאורה - שותפות מוגבלת לשיווק,,,יח`,2,1 ליטר,false,1,7.20,3.45,false,1,
7290019056805,false,משקה קל קריסטל (2 ליטר)מוגז תפוחים,יפאורה - שותפות מוגבלת לשיווק,,,יח`,2,1 ליטר,false,1,7.20,3.45,false,1,
7290019056829,false,משקה קל קריסטל (2 ליטר)מוגז תפוזים,יפאורה - שותפות מוגבלת לשיווק,,,יח`,2,1 ליטר,false,1,7.20,3.45,false,1,
7290019056836,false,משקה קל קריסטל (2 ליטר)מוגז תות,יפאורה - שותפות מוגבלת לשיווק,,,יח`,2,1 ליטר,false,1,7.20,3.45,false,1,
7290019056843,false,משקה קל קריסטל (2 ליטר)מוגז קולה,יפאורה - שותפות מוגבלת לשיווק,,,יח`,2,1 ליטר,false,1,7.20,3.45,false,1,
7290019056850,false,ספרינג תה אפרסק דיאט 1.5 ליטר פיקדון,יפאורה - שותפות מוגבלת לשיווק,,,יח`,1.50,1 ליטר,false,1,8.90,5.73,true,1,
7290019056959,false,מי עדן בקבוק מתכווץ שקט 1.5 מ``ל,יפאורה - שותפות מוגבלת לשיווק,,,יח`,1.50,1 ליטר,false,1,2.80,1.67,false,1,
7290019056966,false,מי עדן בקבוק פיקדון 1.5 ליטר,תבורי-שותפות מוגבלת לשיווק,,,יח`,1500,"מ""ל",false,1,4.20,0.26,false,1,
7290019056973,false,מי עדן שישיה בק `1.5ליטר פיקדון,יפאורה - שותפות מוגבלת לשיווק,,,יח`,9,1 ליטר,false,1,13.90,1.34,false,1,
7290019105107,false,רביעיות מגבונים לתינוק ויקטורי פרימיום מ,טרופיקל-דגיל תעשיות קוסמטיקה ב,,,יח`,1,,false,1,13.90,13.90,false,1,
7290019145080,false,מרקש ערק לימון 700 מל,אבאל יזמות בעמ,,,יח`,700,"מ""ל",false,1,39.90,5.66,true,1,
7290019153078,false,שוופס ביטר למון 1.5 לייט ליטר פיקדון,יפאורה - שותפות מוגבלת לשיווק,,,יח`,1.50,1 ליטר,false,1,11.90,7.73,false,1,
7290019153252,false,שוופס סודה תפוח 1.5 ליטר רביעייה פיקדון,יפאורה - שותפות מוגבלת לשיווק,,,יח`,6,1 ליטר,false,1,12.20,1.83,false,1,
7290019153269,false,שוופס סודה אננס 1.5 ליטר רביעייה פיקדון,יפאורה - שותפות מוגבלת לשיווק,,,יח`,6,1 ליטר,false,1,12.20,1.83,false,1,
7290019153344,false,משקה קל תפוזינה 1.5 ליטר סנגרייה,יפאורה - שותפות מוגבלת לשיווק,,,יח`,1500,"מ""ל",false,1,8.90,0.57,true,1,
7290019153351,false,משקה קל תפוזינה 1.5 ליטר פינק אוזו,יפאורה - שותפות מוגבלת לשיווק,,,יח`,1500,"מ""ל",false,1,8.90,0.57,true,1,
7290019153375,false,משקה קל תפוזינה 1.5 ליטר מוחיטו,יפאורה - שותפות מוגבלת לשיווק,,,יח`,1500,"מ""ל",false,1,8.90,0.57,true,1,
7290019153566,false,משקה קל רימון אוכמניות דובדבן ספרינג 1.5 ליטר,יפאורה - שותפות מוגבלת לשיווק,,,יח`,1.50,1 ליטר,false,1,8.90,5.73,true,1,
7290019167020,false,עוגת גבינה עם פירות יער לייט עדן קינוחים 82 גרם,"תנובה בע""מ ***",,,יח`,82,גרם,false,1,6.90,8.41,false,1,
7290019167037,false,תותים בקצפת עדן קינוחים 82 גרם,תנובה בעמ ***,,,יח`,82,גרם,false,1,6.90,8.41,false,1,
7290019167044,false,קצפת עם קרם בייגלה מתוק מלוח עדן קינוחים 82 גרם,תנובה בעמ ***,,,יח`,82,גרם,false,1,6.90,8.41,false,1,
7290019232155,false,"חליטת ""לילה טוב"" קמומיל לבנדר ו25 שקיקים ויסוצקי",תה ויסוצקי (ישראל) בעמ,,,יח`,1,,false,1,25.90,25.90,true,1,
7290019232186,false,תה ירוק לימונית לואיזהSTAY WELL 25 שקיקים ויסוצקי,תה ויסוצקי (ישראל) בעמ,,,יח`,1,,false,1,25.90,25.90,true,1,
7290019232353,false,תה ירוק סיני 50 שקיקים ויסוצקי,תה ויסוצקי (ישראל) בעמ,,,יח`,75,גרם,false,1,44.90,59.87,false,1,
7290019232803,false,הולגריין ביסקוויט+קרם חלב ושוקולד חלב 300 גרם רבנות,"אולקר ביסקווי סנאי, א.ס.",,,יח`,300,גרם,false,1,11.90,3.97,true,1,
7290019232827,false,הולגריין ביסקוויט במילוי אגוזי לוז 300 גרם רבנות,"אולקר ביסקווי סנאי, א.ס.",,,יח`,300,גרם,false,1,11.90,3.97,true,1,
7290019232834,false,פליפז בייגלה מצופה קרם עוגיות ושוקולד מקוויטיס 140 גרם,תה ויסוצקי (ישראל) בעמ,,,יח`,140,גרם,false,1,7.90,5.64,true,1,
7290019297161,false,טורטיה ראפ מקמח תירס שקדיה 450 גרם,דין שיווק וקליה 2021 בעמ,,,יח`,450,גרם,false,1,9.90,2.20,true,1,
7290019297246,false,שזיפים מיובשים ששון הקולה (330 גרם),דין שיווק וקליה 2021 בעמ,,,יח`,330,גרם,false,1,19.90,6.03,false,1,
7290019297512,false,"רוטב רימונים שקדיה 340 מ""ל בדץ",דין שיווק וקליה 2021 בעמ,,,יח`,340,"מ""ל",false,1,9.90,2.91,false,1,
7290019297536,false,חמאת בוטנים עם שברי בוטנים שקדיה 510 גרם,דין שיווק וקליה 2021 בעמ,,,יח`,510,גרם,false,1,12.90,2.53,true,1,
7290019297543,false,חמאת בוטנים 510 גר` דין שיווק,דין שיווק וקליה 2021 בעמ,,,יח`,510,גרם,false,1,12.90,2.53,true,1,
7290019297635,false,שקדים קלויים ששון הקולה 150 גרם,דין שיווק וקליה 2021 בעמ,,,יח`,150,גרם,false,1,16.90,11.27,false,1,
7290019303367,false,טבע ירוק בייגלה כוסמין עם שומשום 200 גר`,אבאל יזמות בעמ,,,יח`,200,גרם,false,1,14.90,7.45,true,1,
7290019308126,false,פולי סויה 400 גר` פרוסטי,נ.ת.נ.ג.ב החזקות יעוץ וניהול ב,,,יח`,400,גרם,false,1,6.90,1.73,false,1,
7290019393016,false,"קמח חיטה לבן ללא צורך בניפוי 1 ק""ג האופה",אבאל יזמות בעמ,,,יח`,1,"ק""ג",false,1,6.90,6.90,true,1,
7290019393023,false,קמח חיטה 80% ללא צורך בניפוי 1 קג,אבאל יזמות בעמ,,,יח`,1,"ק""ג",false,1,8.90,8.90,true,1,
7290019393061,false,"קמח כוסמין 100% ללא צורך בניפוי 1 ק""ג האופה",אבאל יזמות בעמ,,,יח`,1,"ק""ג",false,1,14.90,14.90,false,1,
7290022005562,false,קריספ פירורי לחם שום 300 גרם מיימונס,א.ל.ייצור ושיווק תבלינים בעמ,,,יח`,300,גרם,false,1,7.90,2.63,true,1,
7290100240137,false,"תרסיס ריחני למייבש כחול בדין 500 מ""ל",יוניליוור ישראל שיווק בע`מ,,,יח`,500,"מ""ל",false,1,19.90,3.98,false,1,
7290100240632,false,קרקר פתית 200-300ג' 6 דגנים 250 גרם,יוניליוור ישראל שיווק בע`מ,,,יח`,250,גרם,false,1,17.90,7.16,false,1,
7290100240656,false,"פתית שיפון בד""צ חדש 300X24 גר'",יוניליוור ישראל שיווק בע`מ,,,יח`,300,גרם,false,1,17.90,5.97,false,1,
7290100245231,false,נמס בכוס מרק בטעם עוף עם אטריות ושקדי מרק-2 שקיות,יוניליוור ישראל שיווק בע`מ,,,יח`,50,גרם,false,1,6.90,13.80,false,1,
7290100247969,false,קליק שקיות כריות צ`וקולדה,יוניליוור ישראל שיווק בעמ,,,יח`,75,גרם,false,1,6.50,8.67,true,1,
7290100653586,false,"דאודורנט ג'ל פרש פיוזן 24/7 ליידי ספיד סטיק 65 מ""ל",ליידי ספיד סטיק Lady Speed Stick,,,יח`,50,"מ""ל",false,1,14.90,29.80,false,1,
7290100658338,false,"נוזל לניקוי כלים אוקסי פלוס פלמוליב 750 מ""ל",הנסיך- מפעל לייצור ט,,,יח`,750,"מ""ל",false,1,12.90,1.72,true,1,
7290100659090,false,פרי חטיפים ללא גלוטן ותוספת סוכר מארז 5 תמרים וקינמון,טבעית מוצרים מן הטבע בעמ,,,יח`,100,גרם,false,1,15.90,15.90,false,1,
7290100680650,false,מנה חמה נודלס-אטריות ירקות טעם תאילנדי אסם 76 ג',קבוצת אוסם סחר שותפות מוגבלת,,,יח`,76,גרם,false,1,7.90,10.39,true,1,
7290100680667,false,מנה חמה נודלס בסגנון סצ`ואן אסם (76 גרם),קבוצת אוסם סחר שותפות מוגבלת,,,יח`,76,גרם,false,1,7.90,10.39,true,1,
7290100680711,false,פירורית זהב אסם זהב 350ג',קבוצת אוסם סחר שותפות מוגבלת,,,יח`,350,גרם,false,1,8.90,2.54,false,1,
7290100680728,false,פירורית רגילה שקית 350 גרם,קבוצת אוסם סחר שותפות מוגבלת,,,יח`,350,גרם,false,1,7.90,2.26,false,1,
7290100681015,false,אינסטנט פודינג בטעם ריבת חלב אסם 84 גרם,קבוצת אוסם סחר שותפות מוגבלת,,,יח`,84,גרם,false,1,5.10,6.07,false,1,
7290100681138,false,מארז אפרופו חטיף תירס 3 יחידות,קבוצת אוסם סחר שותפות מוגבלת,,,יח`,150,גרם,false,1,13.90,9.27,true,1,
7290100683880,false,פירה אסם ללא צורך בבישול 260 גרם,קבוצת אוסם סחר שותפות מוגבלת,,,יח`,260,גרם,false,1,13.90,5.35,false,1,
7290100684139,false,פסטה מיני מקרוני אסם (500 גרם),קבוצת אוסם סחר שותפות מוגבלת,,,יח`,500,גרם,false,1,5.90,1.18,true,1,
7290100684764,false,במבה יום הולדת על סרט אסם 25 ג',קבוצת אוסם סחר שותפות מוגבלת,,,יח`,25,גרם,false,1,2.90,11.60,false,1,
7290100685136,false,"אבקת מרק טעם עוף 1 ק""ג 1/8 אסם",קבוצת אוסם סחר שותפות מוגבלת,,,יח`,1,"ק""ג",false,1,11.90,11.90,false,1,
7290100685334,false,אבקת מרק עוף אמיתי בשרי רכיבים טבעיים אסם 400 גרם,קבוצת אוסם סחר שותפות מוגבלת,,,יח`,400,גרם,false,1,24.90,6.23,true,1,
7290100685341,false,אבקת מרק טעם עוף זך רכיבים טבעיים אסם 400 גרם,קבוצת אוסם סחר שותפות מוגבלת,,,יח`,400,גרם,false,1,16.90,4.23,true,1,
7290100686171,false,מארז מולטיפק ביסלי גריל 6 יח 35 גר ליח,קבוצת אוסם סחר שותפות מוגבלת,,,יח`,210,גרם,false,1,15.90,7.57,false,1,
7290100687109,false,במבה במילוי קרם נוגט 60ג' אסם,קבוצת אוסם סחר-שות.מוגבלת,,,יח`,60,גרם,false,1,4.30,7.17,true,1,
7290100689301,false,אבקת מרק בטעם עוף זך עדיף אסם 400 גרם,קבוצת אוסם סחר שותפות מוגבלת,,,יח`,400,גרם,false,1,15.90,3.98,true,1,
7290100700020,false,גריסי פנינה סוגת (500 גרם),האי נאם סי או אל.טי.,,,יח`,200,גרם,false,1,6.90,3.45,true,1,
7290100700068,false,סוגת שעועית צבעונית 500גרם,"סוגת תעשיות בע""מ",,,יח`,500,גרם,false,1,11.90,2.38,true,1,
7290100700075,false,פירורי לחם מוזהבים סוגת (200 גרם),"סוגת תעשיות בע""\מ",,,יח`,200,גרם,false,1,4,2,true,1,
7290100700273,false,קינואה לבנה 500 ג סו,האי נאם סי או אל.טי.,,,יח`,500,גרם,false,1,15.90,3.18,true,1,
7290100700372,false,"אורז בסגנון בסמטי מלא 1 ק""ג",האי נאם סי או אל.טי.,,,יח`,1,"ק""ג",false,1,13.90,13.90,false,1,
7290100700396,false,"סוגת אורז יסמין קלאסי 1 ק""ג",האי נאם סי או אל.טי.,,,יח`,1,"ק""ג",false,1,12.90,12.90,true,1,
7290100700563,false,אורז מיקס קלאסי סוגת (1 קג),סוגת תעשיות בעמ,,,יח`,1,"ק""ג",false,1,12.90,12.90,false,1,
7290100700587,false,בורגול סוגת (500 גרם),האי נאם סי או אל.טי.,,,יח`,500,גרם,false,1,5.90,1.18,true,1,
7290100701126,false,סוגת שעועית מש סוגת 500 גרם,סוגת תעשיות בעמ,,,יח`,500,גרם,false,1,12.90,2.58,true,1,
7290100701140,false,"אורז ריזוטו ארבוריו 1 ק""ג ""סוגת""","סוגת תעשיות בע""מ",,,יח`,1,"ק""ג",false,1,12.90,12.90,false,1,
7290100701157,false,אורז להכנת סושי סוגת (1 קג),"סוגת תעשיות בע""\מ",,,יח`,1,"ק""ג",false,1,11.90,11.90,false,1,
7290100701300,false,קינואה אדומה סוגת (500 גרם),"סוגת תעשיות בע""\מ",,,יח`,500,גרם,false,1,15.90,3.18,true,1,
7290100701454,false,בורגול דק גרישה סוגת (500 גרם),"סוגת תעשיות בע""\מ",,,יח`,500,גרם,false,1,5.90,1.18,true,1,
7290100702611,false,פתיתים אפויים אורז סוגת 500 גרם,"אסיף תעשיות מזון בע""\מ",,,יח`,500,גרם,false,1,5.90,1.18,true,1,
7290100702628,false,פתיתים אפויים קוסקוס סוגת 500 גרם,"אסיף תעשיות מזון בע""\מ",,,יח`,500,גרם,false,1,5.90,1.18,true,1,
7290100702994,false,סוכר דמררה קלאסי בשקית סוגת 500 גרם,"סוגת תעשיות בע""מ",,,יח`,500,גרם,false,1,6.90,1.38,true,1,
7290100703625,false,קמח חיטה לבן ללא צורך בניפוי,סוגת תעשיות בעמ,,,יח`,1000,גרם,false,1,6.90,0.69,false,1,
7290100703861,false,"תערובת קסם לחלה ללא צורך בניפוי סוגת 1 ק""ג","שטיבל בע""\מ - טחנות קמח",,,יח`,1,"ק""ג",false,1,7.90,7.90,false,1,
7290100704493,false,קמח שמרים פיצה ללא צורך בניפוי 1 קג סוגת,"שטיבל בע""\מ - טחנת קמח",,,יח`,1,"ק""ג",false,1,7.90,7.90,false,1,
7290100704608,false,שעועית לבנה עדינה סוגת (500 גרם),"סוגת תעשיות בע""\מ",,,יח`,500,גרם,false,1,6.90,1.38,true,1,
7290100704615,false,סוכר לבן דק דק בצנצנת סוגת 500 גרם,"סוגת תעשיות בע""\מ",,,יח`,500,גרם,false,1,7.90,1.58,false,1,
7290100704622,false,סוכר דמררה דק דק בצנצנת סוגת 500 גרם,"סוגת תעשיות בע""\מ",,,יח`,500,גרם,false,1,7.90,1.58,false,1,
7290100850909,false,חטיף תירס נאצ`ו מקסיקני דוריטוס (70 גרם),"שטראוס פריטו ליי בע""\מ",,,יח`,70,גרם,false,1,3.90,5.57,true,1,
7290100850916,false,דוריטוס חמוץ חריף מעודן 70 גרם כשר לפסח,"שטראוס פריטו ליי בע""\מ )",,,יח`,70,גרם,false,1,3.90,5.57,true,1,
7290100850923,false,חטיף תירס גריל דוריטוס (70 גרם),"שטראוס פריטו ליי בע""\מ )",,,יח`,70,גרם,false,1,3.90,5.57,true,1,
7290100850930,false,חטיף תירס בטעם טבעי דוריטוס (70 גרם),"שטראוס פריטו ליי בע""\מ )",,,יח`,70,גרם,false,1,3.90,5.57,true,1,
7290100851968,false,מארז קפה נמס עלית זוגות,"שטראוס גרופ בע""מ",,,יח`,400,גרם,false,1,37.90,9.48,false,1,
7290100858592,false,אבקת קקאו עלית שקית 150 ג',הנסיך- מפעל לייצור ט,,,יח`,150,גרם,false,1,8.90,5.93,false,1,
7290100858608,false,עלית אבקת קקאו כשלפ 500 גרם,שטראוס קפה בי.ויn\.,,,יח`,500,גרם,false,1,23.90,4.78,false,1,
7290100921593,false,מנקה אסלה סוד 4 כדוריות לאסלה לימון נתלה 50 ג',גורי שיווק בעמ,,,יח`,1,,false,1,7.90,7.90,false,1,
7290100921616,false,סוד סבון לאסלה 4 כדוריות בניחוח אורנים 50 ג',גורי שיווק בעמ,,,יח`,1,,false,1,7.90,7.90,false,1,
7290100924204,false,"פרסיל אבקה לכביסה רגיל 8 ק""ג",גורי שיווק בעמ,,,יח`,8,"ק""ג",false,1,49.90,6.24,false,1,
7290100924464,false,כדוריות סבון נתלה לאסלה עם אקונומיקה - 3 יח',גורי שיווק בעמ,,,יח`,1,,false,1,16.90,16.90,true,1,
7290100924631,false,מרכך כביסה מרוכז לבגדי תינוקות ובעלי עור רגיש,גורי שיווק בעמ,,,יח`,900,"מ""ל",false,1,12.90,1.43,false,1,
7290100925669,false,דפים למניעת העברת צבע קולור קאצ`ר) (10,גורי שיווק בעמ,,,יח`,1,,false,1,12.90,12.90,false,1,
7290100925676,false,קולור קאצר 20 דפים לוכדי צבע למכונת כביס,גורי שיווק בעמ,,,יח`,1,,false,1,17.90,17.90,true,1,
7290100925751,false,נוזל כלים תפוח סוד (650 מל),גורי שיווק בעמ,,,יח`,650,"מ""ל",false,1,5.90,0.91,false,1,
7290100925775,false,נוזל כלים רימון ותאנים סוד (650 מל),גורי שיווק בעמ,,,יח`,650,"מ""ל",false,1,5.90,0.91,false,1,
7290100926147,false,אבקת כביסה פרסיל קולור שקית 2.5 קג,גורי שיווק בעמ,,,יח`,2.50,"ק""ג",false,1,25.90,10.36,false,1,
7290100926598,false,פרסיל א.כביסה סודה אקטיב 5קג,גורי שיווק בעמ,,,יח`,5,"ק""ג",false,1,42.90,8.58,false,1,
7290100927717,false,"פרסיל קולור אבקת כביסה 5 ק""ג -מרכז",גורי שיווק בעמ,,,יח`,5,"ק""ג",false,1,42.90,8.58,false,1,
7290101110460,false,גלידה בליסימו וניל צרפתי 1.3 ל' פלדמן,פלקו בעמ חברה ישראלית,,,יח`,1.30,1 ליטר,false,1,18.90,14.54,true,1,
7290101110811,false,מאגדת גלידל וניל מצופה סורבה פסיפלורה[8],פלקו בעמ חברה ישראלית,,,יח`,640,גרם,false,1,27,4.22,false,1,
7290101112112,false,חגיגה טירמיסו פלדמן 1.8 ליטר,פלקו בעמ חברה ישראלית,,,יח`,1.80,1 ליטר,false,1,25.90,14.39,false,1,
7290101112518,false,שישיית גרניטה חלב אייס קפוצ'ינו פלדמן,פלקו בעמ חברה ישראלית,,,יח`,1,,false,1,19.90,19.90,true,1,
7290101112600,false,גלידה בלסימו מילקשייק וניל מוקה 1.3 ל' פלדמן,פלקו בעמ חברה ישראלית,,,יח`,1.30,1 ליטר,false,1,18.90,14.54,true,1,
7290101112921,false,"גלידל פרי פירות טרופים לל""ס 8 יחידות",פלקו בעמ חברה ישראלית,,,יח`,640,גרם,false,1,24.90,3.89,false,1,
7290101113638,false,מאגדת סנקור שוקו וניל שמינייה,פלקו בעמ חברה ישראלית,,,יח`,1,,false,1,26.90,26.90,false,1,
7290101113751,false,מאגדת שלגון קרמל ושוקולד בלונדי רביעיה * 50 ג' יולו,פלקו בעמ חברה ישראלית,,,יח`,200,גרם,false,1,17.90,8.95,false,1,
7290101113805,false,מאגדת (5) יופלה שייק פרי תות 70 אחוז פרי 350 גרם,פלקו בעמ חברה ישראלית,,,יח`,350,גרם,false,1,19.90,5.69,true,1,
7290101113904,false,מארז מנבו וניל 12 יח' פלדמן,פלקו בעמ חברה ישראלית,,,יח`,1,,false,1,23.90,23.90,false,1,
7290101486688,false,חטיף דגנים עם שוקולד ללא גלוטן וסוכר פרי 5*20 גרם,טבעית מוצרים מן הטבע בעמ,,,יח`,90,גרם,false,1,15.90,17.67,false,1,
7290101488316,false,ליידי ספיד סטיק - דאודורנט סטיק לאישה ללא סימן ורוד סטיק 65 גרם,ליידי ספיד סטיק Lady Speed Stick,,,יח`,50,"מ""ל",false,1,21.90,43.80,false,1,
7290101488323,false,ליידי ספיד סטיק - דאודורנט סטיק לאישה ללא סימן ירוק סטיק 65 גרם,ליידי ספיד סטיק Lady Speed Stick,,,יח`,65,"מ""ל",false,1,21.90,33.69,true,1,
7290101551027,false,קפסולות קפה אספרסו חזק במיוחד 14 עלית 10 יח',הנסיך- מפעל לייצור ט,,,יח`,50,גרם,false,1,16.90,33.80,true,1,
7290101551263,false,סילאן טבעי ללא תוספת סוכר,שטראוס גרופ בע`מ,,,יח`,700,גרם,false,1,19.90,2.84,false,1,
7290101551300,false,סילאן טבעי ללא תוספת סוכר בקבוק לחיץ,מכוורת יד מרדכי שטראוס ב,,,יח`,380,גרם,false,1,14.90,3.92,false,1,
7290101551539,false,יוגורט PRO בטעם אפרסק 0% 20 גרם חלבון בגביע,שטראוס גרופ בעמ/מצונן,,,יח`,200,גרם,false,1,5.90,2.95,false,1,
7290101551584,false,תפוצ'יפס קידס מארז 10 יח' * 20 ג',"שטראוס פריטו ליי בע""מ )פ",,,יח`,200,גרם,false,1,12.90,6.45,false,1,
7290101551614,false,חטיף צ'יטוס קראנץ בטעם גבינה - מארז 8 יח',"שטראוס פריטו ליי בע""מ )פ",,,יח`,240,גרם,false,1,13.90,5.79,false,1,
7290101551638,false,חטיף צ'יטוס כאפה בטעם קטשופ - מארז 10 יח',"שטראוס פריטו ליי בע""מ )פ",,,יח`,200,גרם,false,1,12.90,6.45,true,1,
7290101863410,false,"סיליט באנג ספריי ניקוי עוצמתי מכיל אקונומיקה 750 מ""ל",רקיט בנקיזר (ניר איסט) בעמ,,,יח`,750,"מ""ל",false,1,12.90,1.72,false,1,
7290101864127,false,ספריי להסרת כתמים וניש קליה (750 מל),רקיט בנקיזר (ניר איסט) בעמ,,,יח`,750,"מ""ל",false,1,16.90,2.25,false,1,
7290101865261,false,נוזל הברקה למדיח כלים פיניש (800 מל),רקיט בנקיזר (ניר איסט) בעמ,,,יח`,800,"מ""ל",false,1,19.90,2.49,false,1,
7290101866633,false,וניש קליה גל להסרת כתמים 3 ליטר אוקסיפרש,רקיט בנקיזר (ניר איסט) בעמ,,,יח`,3,1 ליטר,false,1,29.90,9.97,false,1,
7290101866787,false,וניש קליה נוזל מסיר כתמים לכביסה לבנה 3 ליטר,רקיט בנקיזר (ניר איסט) בעמ,,,יח`,3,1 ליטר,false,1,29.90,9.97,false,1,
7290101868460,false,"קולון 101 אבקת כביסה 8 ק""ג",רקיט בנקיזר (ניר איסט) בעמ,,,יח`,8,"ק""ג",false,1,54.90,6.86,false,1,
7290101868958,false,פיניש נוזל הברקה למדיח בניחוח לימון,רקיט בנקיזר (ניר איסט) בעמ,,,יח`,800,"מ""ל",false,1,19.90,2.49,false,1,
7290101869788,false,"אירוויק ספריי אוטומטי מילוי בניחוח אואזיס 250 מ""ל*",רקיט בנקיזר (ניר איסט) בעמ,,,יח`,250,"מ""ל",false,1,14.90,5.96,true,1,
7290101869795,false,"מטהר אוויר אירוויק ספריי מילוי חלום ליל קיץ 250 מ""ל",רקיט בנקיזר (ניר איסט) בעמ,,,יח`,250,"מ""ל",false,1,14.90,5.96,true,1,
7290101869832,false,"אירוויק מילוי מבשם אויר חשמלי חלום ליל קיץ 19 מ""ל",רקיט בנקיזר (ניר איסט) בעמ,,,יח`,1,,false,1,16.90,16.90,true,1,
7290101869962,false,"אירוויק מקלות ריחניים בניחוח חלום ליל קיץ 30 מ""ל",רקיט בנקיזר (ניר איסט) בעמ,,,יח`,1,,false,1,14.90,14.90,false,1,
7290101980773,false,שקית הפתעה- שמחת תורה,שמחה זה אנחנו בעמ,,,יח`,1,,false,1,4.90,4.90,false,1,
7290101999584,false,נרות ג'מבו כוכבים - הלו קיטי(1X32),שמחה זה אנחנו בעמ,,,יח`,1,,false,1,6.90,6.90,false,1,
7290101999683,false,נרות מטה כוכבים- ברבי,שמחה זה אנחנו בעמ,,,יח`,1,,false,1,5.90,5.90,false,1,
7290102030330,false,תפוצ`יפס אקסטרא מקסיקני 200 גרם +20 תו,"שטראוס פריטו ליי בע""\מ )",,,יח`,200,גרם,false,1,10.90,5.45,true,1,
7290102031276,false,מארז 8 יחידות אקטימל משקה יוגורט בטעם תות בננה,שטראוס גרופ בעמ/מצונן,,,יח`,800,"מ""ל",false,1,19.90,2.49,false,1,
7290102032334,false,אבקה להכנת משקה קפה בטעם וניל,שטראוס קפה בי.וי,,,יח`,200,גרם,false,1,19.90,9.95,false,1,
7290102060764,false,מרידול מברשת שיניים אריזת זוג,יבואן ומשווק: ש. שסט,,,יח`,1,,false,1,29.90,29.90,false,1,
7290102300822,false,גבינת צ`דר אנגלית כתומה 200 גרם,דאולי צ'יסמייקרס,,,יח`,200,גרם,false,1,24.90,12.45,true,1,
7290102300860,false,"גבינת צ'דר אנגלית לבן, 200 גרם",א. סיימן סחר בעמ,,,יח`,200,גרם,false,1,22.90,11.45,true,1,
7290102302253,false,"גבינת גאודה עיזים חצי קשה 34%, 200 גרם",מיוצר עי קונדיטוריית,,,יח`,200,גרם,false,1,31.90,15.95,false,1,
7290102302864,false,גבינה הולנדית עם פסטו ירוק 34%,הנרי ויליך Henri Willig,,,יח`,200,גרם,false,1,31.90,15.95,false,1,
7290102390427,false,יוגורט ביו עם קציפת תות 3% שומן 150 ג' מולר,החברה המרכזית טלהפצת משקאות בע,,,יח`,150,"מ""ל",false,1,5.30,3.53,false,1,
7290102390465,false,יוגורט ביו עם קציפת אפרסק ופסיפלורה 3% שומן 150 ג' מולר,החברה המרכזית טלהפצת משקאות בע,,,יח`,150,"מ""ל",false,1,5.30,3.53,false,1,
7290102390489,false,יוגורט ביו עם קציפת לימון 3% שומן 150 ג' מולר,החברה המרכזית טלהפצת משקאות בע,,,יח`,150,"מ""ל",false,1,5.30,3.53,false,1,
7290102391844,false,יוגורט ביו עם קציפת פירות יער3% שומן 150 ג' מולר,החברה המרכזית טלהפצת משקאות בע,,,יח`,150,"מ""ל",false,1,5.30,3.53,false,1,
7290102392049,false,גבינה לאפיה תבור ללא תוספת מלח 5% משק צוריאל 500 גרם,החברה המרכזית טלהפצת משקאות בע,,,יח`,500,גרם,false,1,20.90,4.18,false,1,
7290102392094,false,חלב עיזים 3.7% בקרטון משק צוריאל 1 ליטר,החברה המרכזית טלהפצת משקאות בע,,,יח`,1,1 ליטר,false,1,17.40,17.40,false,1,
7290102392254,false,"חלב בקרטון 1% 2 ליטר בד""צ - מוצר בפיקוח",החברה המרכזית טלהפצת משקאות בע,,,יח`,2,1 ליטר,false,1,11.72,5.86,false,1,
7290102393039,false,"יוגורט ביו קרמי מיקס פצפוצי שוקולד 7.6% מולר 170 מ""ל",החברה המרכזית טלהפצת משקאות בע,,,יח`,170,גרם,false,1,6.20,3.65,false,1,
7290102393060,false,"יוגורט ביו קרמי מיקס גלילי ופל ואגוזים 5.9% מולר 170 מ""ל",*החברה המרכזית להפצת משקאותבעמ,,,יח`,170,"מ""ל",false,1,6.20,3.65,false,1,
7290102393169,false,"יוגורט סימפלי פרוט בטעם תות 3% מולר 150 מ""ל",*החברה המרכזית להפצת משקאותבעמ,,,יח`,150,גרם,false,1,5.30,3.53,false,1,
7290102393176,false,סימפלי פרוט יוגורט אפרסק 3% שומן 150 ג' מולר,*החברה המרכזית להפצת משקאותבעמ,,,יח`,150,גרם,false,1,5.30,3.53,false,1,
7290102393190,false,"יוגורט סימפלי פרוט בטעם פירות יער 3% מולר 150 מ""ל",*החברה המרכזית להפצת משקאותבעמ,,,יח`,150,גרם,false,1,5.30,3.53,false,1,
7290102393268,false,"גבינה לבנה 5% שומן, רכיבים טבעיים 750 גרם",*החברה המרכזית להפצת משקאותבעמ,,,יח`,750,גרם,false,1,14.94,1.99,false,1,
7290102393299,false,יוגורט עיזים לשתייה 3% משק צוריאל 500 גרם,*החברה המרכזית להפצת משקאותבעמ,,,יח`,500,גרם,false,1,13.40,2.68,false,1,
7290102393848,false,יוגורט עיזים 2.4% עם תות משק צוריאל 150 גרם,*החברה המרכזית להפצת משקאותבעמ,,,יח`,150,גרם,false,1,6.70,4.47,false,1,
7290102393855,false,יוגורט עיזים 2.5% עם אפרסק משק צוריאל 150 גרם,*החברה המרכזית להפצת משקאותבעמ,,,יח`,150,גרם,false,1,6.70,4.47,false,1,
7290102393947,false,סימפלי פרוט יוגורט בטעם קיווי 3% שומן 150 ג' מולר,*החברה המרכזית להפצת משקאותבעמ,,,יח`,150,"מ""ל",false,1,5.30,3.53,false,1,
7290102394081,false,"יוגורט ביו קרמי מיקס קורנפלקס מצופה שוקולד מולר 170 מ""ל",*החברה המרכזית להפצת משקאותבעמ,,,יח`,150,"מ""ל",false,1,6.20,4.13,false,1,
7290102394463,false,נעם גבינה צהובה פרוסה ואקום 28% טרה 500 גרם,החברה המרכזית טלהפצת משקאות בע,,,יח`,500,גרם,false,1,29.40,5.88,false,1,
7290102394814,false,חמאה רגילה 200 גרם,החב` המרכזית - טרה,,,יח`,200,גרם,false,1,8.20,4.10,false,1,
7290102394821,false,גבינה צהובה 28% דק דק לפתיחה חוזרת 200,החברה המרכזית טלהפצת משקאות בע,,,יח`,200,גרם,false,1,17.40,8.70,false,1,
7290102394845,false,נעם גבינה צהובה לייט פרוסה דק דק 9% טרה 200 גרם,החברה המרכזית טלהפצת משקאות בע,,,יח`,200,גרם,false,1,17.80,8.90,false,1,
7290102395101,false,ממרח גבינה ושוקולד מוו טרה 200 גרם,החברה המרכזית טלהפצת משקאות בע,,,יח`,200,גרם,false,1,11.90,5.95,false,1,
7290102395217,false,מאגדת שמיניה מולר במתיקות מעודנת 1.2% 8*150 ג',החברה המרכזית טלהפצת משקאות בע,,,יח`,1,,false,1,19.20,19.20,false,1,
7290102395224,false,שמיניית יוגורט ביו ביאנקו 1.7% מולר 150 גרם,החברה המרכזית טלהפצת משקאות בע,,,יח`,1200,גרם,false,1,18.80,1.57,false,1,
7290102395231,false,שמיניית יוגורט ביו ביאנקו 2.8% מולר 150 גרם,*החברה המרכזית להפצת משקאותבעמ,,,יח`,1,,false,1,18.80,18.80,false,1,
7290102395262,false,מארז 8 גביעים יוגורט בטעם תות שדה ואפרסק 3% Simply Fruit,החברה המרכזית טלהפצת משקאות בע,,,יח`,1,,false,1,31.40,31.40,false,1,
7290102395439,false,מארז 8 גביעים יוגורט בטעם פירות יער וקיווי 3% Simply Fruit,החברה המרכזית טלהפצת משקאות בע,,,יח`,1,,false,1,31.40,31.40,false,1,
7290102395446,false,מעדן חלב בטעם וניל עם קצפת 123 ג' טרה,*החברה המרכזית להפצת משקאותבעמ,,,יח`,123,גרם,false,1,3,2.44,false,1,
7290102395477,false,מעדן חלב בטעם שוקולד עם קצפת 123 ג' טרה,החברה המרכזית טלהפצת משקאות בע,,,יח`,123,גרם,false,1,3,2.44,false,1,
7290102395521,false,"שמנת לבישול 15% שומן 500 מ""ל טרה",החברה המרכזית טלהפצת משקאות בע,,,יח`,500,"מ""ל",false,1,17.40,3.48,false,1,
7290102396399,false,שמיניית מעדן שוקולד מוו 1.5% טרה 100 גרם,החברה המרכזית טלהפצת משקאות בע,,,יח`,800,גרם,false,1,14.20,1.78,false,1,
7290102396405,false,שמיניית מעדן וניל מוו 1.5% טרה 100 גרם,החברה המרכזית טלהפצת משקאות בע,,,יח`,800,גרם,false,1,14.20,1.78,false,1,
7290102396436,false,מעדן בטעם שוקולד 1.5% שומן מוו (125 גרם),החברה המרכזית טלהפצת משקאות בע,,,יח`,125,גרם,false,1,2.90,2.32,false,1,
7290102396443,false,מעדן בטעם וניל 1.5% שומן מוו (125 גרם),*החברה המרכזית להפצת משקאותבעמ,,,יח`,125,גרם,false,1,2.90,2.32,false,1,
7290102396580,false,מעדן מוו שוקולד ומוס שוקולד טרה 118 גרם,החברה המרכזית טלהפצת משקאות בע,,,יח`,123,גרם,false,1,3,2.44,false,1,
7290102396597,false,מעדן מוו וניל ומוס שוקולד טרה 118 גרם,החברה המרכזית טלהפצת משקאות בע,,,יח`,123,גרם,false,1,3,2.44,false,1,
7290102396665,false,צהובה פרוסות דקדק פתח סגור 15% 200 גר`,החברה המרכזית טלהפצת משקאות בע,,,יח`,200,גרם,false,1,17.80,8.90,false,1,
7290102396672,false,גבינה צהובה נעם דק דק 9% פתח סגור 360 ג,החברה המרכזית טלהפצת משקאות בע,,,יח`,360,גרם,false,1,27.20,7.56,false,1,
7290102396719,false,יוגורט 0% תות סימפלי מולר (150 גרם),החברה המרכזית טלהפצת משקאות בע,,,יח`,150,גרם,false,1,5.30,3.53,false,1,
7290102396740,false,מארז 8 גביעים יוגורט בטעם תות שדה ואפרסק 0% Simply Fruit,החברה המרכזית טלהפצת משקאות בע,,,יח`,1,,false,1,31.40,31.40,false,1,
7290102397204,false,"גבנ""צ דק דק נעם פתיחה חוזרת 22% 200 גרם",*החברה המרכזית להפצת משקאותבעמ,,,יח`,200,גרם,false,1,17.80,8.90,false,1,
7290102397310,false,מעדן מיני בטעם שוקולד קצפת מוו מאגדת 8 יח' * 70 ג',החברה המרכזית טלהפצת משקאות בע,,,יח`,1,,false,1,13.20,13.20,false,1,
7290102397334,false,גבינה בולגרית גלילית 5% משק צוריאל 250 גרם,החברה המרכזית טלהפצת משקאות בע,,,יח`,250,גרם,false,1,24.10,9.64,false,1,
7290102397464,false,יוגורט ביו בתוספת גרעינים אגוזים וחמוציות 170 ג' מולר,החברה המרכזית טלהפצת משקאות בע,,,יח`,150,גרם,false,1,6.20,4.13,false,1,
7290102397600,false,מיקס יוגורט בתוספת שקדים ובוטנים מקורמלים 170 ג' מולר,החברה המרכזית טלהפצת משקאות בע,,,יח`,170,גרם,false,1,6.20,3.65,false,1,
7290102397617,false,יוגורט ביו קרמי עם כדורים מצופים שוקולד חום לבן,החברה המרכזית טלהפצת משקאות בע,,,יח`,170,גרם,false,1,6.20,3.65,false,1,
7290102397679,false,קוטג' וחצי טרה 5% מרכיבים טבעיים,החברה המרכזית טלהפצת משקאות בע,,,יח`,375,גרם,false,1,8.30,2.21,false,1,
7290102397730,false,פרוסות גבינה אמנטל חצי קשה 30% שומן 200 ג' נעם,החברה המרכזית טלהפצת משקאות בע,,,יח`,200,גרם,false,1,17.80,8.90,false,1,
7290102397747,false,פרוסות גבינת מוצרלה נעם מחלב בקר 22%,החברה המרכזית טלהפצת משקאות בע,,,יח`,200,גרם,false,1,19.90,9.95,false,1,
7290102397891,false,גבינה ניו יורק מותכת %16 4*25 גרם,החברה המרכזית טלהפצת משקאות בע,,,יח`,100,גרם,false,1,7.90,7.90,false,1,
7290102398065,false,חלב טרה בקרטון 2 ליטר מהדרין 3% - מוצר בפיקוח,החברה המרכזית טלהפצת משקאות בע,,,יח`,2,1 ליטר,false,1,12.46,6.23,false,1,
7290102398072,false,"חלב קרטון 3%-1 ליטר "" טרה"" -מוצר פיקוח",החברה המרכזית טלהפצת משקאות בע,,,יח`,1,1 ליטר,false,1,6.23,6.23,false,1,
7290102398331,false,חלב מועשר דל לקטוז 2% שומן טרה 1 ליטר,החברה המרכזית טלהפצת משקאות בע,,,יח`,1,1 ליטר,false,1,7.50,7.50,false,1,
7290102398553,false,משקה שוקו בקבוק 1.5 ליטר בבקבוק,*החברה המרכזית להפצת משקאותבעמ,,,יח`,1500,"מ""ל",false,1,16.70,1.11,false,1,
7290102398560,false,משקה שוקו מועשר בבקבוק 1 ליטר טרה,החברה המרכזית טלהפצת משקאות בע,,,יח`,1,1 ליטר,false,1,12.10,12.10,false,1,
7290102398577,false,משקה חלב בטעם שוקו 2% בבקבוק אישי,החברה המרכזית טלהפצת משקאות בע,,,יח`,250,"מ""ל",false,1,5.20,2.08,true,1,
7290102398614,false,משקה חלב טרה ט. בננה 1ליטר בקבוק,החברה המרכזית טלהפצת משקאות בע,,,יח`,1,1 ליטר,false,1,12.10,12.10,false,1,
7290102398638,false,משקה חלב טרה ט.מוקה 1ליטר בקבוק,החברה המרכזית טלהפצת משקאות בע,,,יח`,1,1 ליטר,false,1,12.10,12.10,false,1,
7290102398669,false,משקה חלב אייס קפוצ'ינו טרה 1 ליטר,החברה המרכזית טלהפצת משקאות בע,,,יח`,1,1 ליטר,false,1,12.10,12.10,false,1,
7290102398782,false,.משקה סויה קלאסי 1ל בקבוק משק צוריא,החברה המרכזית טלהפצת משקאות בע,,,יח`,1,1 ליטר,false,1,9.90,9.90,false,1,
7290102398799,false,משקה סויה במתיקות מופחתת משק צוריאל 1 ליטר,החברה המרכזית טלהפצת משקאות בע,,,יח`,1,1 ליטר,false,1,9.90,9.90,false,1,
7290102398805,false,משקה סויה בטעם וניל 1ל בקבוק משק צוריא,החברה המרכזית טלהפצת משקאות בע,,,יח`,1,1 ליטר,false,1,9.90,9.90,false,1,
7290102398836,false,משקה שקדים קלאסי משק צוריאל 1 ליטר,החברה המרכזית טלהפצת משקאות בע,,,יח`,1000,"מ""ל",false,1,11.90,1.19,false,1,
7290102399635,false,"מולר פרופ יוגורט ביו עם קציפת קוקוס ואננס 150 מ""ל",החברה המרכזית טלהפצת משקאות בע,,,יח`,150,"מ""ל",false,1,5.30,3.53,false,1,
7290102399697,false,סימפלי פרוט מנגו 1.5% שומן 150 ג' מולר,*החברה המרכזית להפצת משקאותבעמ,,,יח`,150,גרם,false,1,5.30,3.53,false,1,
7290102399789,false,מולר ספרדבל-ממרח חמאת מולר ללא מלח 250 גרם,החברה המרכזית טלהפצת משקאות בע,,,יח`,250,גרם,false,1,17.80,7.12,false,1,
7290102399796,false,מעדן יוגורט לבן מועשר בחלבון 200 ג' מולר אקטיב,החברה המרכזית טלהפצת משקאות בע,,,יח`,200,גרם,false,1,6.20,3.10,true,1,
7290102399802,false,יוגורט עם תות מולר אקטיב מועשר בחלבון 200 גר',החברה המרכזית טלהפצת משקאות בע,,,יח`,200,גרם,false,1,6.20,3.10,true,1,
7290102399819,false,יוגורט עם פירות יער מולר אקטיב מועשר בחלבון 200 גר',החברה המרכזית טלהפצת משקאות בע,,,יח`,200,גרם,false,1,6.20,3.10,true,1,
7290102399857,false,מולר אקטיב לייט 20 גרם חלבון 0% שומן עם תות 200 גרם,החברה המרכזית טלהפצת משקאות בע,,,יח`,100,גרם,false,1,5.80,5.80,true,1,
7290102840175,false,אינסטנט פודינג בטעם וניל מיה (85 גרם),מיה תעשיות מזון מ.ת.מ. בעמ,,,יח`,85,גרם,false,1,3.90,4.59,false,1,
7290102840182,false,פודינג בטעם שוקולד 85 גר`מיה,מיה תעשיות מזון מ.ת.מ. בעמ,,,יח`,85,גרם,false,1,3.90,4.59,false,1,
7290102840199,false,ג`לי בטעם משמש 90 גר`מיה,מיה תעשיות מזון מ.ת.מ. בעמ,,,יח`,90,גרם,false,1,3.90,4.33,false,1,
7290102840205,false,אבקה להכנת ג'לי בטעם תות מיה 90 גרם,מיה תעשיות מזון מ.ת.מ. בעמ,,,יח`,90,גרם,false,1,3.90,4.33,false,1,
7290103120658,false,דאודורנט ספיד סטיק גל שחור 85 גרם,הנסיך- מפעל לייצור ט,,,יח`,85,גרם,false,1,16.90,19.88,false,1,
7290103124601,false,"תחליב רחצה נוזל חלב ודבש משאבה 750מ""ל פלמוליב",הנסיך- מפעל לייצור ט,,,יח`,750,"מ""ל",false,1,19.90,2.65,true,1,
7290103126797,false,"משחת שיניים קולגייט סנסיטיב פרו רליף 75 מ""ל",הנסיך- מפעל לייצור ט,,,יח`,110,גרם,false,1,18.90,17.18,true,1,
7290103128739,false,בלונס מקלות אוזניים לתינוק 56 יחידות,הנסיך- מפעל לייצור ט,,,יח`,1,יח`,false,1,6.90,6.90,false,1,
7290103129378,false,ספיד סטיק - דאודורנט ג'ל לגבר איקס 5 85 גרם,הנסיך- מפעל לייצור ט,,,יח`,85,גרם,false,1,17.90,21.06,false,1,
7290103150952,false,מפות שולחן עבה במיוחד 135/300 לפיד) (6,פאלאס תעשיות נטו (2014) בעמ,,,יח`,1,,false,1,11.90,11.90,true,1,
7290103150969,false,מפות שולחן עבה במיוחד 135/240 לפיד) (8,פאלאס תעשיות נטו (2014) בעמ,,,יח`,1,,false,1,11.90,11.90,true,1,
7290103151478,false,גביעי איחסון 1/4 ליטר לפיד) (20,פאלאס תעשיות נטו (2014) בעמ,,,יח`,1,,false,1,9.90,9.90,false,1,
7290103151485,false,גביעי איחסון 1/2 ליטר לפיד) (15,פאלאס תעשיות נטו (2014) בעמ,,,יח`,1,,false,1,9.90,9.90,false,1,
7290103151515,false,מיכל אחסון 2 ליטר לפיד) (4,פאלאס תעשיות נטו (2014) בעמ,,,יח`,1,,false,1,9.90,9.90,true,1,
7290103151522,false,מיכל אחסון 3 ליטר- 3 יח`,פאלאס תעשיות נטו (2014) בעמ,,,יח`,1,,false,1,9.90,9.90,true,1,
7290103151539,false,מיכל אחסון 4 ליטר- 2 יח`,פאלאס תעשיות נטו (2014) בעמ,,,יח`,1,,false,1,9.90,9.90,true,1,
7290103152826,false,מיכל אחסון 2.5 ליטר - 3 יח`,פאלאס תעשיות נטו (2014) בעמ,,,יח`,1,,false,1,9.90,9.90,true,1,
7290103152956,false,פאלאס תבנית גדולה/רחבה/עמוקה/עגולה,פאלאס תעשיות נטו (2014) בעמ,,,יח`,1,,false,1,1.50,1.50,false,1,
7290103152987,false,פאלאס תבניות אלומיניום קטן/אינגליש,פאלאס תעשיות נטו (2014) בעמ,,,יח`,1,,false,1,0.90,0.90,false,1,
7290103156312,false,כפות איכותיות צבעוני,פאלאס תעשיות נטו (2014) בעמ,,,יח`,1,,false,1,16.90,16.90,true,1,
7290103156473,false,כפיות חד פעמי 100 יח,פאלאס תעשיות נטו (2014) בעמ,,,יח`,1,,false,1,9.90,9.90,true,1,
7290103156480,false,מזלג חד פעמי לפיד) (100,פאלאס תעשיות נטו (2014) בעמ,,,יח`,1,,false,1,9.90,9.90,true,1,
7290103156497,false,סכין לבן לפיד 100 יחידות,פאלאס תעשיות נטו (2014) בעמ,,,יח`,1,,false,1,9.90,9.90,true,1,
7290103157104,false,רביעייה מפות אלבד לבן,פאלאס תעשיות נטו (2014) בעמ,,,יח`,1,,false,1,14.90,14.90,false,1,
7290103400194,false,כרוב לבן 400 ג בדצ ירקות שטראוס טעם הטבע,שטראוס בריאות ירקות טריי,,,יח`,400,גרם,false,1,8.50,2.13,false,1,
7290103400231,false,גזר גוליאן 400גר שטראוס טעם הטבע,שטראוס בריאות ירקות טריי,,,יח`,400,גרם,false,1,8.50,2.13,false,1,
7290103401429,false,קפה קצב ברזילאי אוריגינס 200 גר,הנסיך- מפעל לייצור ט,,,יח`,200,גרם,false,1,24.90,12.45,false,1,
7290103404758,false,סלט כרוב אדום במיונז אחלה 120 גרם,שטראוס גרופ בעמ/מצונן,,,יח`,120,גרם,false,1,5,4.17,false,1,
7290103408206,false,עלי חסה ערבית שטופים 250 גר טעם הטבע,שטראוס בריאות ירקות טריי,,,יח`,250,גרם,false,1,9.90,3.96,false,1,
7290103702212,false,ממחטות כיס טאצ`מארז 10 יח,שניב תעשיות נייר בעמ,,,יח`,1,,false,1,6.90,6.90,false,1,
7290103702649,false,מארז חמישייה מגבוני טישו דו שכבתי,שניב תעשיות נייר בעמ,,,יח`,1,,false,1,11.90,11.90,false,1,
7290103702779,false,מפיות שולחן איכותיות 150 יח',שניב תעשיות נייר בעמ,,,יח`,1,,false,1,7.90,7.90,false,1,
7290103704155,false,נייר מגבת טאצ' 6 גלילים מהדורת 2021,שניב תעשיות נייר בעמ,,,יח`,1,,false,1,10.90,10.90,false,1,
7290103704568,false,נייר טואלט טאצ`40 גלילים פרמיום,שניב תעשיות נייר בעמ,,,יח`,1,,false,1,31.90,31.90,false,1,
7290103704575,false,נייר טואלט טאצ' פרימיום 48 גלילים,שניב תעשיות נייר בעמ,,,יח`,1,,false,1,37.90,37.90,false,1,
7290103746001,false,ממחטות טאצ`חמישייה צבעוני 500 דף,שניב תעשיות נייר בעמ,,,יח`,1,,false,1,12.90,12.90,false,1,
7290104061417,false,סלט חומוס עם טחינה אחלה 400 גרם,שטראוס גרופ בעמ/מצונן,,,יח`,400,גרם,false,1,11.50,2.88,true,1,
7290104061424,false,סלט חומוס עם זעתר אחלה 400 גרם,שטראוס גרופ בעמ/מצונן,,,יח`,400,גרם,false,1,11.50,2.88,true,1,
7290104061431,false,סלט חומוס עם צנובר אחלה 400 גרם,שטראוס גרופ בעמ/מצונן,,,יח`,400,גרם,false,1,11.50,2.88,true,1,
7290104061448,false,סלט חומוס עם חריף אחלה 400 גרם,שטראוס גרופ בעמ/מצונן,,,יח`,400,גרם,false,1,11.50,2.88,true,1,
7290104062599,false,מארז 8 יחידות מעדן גמדים בטעמי תות ובננה,שטראוס גרופ בעמ/מצונן,,,יח`,800,"מ""ל",false,1,18.80,2.35,false,1,
7290104065934,false,עלי רוקט שטראוס 150 גר`-טעם הטבע,שטראוס בריאות ירקות טריי,,,יח`,150,גרם,false,1,9.90,6.60,false,1,
7290104066566,false,סלט טחינה שומשום מלא 500גר אחלה,שטראוס גרופ בעמ/מצונן,,,יח`,500,גרם,false,1,14.90,2.98,true,1,
7290104067693,false,חומוס אחלה עם תוספת חריף 150 גר,שטראוס גרופ בעמ/מצונן,,,יח`,150,גרם,false,1,5.90,3.93,false,1,
7290104501661,false,אינסטנט פודינג בטעם וניל צרפתי אסם 80 גרם,קבוצת אוסם סחר-שות.מוגבלת,,,יח`,80,גרם,false,1,5.90,7.38,false,1,
7290104503184,false,הבית עוגת שבת בראוניס טעם שוקולד ריבת חלב 380 גרם,קבוצת אוסם סחר-שות.מוגבלת,,,יח`,380,גרם,false,1,18.90,4.97,false,1,
7290104508189,false,אסם 24 גביעי גלידה ממותקים 95 גרם,קבוצת אוסם סחר שותפות מוגבלת,,,יח`,95,גרם,false,1,13.90,14.63,false,1,
7290104508202,false,גביעי גלידה אמריקאים אסם 120 גרם 24 יחידות,קבוצת אוסם סחר-שות.מוגבלת,,,יח`,120,גרם,false,1,13.90,11.58,false,1,
7290104508943,false,במבה חטיף בוטנים אסם 200 גרם,קבוצת אוסם סחר-שות.מוגבלת,,,יח`,200,גרם,false,1,9.90,4.95,false,1,
7290104570162,false,תמרים ללא חרצנים תמר כבוש 500 גרם,מ.ד אטיאס סוכנויות מזון בע`מ,,,יח`,500,גרם,false,1,12.90,2.58,true,1,
7290104570629,false,ממרח גביע ירוק 450 ג' ירדן,מ.ד אטיאס סוכנויות מזון בע`מ,,,יח`,450,גרם,false,1,5.90,1.31,false,1,
7290104720499,false,מארז 8 יחידות מעדן דני בטעם וניל 1.5%,שטראוס גרופ בעמ/מצונן,,,יח`,1,1 ליטר,false,1,16.40,16.40,true,1,
7290104721762,false,מארז שלשות קפה טורקי עלית 85 ג',שטראוס גרופ בע`מ,,,יח`,255,גרם,false,1,19.90,7.80,false,1,
7290104721953,false,לקט מסולסלים 350 גרם שטראוס טעם הטבע,שטראוס בריאות ירקות טריי,,,יח`,350,גרם,false,1,12.90,3.69,false,1,
7290104722530,false,תפוצ'יפס בטעם שמנת בצל עלית 200 גרם,"שטראוס פריטו ליי בע""\מ )",,,יח`,200,גרם,false,1,10.90,5.45,true,1,
7290104726262,false,רביעייה מעדן דני שוקולד דיסני לבנים 125 גרם,שטראוס גרופ בעמ/מצונן,,,יח`,500,גרם,false,1,11,2.20,false,1,
7290104726712,false,מארז 8 יחידות מעדן מילקי בטעם שוקולד עם קצפת,שטראוס גרופ בעמ/מצונן,,,יח`,868,"מ""ל",false,1,19.90,2.29,false,1,
7290104728310,false,"שמנת מתוקה עמידה 38% שומן ""יטבתה"" -מוצר בפיקוח",שטראוס גרופ בעמ/מצונן,,,יח`,250,"מ""ל",false,1,6.47,2.59,true,1,
7290104729003,false,שמן זית כתית יד מרדכי 750 גרם [מוצר מדבקה],מכוורת יד מרדכי שטרא,,,יח`,750,"מ""ל",false,1,33.90,4.52,true,1,
7290104850875,false,צלחות ענק זהב פאלאס) (25,פאלאס תעשיות נטו (2014) בעמ,,,יח`,1,,false,1,25.90,25.90,false,1,
7290104851346,false,צלחת קטנה זהב 25 יח פאלאס,פאלאס תעשיות נטו (2014) בעמ,,,יח`,1,,false,1,10.90,10.90,true,1,
7290104851629,false,צלחת לפתן זהב 25 יח פאלאס,פאלאס תעשיות נטו (2014) בעמ,,,יח`,1,,false,1,7.90,7.90,true,1,
7290104851681,false,קערית אובלית זהב 25 יח פאלאס,פאלאס תעשיות נטו (2014) בעמ,,,יח`,1,,false,1,8.90,8.90,true,1,
7290104852794,false,תבנית אלומניום קטנה R29 פאלאס 13 יח,פאלאס תעשיות נטו (2014) בעמ,,,יח`,1,,false,1,12.90,12.90,true,1,
7290104856914,false,2 אלבד מקופל זהב לבן פאלאס,פאלאס תעשיות נטו (2014) בעמ,,,יח`,1,,false,1,11.90,11.90,false,1,
7290104857126,false,צלחות מרק 100 יח קלאסיק לפיד למיקרוגל,פאלאס תעשיות נטו (2014) בעמ,,,יח`,100,יח`,false,1,32.90,0.33,false,1,
7290104960239,false,תחליב רחצה בניחוח קמומיל נקה (7507 מל),טרופיקל דגיל תעשיות קוסמ,,,יח`,750,"מ""ל",false,1,10.90,1.45,true,1,
7290104960246,false,נקה 7 ארומה תחליב רחצה ורד יסמין 750 מ,טרופיקל דגיל תעשיות קוסמ,,,יח`,750,"מ""ל",false,1,10.90,1.45,true,1,
7290104960338,false,"נקה 7 תחליב רחצה ארומה אלוורה ותה ירוק 750מ""ל",טרופיקל דגיל תעשיות קוסמ,,,יח`,750,"מ""ל",false,1,10.90,1.45,true,1,
7290104961526,false,דאודורנט ספריי גוף טיטניום קלאסיק Titanium Classic,החברה הדרומית לשיווק בעמ,,,יח`,150,"מ""ל",false,1,9.90,6.60,true,1,
7290104961878,false,"שמפו לשיער קרטין אינטנס פורמולה 400 מ""ל נטורל",החברה הדרומית לשיווק בעמ,,,יח`,400,"מ""ל",false,1,29.90,7.48,false,1,
7290104961885,false,מרכך קרטין טהור לשיער שעבר החלקה או עיצוב בחום,החברה הדרומית לשיווק בעמ,,,יח`,400,"מ""ל",false,1,29.90,7.48,false,1,
7290104961892,false,מסכת קרטין טהור לשיער שעבר החלקה או עיצוב בחום,החברה הדרומית לשיווק בעמ,,,יח`,350,"מ""ל",false,1,39.90,11.40,false,1,
7290105105110,false,כפפות אקרילן,טומי - קונסיגנציה,,,יח`,1,,false,1,7.90,7.90,false,1,
7290105105578,false,כובעי חורף נשים/גברי,טומי - קונסיגנציה,,,יח`,1,,false,1,19.90,19.90,false,1,
7290105105837,false,כפפות גבר+פרווה,טומי - קונסיגנציה,,,יח`,1,,false,1,19.90,19.90,false,1,
7290105105905,false,נעלי בית חורפי,טומי - קונסיגנציה,,,יח`,1,,false,1,19.90,19.90,false,1,
7290105107572,false,כובע חורפי,טומי - קונסיגנציה,,,יח`,1,,false,1,24.90,24.90,false,1,
7290105109057,false,כפפות חורף,טומי - קונסיגנציה,,,יח`,1,,false,1,9.90,9.90,false,1,
7290105109095,false,כובע חורפי,טומי - קונסיגנציה,,,יח`,1,,false,1,29.90,29.90,false,1,
7290105360250,false,קפסולות 09 עשיר וארומטי למכונת נספרסו עלית 10יח',הנסיך- מפעל לייצור ט,,,יח`,1,,false,1,16.90,16.90,true,1,
7290105360328,false,קפסולות אספרסו חזק למכונות נספרסו 10 יח',הנסיך- מפעל לייצור ט,,,יח`,50,גרם,false,1,16.90,33.80,true,1,
7290105362339,false,"שמנת לבישול 15% 250 מ""ל יטבתה מהדרין",שטראוס גרופ בעמ/מצונן,,,יח`,250,"מ""ל",false,1,8.40,3.36,true,1,
7290105363602,false,מקלות כיף כף קלאסי עלית (40 גרם),שולן צ'\יקולטה גידה סאן.,,,יח`,40,גרם,false,1,5,12.50,true,1,
7290105364289,false,מקלות כיף כף פצפוצים עלית 40 גרם,שולן צ'\יקולטה גידה סאן.,,,יח`,40,גרם,false,1,5,12.50,true,1,
7290105364302,false,"עלית חטיף שוקולד כיף כף מקלות אגוזים, 40 גרם",שולן צ'\יקולטה גידה סאן.,,,יח`,42,גרם,false,1,5,11.90,true,1,
7290105366023,false,סלט חצילים בטעם כבד אחלה 400 גרם,שטראוס גרופ בעמ/מצונן,,,יח`,400,גרם,false,1,15.50,3.88,true,1,
7290105366047,false,טחינה לבנה אחלה (400 גרם),שטראוס גרופ בעמ/מצונן,,,יח`,400,גרם,false,1,15.50,3.88,true,1,
7290105366993,false,סימפוניה גבינת שמנת פלפל שיפקה 5% שטראוס 200 גרם,שטראוס גרופ בעמ/מצונן,,,יח`,200,גרם,false,1,11.40,5.70,true,1,
7290105368225,false,חומוס עם פלפל שיפקה אחלה (400 גרם),שטראוס גרופ בעמ/מצונן,,,יח`,400,גרם,false,1,11.50,2.88,false,1,
7290105368331,false,מעדן מילקי בטעם תות עם קצפת,שטראוס גרופ בעמ/מצונן,,,יח`,130,"מ""ל",false,1,2.80,2.15,false,1,
7290105368904,false,"שמנת מתוקה להקצפה 32% שומן 250 מ""ל יוטבתה",שטראוס גרופ בעמ/מצונן,,,יח`,250,"מ""ל",false,1,7.40,2.96,true,1,
7290105368928,false,שמנת חמוצה יטבתה %9 200 מל גביע מהדרין,שטראוס גרופ בעמ/מצונן,,,יח`,200,"מ""ל",false,1,3.10,1.55,false,1,
7290105369130,false,סימפוניה גבינת שמנת בצל ירוק 5% שטראוס 200 גרם,שטראוס גרופ בעמ/מצונן,,,יח`,200,גרם,false,1,11.40,5.70,true,1,
7290105430458,false,"פלמוליב - תחליב רחצה נטורלס שקדים 750 מ""ל",הנסיך- מפעל לייצור ט,,,יח`,750,"מ""ל",false,1,19.90,2.65,true,1,
7290105431516,false,מארז חטיף פריי תמרים ובוטנים ללא גלוטן ותוספת סוכר 125 גרם,טבעית מוצרים מן הטבע בעמ,,,יח`,125,גרם,false,1,15.90,12.72,false,1,
7290105436382,false,חטיף פרי תמרים קשיו ללא תוספת סוכר וגלוטן 5 יח,טבעית מוצרים מן הטבע בעמ,,,יח`,125,גרם,false,1,15.90,12.72,false,1,
7290105438539,false,קוקי נייר אפייה 40 דפים,ש. שסטוביץ בע`מ,,,יח`,1,,false,1,9.90,9.90,false,1,
7290105439499,false,מאסטר שף מאסטר שף מיונז 480 גר כשלפ,רמיה סי.וי. הולנד,,,יח`,483,גרם,false,1,11.90,2.46,false,1,
7290105439505,false,מאסטר שף קרם בטעם מיונז לייט 479 גר כשלפ,רמיה סי.וי. הולנד,,,יח`,479,גרם,false,1,11.90,2.48,false,1,
7290105439581,false,מנה מאסטר שף חרדל דיזיון צרפתי 370 גר,רמיה סי.וי.הולנד,,,יח`,370,גרם,false,1,11.90,3.22,false,1,
7290105474025,false,לה קט פטה סלמון 100 גרם,שחורי אריה ואנסטסיה,,,יח`,1,,false,1,4.90,4.90,false,1,
7290105474124,false,"מזון לכלבים בונזו מזון כלבים בשר 12 ק""ג מחולק",דיפלומט מפיצים (1968) בעמ**,,,יח`,12,"ק""ג",false,1,129.90,10.83,false,1,
7290105691224,false,אסם חטיפי פריכונים טורטייה שום בצל 60 גרם,קבוצת אוסם סחר-שות.מוגבלת,,,יח`,60,גרם,false,1,7.90,13.17,false,1,
7290105691248,false,אסם חטיפי פריכונים טורטייה תירס 60 גרם,קבוצת אוסם סחר שותפות מוגבלת,,,יח`,60,גרם,false,1,7.90,13.17,false,1,
7290105691934,false,קמח שמרים אסם 1 קילו,קבוצת אוסם סחר שותפות מוגבלת,,,יח`,1,"ק""ג",false,1,9.90,9.90,false,1,
7290105693341,false,מארז עשיריית במבה אסם 25*10 גרם,קבוצת אוסם סחר שותפות מוגבלת,,,יח`,250,גרם,false,1,16.90,6.76,true,1,
7290105693457,false,עוגת הבית דמקה שוקו וניל 320 גר`בחושות,קבוצת אוסם סחר שותפות מוגבלת,,,יח`,320,גרם,false,1,11.90,3.72,false,1,
7290105693952,false,פירורית זהב אסם זהב שומשום 200 ג',קבוצת אוסם סחר שותפות מוגבלת,,,יח`,200,גרם,false,1,6.90,3.45,false,1,
7290105694614,false,פסטה אוסם ספגטי מהיר הכנה 500 גרם,קבוצת אוסם סחר שותפות מוגבלת,,,יח`,500,גרם,false,1,5.90,1.18,true,1,
7290105694928,false,אבקת מרק בצל רכיבים טבעיים אסם 220 גרם,קבוצת אוסם סחר שותפות מוגבלת,,,יח`,220,גרם,false,1,15.90,7.23,false,1,
7290105695024,false,פתיתים אפויים אורז עם אטריות אסם 500 גרם,קבוצת אוסם סחר שותפות מוגבלת,,,יח`,1,,false,1,6.90,6.90,true,1,
7290105695321,false,עוגת הבית בראוניס פאדג' אסם 380 גרם,קבוצת אוסם סחר שותפות מוגבלת,,,יח`,400,גרם,false,1,18.90,4.73,false,1,
7290105962331,false,סחוג תימני אדום חריף מאוד זהבי הכרם 220 גרם,שטראוס גרופ בעמ/מצונן,,,יח`,220,גרם,false,1,9.90,4.50,false,1,
7290105964564,false,חומוס אחלה 400 גרם. שטראוס,שטראוס גרופ בעמ/מצונן,,,יח`,400,גרם,false,1,8.90,2.23,false,1,
7290105965738,false,יוגורט לשתיה בטעם תות בננה267 ג' דנונה,שטראוס גרופ בעמ/מצונן,,,יח`,263,"מ""ל",false,1,4.90,1.86,false,1,
7290105968098,false,סלט קולסלאו אחלה (500 גרם),שטראוס גרופ בעמ/מצונן,,,יח`,500,גרם,false,1,15.40,3.08,true,1,
7290105968654,false,רביולי עם בטטה פרווה שטראוס (400 גרם),שטראוס גרופ בעמ/מצונן,,,יח`,400,גרם,false,1,20.90,5.23,true,1,
7290105968777,false,פריכיות 5 דגנים עם תחתית שוקולד מריר 70 גרם,"טחנת האבן תעשיות בע""",,,יח`,80,גרם,false,1,8.90,11.13,true,1,
7290106520066,false,"רבע לשבע שוקולד חלב במילוי אגוזים עלית 160 גרם בד""צ","הגביע מוצרי וופלים בע""\מ",,,יח`,160,גרם,false,1,12.90,8.06,false,1,
7290106520288,false,יוגורט פרו חלבון עם תות 2.4% שומן 150 ג' דנונה,שטראוס גרופ בעמ/מצונן,,,יח`,150,גרם,false,1,4.60,3.07,true,1,
7290106520905,false,סלט טורקי אחלה (400 גרם),שטראוס גרופ בעמ/מצונן,,,יח`,400,גרם,false,1,16.50,4.13,true,1,
7290106520912,false,שמנת לבישול 9% שומן 258גר מהדרין יטבתה,שטראוס גרופ בעמ/מצונן,,,יח`,258,"מ""ל",false,1,8.40,3.26,true,1,
7290106521049,false,אחלה טעמי השוק קוביות סלק 400 גר,שטראוס גרופ בעמ/מצונן,,,יח`,400,גרם,false,1,15.50,3.88,true,1,
7290106525399,false,קפסולות 06 ברזיל למכונות נספרסו עלית 10יח',הנסיך- מפעל לייצור ט,,,יח`,50,גרם,false,1,16.90,33.80,true,1,
7290106525405,false,קפסולות קפה עלית נטול קפאין אספרסו) (10,שטראוס קפה בי.וי.,,,יח`,50,גרם,false,1,16.90,33.80,true,1,
7290106526822,false,פריכיות אורז חום מלא תחתית שוקולד חלב 80 גרם,"טחנת האבן תעשיות בע""",,,יח`,70,גרם,false,1,8.90,12.71,true,1,
7290106528567,false,חטיף תירס גריל דוריטוס (185 גרם),"שטראוס פריטו ליי בע""\מ )",,,יח`,185,גרם,false,1,7.50,4.05,false,1,
7290106528628,false,חטיף תירס בטעם טבעי דוריטוס (185 גרם),"שטראוס פריטו ליי בע""\מ )",,,יח`,185,גרם,false,1,7.50,4.05,false,1,
7290106528949,false,סלט ערוגות שטראוס 450 גר`-טעם הטבע,שטראוס בריאות ירקות טריי,,,יח`,450,גרם,false,1,11.50,2.56,false,1,
7290106571921,false,פיטנס עוגיות עם חמוציות נסטלה (180 גרם),קבוצת אוסם סחר שותפות מוגבלת,,,יח`,180,גרם,false,1,11.90,6.61,false,1,
7290106572027,false,קרקר לחמית חמישה דגנים אסם (190 גרם),קבוצת אוסם סחר-שות.מוגבלת,,,יח`,190,גרם,false,1,8.90,4.68,false,1,
7290106572065,false,חטיפי טורטיה בטעם חמוץ מתוק אסם (60 גרם),קבוצת אוסם סחר שותפות מוגבלת,,,יח`,60,גרם,false,1,7.90,13.17,false,1,
7290106573277,false,חטיף קרקר קריספי עם זיתים כבושים,קבוצת אוסם סחר שותפות מוגבלת,,,יח`,150,גרם,false,1,11.90,7.93,false,1,
7290106573598,false,חומוס לבנוני צבר (400 גרם),קבוצת אוסם סחר שותפות מוגבלת,,,יח`,400,גרם,false,1,12,3,false,1,
7290106573628,false,חומוס עם טחינה צבר (400 גרם),קבוצת אוסם סחר שותפות מוגבלת,,,יח`,400,גרם,false,1,12,3,false,1,
7290106574793,false,עוגת הבית בטעם שוקו-שוקוצ'יפס 350 ג' אסם,קבוצת אוסם סחר שותפות מוגבלת,,,יח`,350,גרם,false,1,11.90,3.40,false,1,
7290106574953,false,בייגלה שטוחים כעכים שטוחים עם שומשום,קבוצת אוסם סחר שותפות מוגבלת,,,יח`,300,גרם,false,1,9.90,3.30,false,1,
7290106574977,false,בייגלה שטוחים טבעות עם מלח אסם (300 גרם),קבוצת אוסם סחר שותפות מוגבלת,,,יח`,300,גרם,false,1,9.90,3.30,false,1,
7290106575257,false,עוגת הבית סופלה בטעם שוקולד 340 ג' אסם,קבוצת אוסם סחר שותפות מוגבלת,,,יח`,340,גרם,false,1,11.90,3.50,false,1,
7290106575431,false,עוגת הבית סופלה בטעם שוקוניל 340 ג' אסם,קבוצת אוסם סחר-שות.מוגבלת,,,יח`,340,גרם,false,1,11.90,3.50,false,1,
7290106576513,false,סלט רק חומוס צבר 400 גרם,קבוצת אוסם סחר שותפות מוגבלת,,,יח`,500,גרם,false,1,11.90,2.38,false,1,
7290106576537,false,חומוס מסעדות צבר 700 גרם,קבוצת אוסם סחר שותפות מוגבלת,,,יח`,700,גרם,false,1,10.90,1.56,false,1,
7290106577282,false,טחינה אמיתית מרובע 400 ג' צבר,קבוצת אוסם סחר-שות.מוגבלת,,,יח`,400,גרם,false,1,11.90,2.98,false,1,
7290106577527,false,סלט קולסלאו כרוב לבן וגזר 400 ג' צבר,קבוצת אוסם סחר-שות.מוגבלת,,,יח`,400,גרם,false,1,11.90,2.98,false,1,
7290106577541,false,צבר כרוב אדום מרובע 400גרם,קבוצת אוסם סחר-שות.מוגבלת,,,יח`,400,גרם,false,1,10.80,2.70,false,1,
7290106577572,false,מטבוחה אמיתית מרובע 400 ג' צבר,קבוצת אוסם סחר-שות.מוגבלת,,,יח`,400,גרם,false,1,12.90,3.23,false,1,
7290106578692,false,ביסלי במבה מיקס מהדורת אליפות אסם 80 גרם,קבוצת אוסם סחר שותפות מוגבלת,,,יח`,80,גרם,false,1,4.30,5.38,true,1,
7290106578821,false,עוגת הבית שמרים קלאסית שוקולד אסם 350 גרם,קבוצת אוסם סחר שותפות מוגבלת,,,יח`,350,גרם,false,1,17.90,5.11,false,1,
7290106652996,false,כיף כף מקלות קוקוס חלבי 40 גר',סולן בעבור שטראוס,,,יח`,42,גרם,false,1,5,11.90,true,1,
7290106653689,false,לקט לסלט אסייתי 350 גר`-טעם הטבע,שטראוס בריאות ירקות טריי,,,יח`,350,גרם,false,1,10.90,3.11,false,1,
7290106654099,false,מילקי CAKE עוגות אישיות במילוי קרם חלב,בובארד איטליה אס.פי.איי,,,יח`,272,גרם,false,1,19.90,7.32,true,1,
7290106656727,false,"עוגיות חיוכים שוקולד עלית 600 גרם בד""צ",אפיפית נצרת תעשיות ב,,,יח`,600,גרם,false,1,17.90,2.98,false,1,
7290106656734,false,"עוגיות חיוכים וניל עלית 600 גרם בד""צ",אפיפית נצרת תעשיות ב,,,יח`,600,גרם,false,1,17.90,2.98,false,1,
7290106660410,false,רביולי תרד וגבינה שטראוס (400 גרם),שטראוס גרופ בעמ/מצונן,,,יח`,400,גרם,false,1,20.90,5.23,true,1,
7290106662964,false,גומי יין סוכריות גומי מסוכרות בטעמי פירות,טופגאם תעשיות ממתקים,,,יח`,80,גרם,false,1,5.90,7.38,false,1,
7290106663091,false,"לאבנה 9 % עם שמן זית 500 גר' ""שטראוס""",שטראוס גרופ בעמ/מצונן,,,יח`,500,גרם,false,1,17.90,3.58,false,1,
7290106663121,false,"עוגה אישית במילוי קרם חלב ""מילקי קייק"" שטראוס",בובארד איטליה אס.פי.איי,,,יח`,1,,false,1,2.90,2.90,false,1,
7290106663558,false,"רוטב טריאקי ורימון יד מרדכי 280מ""ל",אף.סי תבליני בגליל ב,,,יח`,320,גרם,false,1,13.90,4.34,false,1,
7290106664067,false,לאבנה עם שמן זית וזעתר 10% שטראוס 400 ג',שטראוס גרופ בעמ/מצונן,,,יח`,400,גרם,false,1,14.90,3.73,false,1,
7290106664555,false,"רוטב שמנת עם עגבניות 9% שומן 250 מ""ל יוטבתה",שטראוס גרופ בעמ/מצונן,,,יח`,250,"מ""ל",false,1,9.90,3.96,true,1,
7290106664562,false,רוטב שמנת עם פטריות 9% שומן 258 ג' יוטבתה,שטראוס גרופ בעמ/מצונן,,,יח`,250,"מ""ל",false,1,9.90,3.96,true,1,
7290106666788,false,עלית - סוכריות נוסטלגיה דבש ממולאות 80 גרם,שטראוס גרופ בע`מ,,,יח`,80,גרם,false,1,5.90,7.38,false,1,
7290106667266,false,חטיף תירס חמוץ חריף דוריטוס (185 גרם),"שטראוס פריטו ליי בע""\מ )",,,יח`,185,גרם,false,1,7.50,4.05,false,1,
7290106668577,false,"מיץ לימון טיבעי 250 מ""ל יד מרדכי",האי נאם סי או אל.טי.,,,יח`,250,"מ""ל",false,1,7.90,3.16,true,1,
7290106668713,false,יוגורט עם פירות יער 3% שומן 150 ג' דנונה,שטראוס גרופ בעמ/מצונן,,,יח`,150,גרם,false,1,3.90,2.60,true,1,
7290106669857,false,קפסולות אספרסו בטעם וניל עלית 10 יחידות,הנסיך- מפעל לייצור ט,,,יח`,50,גרם,false,1,16.90,33.80,true,1,
7290106720626,false,חטיף תירס בטעם גבינה צ`יטוס (80 גרם),"שטראוס פריטו ליי בע""\מ )",,,יח`,80,גרם,false,1,4.50,5.63,false,1,
7290106721913,false,מסטיק מאסט MUST ללא סוכר בטעם מנטה מרעננת,שטראוס גרופ בע`מ,,,יח`,66,גרם,false,1,9.90,15,true,1,
7290106721920,false,צנצנת מסטיק מאסט בטעם ספירמינט עדין 66 ג' עלית,"שטראוס גרופ בע""\מ.",,,יח`,66,גרם,false,1,9.90,15,true,1,
7290106723689,false,עלי תרד בייבי 200 גר`שטראוס טעם הטבע,שטראוס בריאות ירקות טריי,,,יח`,200,גרם,false,1,10.90,5.45,false,1,
7290106725867,false,סירופ מייפל טהור ללס יד מרדכי 189 גר,שטראוס גרופ בע`מ,,,יח`,189,"מ""ל",false,1,29.90,15.82,false,1,
7290106726178,false,יוגורט PRO עם פירות יער 2.4% 10 גרם חלבון בגביע,שטראוס גרופ בעמ/מצונן,,,יח`,150,גרם,false,1,4.60,3.07,true,1,
7290106727984,false,"כיף כף פצפצים בגביע 135 גרם ""עלית""",שולן צ'\יקולטה גידה סאן.,,,יח`,135,גרם,false,1,9.90,7.33,false,1,
7290106729650,false,יוגורט עם תות מאגדת 8 יח' * 150ג' דנונה,שטראוס גרופ בעמ/מצונן,,,יח`,1200,גרם,false,1,24.90,2.08,false,1,
7290107280013,false,"חמישיית מגבונים ל.מבושם ""ליטופים""",החברה הדרומית לשיווק בעמ,,,יח`,1,,false,1,19.90,19.90,true,1,
7290107280020,false,שלישיית מטליות לחות לניקוי כללי סנו סושי 50 יחידות,החברה הדרומית לשיווק בעמ,,,יח`,1,,false,1,18.90,18.90,true,1,
7290107280099,false,שלישיית מגובנים נשטפים באסלה סופט סוד 48 יחידות,החברה הדרומית לשיווק בעמ,,,יח`,1,,false,1,14.90,14.90,false,1,
7290107280129,false,סנו סושי 20 שקיות אשפה חזקות גדולות XXL,החברה הדרומית לשיווק בעמ,,,יח`,1,,false,1,23.90,23.90,false,1,
7290107280389,false,"סנו - ג'ט מרסס לניקוי בחדר האמבטיה 750 מ""ל",החברה הדרומית לשיווק בעמ,,,יח`,750,"מ""ל",false,1,12.90,1.72,true,1,
7290107280563,false,סנו אוקסיג`ן ג`ל לכביסה בייבי 3 ל`,החברה הדרומית לשיווק בעמ,,,יח`,3,1 ליטר,false,1,29.90,9.97,true,1,
7290107280570,false,סנו - מקסימה ג'ל כביסה מרוכז לכביסה צבעונית 3 ליטר,החברה הדרומית לשיווק בעמ,,,יח`,3,1 ליטר,false,1,29.60,9.87,true,1,
7290107280655,false,"אבקת כביסה בייבי סנו מקסימה 3.25 ק""ג",החברה הדרומית לשיווק בעמ,,,יח`,3.25,"ק""ג",false,1,31.90,9.82,true,1,
7290107280716,false,מלח למדיח להגנה מפני אבנית סנו ספארק Spark,החברה הדרומית לשיווק בעמ,,,יח`,2,"ק""ג",false,1,10.90,5.45,true,1,
7290107280723,false,נוזל לניקוי כלים סנו ספארק Spark בניחוח לימון רענן,החברה הדרומית לשיווק בעמ,,,יח`,700,"מ""ל",false,1,7.90,1.13,true,1,
7290107280730,false,נוזל לניקוי כלים סנו ספארק Spark בניחוח לבנדר,החברה הדרומית לשיווק בעמ,,,יח`,700,"מ""ל",false,1,7.90,1.13,true,1,
7290107280747,false,נוזל לניקוי כלים סנו ספארק Spark קלאסי,החברה הדרומית לשיווק בעמ,,,יח`,700,"מ""ל",false,1,7.90,1.13,true,1,
7290107280754,false,נוזל כלים סנו ספארק Spark היפואלרגני פריחת השקד,החברה הדרומית לשיווק בעמ,,,יח`,700,"מ""ל",false,1,7.90,1.13,true,1,
7290107280761,false,נוזל לניקוי כלים בניחוח לימון רענן סנו ספארק Spark,החברה הדרומית לשיווק בעמ,,,יח`,1,1 ליטר,false,1,10.90,10.90,false,1,
7290107280822,false,סנו ריצפז פרש הום 2 ליטר בניחוח ספא,החברה הדרומית לשיווק בעמ,,,יח`,2,1 ליטר,false,1,21.90,10.95,true,1,
7290107340243,false,מטען בית אייפון,קונסיגנציה-איי.איקס.אם ישראל ב,,,יח`,1,,false,1,39.90,39.90,false,1,
7290107340526,false,מטען בית טייפ סי,קונסיגנציה-איי.איקס.אם ישראל ב,,,יח`,1,,false,1,39.90,39.90,false,1,
7290107341356,false,כבל אייפון imx,קונסיגנציה-איי.איקס.אם ישראל ב,,,יח`,1,,false,1,18.90,18.90,false,1,
7290107341370,false,כבל טפייסי imx,קונסיגנציה-איי.איקס.אם ישראל ב,,,יח`,1,,false,1,18.90,18.90,false,1,
7290107341394,false,אוזניות לבן imx,קונסיגנציה-איי.איקס.אם ישראל ב,,,יח`,1,,false,1,28.90,28.90,false,1,
7290107645584,false,אבקת מרק עוף אמיתי רכיבים טבעיים 400 גרם - רבנות,יוניליוור ישראל שיווק בע`מ,,,יח`,400,גרם,false,1,27.90,6.98,false,1,
7290107645591,false,אבקת מרק בטעם עוף 100% רכיבים טבעיים 400 גרם,יוניליוור ישראל שיווק בע`מ,,,יח`,400,גרם,false,1,16.90,4.23,false,1,
7290107645928,false,קליק ביסקוויט לבן 75 גרם,יוניליוור ישראל שיווק בעמ,,,יח`,75,גרם,false,1,6.50,8.67,true,1,
7290107646062,false,אבקת מרק בצל רכיבים טבעיים קנור 400 ג',יוניליוור ישראל שיווק בע`מ,,,יח`,400,גרם,false,1,27.90,6.98,false,1,
7290107646154,false,"חטיף קוקומן פצפוצים תלמה 126 גרם מארז 6 יחידות בד""צ",יוניליוור ישראל שיווק בע`מ,,,יח`,126,גרם,false,1,14.90,11.83,false,1,
7290107646376,false,סיף מטליות לחות לניקוי כללי בניחוח לימון,"יוניליוור ישראלשיווק בע""מ",,,יח`,1,,false,1,9.90,9.90,false,1,
7290107646826,false,"חטיף שוגי שוקו תלמה 156 גרם מארז 6 יחידות בד""צ",יוניליוור ישראל שיווק בע`מ,,,יח`,156,גרם,false,1,14.90,9.55,false,1,
7290107646963,false,"מיונז תלמה טעם ספייסי 273 גר בד""ץ",יוניליוור ישראל שיווק בע`מ,,,יח`,250,גרם,false,1,7.50,3,false,1,
7290107646970,false,"מיונז תלמה איולי שום 273 גר בד""ץ",יוניליוור ישראל שיווק בע`מ,,,יח`,250,גרם,false,1,7.50,3,false,1,
7290107647076,false,קרמיסימו תותים ושוקולד לבן,גלידות שטראוס בעמ,,,יח`,1.33,1 ליטר,false,1,19.90,14.96,true,1,
7290107647663,false,שטראוס קרמיסימו בננה טופי,גלידות שטראוס בעמ,,,יח`,1330,"מ""ל",false,1,19.90,1.50,true,1,
7290107647731,false,קוקומן חום לבן 20% פחות סוכר 375 גרם ב,יוניליוור ישראל שיווק בע`מ,,,יח`,375,גרם,false,1,21.90,5.84,false,1,
7290107648943,false,"ברנפלקס קרנצ'ים מייפל תלמה 375 גרם בד""צ","יוניליוור ישראל שיווק בע""מ",,,יח`,375,גרם,false,1,22.90,6.11,false,1,
7290107649100,false,בייגלה טבעות שומשום 300 גרם.,יוניליוור ישראל שיווק בע`מ,,,יח`,300,גרם,false,1,10.90,3.63,false,1,
7290107649643,false,קליק חטיף שוקולד בטעפ כדורי שוקולד 70 גר,יוניליוור ישראל שיווק בעמ,,,יח`,70,גרם,false,1,6.50,9.29,true,1,
7290107649735,false,"גלידה בטעמי תות דשה, לימון, בננה, משמש, פטל","גלידת שטראוס בע""\מ, רחוב",,,יח`,2000,"מ""ל",false,1,24.90,1.25,false,1,
7290107649773,false,שטראוס קרמיסימו טעם פיסטוק ושוקולד עם רי,גלידות שטראוס בעמ,,,יח`,1.33,1 ליטר,false,1,19.90,14.96,true,1,
7290107649780,false,שלגון שוקובו שוקו 85,"מיוצר ע""\י גלידת שטראוס",,,יח`,1,,false,1,7.90,7.90,false,1,
7290107649858,false,טילון סופר מגנום וניל ושוקלד לבן,"מיוצר ע""\י גלידת שטראוס",,,יח`,1,,false,1,9.90,9.90,true,1,
7290107871297,false,אוסם - מיני פריכונים עשבי תיבול 25 גרם,קבוצת אוסם סחר שותפות מוגבלת,,,יח`,1,,false,1,3.90,3.90,false,1,
7290107871990,false,פסטה צינורות מהדרין אסם (500 גרם),קבוצת אוסם סחר שותפות מוגבלת,,,יח`,500,גרם,false,1,5.90,1.18,true,1,
7290107874427,false,מיני פריכונים בטעם זעתר אסם (25 גרם),קבוצת אוסם סחר שותפות מוגבלת,,,יח`,1,,false,1,3.90,3.90,false,1,
7290107874441,false,פריכונים מיני בצל מקורמל אסם (25 גרם),קבוצת אוסם סחר שותפות מוגבלת,,,יח`,1,,false,1,3.90,3.90,false,1,
7290107874502,false,ביסלי גריל קדמ. מארז אחיד 10 4*55 גרם,קבוצת אוסם סחר שותפות מוגבלת,,,יח`,220,גרם,false,1,12.90,5.86,true,1,
7290107875158,false,במבה קלאסי מארז 4 יח' *60ג' אסם,קבוצת אוסם סחר-שות.מוגבלת,,,יח`,240,גרם,false,1,12.90,5.38,true,1,
7290107875271,false,ביסלי ברביקיו קדמ. מארז אחיד10 4*55 גרם,קבוצת אוסם סחר שותפות מוגבלת,,,יח`,220,גרם,false,1,12.90,5.86,true,1,
7290107875820,false,קרוטונים אפויים בתיבול ביתי אוסם 180 ג',קבוצת אוסם סחר שותפות מוגבלת,,,יח`,180,גרם,false,1,10.90,6.06,false,1,
7290107930321,false,קונפיטורת יד מרדכי דובדובן 340 גרם,"שטראוס גרופ בע""מ",,,יח`,340,גרם,false,1,11.90,3.50,false,1,
7290107932080,false,חלב מועשר יוטבתה בבקבוק 3% 1 ליטר,שטראוס גרופ בעמ/מצונן,,,יח`,1000,"מ""ל",false,1,7.60,0.76,false,1,
7290107932134,false,חלב מועשר יוטבתה בבקבוק 1% 1 ליטר,שטראוס גרופ בעמ/מצונן,,,יח`,1000,"מ""ל",false,1,7.60,0.76,false,1,
7290107933193,false,סלק בוואקום מבושל שטראוס (500 גרם),ביכורי השדה הצפון בעמ` 1964,,,יח`,500,גרם,false,1,7.90,1.58,false,1,
7290107934473,false,שמינייה יוגורט לבן אקטיביה 1.5% דנונה 150 גרם,שטראוס גרופ בעמ/מצונן,,,יח`,1.20,1 ליטר,false,1,19.90,16.58,false,1,
7290107936309,false,דנונה יוגורט 7% יווני לבן 130 ג',שטראוס גרופ בעמ/מצונן,,,יח`,130,גרם,false,1,3.50,2.69,false,1,
7290107936460,false,מארז 8 יח' דנכול משקה יוגורט בטעם מעודן,שטראוס גרופ בעמ/מצונן,,,יח`,800,גרם,false,1,29.90,3.74,false,1,
7290107936958,false,עד חצות ביסקוויט אצבעות שוקולד 125 גרם,ביסקוויטס טור ד'\אלבון,,,יח`,125,גרם,false,1,10.90,8.72,false,1,
7290107936965,false,עיגולים עד חצות עם שוקולד חלב 225 גר,ביסקווטרי עוגיות סנט,,,יח`,225,גרם,false,1,11.90,5.29,false,1,
7290107937542,false,משקה יוגורט אקטיביה עם תות 1.2% שומן,שטראוס גרופ בעמ/מצונן,,,יח`,250,"מ""ל",false,1,4.90,1.96,false,1,
7290107937627,false,מסטיק מאסט Must קוביות ללא סוכר בטעם מנטה עדינה,שטראוס גרופ בע`מ,,,יח`,58,גרם,false,1,9.90,17.07,true,1,
7290107937634,false,צנצנית מסטיק מאסט קוביות פפירמינט 58 ג' עלית,שטראוס גרופ בע`מ,,,יח`,58,גרם,false,1,9.90,17.07,true,1,
7290107937856,false,קפסולות 11חזק למכונות נספרסו עלית 10יח',הנסיך- מפעל לייצור ט,,,יח`,50,גרם,false,1,16.90,33.80,true,1,
7290107938396,false,שמיניית אקטימל תות דיסני בנים 108 גרם,שטראוס גרופ בעמ/מצונן,,,יח`,864,גרם,false,1,19.90,2.30,false,1,
7290107939027,false,גזר דק דק 250 גר שטראוס ירקות טעם הטבע,שטראוס בריאות ירקות טריי,,,יח`,250,גרם,false,1,7.90,3.16,false,1,
7290107943192,false,"שמנת חמוצה מהערבה 27% שומן 200 מ""ל יטבתה",שטראוס גרופ בעמ/מצונן,,,יח`,200,"מ""ל",false,1,3.90,1.95,false,1,
7290107944243,false,אפיפיות בטעם שוקולד 200 גרם כשר לפסח,"שטראוס גרופ בע""\מ",,,יח`,200,גרם,false,1,6.90,3.45,false,1,
7290107944472,false,סימפוניה גבינה במרקם שמנת 5% שום שמיר,שטראוס גרופ בעמ/מצונן,,,יח`,200,גרם,false,1,11.40,5.70,true,1,
7290107950190,false,מעדן חלב דל קלוריות בטעם שוקולד מריר 0.5% שומן,שטראוס גרופ בעמ/מצונן,,,יח`,130,גרם,false,1,3.20,2.46,false,1,
7290107950206,false,מעדן דיאט שוקולד שטראוס 130 גרם,שטראוס גרופ בעמ/מצונן,,,יח`,130,גרם,false,1,3.20,2.46,false,1,
7290107951104,false,בפלות ופלים ארוכים בטעם שוקולד,"שטראוס גרופ בע""\מ",,,יח`,200,גרם,false,1,3.90,1.95,false,1,
7290107951715,false,צנצנת מסטיק מאסט קוביות בטעם ענבים 58 ג' עלית,שטראוס גרופ בע`מ,,,יח`,58,גרם,false,1,9.90,17.07,true,1,
7290107953559,false,"מארז קפה טורקי עלית לדרך כשל""פ 168 גרם",הנסיך- מפעל לייצור ט,,,יח`,168,גרם,false,1,17.90,10.65,false,1,
7290107954709,false,"קונפיטורת פירות יער ""יד מרדכי"" 340 גר'",שטראוס גרופ בע`מ,,,יח`,340,גרם,false,1,11.90,3.50,false,1,
7290107956642,false,"תרסיס שמן זית 150 מ""ל יד מרדכי כשלפ",פארייפאבה אגרואינדוס,,,יח`,150,"מ""ל",false,1,17.90,11.93,false,1,
7290107956895,false,קפסולות טעם קרמל למכונות נספרסו 50גר,שטראוס קפה בי.וי.,,,יח`,50,גרם,false,1,16.90,33.80,true,1,
7290107956901,false,קפסולות בטעם אגוזים למכונת נספרסו עלית 10 יחידות,שטראוס קפה בי.וי.,,,יח`,50,גרם,false,1,16.90,33.80,true,1,
7290107956925,false,קפסולות 13 אוגנדה למכונת נספרסו עלית 10יח',שטראוס קפה בי.וי.,,,יח`,50,גרם,false,1,16.90,33.80,true,1,
7290107956932,false,קפסולות אספרסו אידונזיה למכונות 50 גר,שטראוס קפה בי.וי.,,,יח`,50,גרם,false,1,16.90,33.80,true,1,
7290107957229,false,שוקולד צ'יפס מריר מעולה לאפיה עלית 250 ג',שטראוס גרופ בע`מ,,,יח`,250,גרם,false,1,11.90,4.76,false,1,
7290107957991,false,מילקי CAKE מיניס קרם חלב בציפוי שוקולד חלב שקית 16X9ג',בובארד איטליה אס.פי.איי,,,יח`,144,גרם,false,1,13.90,9.65,true,1,
7290107971522,false,חטיף בוטנים ושקדים עם שוקולד מריר ופיסטוק,אמקו סאם מילס ספול.,,,יח`,140,גרם,false,1,15.90,11.36,false,1,
7290107973861,false,מאסטר שף עגבניות קצוצות דק שלישיה 400ג*3 כשלפ,קונסרזיו קאסאלאסקו ד,,,יח`,1200,גרם,false,1,15.90,1.33,false,1,
7290107974066,false,"עלי טורטיה קמח מלא 20ס""מ 8יח' מאסטר שף 320ג'",אלקאטי קורביישיסי גי,,,יח`,320,גרם,false,1,9.90,3.09,false,1,
7290107974073,false,עלי טורטיה קמח לבן 320 גר`מנה מאסטר שף,אלקאטי קורביישיסי גי,,,יח`,320,גרם,false,1,9.90,3.09,false,1,
7290107974080,false,עלי טורטיה קמח לבן 744 גר`מנה מאסטר שף,הדקלאים אגודת שיתופי,,,יח`,744,גרם,false,1,15.90,2.14,false,1,
7290107974301,false,ליידי ספיד סטיק - דאודורנט ג'ל לאישה אלוורה 45 גרם,ליידי ספיד סטיק Lady Speed Stick,,,יח`,65,"מ""ל",false,1,16.90,26,false,1,
7290107974813,false,מאסטר שף אורז יסמין 1 קג`,טאומי אינטרפרייד,,,יח`,1000,גרם,false,1,10.90,1.09,false,1,
7290107975360,false,ליידי ספיד סטיק פיור פרשנס ג'ל נשים 65ג',ליידי ספיד סטיק Lady Speed Stick,,,יח`,65,"מ""ל",false,1,17.90,27.54,false,1,
7290107978323,false,איטריות דקיקות מאסטר שף 400 גרם,הדקלאים אגודת שיתופי,,,יח`,400,גרם,false,1,5.90,1.48,false,1,
7290107978330,false,מאסטר שף איטריות דקות 400 גרם,הדקלאים אגודת שיתופי,,,יח`,400,גרם,false,1,5.90,1.48,false,1,
7290107978347,false,איטריות בינוניות מאסטר שף 400 גרם,הדקלאים אגודת שיתופי,,,יח`,400,גרם,false,1,5.90,1.48,false,1,
7290107978453,false,חטיף בטעם גריל קראנצ,ש. שסטוביץ בע`מ,,,יח`,55,גרם,false,1,2.50,4.55,true,1,
7290107978460,false,קראנצ וס פלאפל 60ג חדש,ש. שסטוביץ בע`מ,,,יח`,55,גרם,false,1,2.50,4.55,true,1,
7290107978637,false,"מרידול משחת שיניים 75 מ""ל כשל""פ-מרכז",קולגייט פלמוליב,,,יח`,75,גרם,false,1,19.90,26.53,false,1,
7290108201284,false,איירוויק מקלות ריחניים בניחוח לבנדר מתוק,רקיט בנקיזר (ניר איסט) בעמ,,,יח`,30,"מ""ל",false,1,14.90,49.67,false,1,
7290108350128,false,סנו סושי שקיות אשפה חזקות במיוחד 40 יח',החברה הדרומית לשיווק בעמ,,,יח`,1,,false,1,23.90,23.90,false,1,
7290108350142,false,"שקיות רב שימושיות גדולות 25*35 ס""מ סנו סושי 270 יחידות",החברה הדרומית לשיווק בעמ,,,יח`,1,,false,1,11.90,11.90,false,1,
7290108350203,false,"סנו סושי כריות קרצוף+ספוג מקציף 6 יחידות 12X9 ס""מ",החברה הדרומית לשיווק בעמ,,,יח`,1,,false,1,10.90,10.90,false,1,
7290108350258,false,נייר טואלט דו שכבתי ארוך פי 3 - מארז 12 גלילים,החברה הדרומית לשיווק בעמ,,,יח`,1,,false,1,44.90,44.90,true,1,
7290108350586,false,נוזל לניקוי כלים סנו ספארק Spark בניחוח לימון רענן,החברה הדרומית לשיווק בעמ,,,יח`,1.50,1 ליטר,false,1,14.90,9.93,true,1,
7290108350616,false,סנו - מקסימה מרכך כביסה מרוכז פריחה כחולה 1 ליטר,החברה הדרומית לשיווק בעמ,,,יח`,1,1 ליטר,false,1,17.90,17.90,true,1,
7290108350623,false,מרכך כביסה סופר מרוכז סופט סילק מקסימה 1 ל' סנו,החברה הדרומית לשיווק בעמ,,,יח`,1,1 ליטר,false,1,17.90,17.90,true,1,
7290108350692,false,"אבקת כביסה בלאק מקסימה 6 ק""ג",החברה הדרומית לשיווק בעמ,,,יח`,6,"ק""ג",false,1,49.90,8.32,true,1,
7290108351149,false,ג'ל ניקוי כללי בתוספת אבקת סודה ריח כביסה סנו ג'ט 1.5 ליטר,החברה הדרומית לשיווק בעמ,,,יח`,1.50,1 ליטר,false,1,12.90,8.60,true,1,
7290108351156,false,ג'ל ניקוי כללי בתוספת חומץ בריח לבנדר סנו ג'ט 1.5 ליטר,החברה הדרומית לשיווק בעמ,,,יח`,1.50,1 ליטר,false,1,12.90,8.60,true,1,
7290108351514,false,מרכך כביסה בלו בלוסום סנו מקסימה 4 ליטר,החברה הדרומית לשיווק בעמ,,,יח`,4000,"מ""ל",false,1,19.90,0.50,true,1,
7290108351569,false,מבשם ומרכך למייבש כביסה Baby לתינוקות ולעור רגיש,החברה הדרומית לשיווק בעמ,,,יח`,750,"מ""ל",false,1,17.90,2.39,true,1,
7290108351583,false,"סנו - ג'ט פלוס חומץ ג'ל לניקוי אסלות לבנדר 750 מ""ל",החברה הדרומית לשיווק בעמ,,,יח`,750,"מ""ל",false,1,9.90,1.32,true,1,
7290108351590,false,"סנופרש הום בלו בלוסון בניחוח מרכך כביסה 350 מ""ל",החברה הדרומית לשיווק בעמ,,,יח`,350,"מ""ל",false,1,11.90,3.40,true,1,
7290108351606,false,מטהר אוויר בלו בלוסום סנו פרש הום 350 מל,החברה הדרומית לשיווק בעמ,,,יח`,350,"מ""ל",false,1,11.90,3.40,true,1,
7290108351613,false,סנו ריצפז פרש הום 2 ליטר בניחוח מלון חלומי,החברה הדרומית לשיווק בעמ,,,יח`,2,1 ליטר,false,1,21.90,10.95,true,1,
7290108351699,false,סנו - ג'ט מטליות לחות לניקוי כללי בתוספת חומץ לבנדר שלישיה,החברה הדרומית לשיווק בעמ,,,יח`,1,,false,1,20,20,true,1,
7290108351705,false,פניני בישום לכביסה275 גר` fresh linen,החברה הדרומית לשיווק בעמ,,,יח`,275,גרם,false,1,19.90,7.24,false,1,
7290108351781,false,ג'ל לניקוי אסלות + חומץ ומלח לימון בריח הדרים,החברה הדרומית לשיווק בעמ,,,יח`,750,"מ""ל",false,1,9.90,1.32,true,1,
7290108351804,false,מרכך כביסה סופר מרוכז Gentl Breeze סנו מקסימה 1 ליטר,החברה הדרומית לשיווק בעמ,,,יח`,1,1 ליטר,false,1,17.90,17.90,true,1,
7290108351811,false,מרכך כביסה סופר מרוכז Floral touch סנו מקסימה 1 ליטר,החברה הדרומית לשיווק בעמ,,,יח`,1,1 ליטר,false,1,17.90,17.90,true,1,
7290108351835,false,מרכך כביסה Pure Sensation סנו מקסימה 4 ליטר,החברה הדרומית לשיווק בעמ,,,יח`,4000,"מ""ל",false,1,19.90,0.50,true,1,
7290108351927,false,סנו ספארק טבליות למדיח 70 יחידות,החברה הדרומית לשיווק בעמ,,,יח`,1,,false,1,39.90,39.90,false,1,
7290108351972,false,סנופרש הום מבשם לבית בניחוח מלון בוטיק,החברה הדרומית לשיווק בעמ,,,יח`,200,"מ""ל",false,1,12.90,6.45,true,1,
7290108352016,false,סנובון Design שלישייה בניחוח מרכך כביס,החברה הדרומית לשיווק בעמ,,,יח`,1,,false,1,14.90,14.90,false,1,
7290108352078,false,"שטיפת פה protective salt אורביטול 500 מ""ל",החברה הדרומית לשיווק בעמ,,,יח`,500,"מ""ל",false,1,19.90,3.98,false,1,
7290108352146,false,"סנובון נוזלי בניחוח מנגוליה ונרולי סנו 750 מ""ל",החברה הדרומית לשיווק בעמ,,,יח`,750,"מ""ל",false,1,10.90,1.45,true,1,
7290108352153,false,"סנובון נוזלי בניחוח לוטוס וסחלב סנו 750 מ""ל",החברה הדרומית לשיווק בעמ,,,יח`,750,"מ""ל",false,1,10.90,1.45,true,1,
7290108352207,false,מקסימה 40 קפסולות לכביסה בניחוח fresh burst,החברה הדרומית לשיווק בעמ,,,יח`,1,,false,1,36.90,36.90,true,1,
7290108352221,false,סנופרש הום מבשם נוזלי בניחוח מלון מפנק,החברה הדרומית לשיווק בעמ,,,יח`,350,"מ""ל",false,1,11.90,3.40,true,1,
7290108352252,false,נוזל לניקוי כלים מתאים לניקוי ירקות ופירות סנו ספארק,החברה הדרומית לשיווק בעמ,,,יח`,1,1 ליטר,false,1,10.90,10.90,false,1,
7290108352290,false,שלישיית מטליות לחיטוי ולניקוי יסודי לחדר האמבטיה סדרת 99.9%,החברה הדרומית לשיווק בעמ,,,יח`,1,,false,1,19.90,19.90,true,1,
7290108352337,false,"סנו - פרש מילוי למטהר אוויר מלון מפנק 250 מ""ל",החברה הדרומית לשיווק בעמ,,,יח`,250,"מ""ל",false,1,13.90,5.56,false,1,
7290108352399,false,ריצפז פרש הום בניחוח מרכך כביסה פלורל טאצ',החברה הדרומית לשיווק בעמ,,,יח`,2,1 ליטר,false,1,21.90,10.95,true,1,
7290108352436,false,סנובון מוצק בניחוח נגוליה ונרולי שלישייה,החברה הדרומית לשיווק בעמ,,,יח`,165,גרם,false,1,17.90,10.85,true,1,
7290108352450,false,ריצפז פרש הום בניחוח מרכך כביסה בלו בלוסום,החברה הדרומית לשיווק בעמ,,,יח`,2,1 ליטר,false,1,21.90,10.95,true,1,
7290108352498,false,מכשיר אוטומטי מעוצב ואלגנטי עם מילוי מלון בוטיק סנו פרש,החברה הדרומית לשיווק בעמ,,,יח`,1,,false,1,44.90,44.90,false,1,
7290108352528,false,"מתז לחיטוי וניקוי חדר האמבטיה 99.9% 750 מ""ל",החברה הדרומית לשיווק בעמ,,,יח`,750,"מ""ל",false,1,14.90,1.99,true,1,
7290108352535,false,סנו - מקסימה דפי בישום לחים למייבש הכביסה בניחוח מרכך כביסה,טרופיגל דגיל תעשיות קוסמ,,,יח`,1,,false,1,12.90,12.90,false,1,
7290108352566,false,מרכך כביסה בבישום עוצמתי 4 ל' סנו מקסינה,החברה הדרומית לשיווק בעמ,,,יח`,4000,"מ""ל",false,1,19.90,0.50,true,1,
7290108352573,false,מרכך כביסה סנו מקסימה בבישום עוצמתי 4 ליטר,החברה הדרומית לשיווק בעמ,,,יח`,4,1 ליטר,false,1,19.90,4.98,true,1,
7290108352627,false,סנו סושי מפות ניילון שקופה בגליל,החברה הדרומית לשיווק בעמ,,,יח`,1,,false,1,19.90,19.90,false,1,
7290108352641,false,סנו סושי מטלית הפלא לניקוי כללי במארז שלישייה,החברה הדרומית לשיווק בעמ,,,יח`,1,,false,1,14.90,14.90,false,1,
7290108352672,false,צמד מטליות הפלא לרצפה מיקרפייבר סנו סושי,החברה הדרומית לשיווק בעמ,,,יח`,1,,false,1,19.90,19.90,false,1,
7290108352689,false,כריות קרצוף ללכלוך קשה סנו סושי 9 יחידות,החברה הדרומית לשיווק בעמ,,,יח`,1,,false,1,10.90,10.90,true,1,
7290108352795,false,שקיות זיפר 50 יח`במידה M סנו סושי,החברה הדרומית לשיווק בעמ,,,יח`,1,,false,1,11.90,11.90,true,1,
7290108352801,false,"שקיות אשפה לפחים קטנים 45 * 56 ס""מ סנו סושי 100 יחידות",החברה הדרומית לשיווק בעמ,,,יח`,1,,false,1,19.90,19.90,false,1,
7290108352818,false,מטלית במבוק לניקוי דוחה ריחות רעים,החברה הדרומית לשיווק בעמ,,,יח`,1,,false,1,7.90,7.90,false,1,
7290108352825,false,ספוג הפלא נירוסטה סנו סושי 3יח',החברה הדרומית לשיווק בעמ,,,יח`,1,,false,1,11.90,11.90,true,1,
7290108352887,false,"זוג מפות שולחן עשויות מבד בלתי ארוג 180*120 ס""מ",החברה הדרומית לשיווק בעמ,,,יח`,1,,false,1,9.90,9.90,true,1,
7290108353068,false,ספוג הפלא נירוסטה עם סיבי קירצוף סנו סושי 2 יח',החברה הדרומית לשיווק בעמ,,,יח`,1,,false,1,9.90,9.90,false,1,
7290108353099,false,ממחטות אף במארז ניילון סנו סופט 5 יח' * 100 דף,החברה הדרומית לשיווק בעמ,,,יח`,1,,false,1,11.90,11.90,false,1,
7290108353334,false,"שמפו למניעת קשקשים עם שמן עץ התה ואסאי 700 מ""ל כיף",החברה הדרומית לשיווק בעמ,,,יח`,700,"מ""ל",false,1,11.90,1.70,true,1,
7290108353518,false,"תבניות אלומיניום עם ידיות אחיזה 34*29 ס""מ",החברה הדרומית לשיווק בעמ,,,יח`,1,,false,1,11.90,11.90,true,1,
7290108353525,false,סנו סושי - תבניות אלומיניום עם ידיות אחיזה,החברה הדרומית לשיווק בעמ,,,יח`,1,,false,1,11.90,11.90,true,1,
7290108353532,false,"שקיות אשפה חזקות עם שרוך לארג' 54 * 65 ס""מ סנו סושי 100 יחידות",החברה הדרומית לשיווק בעמ,,,יח`,1,,false,1,29.90,29.90,false,1,
7290108353648,false,סנו סושי - שקיות אוכל מנייר 70 יחידות,החברה הדרומית לשיווק בעמ,,,יח`,1,,false,1,11.90,11.90,false,1,
7290108353686,false,מטלית חלומית לרצפה סנו סושי 1 יחידה,החברה הדרומית לשיווק בעמ,,,יח`,1,,false,1,11.90,11.90,true,1,
7290108353716,false,"קרמה - תחליב רחצה חימר פיטאיה 500 מ""ל",החברה הדרומית לשיווק בעמ,,,יח`,500,"מ""ל",false,1,12.90,2.58,true,1,
7290108353761,false,"תחליב רחצה זן, בניחוח קשמיר 600 מ""ל קרימה",החברה הדרומית לשיווק בעמ,,,יח`,600,"מ""ל",false,1,17.90,2.98,true,1,
7290108353808,false,"תחליב רחצה מדגסקר נקה 7 בניחוח אמבר 750 מ""ל",החברה הדרומית לשיווק בעמ,,,יח`,750,"מ""ל",false,1,10.90,1.45,true,1,
7290108354270,false,מרכך כביסה מרוכז בבישום עוצמתי 1 ל' סנו מקסימה,החברה הדרומית לשיווק בעמ,,,יח`,1,1 ליטר,false,1,17.90,17.90,true,1,
7290108354430,false,"שמפו כיף לשיקום והזנה שמן קוקוס וקרטין 700 מ""ל",החברה הדרומית לשיווק בעמ,,,יח`,700,"מ""ל",false,1,11.90,1.70,true,1,
7290108354447,false,"מרכך כיף לשיקום והזנה שמן קוקוס וקרטין 700 מ""ל",החברה הדרומית לשיווק בעמ,,,יח`,700,"מ""ל",false,1,11.90,1.70,true,1,
7290108354492,false,"קרליין שמפו 10 לשיער שמן ארגן 700 מ""ל",החברה הדרומית לשיווק בעמ,,,יח`,700,"מ""ל",false,1,14.90,2.13,true,1,
7290108354614,false,"מרכך בניחוח מי קקטוס ושמן באבאסו 750 מ""ל נקה 7",החברה הדרומית לשיווק בעמ,,,יח`,750,"מ""ל",false,1,10.90,1.45,true,1,
7290108354751,false,"סנו - ג'ט מרסס לניקוי כללי בתוספת אבקת סודה 750 מ""ל",החברה הדרומית לשיווק בעמ,,,יח`,750,"מ""ל",false,1,12.90,1.72,true,1,
7290108355000,false,שמפו לילדים מיניונים נקה 7 (750 מל),החברה הדרומית לשיווק בעמ,,,יח`,750,"מ""ל",false,1,10.90,1.45,true,1,
7290108355031,false,"נקה 7 אל סבון לילדים מיניונים 750 מ""ל",החברה הדרומית לשיווק בעמ,,,יח`,750,"מ""ל",false,1,10.90,1.45,true,1,
7290108355062,false,לחו.לשיער מקצועי קרטין נטורל פורמולה 400,החברה הדרומית לשיווק בעמ,,,יח`,410,"מ""ל",false,1,29.90,7.29,false,1,
7290108355147,false,תחליב רחצה שמנהי הזנה נקה (7507 מל),טרופיקל דגיל תעשיות קוסמ,,,יח`,750,"מ""ל",false,1,10.90,1.45,true,1,
7290108355154,false,נקה 7 שמפו לשיער שמני הזנה 750 מל,החברה הדרומית לשיווק בעמ,,,יח`,750,"מ""ל",false,1,10.90,1.45,true,1,
7290108355161,false,"מרכך שיער שמני הזנה 750 מ""ל נקה 7",החברה הדרומית לשיווק בעמ,,,יח`,750,"מ""ל",false,1,10.90,1.45,true,1,
7290108355208,false,"שמפו קרטין אינטנס למניעת קשקשים נטורל 400 מ""ל",החברה הדרומית לשיווק בעמ,,,יח`,410,"מ""ל",false,1,29.90,7.29,false,1,
7290108355307,false,"נקה 7 - שמפו סירוק קל רוזמרין 750 מ""ל",החברה הדרומית לשיווק בעמ,,,יח`,750,"מ""ל",false,1,11.90,1.59,true,1,
7290108355314,false,מרכך לסירוק קל בתוספת רוזמרין,החברה הדרומית לשיווק בעמ,,,יח`,750,"מ""ל",false,1,11.90,1.59,true,1,
7290108355949,false,"תחליב רחצה קרמה נרולי ומנגוליה 700 מ""ל",החברה הדרומית לשיווק בעמ,,,יח`,700,"מ""ל",false,1,17.90,2.56,true,1,
7290108356021,false,כיף תחליב רחצה בניחוח גלידת קרם עוגיות,החברה הדרומית לשיווק בעמ,,,יח`,700,"מ""ל",false,1,11.90,1.70,true,1,
7290108356045,false,"כיף תחליב רחצה בניחוח גלידת סוכריות ג'לי 700 מ""ל",החברה הדרומית לשיווק בעמ,,,יח`,700,"מ""ל",false,1,11.90,1.70,true,1,
7290108356106,false,כיף תחליב רחצה חלב שקדים 700 מל,החברה הדרומית לשיווק בעמ,,,יח`,700,"מ""ל",false,1,11.90,1.70,true,1,
7290108356113,false,תחליב רחצה כיף ניחוח דבש 700 מל,החברה הדרומית לשיווק בעמ,,,יח`,700,"מ""ל",false,1,11.90,1.70,true,1,
7290108356120,false,תחליב רחצה כיף ניחוח קוקוס וניל700 מל,החברה הדרומית לשיווק בעמ,,,יח`,700,"מ""ל",false,1,11.90,1.70,true,1,
7290108356137,false,תחליב רחצה כיף ניחוח לבנדר 700 מל,החברה הדרומית לשיווק בעמ,,,יח`,700,"מ""ל",false,1,11.90,1.70,true,1,
7290108356151,false,תחליב רחצה כיף ניחוחמאסק יסמין 700 מל,החברה הדרומית לשיווק בעמ,,,יח`,700,"מ""ל",false,1,11.90,1.70,true,1,
7290108356168,false,תחליב רחצה כיף ניחוח אוקיינס700 מל,החברה הדרומית לשיווק בעמ,,,יח`,700,"מ""ל",false,1,11.90,1.70,true,1,
7290108356182,false,אל סבון נוזלי כיף תאנה ותה ירוק (1ליטר),החברה הדרומית לשיווק בעמ,,,יח`,1,1 ליטר,false,1,13.90,13.90,true,1,
7290108356489,false,"כיף - תחליב רחצה אפרסק וחמאת מורומורו 700 מ""ל",החברה הדרומית לשיווק בעמ,,,יח`,700,"מ""ל",false,1,11.90,1.70,true,1,
7290108356519,false,קרליין שמפו 10למניעת קשקשים 700מל,החברה הדרומית לשיווק בעמ,,,יח`,700,"מ""ל",false,1,14.90,2.13,true,1,
7290108356526,false,"קרליין - שמפו 10 לשיער יבש 700 מ""ל",החברה הדרומית לשיווק בעמ,,,יח`,700,"מ""ל",false,1,14.90,2.13,true,1,
7290108356533,false,קרוליין 10 שמפו לשיער מתולתל 700 מל,החברה הדרומית לשיווק בעמ,,,יח`,700,"מ""ל",false,1,14.90,2.13,true,1,
7290108356564,false,"קרליין - מרכך 10 לשיער רגיל 700 מ""ל",החברה הדרומית לשיווק בעמ,,,יח`,700,"מ""ל",false,1,14.90,2.13,true,1,
7290108356571,false,"קרליין - מרכך 10 לשיער יבש 700 מ""ל",החברה הדרומית לשיווק בעמ,,,יח`,700,"מ""ל",false,1,14.90,2.13,true,1,
7290108357004,false,כיף שמפו ורד ושמן קוקוי לרכות וברק,החברה הדרומית לשיווק בעמ,,,יח`,700,"מ""ל",false,1,11.90,1.70,true,1,
7290108357011,false,כיף קונדישינר לשיער שמן קוקוי 700 מל,החברה הדרומית לשיווק בעמ,,,יח`,700,"מ""ל",false,1,11.90,1.70,true,1,
7290108357028,false,"תחליב רחצה כיף ורד ושמן קוקוי 700 מ""ל",החברה הדרומית לשיווק בעמ,,,יח`,700,"מ""ל",false,1,11.90,1.70,true,1,
7290108357059,false,"קרליין - נושם ביו דאודורנט רול און 75 מ""ל Secret Garden לאישה",החברה הדרומית לשיווק בעמ,,,יח`,75,"מ""ל",false,1,12.90,17.20,true,1,
7290108357073,false,"קרליין - נושם ביו דאודורנט ספריי 150 מ""ל Blossoms Citrus לאישה",החברה הדרומית לשיווק בעמ,,,יח`,150,"מ""ל",false,1,12.90,8.60,true,1,
7290108357189,false,"מבשם ומרכך למייבש הכביסה מקסימה פלורל 750 מ""ל סנו",החברה הדרומית לשיווק בעמ,,,יח`,750,"מ""ל",false,1,17.90,2.39,true,1,
7290108357226,false,"אוקסיגן POWER אבקה לכביסה לבנה והסרת כתמים 1.4 ק""ג סנו",החברה הדרומית לשיווק בעמ,,,יח`,1400,גרם,false,1,29.90,2.14,false,1,
7290108357240,false,"אוקסיג'ן פאוור תוסף להסרת כתמים קשים 1.4 ק""ג",החברה הדרומית לשיווק בעמ,,,יח`,1400,גרם,false,1,29.90,2.14,false,1,
7290108357271,false,סנובון ג'ל לניקוי אסלות עם חמצן פעיל לניקוי עוצמתי,החברה הדרומית לשיווק בעמ,,,יח`,750,"מ""ל",false,1,10.90,1.45,true,1,
7290108357295,false,"מרסס אוקסיג'ן מסיר כתמים סנו לכביסה לבנה 750 מ""ל",החברה הדרומית לשיווק בעמ,,,יח`,750,"מ""ל",false,1,18.90,2.52,true,1,
7290108357301,false,"סנו - K300 קוטל חרקים תיקנים ונמלים 300 מ""ל",החברה הדרומית לשיווק בעמ,,,יח`,300,"מ""ל",false,1,11.90,3.97,false,1,
7290108357417,false,"קרמה - קרם גוף קרמה ורד ווניל 500 מ""ל",החברה הדרומית לשיווק בעמ,,,יח`,500,"מ""ל",false,1,23.90,4.78,true,1,
7290108357493,false,"תחליב רחצה קרמה וניל ופלפל ורוד 700 מ""ל",החברה הדרומית לשיווק בעמ,,,יח`,700,"מ""ל",false,1,17.90,2.56,true,1,
7290108357516,false,"קרמה - סבון ידיים וניל ופלפל ורוד 500 מ""ל",החברה הדרומית לשיווק בעמ,,,יח`,500,"מ""ל",false,1,12.90,2.58,false,1,
7290108357653,false,סנובון ג'ל לאסלה שלישיה בניחוח אוקיינוס,החברה הדרומית לשיווק בעמ,,,יח`,1,,false,1,14.90,14.90,false,1,
7290108357707,false,"כיף שמפו לשיער רגיל- תפוח זרעי צ'יה 700 מ""ל",החברה הדרומית לשיווק בעמ,,,יח`,700,"מ""ל",false,1,11.90,1.70,true,1,
7290108357714,false,"כיף שמפו לשיער יבש -רימונים ושמן ארגן 700 מ""ל",החברה הדרומית לשיווק בעמ,,,יח`,700,"מ""ל",false,1,11.90,1.70,true,1,
7290108357769,false,"מרכך לשיער רגיל תפוח וזרעי צ'יה 700 מ""ל כיף",החברה הדרומית לשיווק בעמ,,,יח`,700,"מ""ל",false,1,11.90,1.70,true,1,
7290108357776,false,"כיף מרכך לשיער יבש -רימונים ושמן ארגן 700 מ""ל",החברה הדרומית לשיווק בעמ,,,יח`,700,"מ""ל",false,1,11.90,1.70,true,1,
7290108357837,false,כיף אל סבון 1 ליטר ג'נסינג שקית מילוי + פקק,החברה הדרומית לשיווק בעמ,,,יח`,1,1 ליטר,false,1,8.90,8.90,false,1,
7290108357875,false,"כיף - שמפו לחות מוגברת עם אפרסק וחמאת מורומורו 700 מ""ל",החברה הדרומית לשיווק בעמ,,,יח`,700,"מ""ל",false,1,11.90,1.70,true,1,
7290108357882,false,"כיף - מרכך לחות מוגברת עם אפרסק וחמאת מורומורו 700 מ""ל",החברה הדרומית לשיווק בעמ,,,יח`,700,"מ""ל",false,1,11.90,1.70,true,1,
7290108358070,false,"תחליב רחצה קרמה קלאסי 700 מ""ל",החברה הדרומית לשיווק בעמ,,,יח`,700,"מ""ל",false,1,17.90,2.56,true,1,
7290108358124,false,דפי בישום לחים למייבש הכביסה בניחוח מרכך כביסה 20 יח' מקסימה,טרופיגל דגיל תעשיות קוסמ,,,יח`,1,,false,1,12.90,12.90,false,1,
7290108359039,false,שקיות אשפה עם ידיות סנו סושי לפחים 30 יחידות,החברה הדרומית לשיווק בעמ,,,יח`,1,,false,1,19.90,19.90,false,1,
7290108359060,false,סנו סושי כריות הפלא רב תכלתיות *4 לשבת,החברה הדרומית לשיווק בעמ,,,יח`,1,,false,1,11.90,11.90,true,1,
7290108359091,false,סנו סושי כיסוי ניילון עם גומי 30 יחידות L,החברה הדרומית לשיווק בעמ,,,יח`,1,,false,1,9.90,9.90,true,1,
7290108359176,false,סופט ממחטות אף צמד בשקית לושן 3 שכבות,החברה הדרומית לשיווק בעמ,,,יח`,1,,false,1,12.90,12.90,false,1,
7290108359183,false,שקית אשפה חזקות 70*50 60 יח' סנו סושי,החברה הדרומית לשיווק בעמ,,,יח`,1,,false,1,22.90,22.90,true,1,
7290108359190,false,סנו סושי מגבות נייר בגליל כפול פי 3,החברה הדרומית לשיווק בעמ,,,יח`,1,,false,1,24.90,24.90,false,1,
7290108359824,false,"כיף - בייבי כיף קרם 500 מ""ל",החברה הדרומית לשיווק בעמ,,,יח`,500,"מ""ל",false,1,19.90,3.98,true,1,
7290108359855,false,"שמפו אל דמע בייבי כיף+משאבה 750 מ""ל",החברה הדרומית לשיווק בעמ,,,יח`,750,"מ""ל",false,1,17.90,2.39,true,1,
7290108359893,false,"תחליב רחצה בייבי כיף+משאבה 750 מ""ל",החברה הדרומית לשיווק בעמ,,,יח`,750,"מ""ל",false,1,14.90,1.99,true,1,
7290108359985,false,סנו - ז'אוול מרסס קצף לניקוי וחינו בניחוח פריחה לבנה 1 ליטר,החברה הדרומית לשיווק בעמ,,,יח`,1,1 ליטר,false,1,18.90,18.90,true,1,
7290108500677,false,כבד דג שיבוט בשמן דג וילי פוד 115 גרם,ג. וילי-פוד אינטרנשיונל בע`מ,,,יח`,115,גרם,false,1,9.90,8.61,true,1,
7290108501346,false,גבינה מגורדת גאודה 28% שומן EURO CHEESE ויליפוד 500 גרם,ג.וילי-פוד אינטרנשיונל **גבינו,,,יח`,500,גרם,false,1,24.90,4.98,false,1,
7290108501490,false,גבינת מוצרלה פרוסות 150 גר`וילי פוד,ג.וילי-פוד אינטרנשיונל **גבינו,,,יח`,150,גרם,false,1,12.90,8.60,false,1,
7290108501827,false,קדאיף שערות בצק ויליפוד 450 גרם,ג.וילי-פוד אינטרנשיונל **גבינו,,,יח`,450,גרם,false,1,19.90,4.42,false,1,
7290108502541,false,גבינת שמנת טעם טבעי ויליפוד 200 גרם,ג.וילי-פוד אינטרנשיונל **גבינו,,,יח`,200,גרם,false,1,12.90,6.45,true,1,
7290108502725,false,גבינת גאודה פרוסות ויליפוד 400 גרם,ג.וילי-פוד אינטרנשיונל **גבינו,,,יח`,400,גרם,false,1,19.90,4.98,false,1,
7290108502763,false,גבינת קממבר ויליפוד 200 גרם,ג.וילי-פוד אינטרנשיונל **גבינו,,,יח`,200,גרם,false,1,19.90,9.95,false,1,
7290108503043,false,תפוחונים חטיף פלחים מיובשים מארז 22X4ג',ג. וילי-פוד אינטרנשיונל בע`מ,,,יח`,0,גרם,false,1,14.90,14.90,false,1,
7290108504286,false,איבריקו צ`אנק 150 גר` וילי פוד,ג.וילי-פוד אינטרנשיונל **גבינו,,,יח`,150,גרם,false,1,16.90,11.27,true,1,
7290108504293,false,מנצ`גו צ`אנק 150 גרם ויליפוד,ג.וילי-פוד אינטרנשיונל **גבינו,,,יח`,150,גרם,false,1,16.90,11.27,true,1,
7290108505207,false,יוגורט עם אוכמניות 0% שומן ויליפוד 150 גרם,ג.וילי-פוד אינטרנשיונל **גבינו,,,יח`,150,גרם,false,1,4.90,3.27,true,1,
7290108505214,false,יוגורט עם אפרסק 0% שומן ויליפוד 150 גרם,ג.וילי-פוד אינטרנשיונל **גבינו,,,יח`,150,גרם,false,1,4.90,3.27,true,1,
7290108505375,false,גולדן צהובה פרוסה ויליפוד 400 גרם,ג.וילי-פוד אינטרנשיונל **גבינו,,,יח`,400,גרם,false,1,19.90,4.98,false,1,
7290108505740,false,קשקבל גבינה חצי קשה EURO CHEESE ויליפוד 200 גרם,ג.וילי-פוד אינטרנשיונל **גבינו,,,יח`,200,גרם,false,1,13.90,6.95,true,1,
7290108506495,false,"כנאפה מאפה בצק ""שערות"" קדאיף וגבינה",ג.וילי-פוד אינטרנשיונל **גבינו,,,יח`,192.50,גרם,false,1,12.90,6.70,true,1,
7290108506969,false,מאפה בורקס מים תורכי גבינה ויליפוד 300 גרם,ג.וילי-פוד אינטרנשיונל **גבינו,,,יח`,300,גרם,false,1,14.90,4.97,true,1,
7290108507010,false,מאפה בורקס מים תורכי תרד וגבינה ויליפוד 300 גרם,ג.וילי-פוד אינטרנשיונל **גבינו,,,יח`,300,גרם,false,1,14.90,4.97,true,1,
7290108507058,false,ביסקויט פריך בשוקולד חלב 100 גרם -קהילות,ג. וילי-פוד אינטרנשיונל בע`מ,,,יח`,100,גרם,false,1,6.90,6.90,true,1,
7290108507188,false,כנאפה קפוא אריזה משפחתית657.50 גרם,ג.וילי-פוד אינטרנשיונל **גבינו,,,יח`,657.50,גרם,false,1,29.90,4.55,true,1,
7290108507645,false,ביסקויט פריך בשוקולד מריר 100 גרם -קהילות,ג. וילי-פוד אינטרנשיונל בע`מ,,,יח`,100,גרם,false,1,6.90,6.90,true,1,
7290108507652,false,ביסקויט פריך בשוקולד לבן 100 גרם -קהילות,ג. וילי-פוד אינטרנשיונל בע`מ,,,יח`,100,גרם,false,1,6.90,6.90,true,1,
7290108508031,false,ויליפוד אננס שלם 830 גרם,ג. וילי-פוד אינטרנשיונל בע`מ,,,יח`,830,גרם,false,1,10.90,1.31,false,1,
7290108508499,false,"איירן משקה יוגורט בסגנון טורקי יורו 293 מ""ל",ג.וילי-פוד אינטרנשיונל **גבינו,,,יח`,293,"מ""ל",false,1,4.90,1.67,true,1,
7290108508703,false,טורטיה ללא גלוטן 270 גרם ויליפוד,ג.וילי-פוד אינטרנשיונל בעמ,,,יח`,270,גרם,false,1,7.90,2.93,false,1,
7290108509052,false,מאפה פילו במילוי גבינת פטה ויליפוד 400 גרם,ג.וילי-פוד אינטרנשיונל **גבינו,,,יח`,400,גרם,false,1,19.90,4.98,false,1,
7290108509106,false,"גבינה בולגרית מעודנת בקוביות 13% שומן 200 ג' חת""ס פ""ת",ג.וילי-פוד אינטרנשיונל **גבינו,,,יח`,200,גרם,false,1,11.90,5.95,true,1,
7290108509113,false,"גבינה בולגרית מעודנת 18% שומן 250 גרם חת""ס פ""ת",ג.וילי-פוד אינטרנשיונל **גבינו,,,יח`,250,גרם,false,1,11.90,4.76,true,1,
7290108509359,false,פופקורן בציפוי בטעם קרמל ויליפוד 90 גרם,ג. וילי-פוד אינטרנשיונל בע`מ,,,יח`,90,גרם,false,1,5.90,6.56,true,1,
7290108509700,false,אורז פרסי 1 קג`DAAWAT וילי פוד,ג. וילי-פוד אינטרנשיונל בע`מ,,,יח`,1,"ק""ג",false,1,9.90,9.90,false,1,
7290108509731,false,איירן משקה יוגורט בסגנון טורקי 2.3% שומן 1ל' יורו,ג.וילי-פוד אינטרנשיונל **גבינו,,,יח`,1,"מ""ל",false,1,14.90,1490,false,1,
7290108509908,false,"מנת השף בשקית-איטריות בטעם ירקות 85 ג' חתם סופר ב""ב",ג. וילי-פוד אינטרנשיונל בע`מ,,,יח`,1,,false,1,3.90,3.90,true,1,
7290108509915,false,"מנת השף בשקית-איטריות בטעם סיני פיקנטי 85 ג' חתם סופר ב""ב",ג. וילי-פוד אינטרנשיונל בע`מ,,,יח`,1,,false,1,3.90,3.90,true,1,
7290108509922,false,מנתהשף אטריות להכנה מהירה טעם עוף ויליפוד 85 גרם,ג. וילי-פוד אינטרנשיונל בע`מ,,,יח`,1,,false,1,3.90,3.90,true,1,
7290109351025,false,מלך החומוס חומוסטחינה 40% טחינה גולמית,קבוצת אוסם סחר שותפות מוגבלת,,,יח`,400,גרם,false,1,13.90,3.48,false,1,
7290109351971,false,פריכיות דגנים פיטנס מצופות שוקולד חלב,קבוצת אוסם סחר שותפות מוגבלת,,,יח`,84,גרם,false,1,14.90,17.74,false,1,
7290109352916,false,פריכיות דגנים פיטנס מצופות שוקולד לבן,קבוצת אוסם סחר שותפות מוגבלת,,,יח`,84,גרם,false,1,14.90,17.74,false,1,
7290109354101,false,קרקר לחמית ללא גלוטן 200 גר אסם,קבוצת אוסם סחר שותפות מוגבלת,,,יח`,200,גרם,false,1,10.90,5.45,false,1,
7290109354972,false,אוסם - פתי בר וניל חלבי ללא גלוטן 200 גרם,קבוצת אוסם סחר שותפות מוגבלת,,,יח`,200,גרם,false,1,9.90,4.95,true,1,
7290109354996,false,פתי בר ללא גלוטן שוקו 200 גרם אסם,קבוצת אוסם סחר שותפות מוגבלת,,,יח`,200,גרם,false,1,9.90,4.95,true,1,
7290109358482,false,עוגיות קרמוגית במילוי קרם בטעם חלבה,קבוצת אוסם סחר שותפות מוגבלת,,,יח`,200,גרם,false,1,11.90,5.95,false,1,
7290109580043,false,"שניצל תירס קלאסי זוגלובק 1.75 ק""ג",נקניק זוגלובק נהריה,,,יח`,1.80,גרם,false,1,49.90,2772.22,false,1,
7290109580050,false,נקניקיות צ'וריסוס וונדרס 0% בשר טבעוני ללא גלוטן,זוגלובק שיווק בעמ ו/או וונדרס,,,יח`,226,גרם,false,1,29.90,13.23,true,1,
7290109580067,false,וונדרס טחון מן הצומח 340 גר`,זוגלובק שיווק בעמ ו/או וונדרס,,,יח`,340,גרם,false,1,29.90,8.79,true,1,
7290109580104,false,רוסטביף פרימיום זוגלובק 150 גרם,נקניק זוגלובק נהריה,,,יח`,150,גרם,false,1,24.90,16.60,false,1,
7290109580135,false,קורנדביף פרימיום 180 גרם זוגלובק,נקניק זוגלובק נהריה,,,יח`,180,גרם,false,1,24.90,13.83,false,1,
7290109580159,false,פסטרמה בנוסח טוסקנה פרימיום זוגלובק 180 גרם,נקניק זוגלובק נהריה,,,יח`,180,גרם,false,1,24.90,13.83,false,1,
7290109580210,false,נקנקיות ריינהולד'ס הצרפתיה זוגלובק 300 ג',נקניק זוגלובק נהריה,,,יח`,300,גרם,false,1,19.90,6.63,false,1,
7290109580227,false,נקניקיות עוף ובקר בסגנון ברלינאי קאריוורסט,נקניק זוגלובק נהריה,,,יח`,300,גרם,false,1,19.90,6.63,false,1,
7290109580234,false,"נקניקיות מרגז חריפות וונדרס 0% בשר, טבעוני",זוגלובק שיווק בעמ ו/או וונדרס,,,יח`,226,גרם,false,1,29.90,13.23,true,1,
7290109580241,false,נאגטס מן הצומח זוגלובק 500 גרם,נקניק זוגלובק נהריה,,,יח`,500,גרם,false,1,21.90,4.38,false,1,
7290109580319,false,"בורגר וונדרס 0% בשר , טבעוני",זוגלובק שיווק בעמ ו/או וונדרס,,,יח`,280,גרם,false,1,29.90,10.68,true,1,
7290109580449,false,סלמי בטעם כמהין פרימיום זוגלובק 180 גרם,נקניק זוגלובק נהריה,,,יח`,180,גרם,false,1,24.90,13.83,false,1,
7290109920146,false,"דורגול מסיר אבנית מקומקומים 750 מ""ל",יעקב יעקבי ובניו בע`מ,,,יח`,750,"מ""ל",false,1,19.90,2.65,false,1,
7290109920627,false,"אסטוניש קרם ואקונומיקה לניקוי אמבטיות 500 מ""ל",יעקב יעקבי ובניו בע`מ,,,יח`,500,"מ""ל",false,1,17.90,3.58,false,1,
7290109921075,false,"נוזל דזיטול מחטא בגדים בכביסה 500 מ""ל","יעקב יעקבי ובניו בע""מ",,,יח`,500,"מ""ל",false,1,12.90,2.58,false,1,
7290109921488,false,"דורגול לניקוי וחיטוי מכונת הכביסה יעקבי 500 מ""ל","יעקב יעקבי ובניו בע""מ",,,יח`,500,"מ""ל",false,1,29.90,5.98,false,1,
7290109922881,false,דורגול מרסס מרוכז למטבח 600 מל,יעקב יעקבי ובניו בעמ,,,יח`,600,"מ""ל",false,1,24.90,4.15,false,1,
7290109923031,false,"אסטוניש מרסס פרימיום ארומטיק למקלחון 750 מ""ל","יעקב יעקבי ובניו בע""מ",,,יח`,750,"מ""ל",false,1,14.90,1.99,false,1,
7290109923048,false,"אסטוניש מרסס פרימיום ארומטיק לכל הבית 750 מ""ל","יעקב יעקבי ובניו בע""מ",,,יח`,750,"מ""ל",false,1,14.90,1.99,false,1,
7290110000493,false,חמאת בוטנים טבעית קרנצ`י 350 גרם),"בטר אנד דיפרנט בע""מ",,,יח`,350,גרם,false,1,13.90,3.97,false,1,
7290110055257,false,זר לראש עם פרחים ורוד,שמחה זה אנחנו בעמ,,,יח`,1,,false,1,14.90,14.90,false,1,
7290110110277,false,"סומרסבי סיידר תפוחים אלכוהולי 4*300 מ""ל",החברה המרכזית להפצת משקאות בעמ,,,יח`,1.32,1 ליטר,false,1,35.90,26.29,true,1,
7290110110369,false,"שישייה בירה קרלסברג LUMA בקבוק 330 מ""ל",החברה המרכזית להפצת משקאות בעמ,,,יח`,1980,"מ""ל",false,1,34.90,1.67,false,1,
7290110110659,false,"ספרייט לימון ליים פחית 330מ""ל",החברה המרכזית להפצת משקאות בעמ,,,יח`,330,"מ""ל",false,1,3.90,1.09,true,1,
7290110113377,false,קוקה קולה מארז רביעיה 1X4 ליטר,החברה המרכזית להפצת משקאות בעמ,,,יח`,4,1 ליטר,false,1,30.90,7.43,true,1,
7290110113384,false,קוקה קולה זירו מארז רביעיה 1X4 ליטר,החברה המרכזית להפצת משקאות בעמ,,,יח`,4,1 ליטר,false,1,30.90,7.43,true,1,
7290110113476,false,בירה קרלסברג ללא אלכוהול - שישייה,החברה המרכזית להפצת משקאות בעמ,,,יח`,1.98,1 ליטר,false,1,27.90,13.18,false,1,
7290110114787,false,נביעות+ מים מינרליים בטעם תפוח 1.5 ליטר,החברה המרכזית להפצת משקאות בעמ,,,יח`,1.50,1 ליטר,false,1,8.90,5.73,false,1,
7290110114794,false,נביעות+ מים מינרליים בטעם אפרסק 1.5 ליטר,החברה המרכזית להפצת משקאות בעמ,,,יח`,1.50,1 ליטר,false,1,8.90,5.73,false,1,
7290110114800,false,נביעות+ מים מינרליים בטעם ענבים 1.5 ליטר,החברה המרכזית להפצת משקאות בעמ,,,יח`,1.50,1 ליטר,false,1,8.90,5.73,false,1,
7290110114855,false,"נביעות מים מינרליים, שישיה 6 * 1.5 ליטר פקדון",החברה המרכזית להפצת משקאות בעמ,,,יח`,9,1 ליטר,false,1,13.90,1.34,false,1,
7290110114893,false,מיץ תפוזים מפוסטר סחוט 2 ליטר,החברה המרכזית טלהפצת משקאות בע,,,יח`,2,1 ליטר,false,1,29.90,14.80,true,1,
7290110114954,false,מיץ תפוזים מתקתקים פריגת 2 ליטר,החברה המרכזית טלהפצת משקאות בע,,,יח`,2,1 ליטר,false,1,24.90,12.30,true,1,
7290110114961,false,משקה קל בטעם תפוזים פריגת (1.5 ליטר),החברה המרכזית להפצת משקאות בעמ,,,יח`,1500,"מ""ל",false,1,9.50,0.61,false,1,
7290110114985,false,משקה קל בטעם אשכוליות פריגת (1.5 ליטר),החברה המרכזית להפצת משקאות בעמ,,,יח`,1500,"מ""ל",false,1,9.50,0.61,false,1,
7290110114992,false,משקה קל בטעם אשכוליות לייט פריגת (1.5 לי,החברה המרכזית להפצת משקאות בעמ,,,יח`,1500,"מ""ל",false,1,9.50,0.61,false,1,
7290110115005,false,משקה קל בטעם ענבים פריגת (1.5 ליטר),החברה המרכזית להפצת משקאות בעמ,,,יח`,1500,"מ""ל",false,1,9.50,0.61,false,1,
7290110115036,false,משקה קל בטעם מנגו פריגת (1.5 ליטר),החברה המרכזית להפצת משקאות בעמ,,,יח`,1500,"מ""ל",false,1,9.50,0.61,false,1,
7290110115043,false,משקה קל בטעם לימונענע פריגת (1.5 ליטר),החברה המרכזית להפצת משקאות בעמ,,,יח`,1500,"מ""ל",false,1,9.50,0.61,false,1,
7290110115050,false,משקה קל בטעם תות בננה פריגת (1.5 ליטר),החברה המרכזית להפצת משקאות בעמ,,,יח`,1500,"מ""ל",false,1,9.50,0.61,false,1,
7290110115081,false,פריגת צלול ענבים 1.5 ליטר פיקדון,החברה המרכזית להפצת משקאות בעמ,,,יח`,1500,"מ""ל",false,1,9.50,0.61,false,1,
7290110115104,false,פריגת צלול אפרסק 1.5 ליטר פיקדון,החברה המרכזית להפצת משקאות בעמ,,,יח`,1500,"מ""ל",false,1,9.50,0.61,false,1,
7290110115111,false,פריגת צלול אננס 1.5 ליטר פיקדון,החברה המרכזית להפצת משקאות בעמ,,,יח`,1500,"מ""ל",false,1,9.50,0.61,false,1,
7290110115128,false,פריגת צלול בטעם לימונענע 1.5 ליטר פיקדון,החברה המרכזית להפצת משקאות בעמ,,,יח`,1500,"מ""ל",false,1,9.50,0.61,false,1,
7290110115180,false,נביעות מים מינרלים שקט 1.5 ליטר פיקדון,החברה המרכזית להפצת משקאות בעמ,,,יח`,1.50,"מ""ל",false,1,2.90,173.33,true,1,
7290110115203,false,קוקה קולה 1.5 ליטר פיקדון,החברה המרכזית להפצת משקאות בעמ,,,יח`,0,1 ליטר,false,1,8.90,8.90,false,1,
7290110115210,false,קוקה קולה דיאט 1.5 ליטר פיקדון,החברה המרכזית להפצת משקאות בעמ,,,יח`,1.50,1 ליטר,false,1,8.90,5.73,false,1,
7290110115227,false,קוקה קולה Zero בקבוק 1.5 ליטר פיקדון,החברה המרכזית להפצת משקאות בעמ,,,יח`,1.50,1 ליטר,false,1,8.90,5.73,false,1,
7290110115234,false,קוקה קולה דיאט זירו 1.5 ליטר פיקדון,החברה המרכזית להפצת משקאות בעמ,,,יח`,1500,"מ""ל",false,1,8.90,0.57,false,1,
7290110115241,false,קוקה קולה דיאט לימון 1.5 ליטר פיקדון,החברה המרכזית להפצת משקאות בעמ,,,יח`,1500,"מ""ל",false,1,8.90,0.57,false,1,
7290110115265,false,ספרייט לימון ליים 1.5 ליטר-,החברה המרכזית להפצת משקאות בעמ,,,יח`,1.50,1 ליטר,false,1,8.90,5.73,false,1,
7290110115272,false,ZERO ספרייט 1.5 ליטר פיקדון,החברה המרכזית להפצת משקאות בעמ,,,יח`,1.50,1 ליטר,false,1,8.90,5.73,false,1,
7290110115289,false,ספרייט 19 קל' לימון-נענע 1.5 ליטר פיקדון,החברה המרכזית להפצת משקאות בעמ,,,יח`,1.50,1 ליטר,false,1,8.50,5.47,false,1,
7290110115302,false,משקה מוגז אורנג' זירו פאנטה 1.5 ליטר,החברה המרכזית להפצת משקאות בעמ,,,יח`,1.50,1 ליטר,false,1,9.50,6.13,false,1,
7290110115319,false,פאנטה אקזוטי פירות טרופיים 1.5ל פיקדון,החברה המרכזית להפצת משקאות בעמ,,,יח`,1.50,1 ליטר,false,1,9.50,6.13,false,1,
7290110115333,false,גזוז בטעם תות פאנטה 1.5 ליטר פיקדון,החברה המרכזית להפצת משקאות בעמ,,,יח`,1.50,1 ליטר,false,1,9.50,6.13,false,1,
7290110115340,false,פאנטה ענבים 1.5 ליטר פיקדון,החברה המרכזית להפצת משקאות בעמ,,,יח`,1.50,1 ליטר,false,1,9.50,6.13,false,1,
7290110115357,false,קינלי סודה 1.5 ליטר פיקדון,החברה המרכזית להפצת משקאות בעמ,,,יח`,1.50,1 ליטר,false,1,4.60,2.87,false,1,
7290110115364,false,שישייה קוקה קולה 1.5 ליטר פיקדון,החברה המרכזית להפצת משקאות בעמ,,,יח`,9,1 ליטר,false,1,49.90,5.34,false,1,
7290110115388,false,ספרייט לימון ליים 1.5 ליטר מארז שישייה,החברה המרכזית להפצת משקאות בעמ,,,יח`,9,1 ליטר,false,1,49.90,5.34,false,1,
7290110115395,false,ספרייט זירו שישיות 1.5 ליטר פיקדון,החברה המרכזית להפצת משקאות בעמ,,,יח`,9,1 ליטר,false,1,49.90,5.34,false,1,
7290110115401,false,קינלי סודה שישייה 1.5 ליטר פיקדון,החברה המרכזית להפצת משקאות בעמ,,,יח`,9,1 ליטר,false,1,16.50,1.63,true,1,
7290110115418,false,קוקה קולה זירו 1.5 ליטר מארז שישייה,החברה המרכזית להפצת משקאות בעמ,,,יח`,9,1 ליטר,false,1,49.90,5.34,false,1,
7290110115425,false,FUZE TEA גרין לימונענע -נענע 1.5 ליטר פיקדון,החברה המרכזית להפצת משקאות בעמ,,,יח`,1.50,1 ליטר,false,1,8.90,5.73,false,1,
7290110115449,false,פיוז-טי תה מנגו אננס 1.5 ליטר פיקדון,החברה המרכזית להפצת משקאות בעמ,,,יח`,1.50,1 ליטר,false,1,8.90,5.73,false,1,
7290110115456,false,פיוז-טי תה אפרסק 1.5 ליטר 19 קל פיקדון,החברה המרכזית להפצת משקאות בעמ,,,יח`,1.50,1 ליטר,false,1,8.90,5.73,false,1,
7290110115463,false,פיוז-טי תה אפרסק 1.5 ליטר פיקדון,החברה המרכזית להפצת משקאות בעמ,,,יח`,1.50,1 ליטר,false,1,8.90,5.73,false,1,
7290110115494,false,תה קר בטעם ענבים פיוז טי 1.5 ליטר,החברה המרכזית להפצת משקאות בעמ,,,יח`,1.50,1 ליטר,false,1,8.90,5.73,false,1,
7290110115593,false,פריגת אשכוליות 40% פחות סוכר 1.5 ליטר פיקדון,החברה המרכזית להפצת משקאות בעמ,,,יח`,1500,"מ""ל",false,1,9.50,0.61,false,1,
7290110115616,false,פיוז-טי תה גרין אננס זירו 1.5 ליטר פיקדו,החברה המרכזית להפצת משקאות בעמ,,,יח`,1.50,1 ליטר,false,1,8.90,5.73,false,1,
7290110115623,false,פיוז-טי תה אפרסק זירו 1.5 ליטר פיקדון,החברה המרכזית להפצת משקאות בעמ,,,יח`,1.50,1 ליטר,false,1,8.90,5.73,false,1,
7290110116064,false,פאנטה זירו בטעם פירות ירוק 1.5 ל פיקדון,החברה המרכזית להפצת משקאות בעמ,,,יח`,1.50,1 ליטר,false,1,9.50,6.13,false,1,
7290110116125,false,"סירופ פריגת בטעם פטל 750 מ""ל פיקדון",החברה המרכזית להפצת משקאות בעמ,,,יח`,750,"מ""ל",false,1,24.90,3.32,false,1,
7290110116149,false,"סירופ פריגת בטעם ענבים 750 מ""ל פיקדון",החברה המרכזית להפצת משקאות בעמ,,,יח`,750,"מ""ל",false,1,24.90,3.32,false,1,
7290110116194,false,נביעות+ סדרת 0 קלוריות לימון-ליים 1.5 ליטר,החברה המרכזית להפצת משקאות בעמ,,,יח`,1.50,1 ליטר,false,1,9.90,6.40,false,1,
7290110116217,false,נביעות+ סדרת 0 קלוריות אשכוליות 1.5 ליטר,החברה המרכזית להפצת משקאות בעמ,,,יח`,1.50,1 ליטר,false,1,9.90,6.40,false,1,
7290110116316,false,קוקה קולה 1.5 ליטר מארז שישייה חג שמח,החברה המרכזית להפצת משקאות בעמ,,,יח`,9,1 ליטר,false,1,49.90,5.34,false,1,
7290110116323,false,קוקה קולה זירו 1.5 ליטר מארז שישייה חג ש,החברה המרכזית להפצת משקאות בעמ,,,יח`,9,1 ליטר,false,1,49.90,5.34,false,1,
7290110116385,false,"פחיות סטפאני מרשמלו אבטיח תות זירו 330 מ""ל",החברה המרכזית להפצת משקאות בעמ,,,יח`,330,"מ""ל",false,1,3.90,1.09,false,1,
7290110116484,false,פריגת סחוט מיקס תות בננה 1ליטר,*החברה המרכזית להפצת משקאותבעמ,,,יח`,1,1 ליטר,false,1,15.90,15.90,false,1,
7290110116491,false,פריגת סחוט מיקס אפרסק משמש 1ליטר,*החברה המרכזית להפצת משקאותבעמ,,,יח`,1,1 ליטר,false,1,15.90,15.90,false,1,
7290110116507,false,פריגת סחוט מיקס אננס בננה אגס 1ליטר,*החברה המרכזית להפצת משקאותבעמ,,,יח`,1,1 ליטר,false,1,15.90,15.90,false,1,
7290110116552,false,ספרייט לימון היט 1.5 ליטר LIME פיקדון,החברה המרכזית להפצת משקאות בעמ,,,יח`,1.50,1 ליטר,false,1,8.90,5.73,false,1,
7290110116569,false,ספרייט זירו 1.5 ליטר LEMON HIT פיקדון,החברה המרכזית להפצת משקאות בעמ,,,יח`,1.50,1 ליטר,false,1,8.90,5.73,false,1,
7290110320683,false,שמיניית משקה יוגורט 1.5% טעם תות יופלה 107 גרם,מיוצר עי קונדיטוריית,,,יח`,0.90,גרם,false,1,17.50,1944.44,false,1,
7290110320744,false,גבינת גרנה פדנו 150 גר`קולקשיין תנובה,תנובה - חלב,,,יח`,150,גרם,false,1,22.90,15.27,false,1,
7290110320850,false,פתיתים גבינה חצי קשה מגורדת 28% שומן,תנובה מרכז שיתופי לש,,,יח`,200,גרם,false,1,14.90,7.45,false,1,
7290110320867,false,פתיתים גבינה חצי קשה מגורדת 28% שומן,תנובה מרכז שיתופי לש,,,יח`,500,גרם,false,1,34.90,6.98,false,1,
7290110321246,false,פרילי אפרסק 125 גר`1.5% שומן,מחלבת אלון תבור,,,יח`,125,"מ""ל",false,1,3.50,2.80,false,1,
7290110321277,false,קוטג' בקטנה 5% תנובה 100 גרם מהדרין,פארייפאבה אגרואינדוס,,,יח`,100,גרם,false,1,2.50,2.50,false,1,
7290110321284,false,קוטג' בקטנה 9% תנובה 100 גרם מהדרין,פארייפאבה אגרואינדוס,,,יח`,100,גרם,false,1,2.50,2.50,false,1,
7290110321604,false,קוביות פיראוס בולגרית מעודנת 5% 200 גרם - רבנות,"תנובה בע""מ ***",,,יח`,200,גרם,false,1,21.90,10.95,false,1,
7290110321680,false,יוגורט GO בטעם תות 20 גרם חלבון בגביע,מיוצר עי קונדיטוריית,,,יח`,200,"מ""ל",false,1,5.60,2.80,false,1,
7290110321697,false,יוגורט GO בטעם אפרסק 20 גרם חלבון בגביע,מיוצר עי קונדיטוריית,,,יח`,200,"מ""ל",false,1,5.60,2.80,false,1,
7290110321703,false,יוגורט עם פירות יער בתוספת חלבוני חלב 2% שומן,מיוצר עי קונדיטוריית,,,יח`,200,"מ""ל",false,1,5.60,2.80,false,1,
7290110321789,false,גבינת מסקרפונה 38% שומן 250 גר`השף הלבן,"תנובה בע""מ ***",,,יח`,250,גרם,false,1,20.90,8.36,false,1,
7290110322014,false,טופו בטעם טבעי תנובה ALTERNATIVE,שוורצקוף& הנקל דיסלד,,,יח`,300,גרם,false,1,11.90,3.97,false,1,
7290110322021,false,"תנובה טופו בזיליקום 300 גר' בד""צ",שוורצקוף& הנקל דיסלד,,,יח`,300,גרם,false,1,11.90,3.97,false,1,
7290110322038,false,טופו בטעם פיקנטי 300 גר`תנובה,"תנובה בע""מ ***",,,יח`,300,גרם,false,1,11.90,3.97,false,1,
7290110322946,false,יופלה טיוב יוגורט במרקם חלק בטעם תות בננה כשרות רבנות 348 ג',תנובה - חלב,,,יח`,348,גרם,false,1,11.90,3.42,false,1,
7290110323073,false,"משקה יוגורט יופלה גו תות פטל 250 מ""ל - רבנות",מיוצר עי קונדיטוריית,,,יח`,250,"מ""ל",false,1,6.20,2.48,false,1,
7290110323097,false,מעדן גבינה עם מחית תות-תאומים 80 גר`,"תנובה בע""מ ***",,,יח`,80,גרם,false,1,1.80,2.25,false,1,
7290110323585,false,יופלה יוגורט עם דובדבן מופחת קלוריות 200 ג' GO,"תנובה בע""מ ***",,,יח`,200,גרם,false,1,5.50,2.75,false,1,
7290110323592,false,יופלה יוגורט עם אפרסק מופחת קלוריות 200 ג' GO,תנובה בעמ ***,,,יח`,200,גרם,false,1,5.50,2.75,false,1,
7290110323714,false,משקה קוקוס שקדים תנובה E אלטרנטיב,מיוצר עי קונדיטוריית,,,יח`,1000,"מ""ל",false,1,11.90,1.19,false,1,
7290110324353,false,יוגורט GO לייט בטעם אננס 20 גרם חלבון בגביע,מיוצר עי קונדיטוריית,,,יח`,200,"מ""ל",false,1,5.60,2.80,false,1,
7290110324551,false,יופלה טיוב יוגורט במרקם חלק תות כשרות מהדרין,"תנובה בע""מ ***",,,יח`,348,גרם,false,1,11.90,3.42,false,1,
7290110324711,false,ממרח סויה 9% שומן בטעם טבעי תנובה 250 גרם,מיוצר עי קונדיטוריית,,,יח`,250,גרם,false,1,8.90,3.56,true,1,
7290110324728,false,ממרח סויה 9% שומן עם שום שמיר תנובה 250 גרם,מיוצר עי קונדיטוריית,,,יח`,250,גרם,false,1,8.90,3.56,true,1,
7290110324841,false,מעדן שקדים עם שוקולד מריר תנובה 125 גרם,מיוצר עי קונדיטוריית,,,יח`,125,גרם,false,1,3.90,3.12,false,1,
7290110324858,false,מעדן שקדים בטעם אגוזי לוז תנובה 125 גרם,מיוצר עי קונדיטוריית,,,יח`,125,גרם,false,1,3.90,3.12,false,1,
7290110324872,false,גבינה צהובה גלבוע (5% 200 גר`)תנובה,גלבוע - תנובה,,,יח`,200,גרם,false,1,17.90,8.95,false,1,
7290110324926,false,משקה סויה ללא תוספת סוכר E אלטרנטיב,תנובה מרכז שיתופי לש,,,יח`,1,"מ""ל",false,1,9.90,990,false,1,
7290110325084,false,מאגדת שמינייה מיני קרלו שוניל 8*100גרם,"תנובה בע""מ ***",,,יח`,800,גרם,false,1,14.90,1.86,false,1,
7290110325114,false,"משקה יוגורט יופלה גו לייט תות בננה 250 מ""ל - רבנות",מיוצר עי קונדיטוריית,,,יח`,250,"מ""ל",false,1,6.10,2.44,false,1,
7290110325305,false,יופלה GO סויה 20 גרם חלבון במתיקות מעודנת תנובה 200 גרם,מיוצר עי קונדיטוריית,,,יח`,200,"מ""ל",false,1,5.60,2.80,false,1,
7290110325312,false,יופלה GO סויה 20 גרם חלבון בטעם תות תנובה 200 גרם,תנובה בעמ ***,,,יח`,200,"מ""ל",false,1,5.60,2.80,false,1,
7290110325510,false,יופלה טיוב יוגורט במרקם חלק בטעם וניל-יוניקור,"תנובה בע""מ ***",,,יח`,348,גרם,false,1,11.90,3.42,false,1,
7290110325619,false,משקה שיבולת שועל תנובה E אלטרנטיב,מיוצר עי קונדיטוריית,,,יח`,1000,"מ""ל",false,1,11.90,1.19,false,1,
7290110325893,false,משקה חלב GO מועשר בחלבון בטעם אייס קפה,מיוצר עי קונדיטוריית,,,יח`,340,גרם,false,1,7.90,2.32,false,1,
7290110326210,false,יופלה און טופ פצפוצים תנובה 157 גרם,מיוצר עי קונדיטוריית,,,יח`,157,גרם,false,1,4.90,3.12,false,1,
7290110326227,false,יופלה און טופ קורנפלקס תנובה 157 גרם,מיוצר עי קונדיטוריית,,,יח`,157,גרם,false,1,4.90,3.12,false,1,
7290110326234,false,יופלה און טופ כוכבים תנובה 157 גרם,מיוצר עי קונדיטוריית,,,יח`,157,גרם,false,1,4.90,3.12,false,1,
7290110326333,false,פרוסות גבינה סקנדינבית 170 גר`קולקשיין,"תנובה בע""מ ***",,,יח`,170,גרם,false,1,17.90,10.53,false,1,
7290110327514,false,alternative משקה שיבולת שועל בטעם אגוזי לוז תנובה 1 ליטר,תנובה מרכז שיתופי לש,,,יח`,1000,"מ""ל",false,1,11.90,1.19,false,1,
7290110327545,false,יופלה און טופ בטעם תות בתוספת פצפוצים מצופים שוקולד 157 גרם,מיוצר עי קונדיטוריית,,,יח`,157,גרם,false,1,4.90,3.12,false,1,
7290110327804,false,חטיף חלבון GO - עוגיות 60 ג' חלב נוכרי - רבנות,"בלמונט קונפקציות בע""\מ.",,,יח`,1,,false,1,11.90,11.90,false,1,
7290110327811,false,חטיף חלבון GO בטעם בצק קוקוס 20 גר`חלבו,"בלמונט קונפקציות בע""\מ.",,,יח`,1,,false,1,11.90,11.90,false,1,
7290110327828,false,חטיף חלבון GO - חמאת בוטנים 60 ג' חלב נוכרי - רבנות,"בלמונט קונפקציות בע""\מ.",,,יח`,1,,false,1,11.90,11.90,false,1,
7290110328382,false,יופלה און טופ אגוזי לוז מצופים שוקולד,תנובה - חלב,,,יח`,157,גרם,false,1,4.90,3.12,false,1,
7290110328474,false,פלח פרמג`יאנו רג`יאנו 150 גר`קולקשיין ת,מנדלז סי.אר. פרודקשן,,,יח`,150,גרם,false,1,26.90,17.93,false,1,
7290110328610,false,משקה אורז ושקדים בריסטה אלטרנטיב 1 ליטר,תנובה Alternative,,,יח`,1000,"מ""ל",false,1,11.90,1.19,false,1,
7290110328627,false,יוגורט יופלה GO במרקם סמיך בטעם בננה קרמל 0%,מיוצר עי קונדיטוריית,,,יח`,200,גרם,false,1,5.70,2.85,false,1,
7290110328641,false,טופו טבעי 500 גר`אלטרנטיב 2*250 גר`,"תנובה בע""מ ***",,,יח`,500,גרם,false,1,17.90,3.58,false,1,
7290110328764,false,יוגורט יופלה GO במרקם סמיך עם תות 0%,מיוצר עי קונדיטוריית,,,יח`,200,גרם,false,1,5.70,2.85,false,1,
7290110328771,false,יוגורט יופלה GO במרקם סמיך עם פירות יער 0%,מיוצר עי קונדיטוריית,,,יח`,200,גרם,false,1,5.70,2.85,false,1,
7290110328788,false,יוגורט יופלה GO במרקם סמיך בטעם אפרסק 0%,תנובה מרכז שיתופי לש,,,יח`,200,גרם,false,1,5.70,2.85,false,1,
7290110329136,false,מעדן חלב מעושר בחלבון בטעם שוקולד 120 ג' GO,תנובה מרכז שיתופי לש,,,יח`,120,גרם,false,1,4.90,4.08,false,1,
7290110329143,false,מעדן חלב מעושר בחלבון בטעם וניל גביע 120 ג' GO,תנובה מרכז שיתופי לש,,,יח`,120,גרם,false,1,4.90,4.08,false,1,
7290110329303,false,פרוסות בטעם צהובה קלאסית אלטרנטיב 200 גר,תנובה Alternative,,,יח`,200,גרם,false,1,21.90,10.95,false,1,
7290110329426,false,טופו טבעי עם רוטב קרם קוקוס קארי פיקנטי 250 גרם,תנובה - חלב,,,יח`,310,גרם,false,1,11.90,3.84,false,1,
7290110329433,false,טופו טבעי עם רוטב סצ'ואן אלטרנטיב 250 גרם,תנובה - חלב,,,יח`,310,גרם,false,1,11.90,3.84,false,1,
7290110329686,false,משקה GO חלב בטעם עוגיות 27 גר`חלבון,מיוצר עי קונדיטוריית,,,יח`,340,גרם,false,1,7.90,2.32,false,1,
7290110329716,false,משקה חלב קר בטעם קפוצ'ינו 230 גרם תנובה,תנובה מרכז שיתופי לש,,,יח`,230,"מ""ל",false,1,6.90,3,false,1,
7290110329723,false,משקה חלב קר בטעם לאטה 230 גרם תנובה,תנובה מרכז שיתופי לש,,,יח`,230,"מ""ל",false,1,6.90,3,false,1,
7290110329730,false,"משקה חלב עם שוקולד וקפה בסגנון לאטה 2.7%  230 מ""ל תנובה",תנובה מרכז שיתופי לש,,,יח`,230,"מ""ל",false,1,6.90,3,false,1,
7290110329792,false,יוגורט סויה BIO Alternative אפרסק 150 ג' תנובה,מיוצר עי קונדיטוריית,,,יח`,150,גרם,false,1,4.50,3,true,1,
7290110329808,false,יוגורט סויה BIO Alternative תות 150 ג' תנובה,מיוצר עי קונדיטוריית,,,יח`,150,גרם,false,1,4.50,3,true,1,
7290110329815,false,סויה BIO מתיקות מעודנת גביע 150 גרם אלטרנטיב,מיוצר עי קונדיטוריית,,,יח`,150,גרם,false,1,4.50,3,true,1,
7290110329822,false,יוגורט סויה BIO Alternative פירות יער 150 ג' תנובה,מיוצר עי קונדיטוריית,,,יח`,150,גרם,false,1,4.50,3,true,1,
7290110329846,false,יוגורט סויה BIO Alternative בטעם טבעי 150 ג' תנובה,מיוצר עי קונדיטוריית,,,יח`,150,גרם,false,1,4.50,3,true,1,
7290110551254,false,נשנושי תירס 600 גרם טעם הטבע שטראוס,"מיוצר ע""\י או.וי אינטרנש",,,יח`,600,גרם,false,1,16.90,2.82,false,1,
7290110552220,false,יוגורט PRO בטעם תות 0% סוכר לבן 20 גרם חלבון בגביע,שטראוס גרופ בעמ/מצונן,,,יח`,200,"מ""ל",false,1,5.90,2.95,false,1,
7290110552237,false,יוגורט פרו בטעם אפרסק מנגו ללא סוכר 200 ג' דנונה,שטראוס גרופ בעמ/מצונן,,,יח`,200,"מ""ל",false,1,5.90,2.95,false,1,
7290110553623,false,צ'יטוס קראנצ'י בטעם צ'דר חלפיניו - חלבי,"שטראוס פריטו ליי בע""\מ )",,,יח`,80,גרם,false,1,4.50,5.63,false,1,
7290110554101,false,"סירופ מייפל בפאוץ' יד מרדכי 125 מ""ל",שטראוס גרופ בע`מ,,,יח`,125,"מ""ל",false,1,19.90,15.92,true,1,
7290110554422,false,פומודורו רוטב עגבניות ופלפלים לשקשוקה לפסטה יד מרדכי 350 גרם,אמיליאנה קונסרב סוסייטה,,,יח`,350,גרם,false,1,10.90,3.11,true,1,
7290110554583,false,מארז חטיפי צ'יטוס פאפס בטעם גבינה - 10 יחידות,"שטראוס פריטו ליי בע""\מ )",,,יח`,200,גרם,false,1,12.90,6.45,true,1,
7290110555078,false,לאבנה עם שמן זית ועשבי תיבול שטראוס 250 גרם,שטראוס גרופ בעמ/מצונן,,,יח`,250,גרם,false,1,10.90,4.36,true,1,
7290110555092,false,לאבנה עם שמן זית וצ'ילי שטראוס 250 גרם,שטראוס גרופ בעמ/מצונן,,,יח`,250,גרם,false,1,10.90,4.36,true,1,
7290110555795,false,נסקפה קפוצ'ינו פחית קלאסי 200 ג' עלית,שטראוס גרופ בע`מ,,,יח`,200,גרם,false,1,19.90,9.95,false,1,
7290110556242,false,"שוקולד מריר פרווה 100 גר' בד""ץ תוצרת חוץ","שטראוס גרופ בע""מ.",,,יח`,100,גרם,false,1,5.50,5.50,true,1,
7290110557027,false,חומוס עשיר 50% טחינה גולמית 400 ג' אחלה,שטראוס גרופ בעמ/מצונן,,,יח`,400,גרם,false,1,13.90,3.48,true,1,
7290110557102,false,מעדן חלב עם שוקולד מועשר בחלבון 150 ג' שטראוס,שטראוס גרופ בעמ/מצונן,,,יח`,150,גרם,false,1,5.20,3.47,true,1,
7290110557133,false,מעדן הגולן וניל 125 ג' שטראוס,שטראוס גרופ בעמ/מצונן,,,יח`,125,"מ""ל",false,1,2.90,2.32,true,1,
7290110557317,false,יוגורט בתוספת סידן וויטמין ד עם שיבולת שועל 100 ג' דנונה,שטראוס גרופ בעמ/מצונן,,,יח`,100,גרם,false,1,2.20,2.20,true,1,
7290110557478,false,חומוס גלילי במרקם מעודן 600 גרם,שטראוס גרופ בעמ/מצונן,,,יח`,600,גרם,false,1,12.90,2.15,false,1,
7290110558130,false,יוגורט אקטיביה עם שיבולת שועל ודבש 150 גרם,שטראוס גרופ בעמ/מצונן,,,יח`,150,גרם,false,1,4.60,3.07,false,1,
7290110558154,false,דנונה לייט אנד פרי עוגת תפוחים 150ג דנונה,שטראוס גרופ בעמ/מצונן,,,יח`,150,גרם,false,1,4.60,3.07,true,1,
7290110558222,false,"וואו יוגורט עם שכבה בטעם בנופי פאי 5.4%, 150ג דנונה",שטראוס גרופ בעמ/מצונן,,,יח`,150,גרם,false,1,4.60,3.07,true,1,
7290110558239,false,"וואו יוגורט עם שכבה בטעם קראק פאי 5.4%, 150 ג דנונה",שטראוס גרופ בעמ/מצונן,,,יח`,150,גרם,false,1,4.60,3.07,true,1,
7290110558253,false,דנונה שייק נונה ריפרש בננה אננס וצ'יה,שטראוס גרופ בעמ/מצונן,,,יח`,250,גרם,false,1,5.50,2.20,false,1,
7290110558284,false,דנונה ביו מולטי שטראוס 200 גרם,שטראוס גרופ בעמ/מצונן,,,יח`,200,גרם,false,1,3.90,1.95,false,1,
7290110558307,false,יוגורט דנונה PRO עם שיבולת שועל במתיקות מעודנת,שטראוס גרופ בעמ/מצונן,,,יח`,200,גרם,false,1,6.50,3.25,false,1,
7290110558314,false,דנונה פרו 20 גרם חלבון ללא סוכר פיסטוק 200 גרם,שטראוס גרופ בעמ/מצונן,,,יח`,200,"מ""ל",false,1,5.90,2.95,false,1,
7290110558338,false,דנונה פרו 25 ג' חלבון 200 ג' שטראוס,שטראוס גרופ בעמ/מצונן,,,יח`,200,גרם,false,1,6.50,3.25,false,1,
7290110558666,false,מעדן גבינה בטעם תפוח 88 ג' דניאלה,שטראוס גרופ בעמ/מצונן,,,יח`,150,"מ""ל",false,1,4,2.67,false,1,
7290110559748,false,ריל מאגדת שקדים קוקוס ושוקולד מריר שטראוס 105 גרם,"ואמואליס פודס אס.איי,",,,יח`,105,גרם,false,1,14.90,14.19,true,1,
7290110560300,false,"הפריכיות הטעימות חומוס, עדשים שחורות, קינואה ופלפל שחור",אנרג'י Energy - שטראוס,,,יח`,30,גרם,false,1,4.90,16.33,false,1,
7290110560317,false,"הפריכיות הטעימות חומוס, עדשים שחורות, קינואה ומלח ים","פרח תעשיו מזון בע""מ",,,יח`,30,גרם,false,1,4.90,16.33,false,1,
7290110560324,false,"הפריכיות הטעימות תפו""א, אורז, אפונה ומלח ים","פרח תעשיו מזון בע""מ",,,יח`,30,גרם,false,1,4.90,16.33,false,1,
7290110561352,false,דנונה יוגורט ביו פרוביוטי 3% דל לקטוז 150ג',שטראוס גרופ בעמ/מצונן,,,יח`,200,"מ""ל",false,1,3.50,1.75,false,1,
7290110561604,false,מארז 8 יחידות מעדן גמדים בטעם תות בננה,שטראוס גרופ בעמ/מצונן,,,יח`,800,"מ""ל",false,1,18.80,2.35,false,1,
7290110563431,false,"משקה קפה קר בסגנון קלאסי 230 מ""ל 1.6% יוטבתה",שטראוס גרופ בעמ/מצונן,,,יח`,230,"מ""ל",false,1,7.90,3.43,true,1,
7290110563448,false,"משקה קפה קר בסגנון מעודן 230 מ""ל 1.6% יוטבתה",שטראוס גרופ בעמ/מצונן,,,יח`,230,"מ""ל",false,1,7.90,3.43,true,1,
7290110563462,false,חלב 2% דל לקטוז בבקבוק יטבתה 1 ליטר.,שטראוס גרופ בעמ/מצונן,,,יח`,1,1 ליטר,false,1,7.90,7.90,false,1,
7290110564339,false,חומוס אחלה הסידרה המובחר 30% טחינה 400 גר',שטראוס גרופ בעמ/מצונן,,,יח`,400,גרם,false,1,13.90,3.48,true,1,
7290110564360,false,חומוס אחלה הסידרה המובחר 40% טחינה 400 גר',שטראוס גרופ בעמ/מצונן,,,יח`,400,גרם,false,1,13.90,3.48,true,1,
7290110564414,false,חומוס אחלה הסידרה המובחר 30% טחינה 600 גר',שטראוס גרופ בעמ/מצונן,,,יח`,600,גרם,false,1,14.90,2.48,false,1,
7290110564742,false,"משקה קפה קר בסגנון חזק 230 מ""ל 1.2% יוטבתה",שטראוס גרופ בעמ/מצונן,,,יח`,230,"מ""ל",false,1,7.90,3.43,true,1,
7290110565435,false,מעדן ג`לי בטעם פטל חלבי שטראוס (125 גרם,שטראוס גרופ בעמ/מצונן,,,יח`,125,גרם,false,1,2,1.60,true,1,
7290110565527,false,יוגורט PRO פרו 1.5% 20 גרם חלבון בגביע,שטראוס גרופ בעמ/מצונן,,,יח`,200,"מ""ל",false,1,5.90,2.95,false,1,
7290110565572,false,מארז קפה טורקי עלית לדרך עם הל 168 גרם,שטראוס קפה בי.וי.,,,יח`,168,גרם,false,1,17.90,10.65,false,1,
7290110566975,false,דנונה פרו יוגורט 0% תות עשיר בחלבון 200ג',שטראוס גרופ בעמ/מצונן,,,יח`,200,"מ""ל",false,1,5.90,2.95,false,1,
7290110568238,false,"קצפת צמחית 21% שומן 250 מ""ל יוטבתה",שטראוס גרופ בעמ/מצונן,,,יח`,250,"מ""ל",false,1,7.90,3.16,false,1,
7290110568559,false,דוריטוס עלית מארז חמוץ חריף 10 יח' *25 ג',"שטראוס פריטו ליי בע""מ )פ",,,יח`,250,גרם,false,1,13.90,5.56,false,1,
7290110570224,false,משקה קפה קר בטעם עוגיות (230 גר`) יטבתה,שטראוס גרופ בעמ/מצונן,,,יח`,230,"מ""ל",false,1,7.90,3.43,true,1,
7290110571375,false,"אנרג'י מיקס תערובת צימוקים, תמרים, טופי ושברי פקאן",אנרג'י Energy - שטראוס,,,יח`,105,גרם,false,1,14.90,14.19,true,1,
7290110571382,false,מעדן חלב בטעם וניל מעושר בחלבון 150 ג' שטראוס,שטראוס גרופ בעמ/מצונן,,,יח`,150,גרם,false,1,5.20,3.47,true,1,
7290110571405,false,עלית - מיני פינוקיות בגביע פסק זמן 180 גרם,שטראוס גרופ בע`מ,,,יח`,180,גרם,false,1,10.90,6.06,true,1,
7290110572129,false,כיף כף מקלות שוקולד לבן 40 ג' עלית,סולן בעבור שטראוס,,,יח`,40,גרם,false,1,5,12.50,true,1,
7290110572884,false,"קפסולות קפה מספר 20 למכונת אספרס אספרסו, 50 גרם",שטראוס קפה בי.וי.,,,יח`,50,גרם,false,1,16.90,33.80,true,1,
7290110572969,false,כיף כף פצפצים עלית קרם לבן (40 גר`),שולן צ'\יקולטה גידה סאן.,,,יח`,40,גרם,false,1,4.90,12.25,true,1,
7290110572976,false,כיף כף פצפצים בגביע במילוי קרם בטעם שוקולד לבן,שולן צ'יקולטה גידה ס,,,יח`,135,גרם,false,1,9.90,7.33,false,1,
7290110576318,false,מאגדת שלישיית שוקולד אגוז לבן 300 ג' עלית,שטראוס גרופ בע`מ,,,יח`,300,גרם,false,1,24.90,8.30,false,1,
7290110576356,false,"שוקולד ספלנדיד מריר 64% - חלבי , מפולי קקאו מפרו",שטראוס גרופ בע`מ,,,יח`,100,גרם,false,1,8.90,8.90,false,1,
7290110576370,false,מארז שלישייה שוקולד מריר חלבי עם אגוזי לוז,שטראוס גרופ בע`מ,,,יח`,300,גרם,false,1,24.90,8.30,false,1,
7290110576776,false,טבלאות שוקולד ספלנדיד מריר 85% 100 ג' עלית,שטראוס גרופ בע`מ,,,יח`,100,גרם,false,1,10.90,10.90,false,1,
7290110576790,false,סקי בטעם מוקה 3% (125 גר`) דנונה,שטראוס גרופ בעמ/מצונן,,,יח`,125,גרם,false,1,3.70,2.96,true,1,
7290110576868,false,רבעיית גמדים סלט פירוט * 100 ג' שטראוס,שטראוס גרופ בעמ/מצונן,,,יח`,400,"מ""ל",false,1,11.40,2.85,true,1,
7290110730109,false,נוטרילון קומפורט תרכובת מזון מגיל לידה,דיפלומט מפיצים (1968) בעמ**,,,יח`,900,גרם,false,1,99.90,11.10,false,1,
7290111340178,false,מטליות לחות ניקול לניקוי כללי בניחוח מרכך כביסה 50 יח',קימברלי קלארק ישראל שיווק בעמ,,,יח`,1,,false,1,12.90,12.90,true,1,
7290111340185,false,מטליות לחות רצפה ניחוח מרכך כביסה ניקול 10 יחידות,קימברלי קלארק ישראל שיווק בעמ,,,יח`,1,,false,1,14.90,14.90,true,1,
7290111341359,false,ניקול רדיד אלומיניום חסכוני 60 מטר עם סכ,קימברלי קלארק ישראל שיווק בעמ,,,יח`,1,,false,1,45.90,45.90,false,1,
7290111342059,false,50 מטליות מיקרופייבר לשטחים אנטיבקטריאלי ניקול,קימברלי קלארק ישראל שיווק בעמ,,,יח`,1,,false,1,13.90,13.90,true,1,
7290111342073,false,מטליות מקרופייבר למשטחים אנטיבקטריאלי ניקול,קימברלי קלארק ישראל שיווק בעמ,,,יח`,1,,false,1,15.90,15.90,true,1,
7290111342738,false,לילי - מגבוני נייר טואלט לח קידס רביעייה,קימברלי קלארק ישראל שיווק בעמ,,,יח`,0,גרם,false,1,21.90,21.90,false,1,
7290111343841,false,ניקול ספוגית הקסם נירוסטה 3 יחידות,קימברלי קלארק ישראל שיווק בעמ,,,יח`,1,,false,1,11.90,11.90,true,1,
7290111344145,false,ניקול זוג מטליות מיקרופייבר אנטיבקטריאליות לרצפה,קימברלי קלארק ישראל שיווק בעמ,,,יח`,1,,false,1,29.90,29.90,false,1,
7290111344206,false,האגיס נטורל קר מגבונים לחים בבישום עדין רביעייה,קימברלי קלארק ישראל שיווק בעמ,,,יח`,1,,false,1,19.90,19.90,false,1,
7290111344558,false,שקיות אשפה בגודל L עם שרוך 100 יח`,קימברלי קלארק ישראל שיווק בעמ,,,יח`,1,,false,1,29.90,29.90,false,1,
7290111344978,false,ניקול רדיד אלומיניום חסכוני 61 מטר עבה ב,קימברלי קלארק ישראל שיווק בעמ,,,יח`,1,,false,1,45.90,45.90,false,1,
7290111345814,false,נייר טואלט לילי נטורל קר 30 גלילים מהדורה,קימברלי קלארק ישראל שיווק בעמ,,,יח`,1,,false,1,32.90,32.90,false,1,
7290111346088,false,נייר טואלט מולט דו שכבתי 30 גלילים,קימברלי קלארק ישראל שיווק בעמ,,,יח`,1,,false,1,29.90,29.90,false,1,
7290111346293,false,מגבת נייר ניקול 6 יחידות מהדורה חגיגית,קימברלי קלארק ישראל שיווק בעמ,,,יח`,1,,false,1,11.90,11.90,false,1,
7290111346347,false,מגבוני אף אוריגינל סופט חמישיה קלינקס,קימברלי קלארק ישראל שיווק בעמ,,,יח`,1,,false,1,14.90,14.90,false,1,
7290111350047,false,תמרים מזן מגהול ללא חרצנים 500 גרם,ליימן שליסל בע`מ,,,יח`,500,גרם,false,1,11.90,2.38,false,1,
7290111350719,false,חטיף נאצוס הוטפופ בסגנון מסעדות 322 גר,ליימן שליסל בע`מ,,,יח`,322,גרם,false,1,16.90,5.25,true,1,
7290111350726,false,חטיף נאצוס הוטפופ בסגנון מקסיקני 322 גר,ליימן שליסל בע`מ,,,יח`,322,גרם,false,1,16.90,5.25,true,1,
7290111352508,false,סילאן טבעי לחיץ קליית גת 840 גרם,ליימן שליסל בע`מ,,,יח`,840,גרם,false,1,19.90,2.37,false,1,
7290111352942,false,יוגטה סוכריות טופי ללא גלוטן 850 ג',ליימן שליסל בע`מ,,,יח`,850,גרם,false,1,20.90,2.46,true,1,
7290111352959,false,מקלות חמוצים ממולאים בטעם פירות 80 גר' יוגטה,ליימן שליסל בעמ,,,יח`,80,גרם,false,1,5.90,7.38,false,1,
7290111352973,false,יוגוטה קוביות חמוצות ממולאות בטעם פירות,ליימן שליסל בע`מ,,,יח`,220,גרם,false,1,7.90,3.59,true,1,
7290111353444,false,חטיף בטטות ומלח ים 120 גרם הוט פופ,איץ.סיי גרופ אס.דה א,,,יח`,120,גרם,false,1,13.90,11.58,false,1,
7290111353475,false,שטיחים חמוצים בטעם פירות 200 גר` יוגטה,ליימן שליסל בע`מ,,,יח`,200,גרם,false,1,7.90,3.95,true,1,
7290111353482,false,מקלות חמוצים ממולאות בטעמי פירות יוגטה 200 גרם,ליימן שליסל בע`מ,,,יח`,200,גרם,false,1,7.90,3.95,true,1,
7290111531323,false,עוגיות רוגלך טעם וניל 400גרם.,שיבולים יצור ושיווק מוצרי מאפה,,,יח`,400,גרם,false,1,11.90,2.98,false,1,
7290111563492,false,סלטי צבר מטבוחה חריפה מרובע 6*400גרם,קבוצת אוסם סחר-שות.מוגבלת,,,יח`,400,גרם,false,1,11.90,2.98,false,1,
7290111564277,false,פריכיות דקות ונימוחות 3 דגנים פיטנס Fitness,קבוצת אוסם סחר שותפות מוגבלת,,,יח`,120,גרם,false,1,11.90,9.92,true,1,
7290111564291,false,פריכיות דקות ונימוחות 3 דגנים וקינואה פיטנס Fitness,קבוצת אוסם סחר שותפות מוגבלת,,,יח`,120,גרם,false,1,11.90,9.92,true,1,
7290111564727,false,עוגיות אסם קרמוגית וקרם אגוזים אסם 200ג',קבוצת אוסם סחר שותפות מוגבלת,,,יח`,200,גרם,false,1,11.90,5.95,false,1,
7290111564956,false,"ביסלי במבה מיקס 200 גרם ""אסם""",קבוצת אוסם סחר שותפות מוגבלת,,,יח`,200,גרם,false,1,9.90,4.95,false,1,
7290111566103,false,טבעול פלאפל מרכיבים ביתיים בלבד 590 גרם,קבוצת אוסם סחר שותפות מוגבלת,,,יח`,590,גרם,false,1,32.90,5.58,true,1,
7290111566226,false,שניצל ברוקולי טבעול 667 גרם,קבוצת אוסם סחר-שות.מוגבלת,,,יח`,667,גרם,false,1,32.90,4.93,true,1,
7290111566240,false,שניצל דק מן הצומח בטעם צ'ילי חריף 700 גרם,קבוצת אוסם סחר שותפות מוגבלת,,,יח`,564,גרם,false,1,32.90,5.83,true,1,
7290111566271,false,טבעול חטיפי תירס 657 גרם קפוא,קבוצת אוסם סחר שותפות מוגבלת,,,יח`,657,גרם,false,1,29.90,4.55,false,1,
7290111566318,false,שניצל דק מן הצומח בטעם ביתי 700 גרם,קבוצת אוסם סחר שותפות מוגבלת,,,יח`,564,גרם,false,1,32.90,5.83,true,1,
7290111566332,false,"נקניקיות וינר מן הצומח 680 גרם ""טבעול""",קבוצת אוסם סחר שותפות מוגבלת,,,יח`,680,גרם,false,1,32.90,4.84,true,1,
7290111566417,false,טבעול טחון מן הצומח משופר 400 גרם,קבוצת אוסם סחר שותפות מוגבלת,,,יח`,500,גרם,false,1,32.90,6.58,true,1,
7290111566547,false,טבעול חזה בגריל צמחוני 99 קלוריות 560ג',קבוצת אוסם סחר שותפות מוגבלת,,,יח`,560,גרם,false,1,29.90,5.34,true,1,
7290111566561,false,"שניצל ברוקולי 99 קלוריות 560 גר' ""טבעול""",קבוצת אוסם סחר שותפות מוגבלת,,,יח`,560,גרם,false,1,32.90,5.88,true,1,
7290111566691,false,"שניצל תרד 99 קלוריות 560 גרם ""טבעול""",קבוצת אוסם סחר-שות.מוגבלת,,,יח`,560,גרם,false,1,32.90,5.88,true,1,
7290111566714,false,טבעול המבורגר צמחוני 99 קלוריות 600 גרם,קבוצת אוסם סחר שותפות מוגבלת,,,יח`,600,גרם,false,1,32.90,5.48,true,1,
7290111566752,false,טבעול שניצל תירס 99 קלוריות 693 גרם,קבוצת אוסם סחר שותפות מוגבלת,,,יח`,693,גרם,false,1,32.90,4.75,true,1,
7290111566776,false,"נקניקיות קוקטייל מן הצומח 680 גרם ""טבעול""",קבוצת אוסם סחר שותפות מוגבלת,,,יח`,680,גרם,false,1,32.90,4.84,true,1,
7290111568206,false,ביסלי פארטי מיקס אסם 150 גר',קבוצת אוסם סחר שותפות מוגבלת,,,יח`,150,גרם,false,1,7.90,5.27,true,1,
7290111568251,false,אטריות נודלס להקפצה אסם אסייתי 350 גר',קבוצת אוסם סחר שותפות מוגבלת,,,יח`,350,גרם,false,1,9.90,2.83,false,1,
7290111568275,false,אטריות נודלס אורז רחבות אסם אסייתי 300גרם,קבוצת אוסם סחר שותפות מוגבלת,,,יח`,300,גרם,false,1,9.90,3.30,false,1,
7290111568299,false,אטריות נודלס עם תרד אסם אסייתי 300 גר',קבוצת אוסם סחר שותפות מוגבלת,,,יח`,300,גרם,false,1,9.90,3.30,false,1,
7290111568961,false,אסם בייגלה טבעות מלוח 400 גר`,קבוצת אוסם סחר שותפות מוגבלת,,,יח`,400,גרם,false,1,10.90,2.73,false,1,
7290111930799,false,קראנצ'וס טעם בצל 55גר,ש. שסטוביץ בע`מ,,,יח`,55,גרם,false,1,2.50,4.55,true,1,
7290111930805,false,קראנצ'וס טעם ברביקיו 55 גר',ש. שסטוביץ בע`מ,,,יח`,55,גרם,false,1,2.50,4.55,true,1,
7290111930850,false,קראנצ'וס טעם פיצה 55גר',ש. שסטוביץ בע`מ,,,יח`,55,גרם,false,1,2.50,4.55,true,1,
7290111930898,false,חטיף פוף כוכבים גריל אמריקאי 40 גרם,ש. שסטוביץ בע`מ,,,יח`,40,גרם,false,1,3.90,9.75,true,1,
7290111930904,false,חטיף פוף כוכבים בצל 40 גרם,ש. שסטוביץ בע`מ,,,יח`,40,גרם,false,1,3.90,9.75,true,1,
7290111930911,false,חטיף פוף לבבות קלאסי 40 גרם,ש. שסטוביץ בע`מ,,,יח`,40,גרם,false,1,3.90,9.75,true,1,
7290111932380,false,"מרידול משחת שיניים מארז 75X2מ""ל כשל""פ",ש.שסטוביץ בעמ,,,יח`,100,גרם,false,1,27.90,27.90,false,1,
7290111933554,false,שלישייה עגבניות קוביות מאסטר שף 400 גרם,קונסוריזיו קאסאלסקו,,,יח`,1200,גרם,false,1,15.90,1.33,false,1,
7290111935961,false,מאסטר שף מחית עגבניות 690 גרם,פראנו אנריקו ופיגלי,,,יח`,690,גרם,false,1,9.90,1.43,false,1,
7290111937231,false,פרי מארז חטיפים 5 יחידות תמרים וקוקוס כשלפ,"טבעית מוצרים מהטבע בע""\מ",,,יח`,125,גרם,false,1,17.90,14.32,false,1,
7290111937255,false,פרי מארז חטיפים 5 יחידות תמרים בוטנים ואגוזי לוז כשלפ,"טבעית מוצרים מהטבע בע""\מ",,,יח`,125,גרם,false,1,15.90,12.72,false,1,
7290111938481,false,"רוטב סויה בהירה מאסטר שף 300 מ""ל",ש. שסטוביץ בע`מ,,,יח`,300,"מ""ל",false,1,12.90,4.30,false,1,
7290111938498,false,"מנה אסייאתי רוטב סויה בהירה 700 מ""ל מ.שף",קי.אר.אס. ספייסי פוד,,,יח`,700,"מ""ל",false,1,13.90,1.99,false,1,
7290112000507,false,מילוי פרשמטיק בניחוח בריזה אביבית,רקיט בנקיזר (ניר איסט) בעמ,,,יח`,250,"מ""ל",false,1,14.90,5.96,false,1,
7290112000736,false,פיניש טבליות AIO 80 יח` אריזת חיסכון,רקיט בנקיזר (ניר איסט) בעמ,,,יח`,1,,false,1,59.90,59.90,false,1,
7290112001023,false,"אירוויק ספרי אוטמטי מילוי תענוגות האביב 250 מ""ל",רקיט בנקיזר (ניר איסט) בעמ,,,יח`,250,"מ""ל",false,1,14.90,5.96,true,1,
7290112001030,false,"אירוויק ספרי אוטמטי מילוי פריחת הדובדבן 250 מ""ל",רקיט בנקיזר (ניר איסט) בעמ,,,יח`,250,"מ""ל",false,1,14.90,5.96,true,1,
7290112001221,false,מנקה מכונת כביסה בניחוח נקי ורענן,רקיט בנקיזר (ניר איסט) בעמ,,,יח`,250,"מ""ל",false,1,19.90,7.96,true,1,
7290112001238,false,"מנקה מכונת כביסה קולון לימון 250 מ""ל",רקיט בנקיזר (ניר איסט) בעמ,,,יח`,250,"מ""ל",false,1,19.90,7.96,false,1,
7290112001436,false,"פיניש מנקה מדיח כלים בניחוח לימון 250 מ""ל",רקיט בנקיזר (ניר איסט) בעמ,,,יח`,1,,false,1,14.90,14.90,true,1,
7290112001900,false,פיניש ג'ל למדיח אקולוגי 1 ליטר,רקיט בנקיזר (ניר איסט) בעמ,,,יח`,1,1 ליטר,false,1,42.90,42.90,false,1,
7290112002099,false,קולון גל כביסה מרוכז 2.5 ליטר קלאסי,רקיט בנקיזר (ניר איסט) בעמ,,,יח`,2.50,1 ליטר,false,1,24.90,9.96,false,1,
7290112002105,false,קולון גל כביסה מרוכז 2.5 ליטר ניחוח לילך,רקיט בנקיזר (ניר איסט) בעמ,,,יח`,2.50,1 ליטר,false,1,24.90,9.96,false,1,
7290112002112,false,ג'ל כביסה מרוכז קולון 101 בניחוח ורדים,רקיט בנקיזר (ניר איסט) בעמ,,,יח`,2.50,1 ליטר,false,1,24.90,9.96,false,1,
7290112002129,false,ג'ל כביסה מרוכז קולון 101 בניחוח פריחה מרענן,רקיט בנקיזר (ניר איסט) בעמ,,,יח`,2.50,1 ליטר,false,1,24.90,9.96,false,1,
7290112002136,false,ג'ל כביסה מרוכז קולון 101 קלאסי,רקיט בנקיזר (ניר איסט) בעמ,,,יח`,4,1 ליטר,false,1,34.90,8.73,false,1,
7290112002143,false,ג'ל כביסה מרוכז קולון 101 בניחוח לילך,רקיט בנקיזר (ניר איסט) בעמ,,,יח`,4,1 ליטר,false,1,34.90,8.73,false,1,
7290112002150,false,ג'ל כביסה מרוכז קולון 101 בניחוח ורדים,רקיט בנקיזר (ניר איסט) בעמ,,,יח`,4,1 ליטר,false,1,34.90,8.73,false,1,
7290112002167,false,קולון ג'ל כביסה בניחוח פריחה מרענן ירוק 4 ליטר,רקיט בנקיזר (ניר איסט) בעמ,,,יח`,4,1 ליטר,false,1,34.90,8.73,false,1,
7290112003188,false,קולון קפסולות ג'ל 60 יח' אריזת חיסכון,רקיט בנקיזר (ניר איסט) בעמ,,,יח`,1,,false,1,54.90,54.90,true,1,
7290112004024,false,ג'ל מסיר כתמים לכביסה לבנה וניש אוקסי אקשן,רקיט בנקיזר (ניר איסט) בעמ,,,יח`,940,"מ""ל",false,1,19.90,2.12,false,1,
7290112004031,false,ג'ל מסיר כתמים לכביסה צבעונית וניש אוקסי אקשן,רקיט בנקיזר (ניר איסט) בעמ,,,יח`,940,"מ""ל",false,1,19.90,2.12,false,1,
7290112004208,false,פיניש טבליות למדיח הכל ב 1 לימון 50 יחידות,רקיט בנקיזר (ניר איסט) בעמ,,,יח`,1,,false,1,39.90,39.90,false,1,
7290112004413,false,"ספריי וניש קליה להסרת כתמים לבגדים לבנים 750 מ""ל",רקיט בנקיזר (ניר איסט) בעמ,,,יח`,750,"מ""ל",false,1,16.90,2.25,false,1,
7290112004970,false,פיניש אולטימייט קוואנטום 50 טבליות למדיח,רקיט בנקיזר (ניר איסט) בעמ,,,יח`,1,,false,1,59.90,59.90,true,1,
7290112004987,false,אירוויק פרשמטיק מילוי בניחוח פצ`ולי ויער,רקיט בנקיזר (ניר איסט) בעמ,,,יח`,250,"מ""ל",false,1,14.90,5.96,true,1,
7290112005045,false,וניש מסיר כתמים אבקה לכביסה לבנה 480 גרם,רקיט בנקיזר (ניר איסט) בעמ,,,יח`,480,גרם,false,1,16.90,3.52,false,1,
7290112005052,false,וניש תוסף כביסה רב תכליתי לבגדים לבנים,רקיט בנקיזר (ניר איסט) בעמ,,,יח`,1.50,"ק""ג",false,1,39.90,26.60,true,1,
7290112005083,false,וניש תוסף כביסה רב תכליתי לכביסה צבעונית,רקיט בנקיזר (ניר איסט) בעמ,,,יח`,1.50,"ק""ג",false,1,39.90,26.60,true,1,
7290112005144,false,מכשיר פרשמטיק+מילוי יסמין וקטורת התפוח,רקיט בנקיזר (ניר איסט) בעמ,,,יח`,1,,false,1,42.90,42.90,true,1,
7290112192295,false,עוגיות סנדויץ במילוי תות ללא גלוטן 200 ג,גורי מוצרי צריכה (1991) בעמ,,,יח`,200,גרם,false,1,19.90,9.95,false,1,
7290112192509,false,פירורי לחם ללא גלוטן 250 גר GFREE,גורי מוצרי צריכה (1991) בעמ,,,יח`,250,גרם,false,1,16.40,6.56,false,1,
7290112193582,false,תערובת להכנת עוגה שוקולד 500 גר G FREE,גורי מוצרי צריכה (1991) בעמ,,,יח`,500,גרם,false,1,18.60,3.72,false,1,
7290112195784,false,תות שדה קפוא 300 גר` פרוסטי,נ.ת.נ.ג.ב החזקות יעוץ וניהול ב,,,יח`,300,גרם,false,1,6.90,2.30,false,1,
7290112197177,false,דגני בוקר במילוי קרם בטעם נוגט ללא גלוטן 375 ג' G FREE,גורי מוצרי צריכה (1991) בעמ,,,יח`,375,גרם,false,1,21.90,5.84,false,1,
7290112197184,false,דגני בוקר במילוי קרם קרמל מלוח ללא גלוטן 375 ג' G FREE,גורי מוצרי צריכה (1991) בעמ,,,יח`,375,גרם,false,1,21.90,5.84,false,1,
7290112197207,false,מיני כריות בציפוי שוקולד חלב מעולה 65ג,גורי מוצרי צריכה (1991) בעמ,,,יח`,65,גרם,false,1,8.90,13.69,false,1,
7290112197221,false,מיני כריות בציפוי שוקולד לבן מעולה 65ג,גורי מוצרי צריכה (1991) בעמ,,,יח`,65,גרם,false,1,8.90,13.69,false,1,
7290112197702,false,פיצה משפחתית  מרגריטה 330 ג' ללא גלוטן ג'י פרי,גורי מוצרי צריכה (1991) בעמ,,,יח`,330,גרם,false,1,24.90,7.55,false,1,
7290112197719,false,פיצה משפחתית  זיתים 330 ג' ללא גלוטן ג'י פרי,גורי מוצרי צריכה (1991) בעמ,,,יח`,330,גרם,false,1,24.90,7.55,false,1,
7290112330352,false,"יוגורט PRO בטעם וניל 0% , 20 גרם חלבון בגביע",שטראוס גרופ בעמ/מצונן,,,יח`,200,"מ""ל",false,1,5.90,2.95,false,1,
7290112330390,false,דנונה פרו פירות יער 20 גרם חלבון 0% שומן 200 גרם,שטראוס גרופ בעמ/מצונן,,,יח`,200,"מ""ל",false,1,5.90,2.95,false,1,
7290112332585,false,פריכיות משולש תפוא אורז בתיבול סלק ומלח ים אנרג'י 30 גרם,"פרח תעשיו מזון בע""מ",,,יח`,30,גרם,false,1,4.90,16.33,false,1,
7290112332691,false,פינוקיות עוגיות קרם פסק זמן אגוזים 200 גרם,"הגביע מוצרי וופלים בע""\מ",,,יח`,200,גרם,false,1,10.90,5.45,true,1,
7290112332899,false,עלית - צנצנת בזוקה פופים קלאסי 58 גרם,שטראוס גרופ בע`מ,,,יח`,1,,false,1,9.90,9.90,true,1,
7290112334596,false,שוקולית אבקת שוקו עלית,שטראוס קפה בי.וי.,,,יח`,935,גרם,false,1,18.50,1.98,true,1,
7290112334749,false,קפה טורקי בצלופן עלית 200 גרם+ 10% תוספת,שטראוס קפה בי.וי,,,יח`,220,גרם,false,1,15.90,7.23,true,1,
7290112335487,false,הפריכיות הטעימות קצח ודגנים אנרג'י 135 גרם,אנרג'י Energy - שטראוס,,,יח`,135,גרם,false,1,12.90,9.56,false,1,
7290112335494,false,הפריכיות הטעימות תפוחי אדמה בטעם פוטטוס,"פרח תעשיות מזון בע""\מ",,,יח`,135,גרם,false,1,12.90,9.56,false,1,
7290112335500,false,"פרכיות אנרג'י חומוס,אורז,עדשים שחורות וקינואה 135 גרם","פרח תעשיות מזון בע""\מ",,,יח`,135,גרם,false,1,12.90,9.56,false,1,
7290112336712,false,יוגורט PRO לבן 0% 21 גרם חלבון בגביע,שטראוס גרופ בעמ/מצונן,,,יח`,200,"מ""ל",false,1,5.90,2.95,false,1,
7290112337474,false,סוכריות מאסט ללא סוכר פטל לימון 80 ג' עלית,שטראוס גרופ בע`מ,,,יח`,80,גרם,false,1,8.90,11.13,false,1,
7290112338877,false,מעדן גבינה בטעם תות 3% 125ג' סקי,שטראוס גרופ בעמ/מצונן,,,יח`,125,גרם,false,1,3.70,2.96,true,1,
7290112339171,false,מעדן מוס שוקולד 81 גר`מילקי,שטראוס גרופ בעמ/מצונן,,,יח`,81,גרם,false,1,3.30,4.07,false,1,
7290112339362,false,דנונה לייט אנד פריי בטעם קפוצ'ינו 150 גרם,שטראוס גרופ בעמ/מצונן,,,יח`,150,"מ""ל",false,1,4.50,3,true,1,
7290112339867,false,גמדים לדרך גבינה לבנה עם מחית תות,שטראוס גרופ בעמ/מצונן,,,יח`,100,גרם,false,1,5.90,5.90,false,1,
7290112339874,false,גמדים לדרך גבינה לבנה עם מחיות תות ובננה,שטראוס גרופ בעמ/מצונן,,,יח`,100,גרם,false,1,5.90,5.90,false,1,
7290112340122,false,הפריכיות הטעימות 3 דגנים אנרג'י 135 גרם,"פרח תעשיות מזון בע""\מ",,,יח`,135,גרם,false,1,12.90,9.56,false,1,
7290112340245,false,מסטיק מאסט צנצנת בטעם דובדבן 66 גר` מגדי,"שטראוס גרופ בע""\מ",,,יח`,66,גרם,false,1,9.90,15,true,1,
7290112340276,false,פינוקיות עוגיית קרם קפה נמס 200 גרם,"הגביע מוצרי וופלים בע""\מ",,,יח`,200,גרם,false,1,10.90,5.45,true,1,
7290112341556,false,יוגורט אקטיביה עם צ'יה ותות 150 גרם,שטראוס גרופ בעמ/מצונן,,,יח`,150,"מ""ל",false,1,4.50,3,false,1,
7290112341679,false,אקטיביה יוגורט 3% דנונה (200 גרם),שטראוס גרופ בעמ/מצונן,,,יח`,200,גרם,false,1,3.90,1.95,true,1,
7290112341686,false,שמינייה יוגורט לבן אקטיביה 3% דנונה 150 גרם.,שטראוס גרופ בעמ/מצונן,,,יח`,1.20,גרם,false,1,19.90,1658.33,false,1,
7290112342102,false,סימפוניה גבינה במרקם שמנת בצל מקורמל 5%,שטראוס גרופ בעמ/מצונן,,,יח`,200,גרם,false,1,11.40,5.70,true,1,
7290112342270,false,קפה פלטינום אינטנס מחוזק ב- 10% אספרסו,שטראוס קפה בי.וי,,,יח`,125,גרם,false,1,18.90,15.12,false,1,
7290112343260,false,"יטבתה רוטב שמנת קלאסי 9% שומן 260 מ""ל",שטראוס גרופ בעמ/מצונן,,,יח`,260,"מ""ל",false,1,9.90,3.81,true,1,
7290112343420,false,"משקה חלב עם דגנים מלאים ובננה פרו יטבתה 350מ""ל",שטראוס גרופ בעמ/מצונן,,,יח`,350,"מ""ל",false,1,6.90,1.97,false,1,
7290112343499,false,חטיף צ'יטוס פאפס אפוי בטעם גבינה,"שטראוס פריטו ליי בע""\מ )",,,יח`,60,גרם,false,1,3.50,5.83,true,1,
7290112343512,false,צ'יטוס puffs בטעם גבינה 180 גרם,"שטראוס פריטו ליי בע""\מ )",,,יח`,180,גרם,false,1,6.90,3.83,false,1,
7290112344564,false,רביולי גבינה קלאסי שטראוס 400 ג',שטראוס גרופ בעמ/מצונן,,,יח`,400,גרם,false,1,20.90,5.23,true,1,
7290112344724,false,מילקי בטעם שוקולד בלונדי עם קצפת 133גר,שטראוס גרופ בעמ/מצונן,,,יח`,133,גרם,false,1,3.30,2.48,false,1,
7290112344755,false,מילקי עם 26% פחות סוכר 135 גר}שטראוס{,שטראוס גרופ בעמ/מצונן,,,יח`,135,גרם,false,1,2.80,2.07,false,1,
7290112344786,false,קפה פלטינום קלאסיק עלית 200 גרם,הנסיך- מפעל לייצור ט,,,יח`,200,גרם,false,1,24.90,12.45,false,1,
7290112344953,false,סימפוניה חציל קלוי גבינה במקרם שמנת 5%,שטראוס גרופ בעמ/מצונן,,,יח`,200,גרם,false,1,11.40,5.70,true,1,
7290112346360,false,בפלות אחת אחת ופל בטעם שוקולד מצופה שוקולד,הגביע מוצרי וופלים ב,,,יח`,180,גרם,false,1,13.90,7.72,false,1,
7290112346629,false,דנונה בר יוגורט+קורנפלקס מצופה שוקולד חלב ולבן 172 גרם,שטראוס גרופ בעמ/מצונן,,,יח`,172,"מ""ל",false,1,4.40,2.56,false,1,
7290112346773,false,יוגורט בטעם וניל 0% לייט אנד פרי 10 גרם חלבון בגביע,שטראוס גרופ בעמ/מצונן,,,יח`,150,גרם,false,1,4.60,3.07,true,1,
7290112346797,false,יוגורט אקטיביה שיבולת שועל ושזיף 150 גרם,שטראוס גרופ בעמ/מצונן,,,יח`,150,"מ""ל",false,1,4.60,3.07,false,1,
7290112346827,false,שמיניית אקטימל ויטמין C פטל 108 גרם,שטראוס גרופ בעמ/מצונן,,,יח`,800,"מ""ל",false,1,19.90,2.49,false,1,
7290112347008,false,גמדים לדרך גבינה לבנה עם מחית תות ושיבולת שועל,שטראוס גרופ בעמ/מצונן,,,יח`,100,גרם,false,1,5.90,5.90,false,1,
7290112347473,false,מארז דנונה לייט אנד פריי תות ואפרסק 150 גרם 8 יחידות,שטראוס גרופ בעמ/מצונן,,,יח`,1200,גרם,false,1,27.50,2.29,false,1,
7290112348142,false,שעועית לבנה 380 גר' בקופסה טעם הטבע,שטראוס גרופ בע`מ,,,יח`,380,גרם,false,1,6.90,1.82,true,1,
7290112348616,false,עלית - קפה נמס אגוזי לוז 100 גרם,שטראוס קפה בי.וי,,,יח`,100,גרם,false,1,16.90,16.90,false,1,
7290112348999,false,הפריכיות הטעימות תירס דקות אנרג'י 135 גרם,שטראוס גרופ בע`מ,,,יח`,135,גרם,false,1,12.90,9.56,false,1,
7290112349316,false,מסטיק בזוקה פופים ממולא בטעם תות ללא סוכר,שטראוס גרופ בע`מ,,,יח`,86,גרם,false,1,13.90,16.16,false,1,
7290112349606,false,מעדן גבינה ויוגורט תות בננה 88 ג' דניאלה,שטראוס גרופ בעמ/מצונן,,,יח`,150,"מ""ל",false,1,4,2.67,false,1,
7290112349705,false,פומודורו רוטב עגבניות קלאסי לפסטה יד מרדכי 350 גרם,אמיליאנה קונסרב סוסייטה,,,יח`,350,גרם,false,1,10.90,3.11,true,1,
7290112349736,false,בזיליקום רוטב עגבניות לפסטה יד מרדכי 350 גרם,אמיליאנה קונסרב סוסייטה,,,יח`,350,גרם,false,1,10.90,3.11,true,1,
7290112349743,false,ארביאטה רוטב עגבניות פיקנטי לפסטה 350 ג' יד מרדכי,אמיליאנה קונסרב סוסייטה,,,יח`,350,גרם,false,1,10.90,3.11,true,1,
7290112349750,false,פיצה רוטב עגבניות לפיצה יד מרדכי 350 גרם,אמיליאנה קונסרב סוסייטה,,,יח`,350,גרם,false,1,10.90,3.11,true,1,
7290112349897,false,מסטיק מאסט Must קוביות בטעם מנטה ללא סוכר,שטראוס גרופ בע`מ,,,יח`,86,גרם,false,1,13.90,16.16,false,1,
7290112350275,false,קפסולות LUNGO למכונת נספרסו עלית 10 יחידות,שטראוס קפה בי.וי,,,יח`,55,גרם,false,1,16.90,30.73,true,1,
7290112350312,false,קפסולות 15 קפה יותר למכונות נספרסו עלית 10יח',הנסיך- מפעל לייצור ט,,,יח`,50,גרם,false,1,16.90,33.80,true,1,
7290112350589,false,צ`יקו להכנת משקה צ`יקוריה עלית (65 גרם),שטראוס קפה בי.וי,,,יח`,65,גרם,false,1,9.90,15.23,false,1,
7290112351470,false,סוכריות ללא סוכר בטעם תות רימון מאסט פרש,"הליקון גידה בע""\מ",,,יח`,45,גרם,false,1,8.90,19.78,false,1,
7290112354174,false,"פסטה רוזה 280 ג""ר ""דלישס"" שטראוס",קפוא-זן תעשיות מזון בעמ - תפוג,,,יח`,280,גרם,false,1,21.90,7.82,true,1,
7290112354945,false,תפוצ'יפס WAVY בטעם טבעי 50 גרם,שטראוס פריטו ליי בע”,,,יח`,50,גרם,false,1,3.90,7.80,false,1,
7290112354969,false,תפוצ'יפס בטעם טבעי 200 גרם היתר מכירה,שטראוס פריטו ליי בע”,,,יח`,200,גרם,false,1,10.90,5.45,true,1,
7290112355027,false,דנונה פרו 20 גרם חלבון בטעם קרמל מלוח 200 גרם,שטראוס גרופ בעמ/מצונן,,,יח`,200,"מ""ל",false,1,5.90,2.95,false,1,
7290112355102,false,גמדים סקוויז 100 גרם פאוץ סלט פירות 100 גרם,שטראוס גרופ בעמ/מצונן,,,יח`,100,גרם,false,1,5.90,5.90,false,1,
7290112355393,false,"יטבתה רוטב שמנת+בטטה 9% שומן 250 מ""ל",שטראוס גרופ בעמ/מצונן,,,יח`,250,"מ""ל",false,1,9.90,3.96,true,1,
7290112355775,false,גבינת סימפוניה עם עירית 200 גרם,שטראוס גרופ בעמ/מצונן,,,יח`,200,גרם,false,1,11.40,5.70,true,1,
7290112355812,false,מילקי טופ קורנפלקס 141 ג' שטראוס,שטראוס גרופ בעמ/מצונן,,,יח`,130,"מ""ל",false,1,4.90,3.77,false,1,
7290112357069,false,מחית עגבניות איטלקיות בקופסה 500 גר' טעם הטבע,שטראוס גרופ בע`מ,,,יח`,500,גרם,false,1,6.90,1.38,true,1,
7290112357083,false,טעם הטבע אפונה ירוקה 380 גרם קופסה,הדקלאים אגודת שיתופי,,,יח`,380,גרם,false,1,6.90,1.82,true,1,
7290112357106,false,שעועית אדומה 380 גר' בקופסה טעם הטבע,שטראוס גרופ בע`מ,,,יח`,380,גרם,false,1,6.90,1.82,true,1,
7290112357113,false,גרגרי חומוס בקופסה 380 גר' טעם הטבע,שטראוס גרופ בע`מ,,,יח`,380,גרם,false,1,6.90,1.82,true,1,
7290112358127,false,דנונה פרו חלבון+מגנזיום- וניל ועוגיות 200 גרם,שטראוס גרופ בעמ/מצונן,,,יח`,200,גרם,false,1,6.50,3.25,false,1,
7290112358219,false,רוטב צ`ילי מתוק יד מרדכי (300 גר`),אף.סי תבליני בגליל ב,,,יח`,300,גרם,false,1,13.90,4.63,false,1,
7290112358233,false,רוטב צ`ילי חריף יד מרדכי (300 גר`),שטראוס גרופ בע`מ,,,יח`,300,גרם,false,1,13.90,4.63,false,1,
7290112358431,false,עד חצות דאבל ביסקוויט עם שוקולד חלב -8 אריזות אישיות,ביסקוויטס טור ד'\אלבון,,,יח`,200,גרם,false,1,13.90,6.95,false,1,
7290112359384,false,עלית - קפה נמס אלפחורס ריבת חלב 100 גרם,שטראוס קפה בי.וי,,,יח`,100,גרם,false,1,16.90,16.90,false,1,
7290112415400,false,עוגיות אלפחורס קפולסקי 280 גרם,תופינים מקבוצת קפולסקי,,,יח`,280,גרם,false,1,29.90,10.68,false,1,
7290112481900,false,כוסות מעוטרות לפיד (50),פאלאס תעשיות נטו (2014) בעמ,,,יח`,1,,false,1,20.90,20.90,true,1,
7290112482211,false,פאלאס תבניות אלומניום ענק,פאלאס תעשיות נטו (2014) בעמ,,,יח`,1,,false,1,1.90,1.90,false,1,
7290112482686,false,גביע איחסון אמריקאי 240 מל לפיד 8 יח,פאלאס תעשיות נטו (2014) בעמ,,,יח`,1,,false,1,5.90,5.90,true,1,
7290112482693,false,גביע איחסון אמריקאי 480 מל לפיד 6יח,פאלאס תעשיות נטו (2014) בעמ,,,יח`,1,,false,1,5.90,5.90,true,1,
7290112483454,false,מזלגות שקופות לפיד 50 יח,פאלאס תעשיות נטו (2014) בעמ,,,יח`,1,,false,1,7.90,7.90,true,1,
7290112483461,false,סכינים שקופות לפיד 50 יח,פאלאס תעשיות נטו (2014) בעמ,,,יח`,1,,false,1,7.90,7.90,true,1,
7290112484291,false,צלחת קטנה שקוף פאלאס 25 יחידות,פאלאס תעשיות נטו (2014) בעמ,,,יח`,1,,false,1,8.90,8.90,true,1,
7290112484307,false,צלחות גדולה שקוף 25 יח לפיד,פאלאס תעשיות נטו (2014) בעמ,,,יח`,1,,false,1,12.90,12.90,true,1,
7290112484338,false,צלחות מרק שקוף 25 יח לפיד,פאלאס תעשיות נטו (2014) בעמ,,,יח`,1,,false,1,8.90,8.90,true,1,
7290112484345,false,קעריות אובלי שקוף25 יח לפיד,פאלאס תעשיות נטו (2014) בעמ,,,יח`,1,,false,1,6.90,6.90,true,1,
7290112484895,false,צלחות גדולות חזקות ב,פאלאס תעשיות נטו (2014) בעמ,,,יח`,1,יח`,false,1,39.90,39.90,true,1,
7290112485113,false,קערה גדולה שיפוע לבן,פאלאס תעשיות נטו (2014) בעמ,,,יח`,1,,false,1,8.90,8.90,false,1,
7290112485861,false,כוסות נייר b8 פאלאס) (50,פאלאס תעשיות נטו (2014) בעמ,,,יח`,50,יח`,false,1,7.90,0.16,false,1,
7290112486141,false,כוסות שתיה קרה פאלאס 70 יח`,פאלאס תעשיות נטו (2014) בעמ,,,יח`,1,,false,1,5.90,5.90,true,1,
7290112490032,false,"נמס בכוס טעם תירס קנור 31 גרם מארז זוגי בד""צ",יוניליוור ישראל שיווק בע`מ,,,יח`,45,גרם,false,1,6.90,15.33,false,1,
7290112490209,false,נמס בכוס מרק עגבניות עם קרוטונים רכיבים טבעיים,יוניליוור ישראל שיווק בע`מ,,,יח`,56,גרם,false,1,6.90,12.32,false,1,
7290112490216,false,מרק נמס בכוס בטעם עוף קנור 100% רכיבים טבעיים,יוניליוור ישראל שיווק בע`מ,,,יח`,48,גרם,false,1,6.90,14.38,false,1,
7290112490230,false,מרק נמס בכוס אפונה קנור 100% רכיבים טבעיים,יוניליוור ישראל שיווק בע`מ,,,יח`,50,גרם,false,1,6.90,13.80,false,1,
7290112490667,false,קונפיטורה משמש778 50% פרי 340 גר',יוניליוור ישראל שיווק בע`מ,,,יח`,340,גרם,false,1,13.90,4.09,false,1,
7290112490674,false,קונפיטורה דובדבנים 778 50% פרי 340 גר-,יוניליוור ישראל שיווק בע`מ,,,יח`,340,גרם,false,1,13.90,4.09,false,1,
7290112490735,false,מרק עשיר עגבניות עם פסטה ר.טבעיים 105 גרם קנור,יוניליוור ישראל שיווק בע`מ,,,יח`,105,גרם,false,1,12.90,12.29,false,1,
7290112490742,false,מרק עשיר פטריות עם גריסים רכיבים טבעיים 104 ג' קנור,יוניליוור ישראל שיווק בע`מ,,,יח`,104,גרם,false,1,12.90,12.40,false,1,
7290112490759,false,מרק עשיר עוף עם אטריות רכיבים טבעיים 74 ג' קנור,יוניליוור ישראל שיווק בע`מ,,,יח`,74,גרם,false,1,12.90,17.43,false,1,
7290112490803,false,קליק שקית עוגיות קרמל,יוניליוור ישראל שיווק בעמ,,,יח`,70,גרם,false,1,6.50,9.29,true,1,
7290112490810,false,קליק שקית עוגיות טעם חמאה,יוניליוור ישראל שיווק בעמ,,,יח`,70,גרם,false,1,6.50,9.29,true,1,
7290112490827,false,תרסיס ריחני למייבש הכביסה בדין בייבי 500,יוניליוור ישראל שיווק בע`מ,,,יח`,500,"מ""ל",false,1,19.90,3.98,false,1,
7290112491268,false,קליק כדורים פרווה 75 גר,יוניליוור ישראל שיווק בעמ,,,יח`,75,גרם,false,1,6.50,8.67,true,1,
7290112491701,false,ברנפלקס בטעם וניל מעודן 20% חלבון Extra Protein,יוניליוור ישראל שיווק בע`מ,,,יח`,375,גרם,false,1,22.90,6.11,false,1,
7290112491770,false,בייגלה דקים דקים מלח ים בייגל בייגל 300 גרם.,יוניליוור ישראל שיווק בע`מ,,,יח`,300,גרם,false,1,10.90,3.63,false,1,
7290112491787,false,בייגלה דקים דקים עם שומשום בייגל בייגל 300 גרם,יוניליוור ישראל שיווק בע`מ,,,יח`,300,גרם,false,1,10.90,3.63,false,1,
7290112491794,false,בייגלה דקים דקים בטעם שמנת ובצל בייגל בייגל 300 גרם,יוניליוור ישראל שיווק בע`מ,,,יח`,300,גרם,false,1,10.90,3.63,false,1,
7290112492449,false,פינוק שמפו שיער רגיל 700 מל-חדש,"יוניליוור ישראל שיווק בע""מ",,,יח`,700,גרם,false,1,12.90,1.84,false,1,
7290112492463,false,"שמפו ומרכך 2 ב-1 לשיער רגיל פינוק 700 מ""ל.",יוניליוור ישראל שיווק בע`מ,,,יח`,700,"מ""ל",false,1,12.90,1.84,false,1,
7290112492470,false,"שמפו ומרכך 2 ב-1 לשיער יבש פינוק 700 מ""ל.",יוניליוור ישראל שיווק בע`מ,,,יח`,700,"מ""ל",false,1,12.90,1.84,false,1,
7290112492500,false,פינוק שמפו לשיער עם שמן קוקוס 700 מל,יוניליוור ישראל שיווק בע`מ,,,יח`,700,"מ""ל",false,1,12.90,1.84,false,1,
7290112492531,false,"פינוק קונדישנר לשיער רגיל 700מ""ל",יוניליוור ישראל שיווק בע`מ,,,יח`,700,"מ""ל",false,1,12.90,1.84,false,1,
7290112492579,false,פינוק מרכך בתוספת שמן קוקוס 700 מל-חדש,יוניליוור ישראל שיווק בע`מ,,,יח`,700,"מ""ל",false,1,12.90,1.84,false,1,
7290112492647,false,"פינוק לגבר 3 ב1 שמפו ג'ל רחצה וסבון פנים 700 מ""ל",יוניליוור ישראל שיווק בע`מ,,,יח`,700,"מ""ל",false,1,12.90,1.84,false,1,
7290112492722,false,"2ב-1 שמפו ומרכך פינוק אל דמע לסירוק קל לילדים 700 מ""ל",יוניליוור ישראל שיווק בע`מ,,,יח`,700,"מ""ל",false,1,11.90,1.70,false,1,
7290112492982,false,"אבקת מרק פטריות כשל""פ 100% רכיבים טבעיים 400 גרם",יוניליוור ישראל שיווק בע`מ,,,יח`,400,גרם,false,1,27.90,6.98,false,1,
7290112492999,false,קנור מרק עוף אמיתי 400 גרם פרווה,יוניליוור ישראל שיווק בע`מ,,,יח`,400,גרם,false,1,15.90,3.98,false,1,
7290112493088,false,נמס בכוס עדשים מרק רכיבים טבעיים קנור 54 ג',יוניליוור ישראל שיווק בע`מ,,,יח`,54,גרם,false,1,6.90,12.78,false,1,
7290112493095,false,נמס בכוס מרק עגבניות חריף רכיבים טבעיים קנור 48 ג',יוניליוור ישראל שיווק בע`מ,,,יח`,48,גרם,false,1,6.90,14.38,false,1,
7290112493163,false,חטיף קליק מיקס כריות וגלילית (65 גרם),יוניליוור ישראל שיווק בעמ,,,יח`,65,גרם,false,1,6.50,10,true,1,
7290112493170,false,חטיף כריות נוגט לבן (75 גרם),יוניליוור ישראל שיווק בעמ,,,יח`,75,גרם,false,1,6.50,8.67,true,1,
7290112493293,false,קנור - נמס ירקות וקרוטונים ר.טבעי 44 גרם,יוניליוור ישראל שיווק בע`מ,,,יח`,44,גרם,false,1,6.90,15.68,false,1,
7290112493316,false,מרק היום אפונה 100% רכיבים טביעיים קנור,יוניליוור ישראל שיווק בע`מ,,,יח`,117,גרם,false,1,12.90,11.03,false,1,
7290112493927,false,גלידה בטעם ריבת חלב 1.33ל' קרמיסימו,"גלידת שטראוס בע""\מ, רחוב",,,יח`,1.33,1 ליטר,false,1,19.90,14.96,true,1,
7290112493934,false,קרמיסימו מעדן קפוא טעם וניל צרפתי,"גלידת שטראוס בע""\מ, רחוב",,,יח`,1.33,1 ליטר,false,1,19.90,14.96,true,1,
7290112493965,false,קרמיסימו חלבית בטעם מסטיק וניל 665 גר,"גלידת שטראוס בע""\מ, רחוב",,,יח`,1.33,1 ליטר,false,1,19.90,14.96,true,1,
7290112494153,false,תיבוליות ניחוח צלי קנור( 72 גרם),יוניליוור ישראל שיווק בע`מ,,,יח`,72,גרם,false,1,9.90,13.75,false,1,
7290112494214,false,חטיף קליק ביסקוויט לבן 65 גר`,יוניליוור ישראל שיווק בעמ,,,יח`,65,גרם,false,1,6.50,10,true,1,
7290112494221,false,חטיף ביסקויט שוקולד חלב קליק (65 גרם),יוניליוור ישראל שיווק בע`מ,,,יח`,65,גרם,false,1,6.50,10,true,1,
7290112494238,false,חטיף כדורים שוקולד חלב קליק (65 גרם),יוניליוור ישראל שיווק בע`מ,,,יח`,65,גרם,false,1,6.50,10,true,1,
7290112494269,false,חטיף קליק כריות צוקולטה 65 גר`,יוניליוור ישראל שיווק בעמ,,,יח`,65,גרם,false,1,6.50,10,true,1,
7290112494276,false,קליק כריות בתפזורת כשר לפסח,יוניליוור ישראל שיווק בע`מ,,,יח`,65,גרם,false,1,6.50,10,true,1,
7290112494283,false,חטיף כדורים מעורב חום לבו 65 גר`קליק,יוניליוור ישראל שיווק בע`מ,,,יח`,65,גרם,false,1,6.50,10,true,1,
7290112494290,false,קליק שקיות עוגי 65 גר`,יוניליוור ישראל שיווק בעמ,,,יח`,75,גרם,false,1,6.50,8.67,true,1,
7290112494313,false,קליק - קורנפלקס תפזורת 65 גרם,יוניליוור ישראל שיווק בע`מ,,,יח`,65,גרם,false,1,6.50,10,true,1,
7290112494344,false,קורנפלקס של אלופים תלמה (850 גרם)רבנות,יוניליוור ישראל שיווק בע`מ,,,יח`,850,גרם,false,1,19.90,2.34,true,1,
7290112494351,false,קורנפלקס של אלופים תלמה (850 גרם).בדצ,יוניליוור ישראל שיווק בע`מ,,,יח`,850,גרם,false,1,19.90,2.34,true,1,
7290112494382,false,פירה בטעם ביתי 260 גרם-קופסא,יוניליוור ישראל שיווק בע`מ,,,יח`,260,גרם,false,1,8.90,3.42,false,1,
7290112494825,false,תרחיץ פנים לעור רגיש מכיל 25% קרם לחות,יוניליוור ישראל שיווק בע`מ,,,יח`,180,"מ""ל",false,1,17.90,9.94,false,1,
7290112495006,false,כריות דגנים במילוי נוגט בדצ 686 גרם,יוניליוור ישראל שיווק בע`מ,,,יח`,686,גרם,false,1,26.90,3.92,true,1,
7290112495044,false,דגני קוקומן פצפוצים תלמה (375 גרם),יוניליוור ישראל שיווק בע`מ,,,יח`,375,גרם,false,1,21.90,5.84,false,1,
7290112495105,false,נשנושים טעם שמנת בצל בייגל בייגל 260 גרם,יוניליוור ישראל שיווק בע`מ,,,יח`,260,גרם,false,1,12.90,4.96,false,1,
7290112495266,false,קליק דאבל קרם עוגיות 65 גר`,יוניליוור ישראל שיווק בעמ,,,יח`,65,גרם,false,1,6.50,10,true,1,
7290112495273,false,קליק דאבל קרם חלב 65 גר`,יוניליוור ישראל שיווק בעמ,,,יח`,65,גרם,false,1,6.50,10,true,1,
7290112495433,false,דגני דליפקאן תוספת אגוזי פקאן ושקדים 400 גר,יוניליוור ישראל שיווק בע`מ,,,יח`,400,גרם,false,1,22.90,5.73,false,1,
7290112495488,false,קורנפלקס פתיתי תירס קלויים ללא גלוטן 500,יוניליוור ישראל שיווק בע`מ,,,יח`,500,גרם,false,1,15.90,3.18,false,1,
7290112495594,false,בייגלה שמיניות גדולות ללא מלח בייגל בייגל 400 גרם,יוניליוור ישראל שיווק בע`מ,,,יח`,400,גרם,false,1,12.90,3.23,false,1,
7290112495662,false,קרקר חיטה מלאה ופשתן בייגל בייגל 300 גרם,יוניליוור ישראל שיווק בע`מ,,,יח`,300,גרם,false,1,8.90,2.97,false,1,
7290112495754,false,רוטב לסלט אלף האיים הלמנס (305 מל),יוניליוור ישראל שיווק בע`מ,,,יח`,305,"מ""ל",false,1,12.90,4.23,false,1,
7290112495785,false,רוטב לסלט שום (300 גרם)הלמנס,יוניליוור ישראל שיווק בע`מ,,,יח`,300,גרם,false,1,12.90,4.30,false,1,
7290112495808,false,רוטב לסלט חרדל ודבש הלמנס (305 מל),יוניליוור ישראל שיווק בע`מ,,,יח`,305,"מ""ל",false,1,12.90,4.23,false,1,
7290112496430,false,קנור נמס בכוס אקסטרה עגבניות+איטריות 37 גרם - רבנות,יוניליוור ישראל שיווק בע`מ,,,יח`,37,גרם,false,1,4.90,13.24,false,1,
7290112496447,false,נמס בכוס אקסטרה טעם עוף עם המון אטריות 27ג',יוניליוור ישראל שיווק בע`מ,,,יח`,27,גרם,false,1,4.90,18.15,false,1,
7290112496461,false,נמס בכוס אקסטרה מרק ירקות עם המון אטריות,יוניליוור ישראל שיווק בע`מ,,,יח`,32,גרם,false,1,4.90,15.31,false,1,
7290112496584,false,קליק כריות Black מצופה שוקולד לבן ועוגיות,יוניליוור ישראל שיווק בע`מ,,,יח`,65,גרם,false,1,6.50,10,true,1,
7290112496591,false,חטיף קליק כריות בלאק חלב 65 גר,יוניליוור ישראל שיווק בעמ,,,יח`,65,גרם,false,1,6.50,10,true,1,
7290112497031,false,קנור רוטב עגבניות לקציצות 415 גרם,יוניליוור ישראל שיווק בע`מ,,,יח`,415,גרם,false,1,12.90,3.11,false,1,
7290112497123,false,סחלב תערובת להכנת מעדן בטעם סחלב 112גרם,יוניליוור ישראל שיווק בע`מ,,,יח`,112,גרם,false,1,13.90,12.41,false,1,
7290112497505,false,"תחליב גוף וזלין ירוק עם אלוורה 600מ""ל",יוניליוור ישראל שיווק בע`מ,,,יח`,600,"מ""ל",false,1,19.90,3.32,false,1,
7290112498069,false,#קוקומן ללא גלוטן כשלפ 375ג - חדש,יוניליוור ישראל שיווק בע`מ,,,יח`,375,גרם,false,1,21.90,5.84,false,1,
7290112498847,false,שטראוס קרמיסימו בטעמי נוגט וניל שוקולד,גלידות שטראוס בעמ,,,יח`,1.33,1 ליטר,false,1,19.90,14.96,true,1,
7290112498915,false,מאגדת מיני מגנום שקדים מובחר שטראוס 250 גרם,"מיוצר ע""\י גלידת שטראוס",,,יח`,250,גרם,false,1,27.90,11.16,false,1,
7290112498922,false,מאגדת מיני מגנום לבן שטראוס 250 גרם,"מיוצר ע""\י גלידת שטראוס",,,יח`,1,,false,1,27.90,27.90,false,1,
7290112499059,false,"קרמיסימו שוקולד לבן עם תות ""שטראוס""","גלידת שטראוס בע""מ, ר",,,יח`,1.33,1 ליטר,false,1,19.90,14.96,true,1,
7290112499066,false,שטראוס קרמיסימו שוקולד לבן ופיסטוק,"גלידת שטראוס בע""מ, ר",,,יח`,1.33,1 ליטר,false,1,19.90,14.96,true,1,
7290112499127,false,שלגון גלידה שוקולד לבן ותות 77 גרם,"מיוצר ע""\י גלידת שטראוס",,,יח`,1,,false,1,9.90,9.90,true,1,
7290112499189,false,"גלידת קרמיסימו חד קרן וניל תות, 1.33 ליטר","גלידת שטראוס בע""\מ, רחוב",,,יח`,1.33,1 ליטר,false,1,19.90,14.96,true,1,
7290112499196,false,גלידה בטעם החלב של הקורנפלקס 1.33 ל' קרמיסימו,"גלידת שטראוס בע""\מ, רחוב",,,יח`,1.33,1 ליטר,false,1,19.90,14.96,true,1,
7290112499639,false,טילון סופר מגנום וניל צ'יפ שוקולד 110 גרם,"מיוצר ע""\י גלידת שטראוס",,,יח`,1,,false,1,9.90,9.90,true,1,
7290112499646,false,"מעדן קפוא בטעם וניל עם וופל 108 גרם ""קורנטו""","מיוצר ע""\י גלידת שטראוס",,,יח`,1,,false,1,9.90,9.90,true,1,
7290112499677,false,מגנום וניל בציפוי שוקולד לבן,"מיוצר ע""\י גלידת שטראוס",,,יח`,85,גרם,false,1,9.90,11.65,true,1,
7290112499837,false,מגנום דואט שוקו לד עם נוגט שטראוס,"מיוצר ע""\י גלידת שטראוס",,,יח`,90,גרם,false,1,9.90,11,true,1,
7290112499844,false,מאגדת מיני מגנום דואט שוקולד עם נוגט שטראוס 310 גרם,"מיוצר ע""\י גלידת שטראוס",,,יח`,1,,false,1,27.90,27.90,false,1,
7290112499929,false,מגנום שוקולד אימפלס פסח 120מל,"מיוצר ע""\י גלידת שטראוס",,,יח`,1,,false,1,9.90,9.90,true,1,
7290112499936,false,מגנום שקדים אימפלס פסח 125מל,"מיוצר ע""\י גלידת שטראוס",,,יח`,1,,false,1,9.90,9.90,true,1,
7290112961266,false,בייגלה כפיות פיזור איטלקי אסם 300 גרם,קבוצת אוסם סחר שותפות מוגבלת,,,יח`,300,גרם,false,1,9.90,3.30,false,1,
7290112961372,false,פיטנס חטיפי פריכיות דקות קינמון 60 גרם,קבוצת אוסם סחר שותפות מוגבלת,,,יח`,60,גרם,false,1,8.90,14.83,false,1,
7290112961440,false,פיטנס חטיפי פריכיות שוקולד מריר 84 גרם,קבוצת אוסם סחר שותפות מוגבלת,,,יח`,84,גרם,false,1,14.90,17.74,false,1,
7290112961464,false,פיטנס חטיפי פריכיות דגנים וחומוס מתובלות,קבוצת אוסם סחר שותפות מוגבלת,,,יח`,60,גרם,false,1,8.90,14.83,false,1,
7290112961754,false,עוגיות שוקולד ציפס עם קרם בטעם אגוזים 220 גר',קבוצת אוסם סחר שותפות מוגבלת,,,יח`,220,גרם,false,1,11.90,5.41,false,1,
7290112962287,false,טבעול שווארמה טבעונית 6*450 גרם,קבוצת אוסם סחר שותפות מוגבלת,,,יח`,450,גרם,false,1,32.90,7.31,true,1,
7290112962737,false,שניצל מן הצומח עם חלבון טבעול 664 גרם,קבוצת אוסם סחר שותפות מוגבלת,,,יח`,664,גרם,false,1,24.90,3.75,false,1,
7290112963918,false,פיטנס חטיפי קרקר דק רוזמרין 140 גרם,קבוצת אוסם סחר שותפות מוגבלת,,,יח`,140,גרם,false,1,11.90,8.50,true,1,
7290112964410,false,אסם רוטב אלף האיים חדש לסלט 290 גרם,קבוצת אוסם סחר שותפות מוגבלת,,,יח`,290,"מ""ל",false,1,11.90,4.10,true,1,
7290112964434,false,אסם רוטב קיסר חדש לסלט 295 גרם,קבוצת אוסם סחר שותפות מוגבלת,,,יח`,290,"מ""ל",false,1,11.90,4.10,true,1,
7290112964458,false,רוטב ויניגרט חדש לסלט 295 גרם אסם,קבוצת אוסם סחר שותפות מוגבלת,,,יח`,295,"מ""ל",false,1,11.90,4.03,true,1,
7290112964472,false,אסם רוטב שום חדש לסלט 290 גרם,קבוצת אוסם סחר שותפות מוגבלת,,,יח`,290,"מ""ל",false,1,11.90,4.10,true,1,
7290112964564,false,רוטב אלף האיים לייט לסלט אסם (295 מל),קבוצת אוסם סחר שותפות מוגבלת,,,יח`,295,"מ""ל",false,1,11.90,4.03,true,1,
7290112964601,false,רוטב בנוסח סצ'ואן הסדרה האסייתית,קבוצת אוסם סחר שותפות מוגבלת,,,יח`,290,"מ""ל",false,1,14.90,5.14,true,1,
7290112964625,false,רוטב שום לייט לסלט 310 גרם אסם,קבוצת אוסם סחר שותפות מוגבלת,,,יח`,290,"מ""ל",false,1,11.90,4.10,true,1,
7290112965165,false,מרק נמס פטריות אסם בדצ 48 גרם מארז זוגי,קבוצת אוסם סחר שותפות מוגבלת,,,יח`,48,גרם,false,1,5.90,12.29,false,1,
7290112965240,false,מרק נמס בטעם עגבניות זוג * 44 ג' אסם,קבוצת אוסם סחר שותפות מוגבלת,,,יח`,60,גרם,false,1,5.90,9.83,false,1,
7290112965264,false,אבקת מרק נמס אפונה אסם בדצ 52 גרם מארז זוגי,קבוצת אוסם סחר שותפות מוגבלת,,,יח`,52,גרם,false,1,5.90,11.35,false,1,
7290112965288,false,מרק נמס ירקות אסם בדצ 56 גרם מארז זוגי,קבוצת אוסם סחר שותפות מוגבלת,,,יח`,52,גרם,false,1,5.90,11.35,false,1,
7290112965301,false,זוג מרק נמס בטעם עוף עם שקדי מרק רגע חם,קבוצת אוסם סחר שותפות מוגבלת,,,יח`,52,גרם,false,1,5.90,11.35,false,1,
7290112965325,false,תבשיל אורז ספרדי אוסם 140 גרם,קבוצת אסם סחר שות. מוגבלת,,,יח`,140,גרם,false,1,11.90,8.50,false,1,
7290112965585,false,פרפקטו פסטה קסרצה אסם 500 גרם,קבוצת אוסם סחר שותפות מוגבלת,,,יח`,500,גרם,false,1,7.90,1.58,false,1,
7290112965660,false,פיטנס - חטיף מולטיגריין מלח פלפל 25 גרם,קבוצת אוסם סחר שותפות מוגבלת,,,יח`,1,,false,1,5,5,false,1,
7290112965684,false,פיטנס - חטיף מולטיגריין עשבי תיבול 25 גרם,קבוצת אוסם סחר שותפות מוגבלת,,,יח`,100,גרם,false,1,5,5,false,1,
7290112965707,false,פיטנס - חטיף מולטיגריין צילי מעודן 25 גרם,קבוצת אוסם סחר שותפות מוגבלת,,,יח`,100,גרם,false,1,5,5,false,1,
7290112965745,false,אוסם - ביסלי פריסטייל בצל מעושן 60 גרם,קבוצת אוסם סחר שותפות מוגבלת,,,יח`,60,גרם,false,1,3.90,6.50,true,1,
7290112965783,false,אוסם - ביסלי פריסטייל על האש 60 גרם,קבוצת אוסם סחר שותפות מוגבלת,,,יח`,60,גרם,false,1,3.90,6.50,true,1,
7290112966094,false,עוגת הבית בטעם תפוז מופחת סוכראסם (400 ג,קבוצת אוסם סחר שותפות מוגבלת,,,יח`,400,גרם,false,1,11.90,2.98,false,1,
7290112966247,false,לחמית כוסמין אסם 200 גרם,קבוצת אוסם סחר שותפות מוגבלת,,,יח`,200,גרם,false,1,10.90,5.45,false,1,
7290112966445,false,במבה מתוקה אריזה גדולה 100 גר`אסם,קבוצת אוסם סחר שותפות מוגבלת,,,יח`,100,גרם,false,1,8.90,8.90,false,1,
7290112966728,false,צבר טחינה בלאדי פלפלים חריפים 350 גרם,קבוצת אוסם סחר שותפות מוגבלת,,,יח`,350,גרם,false,1,14.90,4.26,false,1,
7290112967114,false,פיטנס חטיפי פריכיות קטניות ופלפל 60 גרם,קבוצת אוסם סחר שותפות מוגבלת,,,יח`,60,גרם,false,1,8.90,14.83,false,1,
7290112967138,false,בייגלה שמיניות ללא גלוטן אסם 250 גרם,קבוצת אוסם סחר שותפות מוגבלת,,,יח`,250,גרם,false,1,9.90,3.96,false,1,
7290112967381,false,פיטנס חטיפי פריכיות קטניות ומלח ים 60 גרם,קבוצת אוסם סחר שותפות מוגבלת,,,יח`,60,גרם,false,1,8.90,14.83,false,1,
7290112967572,false,"אסם רוטב ברביקיו 290 מ""ל אסם",קבוצת אוסם סחר שותפות מוגבלת,,,יח`,250,גרם,false,1,11.90,4.76,true,1,
7290112967848,false,אבקה להכנת ג`לי בטעם תות אסם (90 גרם) מו,קבוצת אוסם סחר שותפות מוגבלת,,,יח`,90,גרם,false,1,6.90,7.67,false,1,
7290112968203,false,צבר סלט טחינה בלאדי 6*250גרם,קבוצת אוסם סחר שותפות מוגבלת,,,יח`,250,גרם,false,1,9.90,3.96,false,1,
7290112968524,false,צבר סלט חומוס גרגירים רכים 6*250גרם,קבוצת אוסם סחר שותפות מוגבלת,,,יח`,250,גרם,false,1,9.90,3.96,false,1,
7290112968708,false,"שניצל תירס עדה חרדית טבעול 1.3 ק""ג",קבוצת אוסם סחר שותפות מוגבלת,,,יח`,1.30,"ק""ג",false,1,44.90,34.54,false,1,
7290112968807,false,80018416694פיטנס חטיפי קרקר דק סלק 150גר,קבוצת אוסם סחר שותפות מוגבלת,,,יח`,140,גרם,false,1,11.90,8.50,true,1,
7290112968821,false,חטיפי קרקר דק בטטה 140 גר` פיטנס,קבוצת אוסם סחר שותפות מוגבלת,,,יח`,140,גרם,false,1,11.90,8.50,true,1,
7290112969286,false,בישולים רוטב חרדל ודבש ( 330 גר`) אסם,קבוצת אוסם סחר שותפות מוגבלת,,,יח`,330,גרם,false,1,15.90,4.82,true,1,
7290113190375,false,סילאן טבעי שקדיה 900 גרם,דין שיווק וקליה 2021 בעמ,,,יח`,900,גרם,false,1,14.90,1.66,false,1,
7290113190757,false,חלבה מסולסלת טעם וניל 300 גר`ששון הקו,דין שיווק וקליה 2021 בעמ,,,יח`,300,גרם,false,1,13.90,4.63,false,1,
7290113190771,false,חלבה מסולסלת שוקו וניל 300 גר`ששון הקו,דין שיווק וקליה 2021 בעמ,,,יח`,300,גרם,false,1,13.90,4.63,false,1,
7290113191747,false,"דפי אורז מרובעים 22 ס""מ שקדיה 250 גרם",דין שיווק וקליה 2021 בעמ,,,יח`,250,גרם,false,1,8.90,3.56,true,1,
7290113192102,false,"דפי אורז עגול קטן 16 ס""מ שקדיה 250 גרם",דין שיווק וקליה 2021 בעמ,,,יח`,250,גרם,false,1,8.90,3.56,true,1,
7290113192171,false,מיקס אגוזים שקדים וחמוציות 150 גר`ששון,דין שיווק וקליה 2021 בעמ,,,יח`,150,גרם,false,1,14.90,9.93,false,1,
7290113192201,false,תערובת להכנת סחלב 500 גרם ששון הקולה,דין שיווק וקליה 2021 בעמ,,,יח`,500,גרם,false,1,13.90,2.78,false,1,
7290113192300,false,זיתים מושחרים חרוזית 275 גרם בית השיטה,קבוצת אוסם סחר שותפות מוגבלת,,,יח`,275,גרם,false,1,10.90,3.96,false,1,
7290113192317,false,זיתים מושחרים טבעות בית השיטה (280 גרם),קבוצת אוסם סחר שותפות מוגבלת,,,יח`,280,גרם,false,1,10.90,3.89,true,1,
7290113192331,false,זיתים ירוקים מנזנילו 340 גר' בית השיטה,קבוצת אוסם סחר שותפות מוגבלת,,,יח`,340,גרם,false,1,9.90,2.91,false,1,
7290113192348,false,בית השיטה זיתים ירוקים גדול מאודבטעם שום,קבוצת אוסם סחר-שות.מוגבלת,,,יח`,340,גרם,false,1,10.90,3.21,false,1,
7290113192355,false,חרוזית זיתים ירוקים ללא גלעין 275 ג' בית השיטה,קבוצת אוסם סחר שותפות מוגבלת,,,יח`,560,גרם,false,1,10.90,1.95,false,1,
7290113192362,false,זיתים ירוקים טבעות A2 בית השיטה 280 גרם,קבוצת אוסם סחר שותפות מוגבלת,,,יח`,560,גרם,false,1,10.90,1.95,true,1,
7290113192379,false,בית השיטה זיתים ירוקים מבוקעים א2 340גר',קבוצת אוסם סחר-שות.מוגבלת,,,יח`,560,גרם,false,1,10.90,1.95,false,1,
7290113192386,false,בית השיטה זיתים ירוקים סורי מבוקע 340גרם,קבוצת אוסם סחר שותפות מוגבלת,,,יח`,560,גרם,false,1,9.90,1.77,false,1,
7290113192393,false,בית השיטה קוקטייל זיתים א2 336 גרם,קבוצת אוסם סחר שותפות מוגבלת,,,יח`,336,גרם,false,1,11.90,3.54,false,1,
7290113192478,false,בית השיטה מלפפונים במלח בינוני 10-12 320 גרם,קבוצת אוסם סחר שותפות מוגבלת,,,יח`,320,גרם,false,1,7.90,2.47,false,1,
7290113192485,false,בית השיטה מלפפונים בחומץ בינוני 10-12 290 גרם,קבוצת אוסם סחר שותפות מוגבלת,,,יח`,290,גרם,false,1,7.90,2.72,false,1,
7290113192492,false,בית השיטה מלפפונים בחומץ קטנים 1317 290 גרם,קבוצת אוסם סחר שותפות מוגבלת,,,יח`,320,גרם,false,1,10.90,3.41,false,1,
7290113192508,false,בית השיטה מלפפונים במלח קטן 1317 320 גרם,קבוצת אוסם סחר שותפות מוגבלת,,,יח`,320,גרם,false,1,10.90,3.41,false,1,
7290113192539,false,בית השיטה מלפפונים במלח גדול 79 320 גרם,קבוצת אוסם סחר שותפות מוגבלת,,,יח`,320,גרם,false,1,6.90,2.16,false,1,
7290113192546,false,"מלפפונים בחומץ רכיבים טבעיים 7-9 ""בית השיטה""",קבוצת אוסם סחר שותפות מוגבלת,,,יח`,290,גרם,false,1,6.90,2.38,false,1,
7290113192553,false,מלפפונים במלח 13-17 פיקנטי בית השיטה 320 גרם,קבוצת אוסם סחר-שות.מוגבלת,,,יח`,320,גרם,false,1,10.90,3.41,false,1,
7290113192560,false,פלפל חריף כבוש שיפקה בית השיטה (430 גר`),קבוצת אוסם סחר שותפות מוגבלת,,,יח`,430,גרם,false,1,7.90,1.84,false,1,
7290113192577,false,בית השיטה כרוב כבוש א2 12*430גרם חדש,קבוצת אוסם סחר שותפות מוגבלת,,,יח`,430,גרם,false,1,7.90,1.84,false,1,
7290113192881,false,"טורטיה חיטה מופחת קלוריות, קוטר 20 ס""מ - 6 יח'",דין שיווק וקליה 2021 בעמ,,,יח`,270,גרם,false,1,9.90,3.67,true,1,
7290113192997,false,בית השיטה חזית מרוקאי 340 גר`,קבוצת אוסם סחר שותפות מוגבלת,,,יח`,340,גרם,false,1,12.90,3.79,false,1,
7290113193000,false,בית השיטה פלפל שיפקונית 230 גרם*,קבוצת אוסם סחר שותפות מוגבלת,,,יח`,230,גרם,false,1,10.90,4.74,true,1,
7290113193321,false,שמן זית כתית מעולה בית השיטה 750 מייל,קבוצת אוסם סחר שותפות מוגבלת,,,יח`,750,"מ""ל",false,1,29.90,3.99,false,1,
7290113193369,false,"תרסיס שמן קנולה מזוכך בית השיטה 150מ""ל",קבוצת אוסם סחר שותפות מוגבלת,,,יח`,150,"מ""ל",false,1,13.90,9.27,true,1,
7290113193406,false,"קוקטייל טבעות זיתים - זיתים ירוקים, שחורים מרינד",קבוצת אוסם סחר שותפות מוגבלת,,,יח`,280,גרם,false,1,12.90,4.61,false,1,
7290113194090,false,בית השיטה טבעות זיתים קלמטה 280 גרם,קבוצת אוסם סחר שותפות מוגבלת,,,יח`,280,גרם,false,1,10.90,3.89,false,1,
7290113194649,false,מלפפונים במלח קוביות בית השיטה 320 גרם,קבוצת אוסם סחר שותפות מוגבלת,,,יח`,320,גרם,false,1,10.90,3.41,false,1,
7290113195042,false,מלפפון במלח כבישה ביתית בית השיטה 750 גרם,קבוצת אוסם סחר שותפות מוגבלת,,,יח`,750,גרם,false,1,29.90,3.99,false,1,
7290113195073,false,חלבה טורקית עם פיסטוקים 400 גר` שקדיה,דין שיווק וקליה 2021 בעמ,,,יח`,400,גרם,false,1,14.90,3.73,true,1,
7290113195080,false,חלבה טורקית בטעם שוקו וניל שקדיה 400 גרם,דין שיווק וקליה 2021 בעמ,,,יח`,400,גרם,false,1,14.90,3.73,true,1,
7290113195479,false,קמח שקדים 200 גרם - שקדיה,דין שיווק וקליה 2021 בעמ,,,יח`,200,גרם,false,1,14.90,7.45,true,1,
7290113195967,false,קוואקר שיבולת שועל פחית שקדיה 500 גרם,דין שיווק וקליה 2021 בעמ,,,יח`,500,גרם,false,1,9.90,1.98,false,1,
7290113196001,false,פסטה ספגטי שקדיה 500 גר` .,דין שיווק וקליה 2021 בעמ,,,יח`,500,גרם,false,1,3.90,0.78,true,1,
7290113196018,false,פסטה ביסלי שקדיה 500 גרם,דין שיווק וקליה 2021 בעמ,,,יח`,500,גרם,false,1,3.90,0.78,true,1,
7290113196025,false,פסטה צינורות שקדיה 500 גר` .,דין שיווק וקליה 2021 בעמ,,,יח`,500,גרם,false,1,3.90,0.78,true,1,
7290113196032,false,פסטה צדפים שקדיה 500 גר` .,דין שיווק וקליה 2021 בעמ,,,יח`,500,גרם,false,1,3.90,0.78,true,1,
7290113196414,false,"אורז בסמטי 1 ק""ג - שקדיה כחול מטאלי",דין שיווק וקליה 2021 בעמ,,,יח`,1,"ק""ג",false,1,9.90,9.90,false,1,
7290113196490,false,פריכיות כוסמת בתוספת זרעי ציה שקדיה 150 גרם,דין שיווק וקליה 2021 בעמ,,,יח`,150,גרם,false,1,10.90,7.27,true,1,
7290113196506,false,פריכיות כוסמת ללא מלח שקדיה 150 גרם,דין שיווק וקליה 2021 בעמ,,,יח`,150,גרם,false,1,10.90,7.27,true,1,
7290113196513,false,פריכיות כוסמת בתוספת שקדים שקדיה 150 גרם,דין שיווק וקליה 2021 בעמ,,,יח`,150,גרם,false,1,10.90,7.27,true,1,
7290113196520,false,פריכיות כוסמין ללא מלח שקדיה 150 גרם,דין שיווק וקליה 2021 בעמ,,,יח`,150,גרם,false,1,10.90,7.27,true,1,
7290113196759,false,בית השיטה ירקות מעורבים צנ.פלסטיק 6*750 גרם,קבוצת אוסם סחר שותפות מוגבלת,,,יח`,750,גרם,false,1,29.90,3.99,false,1,
7290113196896,false,"תרסיס שמן זית שקדיה 170 מ""ל",דין שיווק וקליה 2021 בעמ,,,יח`,170,"מ""ל",false,1,12.90,7.59,true,1,
7290113197169,false,שקדיה חמאת בוטנים עם שברי בוטנים 510 גר,דין שיווק וקליה 2021 בעמ,,,יח`,510,גרם,false,1,15.90,3.12,false,1,
7290113197176,false,חמאת בוטנים טבעית עם שברי בוטנים 450,דין שיווק וקליה 2021 בעמ,,,יח`,510,גרם,false,1,15.90,3.12,false,1,
7290113197824,false,לבבות דקל בית השיטה 220 גרם,קבוצת אוסם סחר-שות.מוגבלת,,,יח`,220,גרם,false,1,10.90,4.95,false,1,
7290113197855,false,תירס גמדי בית השיטה 230 גרם,קבוצת אוסם סחר-שות.מוגבלת,,,יח`,230,גרם,false,1,10.90,4.74,false,1,
7290113198586,false,סוכריות גומי מסוכרות בטעם אפרסק 200 ג' שקדיה,דין שיווק וקליה 2021 בעמ,,,יח`,200,גרם,false,1,9.90,4.95,true,1,
7290113199323,false,עלי טורטילוס בוריטו150גר,אלקטי קוראבייכיסיגידה טו,,,יח`,150,גרם,false,1,4.90,3.27,false,1,
7290113199682,false,גרנולה שיבולת שועל עם פירות יבשים ומסוכרים 500ג' שקדיה,דין שיווק וקליה 2021 בעמ,,,יח`,500,גרם,false,1,12.90,2.58,false,1,
7290113199866,false,מגש אירוח אגוזים קלויים וחטיפים מלוחים מקל 450 ג',****דין שיווק וקליה 2021 בעמ,,,יח`,450,גרם,false,1,34.90,7.76,false,1,
7290113199897,false,סוכריות חמצוצים בטעם תות שדה 180 ג' שקדיה,דין שיווק וקליה 2021 בעמ,,,יח`,180,גרם,false,1,9.90,5.50,true,1,
7290113199910,false,סוכריות חמצוצים בטעם קולה 180 ג' שקדיה,דין שיווק וקליה 2021 בעמ,,,יח`,180,גרם,false,1,9.90,5.50,true,1,
7290113199927,false,סוכריות חמצוצים בטעם פירות 180 ג' שקדיה,דין שיווק וקליה 2021 בעמ,,,יח`,180,גרם,false,1,9.90,5.50,true,1,
7290113300224,false,פאוץ מתחוני לה קט עם סלמון ברוטב 85ג,דיפלומט מפיצים (1968) בעמ**,,,יח`,1,,false,1,4.90,4.90,false,1,
7290113300354,false,לה קט סטיק עוף 30 גרם,שחורי אריה ואנסטסיה,,,יח`,1,,false,1,9.90,9.90,false,1,
7290113305816,false,סופרים סלמון לכלב 400 גרם,שחורי אריה ואנסטסיה,,,יח`,400,גרם,false,1,4,1,false,1,
7290113305830,false,סופרים עוף לחתול 400 גרם,שחורי אריה ואנסטסיה,,,יח`,400,גרם,false,1,4,1,false,1,
7290113560109,false,פרודונטקס מ.שיניים בטעם צמחי 75 מל,פרודונטקס Parodontax,,,יח`,75,"מ""ל",false,1,30.90,41.20,true,1,
7290114310215,false,"שמנת מתוקה 38% רמת הגולן 250 מ""ל ווסטהיים - מוצר בפיקוח",החברה המרכזית טלהפצת משקאות בע,,,יח`,250,"מ""ל",false,1,6.47,2.59,false,1,
7290114310222,false,חלב מועשר בסידן וויטמין Dי 3% 1.5 ל' טרה,החברה המרכזית טלהפצת משקאות בע,,,יח`,1.50,"מ""ל",false,1,12.50,833.33,false,1,
7290114310239,false,חלב נטול לקטוז מועשר בוויטמין D י 2% 1.5 ל' טרה,החברה המרכזית טלהפצת משקאות בע,,,יח`,1.50,"מ""ל",false,1,12.50,833.33,false,1,
7290114310338,false,צפתית מעודנת 5% בגביע 225 גרם משק צוריאל,החברה המרכזית טלהפצת משקאות בע,,,יח`,255,גרם,false,1,19.10,7.49,false,1,
7290114310345,false,מעדן יוגורט בטעם תות 1.5% 125 גרם טרה,החברה המרכזית טלהפצת משקאות בע,,,יח`,125,גרם,false,1,3,2.40,false,1,
7290114310536,false,יוגורט לייט מעושר חלבון 25 גרם חלבון וניל MULLER ACTIVE,החברה המרכזית טלהפצת משקאות בע,,,יח`,200,גרם,false,1,6.20,3.10,true,1,
7290114310567,false,לאבנה עיזים 5% 200 גר` צוריאל,החברה המרכזית טלהפצת משקאות בע,,,יח`,200,גרם,false,1,14.60,7.30,true,1,
7290114310574,false,צוריאל קרם שמנת עיזים מעודנת 5% 200 גר,החברה המרכזית טלהפצת משקאות בע,,,יח`,200,גרם,false,1,14.60,7.30,true,1,
7290114310611,false,"משקה חלב בננה בבקבוק פקק ספורט טרה 250 מ""ל",החברה המרכזית טלהפצת משקאות בע,,,יח`,250,"מ""ל",false,1,5.20,2.08,true,1,
7290114310628,false,משקה חלב וניל ועוגיות בקבוק 1 ליטר,החברה המרכזית טלהפצת משקאות בע,,,יח`,1,1 ליטר,false,1,12.10,12.10,false,1,
7290114310895,false,"סימפלי פרוט יוגורט עם מנגו תות, שמיניה 8 * 150 גרם",החברה המרכזית טלהפצת משקאות בע,,,יח`,1,,false,1,31.40,31.40,false,1,
7290114310901,false,"גבינה לבנה ""טרה"" 5% -מוצר בפיקוח",החברה המרכזית טלהפצת משקאות בע,,,יח`,250,גרם,false,1,4.98,1.99,false,1,
7290114311014,false,"משקה חלב אייס קפוצ'ינו פקק ספורט טרה 250 מ""ל",החברה המרכזית טלהפצת משקאות בע,,,יח`,250,"מ""ל",false,1,5.20,2.08,true,1,
7290114311021,false,"משקה חלב וניל עוגיות פקק ספורט טרה 250 מ""ל",החברה המרכזית טלהפצת משקאות בע,,,יח`,250,"מ""ל",false,1,5.20,2.08,true,1,
7290114311038,false,"שמנת מתוקה 32% עמידה בבקבוק טרה 250 מ""ל",החברה המרכזית טלהפצת משקאות בע,,,יח`,250,"מ""ל",false,1,6.90,2.76,false,1,
7290114311069,false,יוגורט לבן מועשר בחלבון 0% שומן 200 גרם muller active,החברה המרכזית טלהפצת משקאות בע,,,יח`,200,גרם,false,1,6.20,3.10,true,1,
7290114311076,false,"חמאת מולר צהובה עם שום, 200 גרם",החברה המרכזית טלהפצת משקאות בע,,,יח`,200,גרם,false,1,11.50,5.75,false,1,
7290114311298,false,יוגורט מולר פרופ בטעם תות בננה מלון 150,החברה המרכזית טלהפצת משקאות בע,,,יח`,150,"מ""ל",false,1,5.30,3.53,false,1,
7290114311304,false,יוגורט קציפת מנגו פסיפלורה בננה 150 ג' מולר,החברה המרכזית טלהפצת משקאות בע,,,יח`,150,"מ""ל",false,1,5.30,3.53,false,1,
7290114311328,false,חלב מועשר דל לקטוז מעושר בויטמין Dי 2% שומן טרה 1 ליטר,החברה המרכזית טלהפצת משקאות בע,,,יח`,1,1 ליטר,false,1,7.50,7.50,false,1,
7290114311359,false,יוגורט עם קציפת מנגו 3% שומן פרופ 150 ג' מולר,החברה המרכזית טלהפצת משקאות בע,,,יח`,150,"מ""ל",false,1,5.30,3.53,false,1,
7290114311434,false,מולר אקטיב יוגורט חלבון קרמל מלוח 200 גרם,החברה המרכזית טלהפצת משקאות בע,,,יח`,200,גרם,false,1,5.90,2.95,false,1,
7290114311441,false,מולר אקטיב יוגורט חלבון עוגיות חמאה 200 גרם,החברה המרכזית טלהפצת משקאות בע,,,יח`,200,גרם,false,1,5.90,2.95,false,1,
7290114311458,false,חלב קרטון 3% מועשר ויטמין די 1 ליטר,החברה המרכזית טלהפצת משקאות בע,,,יח`,1,1 ליטר,false,1,7.10,7.10,false,1,
7290114311496,false,קרטון חלב מועשר 1% שומן 1 ליטר טרה,החברה המרכזית טלהפצת משקאות בע,,,יח`,1,1 ליטר,false,1,7.10,7.10,false,1,
7290114600927,false,עלי טורטייה חיטה מלאה מאסטר שף 320 גרם,אלקאטי קורביישיסי גי,,,יח`,320,גרם,false,1,9.90,3.09,false,1,
7290114600941,false,מאסטר שף מיונז הולנדי לחיץ 435 גרם,ש. שסטוביץ בע`מ,,,יח`,435,גרם,false,1,14.90,3.43,false,1,
7290114600996,false,מאסטר שף רוטב שום 256 גרם,ש. שסטוביץ בע`מ,,,יח`,250,"מ""ל",false,1,9.90,3.96,false,1,
7290114603041,false,פריי גרנולה בוטנים אגוזים וקוקוס חלבון,ש. שסטוביץ בע`מ,,,יח`,300,גרם,false,1,10.90,3.63,false,1,
7290114603508,false,"רוטב להקצפה מאסטר שף 300 מ""ל",ש. שסטוביץ בע`מ,,,יח`,300,"מ""ל",false,1,12.90,4.30,false,1,
7290114603539,false,קרוטונים למרק שום בצל מאסטר שף 350 גרם,"עינת תעשיות מזון, אגשח ב",,,יח`,350,גרם,false,1,18.90,5.40,false,1,
7290114604895,false,מאסטר שף מיונז ספייסי לחיץ 446 גרם,ש. שסטוביץ בע`מ,,,יח`,446,גרם,false,1,14.90,3.34,false,1,
7290114604901,false,ממרח שום לחיץ מאסטר שף 444 גרם,ש. שסטוביץ בע`מ,,,יח`,444,גרם,false,1,14.90,3.36,false,1,
7290114604925,false,מנה אסייאתי קרם קוקוס פחית לייט 400 מ`ל,"תאי קוקונאט חברה בע""",,,יח`,400,"מ""ל",false,1,9.90,2.48,false,1,
7290114605342,false,פירסט סמייל רפידות הנקה גודל מדיום 110,צאנזו שאנג קאר פרודק,,,יח`,1,,false,1,29.90,29.90,false,1,
7290114606530,false,רוטב בטעם מיונז וקטשופ מאסטר שף 515 גרם,ש. שסטוביץ בע`מ,,,יח`,515,גרם,false,1,14.90,2.89,false,1,
7290114606547,false,מיונז פטריות כמהין לחיץ מאסטר שף 242 גרם,ש. שסטוביץ בע`מ,,,יח`,242,גרם,false,1,14.90,6.16,false,1,
7290114606554,false,מיונז מופחת קלוריות בקבוק לחיץ,ש. שסטוביץ בע`מ,,,יח`,470,גרם,false,1,14.90,3.17,false,1,
7290114606561,false,מאסטר שף אטריות אורז דקות ורמיצ'לי 400 ג,לינג טונג רייס ורמיצ'ילי,,,יח`,400,גרם,false,1,9.90,2.48,false,1,
7290114606608,false,רוטב סויה מסורתי מאסטר שף דל נתרן 40 דל נתרן,קריניציה ויטמינה אס,,,יח`,620,גרם,false,1,11.90,1.92,true,1,
7290114607391,false,"קולגייט משחת לילדים ברבי 2-5 שנים, 75 מ""ל",קולגייט פלמוליב,,,יח`,75,"מ""ל",false,1,12.90,17.20,false,1,
7290114608640,false,קרוטונים לסלט כוסמין מאסטר שף 260 גרם,עינת תעשיות מזון אגו,,,יח`,260,גרם,false,1,18.90,7.27,false,1,
7290114653541,false,שלישיית ביצי שוקולד(חלב נוכרי) - כוח פי גיי,שמחה זה אנחנו בעמ,,,יח`,60,גרם,false,1,12.90,21.50,false,1,
7290114655927,false,בקבוק טריטן עם צמידים -700מפרץ ההרפתקאות,שמחה זה אנחנו בעמ,,,יח`,1,,false,1,19.90,19.90,false,1,
7290115073676,false,מסכות כירורגיות צבעוני מארז 50 יח(ש),שמחה זה אנחנו בע`מ,,,יח`,1,,false,1,9.90,9.90,false,1,
7290115190014,false,סיגריות מרלבורו רד קצר בוקס,פיליפ מוריס בעמ,,,יח`,1,,false,1,38.50,38.50,true,1,
7290115190090,false,סיגריות מרלבורו קצר בוקס בודד,פיליפ מוריס בעמ,,,יח`,1,,false,1,38.50,38.50,true,1,
7290115190137,false,סיגריות מרלבורו טאצ סילבר יחידה,פיליפ מוריס בעמ,,,יח`,1,,false,1,33.50,33.50,true,1,
7290115190151,false,סיגריות מרלבורו טאצ גולד,פיליפ מוריס בעמ,,,יח`,1,,false,1,33.50,33.50,true,1,
7290115190199,false,פרלמנט נייט ארוך חפיסה) (20,פיליפ מוריס בעמ,,,יח`,1,,false,1,43.50,43.50,true,1,
7290115190212,false,סיגריות פרלמנט בלו 100 BR בודד,פיליפ מוריס בעמ,,,יח`,1,,false,1,43.50,43.50,true,1,
7290115190250,false,סיגריות פרלמנט קצר בודד,פיליפ מוריס בעמ,,,יח`,1,,false,1,43.50,43.50,true,1,
7290115190335,false,ל.מ.בלו לייבל ארוך בוקס חפיסה,פיליפ מוריס בעמ,,,יח`,1,,false,1,33,33,true,1,
7290115190359,false,אל.אמ בלו לייבל קצר חפיסה) (20,פיליפ מוריס בעמ,,,יח`,1,,false,1,33,33,true,1,
7290115190434,false,סיגריות L.M וייב סלימס בודד,פיליפ מוריס בעמ,,,יח`,1,,false,1,33,33,true,1,
7290115190458,false,סיגריות נקסט פיין אדג' בודד,פיליפ מוריס בעמ,,,יח`,1,,false,1,29.50,29.50,true,1,
7290115190472,false,סיגריות נקסט פיין אדג',פיליפ מוריס בעמ,,,יח`,1,,false,1,29.50,29.50,true,1,
7290115190496,false,סיגריות נקסט ארוך בודד,פיליפ מוריס בעמ,,,יח`,1,,false,1,32,32,true,1,
7290115190519,false,סיגריות נקסט פיין חפ,פיליפ מוריס בעמ,,,יח`,1,,false,1,32,32,true,1,
7290115190533,false,סיגריות נקסט ריסס 100 בודד,פיליפ מוריס בעמ,,,יח`,1,,false,1,29.50,29.50,true,1,
7290115190557,false,חפיסת סיגריות ריסס פילטר נקסט) (20,פיליפ מוריס בעמ,,,יח`,1,,false,1,29.50,29.50,true,1,
7290115190571,false,סיגריות נקסט לילך בודד,פיליפ מוריס בעמ,,,יח`,1,,false,1,32,32,true,1,
7290115190588,false,נקסט אוריג`ינל פקאט 10 יחידות,פיליפ מוריס בעמ,,,יח`,1,,false,1,285,285,true,1,
7290115190595,false,סיגריות נקסט אוריגינ,פיליפ מוריס בעמ,,,יח`,1,,false,1,32,32,true,1,
7290115190632,false,מרלבורו גולד-טבק לגלגול סיגריות בודד,פיליפ מוריס בעמ,,,יח`,1,,false,1,69,69,false,1,
7290115190656,false,נקסט טבק פיין סיגריות חפיסה.,פיליפ מוריס בעמ,,,יח`,1,,false,1,72,72,false,1,
7290115200003,false,פתי בר פינוקי וניל אסם 220 גרם,קבוצת אוסם סחר שותפות מוגבלת,,,יח`,220,גרם,false,1,10.90,4.95,false,1,
7290115200027,false,אסם פתי בר פינוקים שוקו 220 גרם,קבוצת אוסם סחר שותפות מוגבלת,,,יח`,220,גרם,false,1,10.90,4.95,false,1,
7290115200676,false,עוגיות קרמוגית במילוי קרם בטעם קרמל מלוח,קבוצת אוסם סחר שותפות מוגבלת,,,יח`,200,גרם,false,1,11.90,5.95,false,1,
7290115200881,false,בייגלה שטוחים שומשום מליחות מעודנת אסם 300 גרם,קבוצת אוסם סחר שותפות מוגבלת,,,יח`,300,גרם,false,1,9.90,3.30,false,1,
7290115201031,false,פתי בר פינוקי דובי שוקולד 175גר.,קבוצת אוסם סחר שותפות מוגבלת,,,יח`,175,גרם,false,1,10.90,6.23,false,1,
7290115201475,false,טבעול גורמה לביבות כרישה 434 גרם,קבוצת אוסם סחר-שות.מוגבלת,,,יח`,434,גרם,false,1,34.90,8.04,true,1,
7290115201680,false,ביסלי חטיף בטעם ברביקין אסם (70 גרם),קבוצת אוסם סחר שותפות מוגבלת,,,יח`,70,גרם,false,1,3.90,5.57,true,1,
7290115201703,false,ביסלי חטיף בטעם ברביקין אסם (200 גרם),קבוצת אוסם סחר שותפות מוגבלת,,,יח`,200,גרם,false,1,7.90,3.95,true,1,
7290115201741,false,ביסלי חטיף בטעם בצל אסם (70 גרם),קבוצת אוסם סחר שותפות מוגבלת,,,יח`,70,גרם,false,1,3.90,5.57,true,1,
7290115202434,false,צבר סלט חומוס עם זעתר 375 גרם,קבוצת אוסם סחר שותפות מוגבלת,,,יח`,375,גרם,false,1,12,3.20,false,1,
7290115202786,false,מנה חמה פאוצ' נדלס.אטר.טעם בקר 70 גרם,קבוצת אוסם סחר שותפות מוגבלת,,,יח`,70,גרם,false,1,3.90,5.57,false,1,
7290115202816,false,מנה חמה פאוץ נודלס אטריות טעם עוף 70 גרם,קבוצת אוסם סחר שותפות מוגבלת,,,יח`,70,גרם,false,1,3.90,5.57,false,1,
7290115202847,false,מנה חמה פאוצ' נדלס ספייסי אסם 70 ג',קבוצת אוסם סחר שותפות מוגבלת,,,יח`,70,גרם,false,1,3.90,5.57,false,1,
7290115202939,false,מנה חמה רייס נודלס עוף פטריות אסם 50 גרם,קבוצת אוסם סחר שותפות מוגבלת,,,יח`,50,גרם,false,1,7.90,15.80,true,1,
7290115203134,false,חטיף פופקו פופקורן במבה אסם (80 גרם),קבוצת אוסם סחר שותפות מוגבלת,,,יח`,80,גרם,false,1,5.50,6.88,true,1,
7290115203172,false,במבה PRO מכיל 18 גרם חלבון בשקית,קבוצת אוסם סחר שותפות מוגבלת,,,יח`,80,גרם,false,1,4.30,5.38,true,1,
7290115203295,false,פרפקטו פסטה ריציאולי מהדורה 12*500גרם,קבוצת אוסם סחר שותפות מוגבלת,,,יח`,500,גרם,false,1,8.90,1.78,false,1,
7290115203486,false,פירורית טעם ביסלי גריל אסם (200 גרם),קבוצת אוסם סחר שותפות מוגבלת,,,יח`,200,גרם,false,1,6.90,3.45,false,1,
7290115204056,false,"קטשופ מופחת סוכר אסם 690 גרם כשל""פ",קבוצת אוסם סחר שותפות מוגבלת,,,יח`,690,גרם,false,1,11.90,1.72,false,1,
7290115204186,false,פסטו המעדינה של צבר,קבוצת אוסם סחר שותפות מוגבלת,,,יח`,190,גרם,false,1,16.90,8.89,false,1,
7290115205176,false,729001032825פיטנס חטיפי קרקר כפרי 140גר.,קבוצת אוסם סחר שותפות מוגבלת,,,יח`,140,גרם,false,1,11.90,8.50,false,1,
7290115205251,false,פריכיות קרמל מלוח פיטנס בר 84 גרם,קבוצת אוסם סחר שותפות מוגבלת,,,יח`,84,גרם,false,1,14.90,17.74,false,1,
7290115205312,false,קרקר פיטנס דק עם זיתי קלמטה ועשבי תיבול,קבוצת אוסם סחר שותפות מוגבלת,,,יח`,140,גרם,false,1,11.90,8.50,true,1,
7290115205527,false,חטיף מולטיגריין עם עדשים ( 25 גר`) פיטנס,קבוצת אוסם סחר שותפות מוגבלת,,,יח`,25,גרם,false,1,5,20,false,1,
7290115205541,false,חטיף מולטיגריין עם חומוס ( 25 גר`) פיטנס,קבוצת אוסם סחר שותפות מוגבלת,,,יח`,25,גרם,false,1,5,20,false,1,
7290115205695,false,אסם בונזור בצק מצונן לפיצה 460 גרם,קבוצת אוסם סחר-שות.מוגבלת,,,יח`,460,גרם,false,1,18.90,4.11,false,1,
7290115205978,false,פתיבר ואצבעות שוקולד 180 גרם - רבנות,קבוצת אוסם סחר שותפות מוגבלת,,,יח`,180,גרם,false,1,11.90,6.61,false,1,
7290115206135,false,טבעול גורמה ארוחת קינואה 450 גרם,קבוצת אוסם סחר שותפות מוגבלת,,,יח`,450,גרם,false,1,34.90,7.76,true,1,
7290115207484,false,צבר סלט חציל על האש היתר 360 גרם,קבוצת אוסם סחר שותפות מוגבלת,,,יח`,400,גרם,false,1,15.90,3.98,false,1,
7290115207620,false,"רוטב בסגנון סויה קלאסי 290 מ""ל אסם",קבוצת אוסם סחר שותפות מוגבלת,,,יח`,290,"מ""ל",false,1,17.90,6.17,true,1,
7290115207682,false,אסם רוטב בסגנון סויה סיני 9*290מל חדש,קבוצת אוסם סחר שותפות מוגבלת,,,יח`,290,"מ""ל",false,1,11.90,4.10,true,1,
7290115207774,false,טבעול המבורגר פטריות 480 גרק,קבוצת אוסם סחר שותפות מוגבלת,,,יח`,480,גרם,false,1,32.90,6.85,true,1,
7290115207941,false,סירופ אננס ויטמינצ'יק 1 ליטר,קבוצת אוסם סחר שותפות מוגבלת,,,יח`,1000,"מ""ל",false,1,19.90,1.99,false,1,
7290115207965,false,סירופ מנגו אפרסק ויטמינצ'יק 1 ליטר,קבוצת אוסם סחר שותפות מוגבלת,,,יח`,1000,"מ""ל",false,1,19.90,1.99,false,1,
7290115207989,false,סירופ לימון ויטמינצ'יק 1 ליטר,קבוצת אוסם סחר שותפות מוגבלת,,,יח`,1000,"מ""ל",false,1,19.90,1.99,false,1,
7290115208009,false,סירופ ענבים ויטמינצ'יק 1 ליטר,קבוצת אוסם סחר שותפות מוגבלת,,,יח`,1000,"מ""ל",false,1,19.90,1.99,false,1,
7290115208047,false,סירופ פטל ויטמינצ`יק (1 ליטר),קבוצת אוסם סחר שותפות מוגבלת,,,יח`,1000,"מ""ל",false,1,19.90,1.99,false,1,
7290115208061,false,סירופ תפוח ויטמינצ'יק 1 ליטר,קבוצת אוסם סחר שותפות מוגבלת,,,יח`,1000,"מ""ל",false,1,19.90,1.99,false,1,
7290115208320,false,אפרופו חטיף בטעם ביסלי בצל 50 גרם,קבוצת אוסם סחר שותפות מוגבלת,,,יח`,50,גרם,false,1,5,10,true,1,
7290115208344,false,שטוחים בייגלה כפיות שמנת בצל 300גר,קבוצת אוסם סחר שותפות מוגבלת,,,יח`,300,גרם,false,1,9.90,3.30,false,1,
7290115208597,false,קרמוגית מיניס קרמל מלוח אסם 200 גרם,קבוצת אוסם סחר שותפות מוגבלת,,,יח`,200,גרם,false,1,11.90,5.95,false,1,
7290115209136,false,טבעול חטיפי עוף צמחי העדה החרדית 6*1.2קג,קבוצת אוסם סחר שותפות מוגבלת,,,יח`,1.20,"ק""ג",false,1,44.90,37.42,false,1,
7290115209198,false,במבה אוורירית אסם 80 גרם,קבוצת אוסם סחר שותפות מוגבלת,,,יח`,80,גרם,false,1,4.30,5.38,true,1,
7290115209235,false,ביסקוויט פתי בר קפה אסם (500 גרם),קבוצת אוסם סחר שותפות מוגבלת,,,יח`,500,גרם,false,1,11.90,2.38,false,1,
7290115209358,false,במבה במילוי בראוניז אסם (60 גרם),קבוצת אוסם סחר שותפות מוגבלת,,,יח`,60,גרם,false,1,4.30,7.17,true,1,
7290115209372,false,במבה במילוי בראוניז 150 גרם אוסם,קבוצת אוסם סחר שותפות מוגבלת,,,יח`,150,גרם,false,1,9.90,6.60,false,1,
7290115403282,false,עוגיות פיצפוצי שוקו 500ג דל,שיבולים יצור ושיווק מוצרי מאפה,,,יח`,500,גרם,false,1,14.90,2.98,false,1,
7290115403299,false,עוגיות פרפריות 450ג דל,שיבולים יצור ושיווק מוצרי מאפה,,,יח`,450,גרם,false,1,14.90,3.31,false,1,
7290115403312,false,עוגיות מלוחות קריספי עגול 450ג דל,שיבולים יצור ושיווק מוצרי מאפה,,,יח`,450,גרם,false,1,14.90,3.31,false,1,
7290115403329,false,עוגיות רשת קינמון מסוכרות 450ג דל,שיבולים יצור ושיווק מוצרי מאפה,,,יח`,450,גרם,false,1,14.90,3.31,false,1,
7290115403350,false,עוגיות רשת שוקו מסוכרות 450ג דל,שיבולים יצור ושיווק מוצרי מאפה,,,יח`,450,גרם,false,1,14.90,3.31,false,1,
7290115403367,false,עוגיות קוואקר פריכות 500ג דל,שיבולים יצור ושיווק מוצרי מאפה,,,יח`,500,גרם,false,1,14.90,2.98,false,1,
7290115403381,false,עוגיות פיצפוצים לבן 500ג דלי,שיבולים יצור ושיווק מוצרי מאפה,,,יח`,500,גרם,false,1,14.90,2.98,false,1,
7290115403404,false,עוגיות פרפריות שוקו 450ג דל,שיבולים יצור ושיווק מוצרי מאפה,,,יח`,450,גרם,false,1,14.90,3.31,false,1,
7290115403411,false,עוגיות עינוגים בטעם קרם אגוזים 500 גר`,שיבולים יצור ושיווק מוצרי מאפה,,,יח`,500,גרם,false,1,14.90,2.98,false,1,
7290115403435,false,עוגיות מעמול תמר 500ג דל,שיבולים יצור ושיווק מוצרי מאפה,,,יח`,500,גרם,false,1,14.90,2.98,false,1,
7290115403442,false,עוגיות ממולאות טעם שוקולד 500ג דל,שיבולים יצור ושיווק מוצרי מאפה,,,יח`,500,גרם,false,1,14.90,2.98,false,1,
7290115403459,false,עוגיות נסיכה בטעם תות 500 גר`,שיבולים יצור ושיווק מוצרי מאפה,,,יח`,500,גרם,false,1,14.90,2.98,false,1,
7290115403466,false,עוגיות נסיכה מיקס 500ג דל,שיבולים יצור ושיווק מוצרי מאפה,,,יח`,500,גרם,false,1,14.90,2.98,false,1,
7290115403473,false,עוגיות עינוגי שוקולד 500ג דל,שיבולים יצור ושיווק מוצרי מאפה,,,יח`,500,גרם,false,1,14.90,2.98,false,1,
7290115403480,false,עוגיות בסגנון מרוקאי מיני 500ג דל,שיבולים יצור ושיווק מוצרי מאפה,,,יח`,500,גרם,false,1,14.90,2.98,false,1,
7290115403503,false,עוגיות פרסה תמרים 500ג דל,שיבולים יצור ושיווק מוצרי מאפה,,,יח`,500,גרם,false,1,14.90,2.98,false,1,
7290115403510,false,עוגיות מגולגלות תמרים 500ג דל,שיבולים יצור ושיווק מוצרי מאפה,,,יח`,500,גרם,false,1,14.90,2.98,false,1,
7290115403527,false,עוגיות עינוגי תמרים 500ג דל,שיבולים יצור ושיווק מוצרי מאפה,,,יח`,500,גרם,false,1,14.90,2.98,false,1,
7290115403541,false,עוגיות גרייבה 500ג דל,שיבולים יצור ושיווק מוצרי מאפה,,,יח`,500,גרם,false,1,14.90,2.98,false,1,
7290115403565,false,עוגיות קיפל וניל 500ג דל,שיבולים יצור ושיווק מוצרי מאפה,,,יח`,500,גרם,false,1,14.90,2.98,false,1,
7290115405774,false,פחזניות ממולאות בטעם וניל קפולסקי 180 גרם,תופינים מקבוצת קפולס,,,יח`,180,גרם,false,1,14.90,8.28,false,1,
7290115405781,false,פחזניות ממולאות בטעם שוקולד קפולסקי 180 גרם,תופינים מקבוצת קפולס,,,יח`,180,גרם,false,1,14.90,8.28,false,1,
7290115405798,false,פחזניות ממולאות בטעם ריבת חלב קפולסקי 180 גרם,קפולסקי אדל בעמ,,,יח`,180,גרם,false,1,14.90,8.28,false,1,
7290115405811,false,קינוח אישי גבינה ופירורי עוגיות קפולסקי 200 גרם,תופינים מקבוצת קפולסקי,,,יח`,200,גרם,false,1,14.90,7.45,false,1,
7290115480009,false,"מרכך כביסה מרוכז פרש קונטרול ירוק 900 מ""ל סוד",גורי שיווק בעמ,,,יח`,900,"מ""ל",false,1,11.90,1.32,false,1,
7290115480016,false,סוד פאוור קאפס לכביסה צבעונית 26 יחי,גורי שיווק בעמ,,,יח`,338,גרם,false,1,29.90,8.85,true,1,
7290115670691,false,גרנולה שיבולת שועל עם פירות יער,אנרג'י Energy - שטראוס,,,יח`,400,גרם,false,1,12.90,3.23,false,1,
7290115670707,false,גרנולה שיבולת שועל עם שוקולד ואגוזי לוז,אנרג'י Energy - שטראוס,,,יח`,400,גרם,false,1,12.90,3.23,false,1,
7290115671223,false,מסטיק מאסט פאן אבטיח מנגו צנצנת 58 גרם,שטראוס גרופ בע`מ,,,יח`,1,,false,1,9.90,9.90,true,1,
7290115671346,false,מיני פינוקיות טופי קרמל מלוח עלית 180 גרם,"הגביע מוצרי ופלים בע""\מ",,,יח`,180,גרם,false,1,10.90,6.06,true,1,
7290115671353,false,מיני פינוקיות עוגיות קקאו במילוי קרם בטעם וניל,"הגביע מוצרי ופלים בע""\מ",,,יח`,180,גרם,false,1,10.90,6.06,true,1,
7290115675696,false,דגני בוקר קראנצ'ים שיבולת שועל עם אגוזים ושקדים,שטראוס פריטו ליי בע`מ,,,יח`,375,גרם,false,1,19.90,5.31,true,1,
7290115675986,false,דנונה יוגורט בר עם אגוזים מקורמלים 173 גרם,שטראוס גרופ בעמ/מצונן,,,יח`,173,"מ""ל",false,1,4.40,2.54,false,1,
7290115676037,false,דנונה ריפרש יוגורט עם תות ודומדמניות 1.6% שומן,שטראוס גרופ בעמ/מצונן,,,יח`,250,גרם,false,1,5.50,2.20,false,1,
7290115676051,false,"משקה אקטיביה שיבולת שועל במתיקות מעודנת 250 מ""ל",שטראוס גרופ בעמ/מצונן,,,יח`,265,"מ""ל",false,1,4.90,1.85,false,1,
7290115676082,false,משקה דנונה פרו 20 יוגורט תות 255 ג' רבנות,שטראוס גרופ בעמ/מצונן,,,יח`,225,גרם,false,1,6.90,3.07,false,1,
7290115676099,false,משקה דנונה פרו 20 יוגורט וניל 255 ג' רבנות,שטראוס גרופ בעמ/מצונן,,,יח`,225,גרם,false,1,6.90,3.07,false,1,
7290115676341,false,אריזות דבש אישיות טו גו 18 * 162 ג' יד מרדכי,מכוורת יד מרדכי שטראוס ב,,,יח`,162,גרם,false,1,19.90,12.28,true,1,
7290115677362,false,"נודלס טריאקי ""דלישס"" שטראוס",קפוא-זן תעשיות מזון בעמ - תפוג,,,יח`,350,גרם,false,1,26.90,7.69,true,1,
7290115677423,false,אורז ירוק קארי חריף חריף דלישס 350 גרם,קפוא-זן תעשיות מזון בעמ - תפוג,,,יח`,350,גרם,false,1,26.90,7.69,true,1,
7290115677676,false,חומוס אחלה עשיר 40% טחינה עם חריף 400 גרם,שטראוס גרופ בעמ/מצונן,,,יח`,400,גרם,false,1,13.90,3.48,true,1,
7290115677966,false,ממרח אבוקדו טעם הטבע 200 גרם,שטראוס גרופ בעמ/מצונן,,,יח`,200,גרם,false,1,14.90,7.45,false,1,
7290115678222,false,מארז 8 גביעים יוגורט Greek בסגנון יווני 6.5% שומן,שטראוס גרופ בעמ/מצונן,,,יח`,1000,"מ""ל",false,1,24.90,2.49,false,1,
7290115678376,false,מעדן הגולן שוקולד 125 גרם,שטראוס גרופ בעמ/מצונן,,,יח`,1,,false,1,2.90,2.90,true,1,
7290115678383,false,מעדן הגולן שוקולד מריר בודד 125גר,שטראוס גרופ בעמ/מצונן,,,יח`,1,,false,1,2.90,2.90,true,1,
7290115678642,false,נשנושי גבינה 16% עם חטיף אפוי עם זיתים 67 ג' שטראוס,שטראוס גרופ בעמ/מצונן,,,יח`,67,גרם,false,1,9.90,14.78,true,1,
7290116530185,false,"קורנפלקס דלישקד קרמל מלוח 400 גרם בד""ץ",יוניליוור ישראל שיווק בע`מ,,,יח`,400,גרם,false,1,22.90,5.73,false,1,
7290116530314,false,קליק כריות דאבל בלק שוקולד לבן 65גר,יוניליוור ישראל שיווק בעמ,,,יח`,65,גרם,false,1,6.50,10,true,1,
7290116530321,false,קליק כריות דאבל בלק שוקולד חלב 65גר,יוניליוור ישראל שיווק בעמ,,,יח`,65,גרם,false,1,6.50,10,true,1,
7290116530482,false,תלמה מארז קורנפלקס אלופים 30 גרם*5 יחידו,יוניליוור ישראל שיווק בע`מ,,,יח`,150,גרם,false,1,9.90,6.60,false,1,
7290116530895,false,"תרסיס ריחני למייבש כביסה פינוק כחול בדין 500 מ""ל",יוניליוור ישראל שיווק בע`מ,,,יח`,500,"מ""ל",false,1,19.90,3.98,false,1,
7290116531045,false,קורנפלקס דליפקאן 350ג ללא גלוטן,יוניליוור ישראל שיווק בע`מ,,,יח`,350,גרם,false,1,19.90,5.69,false,1,
7290116531083,false,"ברנפלקס ללא ת.סוכר בטעם דבש בתוספת שקדים, 400 גרם",יוניליוור ישראל שיווק בע`מ,,,יח`,400,גרם,false,1,22.90,5.73,false,1,
7290116531090,false,בייגל בייגל דג דג במליחות עדינה 250 גרם,יוניליוור ישראל שיווק בע`מ,,,יח`,250,גרם,false,1,9.90,3.96,false,1,
7290116531656,false,מרכך פינוק לשיער בניחוח תפוח 700 גרם,יוניליוור ישראל שיווק בע`מ,,,יח`,700,"מ""ל",false,1,12.90,1.84,false,1,
7290116531748,false,קליק שוקו מיקס חום לבן כשר לפסח 65 גרם,יוניליוור ישראל שיווק בעמ,,,יח`,65,גרם,false,1,6.50,10,true,1,
7290116531779,false,דפים ריחניים למייבש כביסה בדין כחול 40 יחידות,יוניליוור ישראל שיווק בע`מ,,,יח`,1,,false,1,18.90,18.90,false,1,
7290116531939,false,גלידה בשומן צמחי בטעם תות שדה בציפוי מכיל שוקולד,"גלידת שטראוס בע""\מ, רח'",,,יח`,700,גרם,false,1,47.90,6.84,false,1,
7290116532035,false,קליק קורנפלקס חום לבן כשר לפסח 65 גרם,יוניליוור ישראל שיווק בעמ,,,יח`,65,גרם,false,1,6.50,10,true,1,
7290116532042,false,קליק כריות נוגט כשר לפסח 65 גרם,יוניליוור ישראל שיווק בעמ,,,יח`,65,גרם,false,1,6.50,10,true,1,
7290116532585,false,דגני בוקר ברנפלקס קרנצ'ים בטעם דבש וקינמון,יוניליוור ישראל שיווק בע`מ,,,יח`,375,גרם,false,1,22.90,6.11,false,1,
7290116533063,false,דגני בוקר שוגי קרטיב ענבים 400 גרם,יוניליוור ישראל שיווק בע`מ,,,יח`,400,גרם,false,1,21.90,5.48,false,1,
7290116930015,false,GO חטיף חלבון חטיף בוטנים קריספי 20 גרם חלבון,"בלמונט קונפקציות בע""\מ.",,,יח`,1,,false,1,11.90,11.90,false,1,
7290116930282,false,ארוחה בקטנה לאבנה עם קרקרים 150ג' תנובה,"תנובה בע""מ ***",,,יח`,150,גרם,false,1,7.90,5.27,false,1,
7290116930435,false,יופלה גו במרקם סמיך עם דובדבן 0% 200מל,תנובה מרכז שיתופי לש,,,יח`,200,גרם,false,1,5.70,2.85,false,1,
7290116930459,false,"יופלה שייק מנגו בננה אננס וקוקוס 230 מ""ל",קבוצת המזון אקטשלאר,,,יח`,230,"מ""ל",false,1,7.90,3.43,false,1,
7290116930466,false,"משקה SHAKE בננה מנגן פסיפלורה והל 230 מ""ל יופלה",קבוצת המזון אקטשלאר,,,יח`,230,"מ""ל",false,1,7.90,3.43,false,1,
7290116930480,false,"משקה SHAKE בננה קיווי תפוח 230 מ""ל יופלה",קבוצת המזון אקטשלאר,,,יח`,230,"מ""ל",false,1,7.90,3.43,false,1,
7290116930626,false,ארוחה בקטנה ציזיקי עם קרקרים 150ג' תנובה,"תנובה בע""מ ***",,,יח`,150,גרם,false,1,7.90,5.27,false,1,
7290116930657,false,"משקה חלב גו בטעם בננה תמר בתוספת שיבולת שועל במרקם חלק 340 מ""ל",תנובה מרכז שיתופי לש,,,יח`,340,גרם,false,1,7.90,2.32,false,1,
7290116930701,false,מעדן חלב GO מועשר בחלבון בטעם קרמל מלוח,תנובה מרכז שיתופי לש,,,יח`,120,גרם,false,1,4.90,4.08,false,1,
7290116930718,false,מעדן תנובה דיאט בטעם שוקולד וקרמל מלוח 0% 150ג' תנובה,"תנובה בע""\מ",,,יח`,150,"מ""ל",false,1,4,2.67,false,1,
7290116930725,false,סויה BIO קוקוס גביע 150 גרם אלטרנטיב,תנובה בעמ ***,,,יח`,150,גרם,false,1,4.50,3,false,1,
7290116930954,false,יוגורט טעם פאי תפוחים 3% 150 ג' יופלה,תנובה בעמ ***,,,יח`,150,"מ""ל",false,1,4.90,3.27,false,1,
7290116931074,false,צהובה פרוסות טל העמק 32% 300 גר,"תנובה בע""מ ***",,,יח`,300,גרם,false,1,25.90,8.63,false,1,
7290116931081,false,מעדן סויה - טופי קרמל 125 גרם אלטרנטיב,תנובה מרכז שיתופי לש,,,יח`,125,גרם,false,1,4.20,3.36,false,1,
7290116931104,false,יופלה GO במרקם סמיך עם אננס 0% תנובה 200 גרם,"תנובה בע""מ ***",,,יח`,200,גרם,false,1,5.70,2.85,false,1,
7290117260111,false,חטיף גבינה לבנה בטעם קרם ברולה בציפוי שוקולד עם חלבון 120גרם קפוא,ג.וילי-פוד אינטרנשיונל **גבינו,,,יח`,120,גרם,false,1,14.90,12.42,true,1,
7290117260456,false,גבינה בולגרית מעודנת למריחה עם זיתים 5% שומן 200 ג' יורו,ג.וילי-פוד אינטרנשיונל **גבינו,,,יח`,200,גרם,false,1,9.90,4.95,false,1,
7290117260470,false,גבינה בולגרית מעודנת למריחה עם שום 5% שומן 200 ג' יורו,ג.וילי-פוד אינטרנשיונל **גבינו,,,יח`,200,גרם,false,1,9.90,4.95,false,1,
7290117260562,false,חמאה כפרית מסורתית בגביע,ג.וילי-פוד אינטרנשיונל **גבינו,,,יח`,250,גרם,false,1,16.90,6.76,false,1,
7290117260890,false,פופקורן בציפוי בטעם קוקוס 90 גרם,ג. וילי-פוד אינטרנשיונל בע`מ,,,יח`,90,גרם,false,1,5.90,6.56,true,1,
7290117260906,false,פופקורן בציפוי בטעם פירות 90 גרם,ג. וילי-פוד אינטרנשיונל בע`מ,,,יח`,90,גרם,false,1,5.90,6.56,true,1,
7290117260913,false,פופקורן בציפוי בטעם שוקולד 90 גרם,ג. וילי-פוד אינטרנשיונל בע`מ,,,יח`,90,גרם,false,1,5.90,6.56,true,1,
7290117261057,false,זוג קינוחים בטעם קרם עוגיות 140 גרם,ג.וילי-פוד אינטרנשיונל **גבינו,,,יח`,140,גרם,false,1,9.90,7.07,false,1,
7290117261088,false,בוראטה גבינת מוצרלה רכה 18% שומן 125 גר`,ג.וילי-פוד אינטרנשיונל **גבינו,,,יח`,125,גרם,false,1,19.90,15.92,false,1,
7290117261101,false,זוג קינוחים בטעם שוקולד ואגוזי לוז 140 גרם,ג.וילי-פוד אינטרנשיונל **גבינו,,,יח`,140,גרם,false,1,9.90,7.07,false,1,
7290117261118,false,זוג קינוחים בטעם שוקולד בציפוי שוקולד חלב 140 גרם,ג.וילי-פוד אינטרנשיונל **גבינו,,,יח`,140,גרם,false,1,9.90,7.07,false,1,
7290117261125,false,זוג קינוחים בטעם וניל בציפוי שוקולד לבן 140 גרם,ג.וילי-פוד אינטרנשיונל **גבינו,,,יח`,140,גרם,false,1,9.90,7.07,false,1,
7290117261132,false,זוג קינוחים בטעם קרמל מלוח 70*2 גרם יור,ג.וילי-פוד אינטרנשיונל **גבינו,,,יח`,140,גרם,false,1,9.90,7.07,false,1,
7290117261163,false,פיתה יוונית מוקפאת - מארז 10 יחידות,ג.וילי-פוד אינטרנשיונל **גבינו,,,יח`,750,גרם,false,1,14.90,1.99,true,1,
7290117261354,false,גבינת ריקוטה 200 גרם 5%שומן מחלבת אירופה,ג.וילי-פוד אינטרנשיונל **גבינו,,,יח`,200,גרם,false,1,9.90,4.95,false,1,
7290117261361,false,גבינת ריקוטה 400 ג 5% שומן מחלבת אירופה,ג.וילי-פוד אינטרנשיונל **גבינו,,,יח`,400,גרם,false,1,19.90,4.98,false,1,
7290117261392,false,גבינת מסקרפונה 200 גרם 35% שומן מחלבת אי,ג.וילי-פוד אינטרנשיונל **גבינו,,,יח`,200,גרם,false,1,14.90,7.45,true,1,
7290117261521,false,סלמון אטלנטי בשמן קנולה 120 גרם ויליפוד,ג. וילי-פוד אינטרנשיונל בע`מ,,,יח`,120,גרם,false,1,11.90,9.92,true,1,
7290117261576,false,סרדינים בריסלינג מעושנים ברוטב עגבניות 185 גרם צנצנת,ג. וילי-פוד אינטרנשיונל בע`מ,,,יח`,185,גרם,false,1,13.90,7.51,false,1,
7290117261583,false,סרדינים בריסלינג מעושנים בשמן קנולה 129 גרם (צנצנת),ג. וילי-פוד אינטרנשיונל בע`מ,,,יח`,185,גרם,false,1,13.90,7.51,false,1,
7290117261774,false,כדורי גבינת בייבי מוצרלה 14% שומן 150 גרםeuro cheese,ג.וילי-פוד אינטרנשיונל **גבינו,,,יח`,150,גרם,false,1,14.90,9.93,false,1,
7290117261989,false,גבינת מנורי רכה מחלב צאן 43% שומן 170 גרם,ג.וילי-פוד אינטרנשיונל **גבינו,,,יח`,170,גרם,false,1,15.90,9.35,false,1,
7290117262221,false,"משקה יוגורט פרוביוטי עם אננס 200מ""ל 2.3%שומן יורו",ג.וילי-פוד אינטרנשיונל **גבינו,,,יח`,200,"מ""ל",false,1,4.90,2.45,true,1,
7290117262238,false,"משקה יוגורט פרוביוטי עם תות שדה 200מ""ל 2.3%שומן יורו",ג.וילי-פוד אינטרנשיונל **גבינו,,,יח`,200,"מ""ל",false,1,4.90,2.45,true,1,
7290117262245,false,"משקה יוגורט פרוביוטי עם אפרסק ומשמש 200מ""ל 2.3%שומן יורו",ג.וילי-פוד אינטרנשיונל **גבינו,,,יח`,200,"מ""ל",false,1,4.90,2.45,true,1,
7290117263020,false,"משקה יוגורט פרוביוטי פירות יער 2.3% 200 מ""ל",ג.וילי-פוד אינטרנשיונל **גבינו,,,יח`,200,"מ""ל",false,1,4.90,2.45,true,1,
7290117380215,false,חטיף פוף קראנץ בטעם טאקו 60 גרם,ש. שסטוביץ בע`מ,,,יח`,60,גרם,false,1,3.90,6.50,true,1,
7290117382318,false,סלים דליס - חטיף חלבון מצופה שוקולד מריר 60 גרם,"י. מרבה ישראל בע""\מ",,,יח`,60,גרם,false,1,11.90,19.83,true,1,
7290117382325,false,סלים דליס - פרו 33 חטיף חלבון מצופה שוקולד חלב 60 גרם,"י. מרבה ישראל בע""\מ",,,יח`,60,גרם,false,1,11.90,19.83,true,1,
7290117382332,false,סלים דליס - חטיף חלבון מצופה שוקולד בטעם עוגיות 60 גרם,"י. מרבה ישראל בע""\מ",,,יח`,60,גרם,false,1,11.90,19.83,true,1,
7290117860038,false,"הוואי - תחליב רחצה יוגורט בניחוח אוכמניות 700 מ""ל","טרופיקל דגיל בע""\מ",,,יח`,700,"מ""ל",false,1,14.90,2.13,true,1,
7290117860045,false,שמפו תמציות אלוורה ותה ירוק לשיער רגיל,"טרופיקל גליל בע""מ",,,יח`,700,"מ""ל",false,1,14.90,2.13,true,1,
7290117860083,false,"הוואי קרם רחצה יוגורט בניחוח אירוס זהוב ודבש 700 מ""ל","טרופיקל דגיל בע""\מ",,,יח`,700,"מ""ל",false,1,14.90,2.13,true,1,
7290117860090,false,מרכך תמציות אלוורה ותה ירוק לשיער רגיל,"טרופיקל דגיל בע""\מ",,,יח`,700,"מ""ל",false,1,14.90,2.13,true,1,
7290117860137,false,"הוואי קרם רחצה יוגורט בניחוח פרח הקמליה 700 מ""ל","טרופיקל גליל בע""מ",,,יח`,700,"מ""ל",false,1,14.90,2.13,true,1,
7290117860144,false,הוואי שמפו פירות אקזוטיים וקלנדולה 700,"טרופיקל גליל בע""מ",,,יח`,700,"מ""ל",false,1,14.90,2.13,true,1,
7290117860182,false,"הוואי - תחליב רחצה בניחוח מגנוליה ושמן שקדים 700 מ""ל","טרופיקל דגיל בע""\מ",,,יח`,700,"מ""ל",false,1,14.90,2.13,true,1,
7290117860298,false,שמפו קומפלקס קרטין לשיער עדין או חלש,"טרופיקל גליל בע""מ",,,יח`,700,"מ""ל",false,1,14.90,2.13,true,1,
7290117860342,false,מרכך קומפלקס קרטין לשיער עדין או חלש,"טרופיקל גליל בע""מ",,,יח`,700,"מ""ל",false,1,14.90,2.13,true,1,
7290117860380,false,"תחליב רחצה יוגורט בניחוח אלוורה 700 מ""ל הוואי","טרופיקל דגיל בע""\מ",,,יח`,700,"מ""ל",false,1,14.90,2.13,true,1,
7290117860397,false,שמפו תמצית פריחת הדובדבן לשיער רגיל,"טרופיקל גליל בע""מ",,,יח`,700,"מ""ל",false,1,14.90,2.13,true,1,
7290117860496,false,"הוואי שמפו + מרכך 2 ב-1 לגבר 700 מ""ל-חדש","טרופיקל גליל בע""מ",,,יח`,700,"מ""ל",false,1,14.90,2.13,true,1,
7290117860649,false,הוואי שמפו קרטין קיק ללא סולפטים 700 מל,"טרופיקל גליל בע""מ",,,יח`,700,"מ""ל",false,1,14.90,2.13,true,1,
7290117860694,false,הוואי מרכך קרטין קיק ללא סולפטים 700 מל,"טרופיקל גליל בע""מ",,,יח`,700,"מ""ל",false,1,14.90,2.13,true,1,
7290117860748,false,הוואי שמפו תמצית יסמין מעניק נפח 700 מל,"טרופיקל גליל בע""מ",,,יח`,700,"מ""ל",false,1,14.90,2.13,true,1,
7290117860847,false,"הוואי רעננות מושלמת לגבר לשיער, גוף, פנים וזקן","טרופיקל גליל בע""מ",,,יח`,700,"מ""ל",false,1,14.90,2.13,true,1,
7290117860892,false,"הוואי - תחליב רחצה יוגורט בניחוח וניל ודבש 700 מ""ל","טרופיקל דגיל בע""\מ",,,יח`,700,"מ""ל",false,1,14.90,2.13,true,1,
7290117900949,false,בוטנים מצופים אמריקאים 250 גרם,דין שיווק וקליה 2021 בעמ,,,יח`,250,גרם,false,1,10,4,false,1,
7290117900963,false,בוטנים קלויים 270גר ששון הקולה,דין שיווק וקליה 2021 בעמ,,,יח`,270,גרם,false,1,10,3.70,false,1,
7290117900970,false,שקדים קלויים ששון הקולה 180 גם,דין שיווק וקליה 2021 בעמ,,,יח`,180,גרם,false,1,15,8.33,false,1,
7290117900987,false,אגוז פקאן קלוף ששון הקולה 140 גרם,דין שיווק וקליה 2021 בעמ,,,יח`,140,גרם,false,1,15,10.71,false,1,
7290117900994,false,פקאן סיני מסוכר ששון הקולה 140 גרם,דין שיווק וקליה 2021 בעמ,,,יח`,140,גרם,false,1,15,10.71,false,1,
7290117901014,false,אגוזי קשיו קלויים 160 גר ששון הקולה,דין שיווק וקליה 2021 בעמ,,,יח`,160,גרם,false,1,15,9.38,false,1,
7290117901021,false,קבוקים בוטנים מצופים עם שומשום 220 גרם,דין שיווק וקליה 2021 בעמ,,,יח`,220,גרם,false,1,10,4.55,false,1,
7290117901038,false,אגוזי מלך קלופים ששון הקולה 190 גרם,דין שיווק וקליה 2021 בעמ,,,יח`,190,גרם,false,1,15,7.89,false,1,
7290117901045,false,בוטן רביולי ששון הקולה 200 גרם,דין שיווק וקליה 2021 בעמ,,,יח`,200,גרם,false,1,15,7.50,false,1,
7290117901182,false,בוטן קליפה קלוי 350 גרם ששון הקלה,דין שיווק וקליה 2021 בעמ,,,יח`,350,גרם,false,1,10,2.86,false,1,
7290118420071,false,במבה ביסלי ברביקיו מיקס 80גר אסם{,קבוצת אוסם סחר שותפות מוגבלת,,,יח`,80,גרם,false,1,4.30,5.38,true,1,
7290118420378,false,פתיבר פינוקים בטעם תותים בשמנת - חלבי,קבוצת אוסם סחר שותפות מוגבלת,,,יח`,220,גרם,false,1,11.90,5.41,false,1,
7290118420415,false,קטשופ אסם קלאסי (750 גרם)היתר מכירה,קבוצת אסם סחר שות. מוגבלת,,,יח`,750,גרם,false,1,9.90,1.32,false,1,
7290118420477,false,אסם בייגלה שטוחים בטעם ביסלי בצל 300 גרם,קבוצת אוסם סחר שותפות מוגבלת,,,יח`,300,גרם,false,1,9.90,3.30,false,1,
7290118420514,false,אינסטנט פודינג בטעם נוגט אסם 75 גרם,קבוצת אוסם סחר שותפות מוגבלת,,,יח`,1,,false,1,5.90,5.90,false,1,
7290900010367,false,טורטייה שמינייה משקל נקי 360 ג' Avel,אבאל יזמות בעמ,,,יח`,360,גרם,false,1,8.90,2.47,true,1,
7296049012798,false,לקיטשן קומקום חשמלי שחור פס נירוסטה,אוהב ציון בעמ (מבצעים),,,יח`,1,,false,1,79.90,79.90,false,1,
7296049012811,false,לקיטשן קומקום חשמלי נירוסטה,אוהב ציון בעמ (מבצעים),,,יח`,1,,false,1,79.90,79.90,false,1,
7394376616778,false,אוטלי משקה שיבולת שועל להקצפה בריסטה 1 ליטר,ש. שסטוביץ בע`מ,,,יח`,1,1 ליטר,false,1,15.90,15.90,true,1,
7394376620294,false,אוטלי משקה שיבולת שועל בטעם וניל 1 ליטר,איי אם פי אס איי תעש,,,יח`,1000,"מ""ל",false,1,15.90,1.59,false,1,
7501013101348,false,"ג'ומקס מנגו בקבוק 473 מ""ל תריסר",חומקס קומר קומרסאליזדורה,,,יח`,473,"מ""ל",false,1,7.90,1.61,false,1,
7501013101362,false,"נקטר בטעם קוקוס ואננס 500 מ""ל JUMEX",חומקס קומר קומרסאליזדורה,,,יח`,473,"מ""ל",false,1,7.90,1.61,false,1,
7501013101393,false,"ג'ומקס אננס בקבוק 473 מ""ל תריסר",חומקס קומר קומרסאליזדורה,,,יח`,473,"מ""ל",false,1,7.90,1.61,false,1,
7501013122039,false,ג'ומקס מיץ מנגו קרטונית ליטר תריסר,חומקס קומר קומרסאליזדורה,,,יח`,1000,1 ליטר,false,1,9.60,0.01,true,1,
7501013122053,false,ג'ומקס מיץ אפרסק קרטונית ליטר תריסר,חומקס קומר קומרסאליזדורה,,,יח`,1,1 ליטר,false,1,9.60,9.60,true,1,
7501013122114,false,"נקטר משקה אננס בקרטונית ג'ומקס, 1 ל'",חומקס קומר קומרסאליזדורה,,,יח`,1,1 ליטר,false,1,9.60,9.60,true,1,
7501013122190,false,ג'ומקס מיץ תפוחים קרטונית ליטר תריסר,חומקס קומר קומרסאליזדורה,,,יח`,1,1 ליטר,false,1,9.60,9.60,false,1,
7501013122992,false,ג'ומקס מיץ קוקוס אננס קרטונית ליטר תריסר,חומקס קומר קומרסאליזדורה,,,יח`,1,1 ליטר,false,1,9.60,9.60,true,1,
7501064191398,false,שישיית בירה קורונה אקסטרא *355 מל,קריניציה ויטמינה אס,,,יח`,2.13,1 ליטר,false,1,34.90,15.54,false,1,
7501064191459,false,ארגז קורונה בירה אקסטרא 24 יח,לפ טאצ` וואן בעמ,,,יח`,7.92,1 ליטר,false,1,139.60,16.72,false,1,
7509546061160,false,"משחת שיניים לילדים מיניונים 2-5 75 מ""ל קולגייט",קולגייט פלמוליב,,,יח`,75,"מ""ל",false,1,12.90,17.20,false,1,
7509546061665,false,דאודורנט סטיק ג'ל לגבר 24/7 אקסטרים אינטנס,קולגייט פלמוליב,,,יח`,85,גרם,false,1,17.90,21.06,false,1,
7509546061672,false,דאודורנט סטיק אקסטרים אינטנס,קולגייט פלמוליב,,,יח`,50,גרם,false,1,16.90,33.80,false,1,
7509546678702,false,קולגייט משחת שיניים טוטל אנטי טרטר 100 מ,קולגייט-פלמוליב,,,יח`,100,"מ""ל",false,1,16.90,16.90,true,1,
7610100034084,false,מיונז טומי בשפורפרת 265 גרם,ליימן שליסל בע`מ,,,יח`,265,גרם,false,1,12.90,4.87,false,1,
7610243004463,false,"דורגול - מרסס להסרת אבנית במקלחון 600 מ""ל","יעקב יעקבי ובניו בע""מ",,,יח`,600,"מ""ל",false,1,19.90,3.32,false,1,
7610400014632,false,שוקולד לינדור בודד וואיט 100 ג',משה סידס ובנו בעמ,,,יח`,100,גרם,false,1,15.90,15.90,false,1,
7610400014649,false,לינדור קוביות במילוי קרם שוקולד חלב 100 גרם,לינדט ושפרונגלי קילשברג,,,יח`,100,גרם,false,1,15.90,15.90,false,1,
7610400068369,false,לינדט לינדור טבלאה קוביות במילוי קרם ושב,משה סידס ובנו בעמ,,,יח`,100,גרם,false,1,15.90,15.90,false,1,
7610400068505,false,לינדט לינדור בונבוניירה שוקולד חלב 200 גרם,לינדט ושפרונגלי קילשברג,,,יח`,200,גרם,false,1,31.90,15.95,true,1,
7610400074155,false,לינדט לינדור קוביות במילוי קרם שוקולד 60% מוצקי קקאו 100 גרם,לינדט ושפרונגלי קילשברג,,,יח`,100,גרם,false,1,15.90,15.90,false,1,
7610400075770,false,לינדט לה גרנד שוקולד מריר אגוז 150 גרם,לינדט ושפרונגלי קילשברג,,,יח`,150,גרם,false,1,23.90,15.93,true,1,
7610400085946,false,לינדט לגרנד דארק אלמונד סולט 150 גרם,לינדט ושפרונגלי קילשברג,,,יח`,150,גרם,false,1,23.90,15.93,true,1,
7613030979647,false,דגני בוקר טריקס פירות עולם היורה 480 ג',קבוצת אוסם סחר שותפות מוגבלת,,,יח`,480,גרם,false,1,19.90,4.15,true,1,
7613032045753,false,פיטנס דגנים מחיטה מלאה שוקולד 375גרם,קבוצת אוסם סחר שותפות מוגבלת,,,יח`,375,גרם,false,1,19.90,5.31,true,1,
7613033548192,false,פיטנס - דגני בוקר שוקולד מריר 375 גרם,קבוצת אוסם סחר שותפות מוגבלת,,,יח`,375,גרם,false,1,19.90,5.31,true,1,
7613035548374,false,דגני בוקר גולדן מיניס מחיטה מלאה ותירס,קבוצת אוסם סחר-שות.מוגבלת,,,יח`,570,גרם,false,1,19.90,3.49,true,1,
7613035622623,false,פיטנס גרנולה שקדים ודבש נסטלה (300 גרם),קבוצת אוסם סחר-שות.מוגבלת,,,יח`,300,גרם,false,1,15.90,5.30,false,1,
7613035635845,false,פיטנס גרנולה שוקולד 300 גר`אסם,קבוצת אוסם סחר-שות.מוגבלת,,,יח`,300,גרם,false,1,15.90,5.30,false,1,
7613035758834,false,פיטנס סופר גרנולה וחמוציות 300 גרם,קבוצת אוסם סחר שותפות מוגבלת,,,יח`,300,גרם,false,1,15.90,5.30,false,1,
7613035807778,false,פרפקטו רוטב עגבניות לבולונז אסם 400 גרם,קבוצת אוסם סחר שותפות מוגבלת,,,יח`,400,גרם,false,1,9.90,2.48,false,1,
7613035809109,false,פרפקטו רוטב עגבניות ובזיליקום אסם 400 גרם,קבוצת אוסם סחר שותפות מוגבלת,,,יח`,400,גרם,false,1,9.90,2.48,false,1,
7613035809857,false,פרפקטו רוטב עגבניות לפסטה ולבישול אסם 400 גרם,קבוצת אוסם סחר שותפות מוגבלת,,,יח`,400,גרם,false,1,9.90,2.48,false,1,
7613036387798,false,פיטנס דגנים מלאים ואורז פתיתים ויוגורט 350ג',קבוצת אוסם סחר-שות.מוגבלת,,,יח`,350,גרם,false,1,19.90,5.69,true,1,
7613036520492,false,פרפקטו רוטב עגבניות לפיצה אסם 400 גרם,קבוצת אוסם סחר-שות.מוגבלת,,,יח`,400,גרם,false,1,9.90,2.48,false,1,
7613036725286,false,דנטלייף חטיף דנטלי לחתול בטעם סלמון,קבוצת אוסם סחר שותפות מוגבלת,,,יח`,1,,false,1,9.90,9.90,false,1,
7613036725309,false,דנטלייף חטיף דנטלי לחתול בטעם עוף,קבוצת אוסם סחר-שות.מוגבלת,,,יח`,1,,false,1,9.90,9.90,false,1,
7613036737623,false,דגני בוקר קראנץ מיקס 410גר,קבוצת אוסם סחר שותפות מוגבלת,,,יח`,410,גרם,false,1,19.90,4.85,true,1,
7613036976718,false,פריסקיז פאוצ' ברווז ברוטב 26*85גרם,קבוצת אוסם סחר שותפות מוגבלת,,,יח`,1,,false,1,5.90,5.90,false,1,
7613037012095,false,פיטנס סופר גרנולה שוקולד קינואה ושקדים 300 גרם,קבוצת אסם סחר שות. מוגבלת,,,יח`,300,גרם,false,1,15.90,5.30,false,1,
7613037012200,false,גרבר מחית תפוח גזר ומנגו 90 גרם פאוץ,קבוצת אוסם סחר שותפות מוגבלת,,,יח`,90,גרם,false,1,6.90,7.67,false,1,
7613037276091,false,נסטלה מיקס מיני אריזות דגני בוקר 200 גרם,קבוצת אוסם סחר שותפות מוגבלת,,,יח`,1,,false,1,16.90,16.90,false,1,
7613037686906,false,פיטנס שקדים ודבש 355 גרם מופחת סוכר,קבוצת אוסם סחר שותפות מוגבלת,,,יח`,355,גרם,false,1,19.90,5.61,true,1,
7613037811629,false,קורנפלקס גו פרי ללא גלוטן 500 גר`,קבוצת אוסם סחר שותפות מוגבלת,,,יח`,500,גרם,false,1,14.90,2.98,false,1,
7613038268262,false,דגני בוקר צ'יריוס דבש ושקדים במתיקות מעודנת,קבוצת אוסם סחר שותפות מוגבלת,,,יח`,410,גרם,false,1,20.90,5.10,true,1,
7613038451954,false,דגני בוקר שוקולד מופחת סוכר 410 ג' קראנץ',קבוצת אוסם סחר-שות.מוגבלת,,,יח`,410,גרם,false,1,19.90,4.85,true,1,
7613039547632,false,גרבר מחית תפוח בננה ותות 90 גרם פאוץ,קבוצת אוסם סחר שותפות מוגבלת,,,יח`,90,גרם,false,1,6.90,7.67,false,1,
7613039547731,false,גרבר מחית תפוח עץ ומשמש 90 גרם פאוץ,קבוצת אוסם סחר שותפות מוגבלת,,,יח`,90,גרם,false,1,6.90,7.67,false,1,
7613039770450,false,טבעול סנסשיונל בורגר צמחוני 226 גרם,קבוצת אוסם סחר שותפות מוגבלת,,,יח`,226,גרם,false,1,29.90,13.23,true,1,
7613039771174,false,טבעול סנסשיונל מינס טחון צמחוני 400 גרם,קבוצת אוסם סחר שותפות מוגבלת,,,יח`,400,גרם,false,1,33.90,8.48,true,1,
7613039879382,false,מחית תפוח עץ 190 גר` גרבר כשר לפסח,קבוצת אוסם סחר שותפות מוגבלת,,,יח`,190,גרם,false,1,6.90,3.63,false,1,
7613039880807,false,גרבר מחית תפוח וגזר 190 גרם,קבוצת אוסם סחר שותפות מוגבלת,,,יח`,190,גרם,false,1,6.90,3.63,false,1,
7613039881521,false,גרבר מחית מרק מנגו 190 גרם,קבוצת אוסם סחר שותפות מוגבלת,,,יח`,190,גרם,false,1,6.90,3.63,false,1,
7613287155832,false,מחית תפוח פאוץ 90 גר`גרבר כשלפ,קבוצת אוסם סחר שותפות מוגבלת,,,יח`,90,גרם,false,1,6.90,7.67,false,1,
7613287155924,false,מטרנה מחית תפוח וגזר פאוץ' 90 גר',קבוצת אוסם סחר-שות.מוגבלת,,,יח`,90,גרם,false,1,6.90,7.67,false,1,
7613287181411,false,ויטמינציק מחית סלט פירות 110 גרם,קבוצת אוסם סחר שותפות מוגבלת,,,יח`,110,גרם,false,1,5.90,5.36,true,1,
7613287182326,false,ויטמינציק מחית בננה תפוח 110 גרם,קבוצת אוסם סחר-שות.מוגבלת,,,יח`,110,גרם,false,1,5.90,5.36,true,1,
7613287182357,false,מחית אגס תפוח ופירות יער ויטמינצ'יק 110 ג',קבוצת אוסם סחר שותפות מוגבלת,,,יח`,110,גרם,false,1,5.90,5.36,true,1,
7613287182425,false,ויטמינציק מחית תפוח בננה ותות 110 גרם,קבוצת אוסם סחר שותפות מוגבלת,,,יח`,110,גרם,false,1,5.90,5.36,true,1,
7613287182456,false,ויטמינציק מחית אגס בננה תפוח 110 גרם,קבוצת אוסם סחר שותפות מוגבלת,,,יח`,110,גרם,false,1,5.90,5.36,true,1,
7613287302373,false,סטארבקס קפסולות איטליאן סטייל רוסט 56 גרם,קבוצת אוסם סחר שותפות מוגבלת,,,יח`,56,גרם,false,1,21.90,39.11,true,1,
7613287821348,false,נתחוני עוף טבעוני סנסשיונל טבעול 350 גרם,קבוצת אוסם סחר-שות.מוגבלת,,,יח`,350,גרם,false,1,32.90,9.40,true,1,
7622010001858,false,עוגיות אוראו ממולאות קרם וניל 176 גרם.,דיפלומט מפיצים (1968) בעמ**,,,יח`,176,גרם,false,1,8.90,5.06,true,1,
7622201050757,false,מילקה שוקולד חלב במילוי קרם קרמל 100 ג,דיפלומט מפיצים (1968) בעמ**,,,יח`,100,גרם,false,1,6.90,6.90,true,1,
7622201127367,false,מילקה אוראו מיניס שוקולד לבן 153 גרם,דיפלומט מפיצים (1968) בעמ**,,,יח`,153,גרם,false,1,14.90,9.74,false,1,
7622201137052,false,אוראו מיני קוקיס - עוגיות שוקולד צ'יפס ותחתית מצופה שוקולד חלב,דיפלומט מפיצים (1968) בעמ**,,,יח`,110,גרם,false,1,7.90,7.18,true,1,
7622201401900,false,עוגיות סנסיישן אוראו מילקה 156 גרם,דיפלומט מפיצים (1968) בעמ**,,,יח`,156,גרם,false,1,12.90,8.27,true,1,
7622201500733,false,עוגיות אוראו רמיקס דאבל קרם קרמל וניל157,דיפלומט מפיצים (1968) בע`מ,,,יח`,157,גרם,false,1,7.90,5.03,false,1,
7622201502515,false,עוגיות מילקה קוקי לופ שוקולד צ'יפס,דיפלומט מפיצים (1968) בעמ**,,,יח`,132,גרם,false,1,12.90,9.77,true,1,
7622201521493,false,גבינת פילדלפיה שום ועשבי תיבול 150 גר` (,מיודלז אספניה פרודוק,,,יח`,150,גרם,false,1,13.90,9.27,true,1,
7622201798154,false,גבינת שמנת לייט מופחתת שומן 13% שומן,מיודלז אספניה פרודוק,,,יח`,150,גרם,false,1,13.90,9.27,true,1,
7622201801809,false,מילקה שוקולד חלב עם אגוזים 100 גרם חדש,מנדלז דויצ'\לנד סנקס פרו,,,יח`,100,גרם,false,1,6.90,6.90,false,1,
7622201802394,false,שוקולד מילקה חלב מסרונים 100 גרם,מנדלז דויצ'\לנד סנקס פרו,,,יח`,100,גרם,false,1,6.90,6.90,false,1,
7622201808631,false,אוראו מיני עוגיות ממולאות קרם וניל 67גרם,דיפלומט מפיצים (1968) בעמ**,,,יח`,67,גרם,false,1,6.90,10.30,false,1,
7622201819170,false,שוקולד מילקה דרק שקדים 85 גרם.,דיפלומט מפיצים (1968) בעמ**,,,יח`,85,גרם,false,1,7.90,9.29,true,1,
7622201819408,false,שוקולד מילקה דרק קרמל 85 גרם.,מונדלז דויטשלנד סנאק,,,יח`,85,גרם,false,1,7.90,9.29,true,1,
7622210078131,false,שוקולד חלב עם שבבי קרמל מילקה דיים 100 גרם,מנדלז דויצ'\לנד סנקס פרו,,,יח`,100,גרם,false,1,6.50,6.50,true,1,
7622210137234,false,אוראו עוגיות עם דאבל קרם בטעם וניל 170ג,דיפלומט מפיצים (1968) בעמ**,,,יח`,170,גרם,false,1,9.90,5.82,true,1,
7622210163899,false,שוקולד חלב במילוי סוכריות עדשים,דיפלומט מפיצים (1968) בעמ**,,,יח`,100,גרם,false,1,6.50,6.50,true,1,
7622210453327,false,עוגיות שוקוצ'יפס במילוי שוקולד סנסיישן,דיפלומט מפיצים (1968) בעמ**,,,יח`,156,גרם,false,1,12.90,8.27,true,1,
7622210638021,false,מיני עוגיות אוראו קראנצ'י בייטס מצופים,דיפלומט מפיצים (1968) בעמ**,,,יח`,110,גרם,false,1,7.90,7.18,true,1,
7622210664150,false,"עוגיות אוראו וניל, 396 גרם",דיפלומט מפיצים (1968) בעמ**,,,יח`,396,גרם,false,1,15.90,4.02,false,1,
7622210690883,false,מילקה שוקולד חלב-מהדורת מונדיאל 270 גרם,דיפלומט מפיצים (1968) בעמ**,,,יח`,270,גרם,false,1,14.90,5.52,false,1,
7622210826053,false,מילקה שוקולד אוראו סנדוויץ 100 גרם,דיפלומט מפיצים (1968) בעמ**,,,יח`,92,גרם,false,1,6.50,7.07,true,1,
7622210835338,false,אוראו עוגיות ממולאות טעם בראוניז 176 גרם,דיפלומט מפיצים (1968) בעמ**,,,יח`,176,גרם,false,1,8.90,5.06,true,1,
7622300270506,false,מילקה גריינס - עוגיות שיבולת שועל מצופות שוקולד 168 ג',דיפלומט מפיצים (1968) בעמ**,,,יח`,168,גרם,false,1,12.90,7.68,true,1,
7622300315283,false,אוראו עוגיות ממולאות קרם וניל 154 גרם,דיפלומט מפיצים (1968) בעמ**,,,יח`,154,גרם,false,1,7.90,5.13,false,1,
7622300489434,false,"עוגיות אוראו פאדג' בציפוי שוקולד חלב, 246 גרם",דיפלומט מפיצים (1968) בעמ**,,,יח`,246,גרם,false,1,19.90,8.09,true,1,
7622300495046,false,מילקה שוקולד חלב עם אקסטרה קקאו 100 גרם,מנדלז דויצ'\לנד סנקס פרו,,,יח`,100,גרם,false,1,6.90,6.90,true,1,
7622300503079,false,עוגיות ביסקוויט מצופה שוקולד חלב מילקה 200 גרם,דיפלומט מפיצים (1968) בעמ**,,,יח`,200,גרם,false,1,12.90,6.45,true,1,
7622300617820,false,מילקה שוקולד חלב במילוי קרם חלב ווניל ושבבי עוגיות אוראו 100 גרם,מנדלז דויצ'\לנד סנקס פרו,,,יח`,100,גרם,false,1,6.90,6.90,true,1,
7622300761363,false,עוגיות מיני אוראו במילוי קרם בטעם שוקולד בכוס,דיפלומט מפיצים (1968) בעמ**,,,יח`,67,גרם,false,1,6.90,10.30,true,1,
7622300772314,false,עוגיות אוראו ממולאות קרם בטעם וניל 66גר,דיפלומט מפיצים (1968) בעמ**,,,יח`,66,גרם,false,1,3.90,5.91,true,1,
7622400005190,false,שוקולד חלב נגיעות שוקולד לבן מילקה 100 ג,מנדלז דויצ'\לנד סנקס פרו,,,יח`,100,גרם,false,1,6.90,6.90,false,1,
7630477891592,false,סטארבקס קפסולות קפה האוס בלנד 10 יחידות,קבוצת אוסם סחר שותפות מוגבלת,,,יח`,57,גרם,false,1,21.90,38.42,true,1,
7630477891639,false,קפסולות קפה סומטרה (10 יח) סטארבקס ( 55,קבוצת אוסם סחר שותפות מוגבלת,,,יח`,55,גרם,false,1,21.90,39.82,true,1,
7630477891677,false,סטארבקס קפסולות קפה פייק פלייס 10 יחידות,קבוצת אוסם סחר שותפות מוגבלת,,,יח`,57,גרם,false,1,21.90,38.42,true,1,
7630477891714,false,סטארבקס קפסולות קפה אספרסו 10 יחידות,קבוצת אוסם סחר שותפות מוגבלת,,,יח`,57,גרם,false,1,21.90,38.42,true,1,
7630477891738,false,סטארבקס קפסולות קפה אספרסו בלונד 10 יחיד,קבוצת אוסם סחר שותפות מוגבלת,,,יח`,53,גרם,false,1,21.90,41.32,true,1,
7702018263813,false,סכיני גילוח גילט מאך 3 טורבו 4 יח,דיפלומט מפיצים (1968) בעמ,,,יח`,1,,false,1,49.90,49.90,false,1,
7702018874460,false,סכיני גילוח ג`ילט פיוזן רביעייה- יבוא,פארמה דיל (פ.א.ב.) שיווק והפצה,,,יח`,1,,false,1,54.90,54.90,false,1,
7702018980864,false,קצף גילוח סירייס רגיש גילט 250 מל,דיפלומט מפיצים (1968) בעמ,,,יח`,250,"מ""ל",false,1,19.90,7.96,false,1,
7702024074625,false,פיטנס - חטיפי קרקר חיטה מלאה 234 גרם,קבוצת אוסם סחר שותפות מוגבלת,,,יח`,234,גרם,false,1,11.90,5.09,false,1,
7702024258322,false,"חטיפי קרקר עם חיטה מלאה, צ'יה וזרעי פשתן פיטנס",קבוצת אוסם סחר שותפות מוגבלת,,,יח`,234,גרם,false,1,11.90,5.09,false,1,
7702174066631,false,לקקן יוגטה פין פופ במילוי מסטיק 170 גר,קומסטיבלס לה רוזה אס.איי,,,יח`,180,גרם,false,1,7.90,4.39,false,1,
7702174068833,false,יוגטה סוכריות קשות על מקל ממולאות טופי בטעמי גלידת פירות 12 יח' 204 גרם,הדקלאים אגודת שיתופי,,,יח`,216,גרם,false,1,10.90,5.05,false,1,
7702174073844,false,לקקן יוגטה פין פופ פירות 48 יח 672 גרם,הדקלאים אגודת שיתופי,,,יח`,1,,false,1,19.90,19.90,false,1,
7791875005353,false,ריבת חלב הוואנה דוצה דה לצה 450 גרם,משה סידס ובנו בעמ,,,יח`,450,גרם,false,1,18.90,4.20,true,1,
7792860006218,false,סוכריות לקקן בייבי דול לריטייר (24 גרם),גוד פוד פרודקטס S.p,,,יח`,24,גרם,false,1,2.90,12.08,true,1,
7798304600011,false,אוכמניות- טרי 125 גר,בראשית - אגודה שיתופית*שיק 45,,,יח`,125,גרם,false,1,10,8,false,1,
7804414000860,false,קברנה סוביניון דון חוליו (750 מל),צ'ילה לואיס פיליפה אדוארדס,,,יח`,750,"מ""ל",false,1,29.90,3.95,true,1,
7804414000877,false,יין דון חוליו מרלו אדוארדס,צ'ילה לואיס פיליפה אדוארדס,,,יח`,750,"מ""ל",false,1,29.90,3.95,true,1,
7804414012368,false,יין רוזה 750 מל דון חוליו,הכרם - משקאות חריפים בעמ,,,יח`,750,"מ""ל",false,1,29.90,3.95,true,1,
7804632390255,false,אוכמניות טרי 125 גר,בראשית - אגודה שיתופית*שיק 45,,,יח`,125,גרם,false,1,10,8,false,1,
7804651030026,false,אוכמניות טריות יחידה,איגל טרייטדינג שיווק חקלאי בעמ,,,יח`,125,גרם,false,1,10,8,false,1,
7891024124826,false,קולגייט משחת אופטיק ספרקלינג וייט 75מל,הנסיך- מפעל לייצור ט,,,יח`,103,גרם,false,1,19.90,19.32,false,1,
8000113003402,false,"קמח תירס בוואקום 1 ק""ג",גורי מוצרי צריכה (1991) בעמ,,,יח`,100,גרם,false,1,16.50,16.50,false,1,
8000215204554,false,ויטאריז משקה אורז קוקוס אורגני 1 ליטר,נטורפוד בעמ,,,יח`,1,1 ליטר,false,1,12.90,12.90,false,1,
8000380003723,false,וופלים גרנד פטיסרי במילוי קרם אגוזים 100,קריניציה ויטמינה אס,,,יח`,100,גרם,false,1,13.90,13.90,false,1,
8000380003761,false,וופל גרנד פטיסרי שוקולד וקוקוס לואקר 100 גרם,קריניציה ויטמינה אס,,,יח`,100,גרם,false,1,13.90,13.90,false,1,
8000380004676,false,קוביות וופל סנדוויץ Sandwich עם וניל וחלב,"א. לואקר, קונפקט ג'י",,,יח`,200,גרם,false,1,13.90,6.95,false,1,
8000380004911,false,קוביות וופל קואדרטיני Quadratini קרם אגוזים,קריניציה ויטמינה אס,,,יח`,250,גרם,false,1,14.90,5.96,true,1,
8000380004966,false,וופל קוארדטיני לואקר קוביות שוקולד 250ג',קריניציה ויטמינה אס,,,יח`,250,גרם,false,1,14.90,5.96,true,1,
8000380005598,false,מארז וופל שוקולד טורטינה Tortina שוקולד מריר,א. לואקר אס. פי. אי-אי.,,,יח`,125,גרם,false,1,17.90,14.32,true,1,
8000380007219,false,וופל לואקר ממולא קרם אגוזים 175 גרם,ליימן שליסל בע`מ,,,יח`,175,גרם,false,1,10.90,6.23,true,1,
8000380007257,false,וופל גרדנה במילוי קרם אגוזים מצופה,קריניציה ויטמינה אס,,,יח`,200,גרם,false,1,14.40,7.20,false,1,
8000380106028,false,טורטינה לואקר וופל שוקולד ואגוזים שישיה 125ג',קריניציה ויטמינה אס,,,יח`,125,גרם,false,1,17.90,14.32,true,1,
8000380144044,false,גרדנה וופל מצופה שוקולד חלב לואקר 200 גרם,ליימן שליסל בע`מ,,,יח`,200,גרם,false,1,14.40,7.20,false,1,
8000380153534,false,מארז וופל שוקולד טורטינה Tortina שוקולד לבן,א. לואקר אס. פי. אי-אי.,,,יח`,125,גרם,false,1,17.90,14.32,false,1,
8000380156573,false,לואקר בונבוניירה ורד הדולמיטים 150 גרם,קריניציה ויטמינה אס,,,יח`,150,גרם,false,1,25.90,17.27,true,1,
8000380180721,false,לואקר וופל קקאו במילוי קרם חלבי 175 גר,קריניציה ויטמינה אס,,,יח`,175,גרם,false,1,10.90,6.23,true,1,
8000380180745,false,וופל קוביות קקאו במילוי קרם חלב לואקר 250 גרם,"א. לואקר, קונפקט ג'י",,,יח`,250,גרם,false,1,14.90,5.96,true,1,
8000380180837,false,וופל גרנד פטיסרי קוקוס לבן מצופה שוקולד לבן לואקר 100 גרם,ליימן שליסל בע`מ,,,יח`,100,גרם,false,1,13.90,13.90,false,1,
8000380187300,false,עוגיות חמאה עם שוקולד חלב לואקר 120 גר,ליימן שליסל בע`מ,,,יח`,120,גרם,false,1,14.90,12.42,true,1,
8000380192243,false,וופלים מלבנים פריכיים בטעם אגוז 200 גר`,ליימן שליסל בע`מ,,,יח`,200,גרם,false,1,12.90,6.45,false,1,
8000380192250,false,וופלים מלבנים פריכיים בטעם שוקולד 200 גר,ליימן שליסל בע`מ,,,יח`,200,גרם,false,1,12.90,6.45,false,1,
8000380201396,false,שוקולד חלב ממולא קרם קרמל ועלי וופל פריכ,ליימן שליסל בע`מ,,,יח`,126,גרם,false,1,17.90,14.21,true,1,
8000380205400,false,וופלים קואדרטיני חמאת בוטנים לואקר 250 גרם,ליימן שליסל בע`מ,,,יח`,250,גרם,false,1,14.90,5.96,true,1,
8000380205523,false,וופלים בטעם חמאת בוטנים לואקר 175 גרם,ליימן שליסל בעמ,,,יח`,175,גרם,false,1,10.90,6.23,true,1,
8000380206896,false,וופל גרדנה במילוי חמאת בוטנים 200 גרם,ליימן שליסל בע`מ,,,יח`,200,גרם,false,1,14.40,7.20,false,1,
8000380207183,false,שוקולד לואקר טורטינה חמאת בוטנים 126 גר,ליימן שליסל בע`מ,,,יח`,126,גרם,false,1,17.90,14.21,true,1,
8000500009673,false,בונבונרייה פררו רושר 300 גרם,פרימיום-חברה לדברי מתיקה ולמסח,,,יח`,300,גרם,false,1,44.90,14.97,true,1,
8000500023624,false,חטיפי הפי היפו Happy Hippo במילוי קרם חלב וקקאו,פרימיום-חברה לדברי מתיקה ולמסח,,,יח`,90,גרם,false,1,11.90,13.22,false,1,
8000500023976,false,בונבוניירת רפאלו פררו (150 גרם),פרימיום-חברה לדברי מתיקה ולמסח,,,יח`,150,גרם,false,1,15.90,10.60,false,1,
8000500026731,false,ביצי שוקולד קינדר מארז 3 יח סופרייז,פרימיום-חברה לדברי מתיקה ולמסח,,,יח`,60,גרם,false,1,14.90,24.83,false,1,
8000500028124,false,קינדר גוי ביצת הפתעה מארז שלישיה,פרימיום-חברה לדברי מתיקה ולמסח,,,יח`,60,גרם,false,1,14.90,24.83,false,1,
8000500029350,false,מארז וופל מצופה 3יח' *43 גרם קינדר בואנו,פרימיום-חברה לדברי מתיקה ולמסח,,,יח`,129,גרם,false,1,9.90,7.67,false,1,
8000500032237,false,בונבונרייה פררו רושר 375 גרם,פרימיום-חברה לדברי מתיקה ולמסח,,,יח`,375,גרם,false,1,44.90,11.97,true,1,
8000500037874,false,בונבונרייה פררו רושר 200 גרם,פרימיום-חברה לדברי מתיקה ולמסח,,,יח`,200,גרם,false,1,24.90,12.45,false,1,
8000500071083,false,אצבעות שוקולד קינדר Kinder שש עשרה יחידות,פרימיום-חברה לדברי מתיקה ולמסח,,,יח`,200,גרם,false,1,11.90,5.95,false,1,
8000500075708,false,ביצי שוקולד הפתעה קינדר ג'וי כחול בנים שלישיה,פרימיום-חברה לדברי מתיקה ולמסח,,,יח`,60,גרם,false,1,14.90,24.83,false,1,
8000500121436,false,מארז קינדר בואנו Kinder Bueno לבן שלוש יחידות,פרימיום-חברה לדברי מתיקה ולמסח,,,יח`,117,גרם,false,1,9.90,8.46,false,1,
8000500126325,false,ביצי שוקולד הפתעה קינדר ג'וי ורוד בנות שלישיה,פרימיום-חברה לדברי מתיקה ולמסח,,,יח`,60,גרם,false,1,14.90,24.83,false,1,
8000500167656,false,קינדר שוקולד עם דגנים סיריאל 94 ג',פרימיום-חברה לדברי מתיקה ולמסח,,,יח`,1,,false,1,7.90,7.90,false,1,
8000500267103,false,קינדר דליס עוגת ספוג קקאו במילוי חלבי*10,פרימיום-חברה לדברי מתיקה ולמסח,,,יח`,390,גרם,false,1,19.90,5.10,false,1,
8000500269169,false,קינדר קארדס Kinder Cards - חמישייה,פרימיום-חברה לדברי מתיקה ולמסח,,,יח`,128,גרם,false,1,13.90,10.86,false,1,
8000798000307,false,מברשת מגהץ איכותית (,מ.א.ייצור ויבוא מטליות בעמ,,,יח`,1,יח`,false,1,5.90,5.90,false,1,
8000798000925,false,מטאטא רך שיער איטלקי עבה,מ.א.ייצור ויבוא מטליות בעמ,,,יח`,1,יח`,false,1,21.90,21.90,false,1,
8000798085052,false,מטאטא גולד עם מקל שייני,מ.א.ייצור ויבוא מטליות בעמ,,,יח`,1,,false,1,18.90,18.90,false,1,
8001003100164,false,יוגטה סוכריות ג'לי בטעמי פירות 450 גרם,ליימן שליסל בע`מ,,,יח`,450,גרם,false,1,11.90,2.64,false,1,
8001003100218,false,סוכריות יוגטה ג'לי פירות 800 גר',ליימן שליסל בע`מ,,,יח`,800,גרם,false,1,19.90,2.49,false,1,
8001090016003,false,טבליות למדיח קלאסי הכל באחד פיירי,דיפלומט מפיצים (1968) בעמ,,,יח`,1,,false,1,44.90,44.90,false,1,
8001090111685,false,תחתונים אולוויז דיסקריט מידה L לבריחת שתן,דיפלומט מפיצים (1968) בעמ,,,יח`,1,,false,1,33.90,33.90,true,1,
8001090111715,false,תחתונים אולוויז דיסקריט מידה M לבריחת שתן,דיפלומט מפיצים (1968) בעמ,,,יח`,1,,false,1,33.90,33.90,true,1,
8001090184375,false,"נוזל כלים פיירי 900 מ""ל ירוק אורגינל",דיפלומט מפיצים (1968) בעמ,,,יח`,900,"מ""ל",false,1,11.90,1.32,false,1,
8001090184412,false,"פיירי נוזל לניקוי כלים לימון שקוף, 900 מ""ל",דיפלומט מפיצים (1968) בעמ,,,יח`,900,"מ""ל",false,1,11.90,1.32,false,1,
8001090222541,false,הרבל אסנסס שמפו תות שדה ומנטה 400 גרם,דיפלומט מפיצים (1968) בעמ,,,יח`,400,"מ""ל",false,1,19.90,4.98,true,1,
8001090222572,false,הרבל אסנסס מרכך תות שדה ומנטה 400 גרם,דיפלומט מפיצים (1968) בעמ,,,יח`,400,"מ""ל",false,1,19.90,4.98,true,1,
8001090222725,false,"הרבל אסנסס - שמפו שמן מורינגה 400 מ""ל",דיפלומט מפיצים (1968) בעמ,,,יח`,400,"מ""ל",false,1,19.90,4.98,true,1,
8001090336446,false,חיתולי ביביי דריי מידה 4 ( 34 יח) פמפרס,דיפלומט מפיצים (1986) בע`מ,,,יח`,1,,false,1,30.90,30.90,true,1,
8001090336521,false,חיתולי פמפרס בייבי דריי מידה 5 30 יח` `,דיפלומט מפיצים (1986) בע`מ,,,יח`,1,,false,1,30.90,30.90,true,1,
8001090364104,false,"משחת שיניים אורל בי G&E אורגינל 75 מ""ל",דיפלומט מפיצים (1968) בעמ,,,יח`,75,גרם,false,1,17.90,23.87,true,1,
8001090379337,false,פמפרס פרימיום קר חיתולים שלב 3 40 יח VP,דיפלומט מפיצים (1986) בע`מ,,,יח`,1,,false,1,32.90,32.90,true,1,
8001090379368,false,פמפרס פרימיום קר חיתולים שלב 4 34 יח VP,דיפלומט מפיצים (1986) בע`מ,,,יח`,1,,false,1,32.90,32.90,true,1,
8001090379399,false,פמפרס פרימיום קר חיתולים שלב 5 30 יח VP,דיפלומט מפיצים (1986) בע`מ,,,יח`,1,,false,1,32.90,32.90,true,1,
8001090458322,false,פיירי ורדים משי 1.015 מלי,דיפלומט מפיצים (1968) בעמ,,,יח`,1.0150,1 ליטר,false,1,17.90,17.64,false,1,
8001090493675,false,הד&שולדרס MEN שמפו אולטרא טוטל קר 540 מל,דיפלומט מפיצים (1968) בעמ,,,יח`,540,"מ""ל",false,1,23.90,4.43,false,1,
8001090678614,false,"שמפו סופרים לחות הד אנד שולדרס 400 מ""ל",דיפלומט מפיצים (1986) בע`מ,,,יח`,400,"מ""ל",false,1,19.90,4.98,false,1,
8001090734044,false,אולוויז מגן תחתון גיגה פק לארג' אקסטרה פרוטקט 64 יח',דיפלומט מפיצים (1986) בע`מ,,,יח`,1,,false,1,19.90,19.90,true,1,
8001090740717,false,מגני תחתון אולוויז נורמל עם ניחוח רענן Fresh Scent,פרוקטר אנד גמבל )ראה קוד,,,יח`,1,,false,1,19.90,19.90,true,1,
8001090802385,false,קפסולות גל לכביסה טייד בניחוח לנור 26 יח,דיפלומט מפיצים (1986) בע`מ,,,יח`,1,,false,1,29.90,29.90,true,1,
8001090832450,false,"שמפו פנטן הנוסחה הקלאסית 660 מ""ל",דיפלומט מפיצים (1986) בע`מ,,,יח`,660,"מ""ל",false,1,19.90,3.02,true,1,
8001090832535,false,"שמפו פנטן שמן מרוקאי משקם 660 מ""ל",דיפלומט מפיצים (1986) בע`מ,,,יח`,660,"מ""ל",false,1,19.90,3.02,true,1,
8001090832573,false,שמפו שמן לחות מוגברת 660 מל פנטן,דיפלומט מפיצים (1986) בע`מ,,,יח`,660,"מ""ל",false,1,19.90,3.02,true,1,
8001090832610,false,שמפו שמן למגע רך כמשי 660 מל פנטן,דיפלומט מפיצים (1986) בע`מ,,,יח`,660,"מ""ל",false,1,19.90,3.02,true,1,
8001090832818,false,מרכך פנטן הנוסחה הקלאסית לשיער רגיל ומעורב,דיפלומט מפיצים (1986) בע`מ,,,יח`,660,"מ""ל",false,1,19.90,3.02,true,1,
8001090832894,false,מרכך לשיער חלש ופגום לחות מוגברת,דיפלומט מפיצים (1986) בע`מ,,,יח`,660,"מ""ל",false,1,19.90,3.02,true,1,
8001090886460,false,לנור כדוריות הבושם בניחוח אביבי 140 גרם,דיפלומט מפיצים (1968) בעמ,,,יח`,140,גרם,false,1,19.90,14.21,false,1,
8001090891273,false,לנור כדוריות בושם בניחוח סחלב 210 גרם,דיפלומט מפיצים (1968) בעמ,,,יח`,210,גרם,false,1,27.90,13.29,true,1,
8001090899194,false,תחבושות אולוויז פלטינום נורמל 24 יחידות,דיפלומט מפיצים (1986) בע`מ,,,יח`,1,,false,1,19.90,19.90,true,1,
8001090899224,false,תחבושות אולוויז פלטינום לונג 20 יחידות,דיפלומט מפיצים (1986) בע`מ,,,יח`,1,,false,1,19.90,19.90,true,1,
8001090943095,false,סבון כלים פעולה אנטי-בקטריאלית אקליפטוס,דיפלומט מפיצים (1968) בעמ,,,יח`,1.0150,1 ליטר,false,1,17.90,17.64,false,1,
8001160000888,false,"גטורייד משקה ספורט תפוז 500 מ""ל",אקווה מינרלה סאן בנדטו,,,יח`,500,"מ""ל",false,1,9.90,1.92,true,1,
8001160001786,false,"משקה אנרגיה גטורייד ספורט כחול 500מ""ל",אקווה מינרלה סאן בנדטו,,,יח`,500,"מ""ל",false,1,9.90,1.92,true,1,
8001160001892,false,"משקה אנרגיה גטורייד ספורט תפוז אדום 500מ""ל",אקווה מינרלה סאן בנדטו,,,יח`,500,"מ""ל",false,1,9.90,1.92,true,1,
8001440118944,false,שלישיית עגבניות פולפה צ'יריו 400 גרם,דיפלומט מפיצים (1968) בעמ**,,,יח`,1.20,"ק""ג",false,1,14.90,12.42,true,1,
8001620011935,false,"סן בנדטו- מים מינרלים מוגז - מארז שישיית 500 מ""ל",אקווה מינרלה סאן בנד,,,יח`,3,1 ליטר,false,1,13.70,3.97,false,1,
8001620017456,false,"סן בנדטו ספורט, מים מינרלים טבעיים 500 מ""ל שישייה",אקווה מינרלה סאן בנדטו ב,,,יח`,3000,"מ""ל",false,1,13.90,0.40,false,1,
8001841006710,false,לנור כדוריות הבושם בניחוח רענן ( 210 גר`,דיפלומט מפיצים (1968) בעמ,,,יח`,210,גרם,false,1,27.90,13.29,true,1,
8001841053684,false,תחבושות אולוויז עבה לונג פלוס 12 יחידות,פרוקטר אנד גמבל )ראה קוד,,,יח`,1,,false,1,9.90,9.90,false,1,
8001841104799,false,פמפרס פרימיום קר חיתולים שלב 2 46 יח VP,דיפלומט מפיצים (1968) בעמ,,,יח`,1,,false,1,32.90,32.90,true,1,
8001841105093,false,פמפרס פרימיום קר חיתולים שלב 6 26 יח VP,דיפלומט מפיצים (1986) בע`מ,,,יח`,1,,false,1,32.90,32.90,true,1,
8001841216584,false,תחבושות אולוויז אולטרה לילה בטוח,דיפלומט מפיצים (1968) בעמ,,,יח`,1,,false,1,35.90,35.90,false,1,
8001841272757,false,אורל-בי משחת שיניים להלבנה פחם- לניקוי עמוק,דיפלומט מפיצים (1968) בעמ,,,יח`,75,גרם,false,1,29.90,39.87,true,1,
8001841410524,false,שמפו הד&שולדרס קוקוס 600 מל,דיפלומט מפיצים (1968) בעמ,,,יח`,600,"מ""ל",false,1,23.90,3.98,false,1,
8001841427126,false,מגן תחתון אולוויז מגה פק פרו פרש נורמל 64 יחי,דיפלומט מפיצים (1986) בע`מ,,,יח`,1,,false,1,19.90,19.90,true,1,
8001841500799,false,"הרבל אסנסס - שמפו ללא סולפטים אלוורה ומנגו 380 מ""ל",דיפלומט מפיצים (1968) בעמ,,,יח`,380,"מ""ל",false,1,19.90,5.24,true,1,
8001841500942,false,"הרבל אסנסס - שמפו ללא סולפטים אלוורה ובמבוק 380 מ""ל",דיפלומט מפיצים (1986) בע`מ,,,יח`,380,"מ""ל",false,1,19.90,5.24,true,1,
8001841566771,false,לנור כדוריות בושם בניחוח יסמין 210 גרם,דיפלומט מפיצים (1968) בעמ,,,יח`,210,גרם,false,1,27.90,13.29,true,1,
8001841625188,false,סבון כלים פלטינום לימון X3 פעולות להסרת שומנים,דיפלומט מפיצים (1986) בע`מ,,,יח`,515,"מ""ל",false,1,10.90,2.12,true,1,
8001841625287,false,סבון כלים פלטינום לימון X3 פעולות להסרת שומנים,דיפלומט מפיצים (1968) בעמ,,,יח`,1.0150,1 ליטר,false,1,17.90,17.64,false,1,
8001841625362,false,"נוזל כלים בניחוח לימון פלטינום 780 מ""ל פיירי",דיפלומט מפיצים (1968) בעמ,,,יח`,780,"מ""ל",false,1,11.90,1.53,false,1,
8001841625461,false,סבון כלים פלטינום X3 פעולות להסרת שומנים,דיפלומט מפיצים (1986) בע`מ,,,יח`,515,"מ""ל",false,1,10.90,2.12,true,1,
8001841665290,false,פנטן שמפו נוסחה קלאסית לשיער רגיל 400 מל,איינשטיין-צור יבוא-יצוא וסחר ב,,,יח`,400,"מ""ל",false,1,14.90,3.73,false,1,
8001841669465,false,קפסולות לכביסה אריאל בניחוח לנור 24 יחידות,דיפלומט מפיצים (1986) בע`מ,,,יח`,1,,false,1,32.90,32.90,true,1,
8001841669519,false,קפסולות לכביסה ALL IN ONE אריאל 55 יחידות,דיפלומט מפיצים (1986) בע`מ,,,יח`,1.57,"ק""ג",false,1,59.90,38.15,false,1,
8001841943961,false,לנור כדוריות בושם בניחוח אוקיינוס 210 גר,דיפלומט מפיצים (1968) בעמ,,,יח`,210,גרם,false,1,27.90,13.29,true,1,
8002267015263,false,שלישייה ביצת הפתעה מאשה והדוב צ'וקטה 20 גרם,ש.שסטוביץ בעמ,,,יח`,60,גרם,false,1,11.90,19.83,true,1,
8002270846472,false,סן פלגרינו מים מינרליים טבעיים מוגזים,טמפו משקאות בעמ,,,יח`,500,"מ""ל",false,1,4.90,0.92,false,1,
8002270866524,false,סן פלגרינו מים מינרליים טבעיים מוגזים,סן פלגרינו San Pellegrino,,,יח`,1000,"מ""ל",false,1,9.90,0.96,false,1,
8002450202005,false,שמפניה ספרקלטיני אסאי ורדי (750 מל),הכרם - משקאות חריפים בעמ,,,יח`,750,"מ""ל",false,1,24.90,3.28,true,1,
8002450203002,false,"משקה כהלי ורדי רימונים ספרקלטיני 750מ"".",הכרם - משקאות חריפים בעמ,,,יח`,750,"מ""ל",false,1,24.90,3.28,true,1,
8002450204009,false,משקה כהלי וורדי רספברי אפרסק,הכרם - משקאות חריפים בעמ,,,יח`,750,"מ""ל",false,1,24.90,3.28,true,1,
8002450205006,false,ספרקלטיני תות שדה ורדי בוסקה (750 מל),הכרם - משקאות חריפים בעמ,,,יח`,750,"מ""ל",false,1,24.90,3.28,true,1,
8002450206003,false,משקה כהלי ורדי רימונים ספרקלטיני 750מ,הכרם - משקאות חריפים בעמ,,,יח`,750,"מ""ל",false,1,24.90,3.28,true,1,
8003340091280,false,לינדט לינדור בונבוניירה 60% מוצקי קקאו 200 גרם,לינדט ושפרונגלי קילשברג,,,יח`,200,גרם,false,1,31.90,15.95,true,1,
8004030022010,false,ירקות גינה עם טונה ריו מרה אינסלטיסימי 160 ג',"בולטון אלימנטרי בע""\מ",,,יח`,160,גרם,false,1,17.90,11.19,true,1,
8004030026018,false,"מקסיקני עם טונה ריו מרה אינסלטיסימי, 160 ג'","בולטון אלימנטרי בע""\מ",,,יח`,160,גרם,false,1,17.90,11.19,true,1,
8004030081024,false,נתחי טונה עם שום ופלפל אדום ריו מרה 160 ג',"בולטון אלימנטרי בע""\מ",,,יח`,160,גרם,false,1,18.90,11.81,true,1,
8004030344938,false,"ריו מרה טונה בשמן זית 3X80 גרם מתכון חדש כשל""פ","בולטון אלימנטרי בע""\מ",,,יח`,240,גרם,false,1,27.90,11.63,false,1,
8004030381681,false,ריו מרה נתחי טונה בהירה בשמן זית זוג 160 גר,ש. שסטוביץ בע`מ,,,יח`,320,גרם,false,1,32.90,10.28,false,1,
8004030860001,false,ירקות עם קוקוס וטונה ריו מרה אינסלטיסימי 160 ג',"בולטון אלימנטרי בע""\מ",,,יח`,160,גרם,false,1,17.90,11.19,true,1,
8004800004819,false,לאגו פלאסיר גלילי וופל קרם פסיפלורה 100 גרם,תה ויסוצקי (ישראל) בעמ,,,יח`,110,גרם,false,1,11.90,10.82,true,1,
8004800004826,false,לאגו פלאסיר - וופלים במילוי קרם קוקוס שוקולד מריר - 98ג,תה ויסוצקי (ישראל) בעמ,,,יח`,98,גרם,false,1,11.90,12.14,true,1,
8004800005519,false,וופל רול גלילי במילוי קרם אגוזי לוז- 125 ג' לאגו,תה ויסוצקי (ישראל) בעמ,,,יח`,125,גרם,false,1,9.90,7.92,false,1,
8005200256587,false,נסטי - תה קר בטעם אפרסק 1.5 ליטר,מפעל סאנפלגרינו S.P.A,,,יח`,1500,"מ""ל",false,1,8.90,0.57,true,1,
8005200286584,false,תה קר נסטי מנגו אננס 1.5 ליטר פיקדון,מפעל סאנפלגרינו S.P.A,,,יח`,1500,"מ""ל",false,1,8.90,0.57,true,1,
8005803010586,false,"מקלות אפויים עם שמן זית, מלח, עגבניות ואורגנו, 125 גרם, אמור די פאן","הוסטה איטליה, ס.ר.ל.",,,יח`,125,גרם,false,1,7.90,6.32,true,1,
8005803010661,false,"מקלות אפויים עם שמן זית, מלח, ושומשום, 125 גרם, אמור די פאן","הוסטה איטליה, ס.ר.ל.",,,יח`,125,גרם,false,1,7.90,6.32,true,1,
8006540091906,false,לנור כדוריות הבושם בניחוח אריאל 140 גרם,פטר קרמר עבור פרוקטור אנ,,,יח`,140,גרם,false,1,19.90,14.21,false,1,
8006540091937,false,לנור כדוריות הבושם בניחוח אריאל 210 גרם,פטר קרמר עבור פרוקטור אנ,,,יח`,210,גרם,false,1,27.90,13.29,true,1,
8006540112823,false,"לנור מרכך כביסה מרוכז בניחוח האוקיינוס 900 מ""ל",דיפלומט מפיצים (1968) בעמ,,,יח`,900,"מ""ל",false,1,14.90,1.66,true,1,
8006540112854,false,"מרכך כביסה מרוכז בניחוח סחלב לנור 900 מ""ל",דיפלומט מפיצים (1986) בע`מ,,,יח`,900,"מ""ל",false,1,14.90,1.66,true,1,
8006540163986,false,אריאל קפסולות לכביסה 35 יח`,דיפלומט מפיצים (1968) בעמ,,,יח`,1,,false,1,39.90,39.90,false,1,
8006540352960,false,טמפונים טמפקס פרל רגולר 20 יחידות,דיפלומט מפיצים (1986) בע`מ,,,יח`,1,,false,1,29.90,29.90,false,1,
8006540353004,false,טמפקס פרל סופר 18 יחידות חדש,דיפלומט מפיצים (1986) בע`מ,,,יח`,1,,false,1,29.90,29.90,false,1,
8006540383087,false,טבליות למדיח פיירי פלטינום פלוס דיפ קלין 42 יחידות,דיפלומט מפיצים (1968) בעמ,,,יח`,1,,false,1,44.90,44.90,false,1,
8006540404850,false,דיסקריט תחבושות לבריחת שתן לונג 10 יח,דיפלומט מפיצים (1968) בעמ,,,יח`,1,,false,1,18.90,18.90,true,1,
8006540404935,false,דיסקריט תחבושות לבריחת שתן נורמל 12 יח,דיפלומט מפיצים (1968) בעמ,,,יח`,1,,false,1,18.90,18.90,true,1,
8006540425930,false,אריאל קפסולות לכביסה ג'ל 24 יח' לכתמים קשים,דיפלומט מפיצים (1986) בע`מ,,,יח`,1,,false,1,32.90,32.90,true,1,
8006540463550,false,פיירי טבליות למדיח פלטינום 63 יחידות,דיפלומט מפיצים (1968) בעמ,,,יח`,1,,false,1,46.90,46.90,false,1,
8006540491539,false,"נוזל כלים פיירי פלטינום אוריגינל 780 מ""ל",דיפלומט מפיצים (1986) בע`מ,,,יח`,780,"מ""ל",false,1,11.90,1.53,false,1,
8006540495186,false,לנור מרכך כביסה מרוכז רגיש בייבי 900 מל,דיפלומט מפיצים (1986) בע`מ,,,יח`,900,"מ""ל",false,1,14.90,1.66,true,1,
8006540495216,false,"לנור מרכך כביסה מרוכז בניחוח אמאטיסט 900 מ""ל",דיפלומט מפיצים (1986) בע`מ,,,יח`,900,"מ""ל",false,1,14.90,1.66,true,1,
8006540495247,false,"לנור מרכך כביסה מרוכז בניחוח פרחי בר 900 מ""ל",דיפלומט מפיצים (1968) בעמ,,,יח`,900,"מ""ל",false,1,14.90,1.66,true,1,
8007178223547,false,ג`קובזי קרם בלסמי מצומצם ממודנה 250 מל,דיפלומט מפיצים (1968) בעמ**,,,יח`,250,"מ""ל",false,1,24.90,9.96,false,1,
8007178223578,false,"חומץ בלסמי ג`קובזי 250 מ""ל",דיפלומט מפיצים (1968) בעמ**,,,יח`,250,"מ""ל",false,1,14.90,5.96,false,1,
8007520024501,false,פאוץ מיגליאור כבש 100 גרם,שחורי אריה ואנסטסיה,,,יח`,100,גרם,false,1,4.90,4.90,false,1,
8008245004847,false,ממרח אגוזי לוז וקקאו מובנפיק 300 גרם,א. סיימן סחר בעמ,,,יח`,300,גרם,false,1,14.90,4.97,false,1,
8008245004861,false,ממרח אגוזי לוז עם חלב מובנפיק 300 גרם,יבואן ומשווק: ש. שסט,,,יח`,300,גרם,false,1,14.90,4.97,false,1,
8008698003503,false,עוגיות שיבולת שועל עם צימוקים 250 גר,ל.י.ב. (לחיות יותר בטבע) בעמ,,,יח`,210,גרם,false,1,22.90,10.90,true,1,
8008698004630,false,SORRISI עוגיות סנדוויץ' במילוי קרם קקאו 250 גר',ל.י.ב. (לחיות יותר בטבע) בעמ,,,יח`,250,גרם,false,1,20.90,8.36,false,1,
8008698004807,false,תערובת קמחים לאפיית לחם ל.גלוטן 1020קג,ל.י.ב. (לחיות יותר בטבע) בעמ,,,יח`,1,"ק""ג",false,1,22.90,22.90,false,1,
8008698008157,false,שר עוגיות שוקולד במילוי קרם שמנת ללא גלוטן 100 גר',ל.י.ב. (לחיות יותר בטבע) בעמ,,,יח`,100,גרם,false,1,10.90,10.90,false,1,
8008698012857,false,ביסקויט פתי בר בטעם חמאה 165 גרם ללא גלוטן petit,ל.י.ב. (לחיות יותר בטבע) בעמ,,,יח`,165,גרם,false,1,13.90,8.42,false,1,
8009470009041,false,"סימבה מזון לחתולים 2 ק""ג בקר",שחורי אריה ואנסטסיה,,,יח`,2000,גרם,false,1,34.90,1.75,false,1,
8009470009171,false,סימבה שימורים לכלבים צייד 415 ג',שחורי אריה ואנסטסיה,,,יח`,415,גרם,false,1,4,0.96,false,1,
8010024006010,false,חמאת שקדים 100% השקד נטורפוד 350 גרם,תות תעשיות מזון (201,,,יח`,1,,false,1,38.90,38.90,false,1,
8021228902442,false,רביולי ללא גלוטן במילוי ביונד מיט 250 ג' דה אנג'ליס,ג.וילי-פוד אינטרנשיונל **גבינו,,,יח`,250,גרם,false,1,24.90,9.96,false,1,
8032793342458,false,עגבניות מרוסקות דק ומסוננות בבקבוק 700 ג',קונסוריזיו קאסאלסקו דל פ,,,יח`,700,גרם,false,1,12.90,1.84,true,1,
8032793344292,false,עגבניות מרוסקות דק בקבוק 700 גר` פולפה,קונסוריזיו קאסאלסקו דל פ,,,יח`,700,גרם,false,1,12.90,1.84,true,1,
8032793344520,false,תרכיז עגבניות רסק עגבניות מרוכז מאוד,גורי מוצרי צריכה (1991) בעמ,,,יח`,200,גרם,false,1,6.90,3.45,false,1,
8076800195057,false,ברילה - צ.א ספגטי מס5 חדש 500 גרם,ברילה גי.אי.אר פרטלי ס.פ,,,יח`,500,גרם,false,1,6.90,1.38,false,1,
8076802085738,false,ברילה צ.ק פנה רגטה מס' 73 500 גרם,ברילה גי.אי.אר פרטלי ס.פ,,,יח`,500,גרם,false,1,6.90,1.38,false,1,
8076802085981,false,ברילה - צ.ק פוזילי חדש 500 גרם,ברילה גי.אי.אר פרטלי ס.פ,,,יח`,500,גרם,false,1,6.90,1.38,false,1,
8076808060654,false,פסטה פרפלה מספר 65 ברילה 500 גרם,ברילה גי.אי.אר פרטלי ס.פ,,,יח`,500,גרם,false,1,6.90,1.38,false,1,
8076808070882,false,קנלוני מספר 88 ברילה (250 גרם),פאסטיפיקו ריגו אס.אר,,,יח`,250,גרם,false,1,14.90,5.96,false,1,
8076808150072,false,ברילה - צ.א ספגטוני מס7 חדש 500 גרם,ברילה גי.אי.אר פרטלי ס.פ,,,יח`,500,גרם,false,1,6.90,1.38,false,1,
8076809513395,false,ברילה פומודורו רוטב עגבניות קלאסי 400 גר,ברילה גי.אי.אר פרטלי ס.פ,,,יח`,400,גרם,false,1,14.90,3.73,true,1,
8076809513654,false,בסיס רוטב עגבניות לבולונז ברילה 400 גרם,ברילה גי.אי.אר פרטלי ס.פ,,,יח`,400,גרם,false,1,14.90,3.73,true,1,
8076809513692,false,רוטב עגבניות נפולטנה בתוספת ירקות,ברילה גי.אי.אר פרטלי ס.פ,,,יח`,400,גרם,false,1,14.90,3.73,true,1,
8076809513739,false,ברילה רוטב עגבניות עם בזיליקום 400 גרם,ברילה גי.אי.אר פרטלי ס.פ,,,יח`,400,גרם,false,1,14.90,3.73,true,1,
8076809514774,false,ברילה פפרדלה איטריות ביצים 250 גרם,ברילה גי.אי.אר פרטלי ס.פ,,,יח`,250,גרם,false,1,17.90,7.16,false,1,
8076809523714,false,איטריות טליאטלה ברילה 500 גרם,"ש. שסטוביץ בע""\מ",,,יח`,500,גרם,false,1,25.90,5.18,false,1,
8076809523738,false,דפי לזניה ברילה 500 גרם,ברילה גי.אי.אר פרטלי ס.פ,,,יח`,500,גרם,false,1,23.90,4.78,false,1,
8076809529419,false,ספגטי מחיטה מלאה מס' 5 500 ג' ברילה,ברילה גי. אי. אר פרט,,,יח`,500,גרם,false,1,14.90,2.98,false,1,
8076809529433,false,פסטה פנה ריגטה חיטה מלאה ברילה (500 גרם),"ש. שסטוביץ בע""\מ",,,יח`,500,גרם,false,1,14.90,2.98,false,1,
8076809545440,false,ספגטי מספר 5 ללא גלוטן ברילה (400 גרם),ברילה ג'.אי.אר פרטלי,,,יח`,400,גרם,false,1,14.90,3.73,false,1,
8076809545464,false,ברילה פסטה ללא גלוטן צורת ספירלי 400 גר,מולינו אנדריאני אס.א,,,יח`,400,גרם,false,1,14.90,3.73,false,1,
8121300206946,false,ממתיק סיטיביה טרוביה 80 שקיות אישיות,גורי ע.ע.ע. בע`מ,,,יח`,80,גרם,false,1,19.90,24.88,false,1,
8121300207004,false,טרוביה - סטיביה ממתיק בצנצנת 270 גרם,קספרס פאקאגעהג,,,יח`,270,גרם,false,1,34.90,12.93,false,1,
8121300208780,false,טרוביה תחליף סוכר לכל מטרה 360 גרם,גורי ע.ע.ע. בעמ,,,יח`,360,גרם,false,1,34.90,9.69,true,1,
8410076610386,false,נייטשר ואלי פרוטאין בוטנים עם ציפוי בטעם קרמל מלוח 160 ג',ג'\נרל מילס סאן אדריאן S,,,יח`,210,גרם,false,1,24.90,11.86,false,1,
8410076610492,false,חטיף שיבולת שועל מלאה ובוטנים בציפוי עם חמאת בוטנים,יבואן ומשווק: ש. שסט,,,יח`,150,גרם,false,1,14.90,9.93,false,1,
8410076610508,false,"חטיף שיבולת שועל מלאה עם בוטנים, שקדים ושוקולד מריר בציפוי בטעם שוקולד",נייצ'ר ואלי Nature Valley,,,יח`,150,גרם,false,1,14.90,9.93,false,1,
8410076621009,false,עוגות אישיות בטעם קרמל עם חתיכות בטעם קרמל מלוח,ליימן שליסל בע`מ,,,יח`,1,,false,1,14.90,14.90,true,1,
8410076621047,false,עוגות אישיות בטעם שוקולד עם חתיכות בטעם שוקולד,ליימן שליסל בע`מ,,,יח`,1,,false,1,14.90,14.90,true,1,
8410104039134,false,"מנקה ומחדש מדיח כלים פיניש 250 מ""ל",רקיט בנקיזר (ניר איסט) בעמ,,,יח`,250,"מ""ל",false,1,14.90,5.96,true,1,
8410104044916,false,אבקה למדיח כלים פיניש (2.7 קג),רקיט בנקיזר (ניר איסט) בעמ,,,יח`,2.70,"ק""ג",false,1,42.90,15.89,false,1,
8410104045111,false,"פיניש מלח למדיח כלים 2ק""ג",רקיט בנקיזר (ניר איסט) בעמ,,,יח`,2,"ק""ג",false,1,14.90,7.45,false,1,
8410104437268,false,מפיג ריח רגיל למדיח פיניש 1 יחידה,רקיט בנקיזר (ניר איסט) בעמ,,,יח`,1,,false,1,14.90,14.90,true,1,
8410655000416,false,בירה סאן מיגל בודד 330 מל.,אגודת הכורמים,,,יח`,330,"מ""ל",false,1,7.90,2.30,false,1,
8410655000423,false,בירה רביעייה 5.4% אלכוהול 330 מל סאן מי,סרבסס סאן מיגל אס.אל.יו,,,יח`,1.32,1 ליטר,false,1,24.90,17.95,false,1,
8420822130600,false,"ספריי סופר מסיר שומנים 750מ""ל יעקבי","יעקב יעקבי ובניו בע""מ",,,יח`,750,"מ""ל",false,1,15.90,2.12,false,1,
8420822130624,false,"ספריי סופר מסיר כתמים 750מ""ל יעקבי","יעקב יעקבי ובניו בע""מ",,,יח`,750,"מ""ל",false,1,16.90,2.25,false,1,
8421401201209,false,פפריקה מתוקה מעושנת במיכל 70 גר`LACHINA,תבליני טעם וריח בעמ,,,יח`,70,גרם,false,1,15.90,22.71,false,1,
8421401301206,false,פפריקה חריפה מעושנת במיכל 70 גר`LACHINA,תבליני טעם וריח בעמ,,,יח`,70,גרם,false,1,15.90,22.71,false,1,
8423207206495,false,סלים דליס חטיף דגנים מצופה שוקולד מריר מרבה 6*20 גרם,אף.סי תבליני בגליל ב,,,יח`,120,גרם,false,1,10.90,9.08,true,1,
8423207206501,false,סלים דליס חטיף דגנים עם שוקולד חלב מרבה 6*13 גרם,סלים דליס Slim Delis,,,יח`,78,גרם,false,1,10.90,13.97,true,1,
8423207207362,false,חטיפי סלים דליס שוקולד לבן מרבה 6 יחידות,ביסנצ'ורי אס.אל.יו,,,יח`,120,גרם,false,1,10.90,9.08,true,1,
8423207208680,false,חטיף דגנים שוקולד סלים דליס לילדים מרבה 6 יחידות,ביסנצ'ורי אס.אל.יו,,,יח`,78,גרם,false,1,10.90,13.97,true,1,
8423207208697,false,חטיפי סלים דליס לילדים שוקולד לבן מרבה 6 יחידות,ביסנצ'ורי אס.אל.יו,,,יח`,78,גרם,false,1,10.90,13.97,true,1,
8423207208871,false,פריכיות תירס בטעם טבעי סלים דליס 130 גרם,גורי מוצרי צריכה (1991) בעמ,,,יח`,130,גרם,false,1,9.90,7.62,false,1,
8423207208888,false,פריכיות תירס בטעם עגבניות ועשבי תיבול סלים דליס 123 ג',גורי מוצרי צריכה (1991) בעמ,,,יח`,123,גרם,false,1,9.90,8.05,false,1,
8423207208895,false,פריכיות תירס בטעם זיתים ועירית סלים דליס 123 ג',גורי מוצרי צריכה (1991) בעמ,,,יח`,123,גרם,false,1,9.90,8.05,false,1,
8423207209748,false,חטיף דגנים מלאים שוקולד מריר נגיעות תפוז,ביסנצ'ורי אס.אל.יו,,,יח`,120,גרם,false,1,10.90,9.08,true,1,
8423207209885,false,מרבה חטיפי סלים דליס מהדורה מיוחדת שוקולד חלב,סלים דליס Slim Delis,,,יח`,120,גרם,false,1,10.90,9.08,true,1,
8423207210287,false,מרבה סלים דליס שוקולד לבן בטעם יוגורט 120 ג',סלים דליס Slim Delis,,,יח`,120,גרם,false,1,10.90,9.08,true,1,
8423207210928,false,חטיף דגנים מצופה שוקולד חלב ואגוזי לוז - 5 במארז,נוטרישן אנד סנטה קוב,,,יח`,90,גרם,false,1,10.90,12.11,true,1,
8423207210942,false,חטיף דגנים מצופה שוקולד לבן ופירות יער,נוטרישן אנד סנטה קוב,,,יח`,90,גרם,false,1,10.90,12.11,true,1,
8423207210966,false,חטיף רב דגנים מצופה שוקולד לבן קוקוס ולימון,נוטרישן אנד סנטה קוב,,,יח`,120,גרם,false,1,10.90,9.08,true,1,
8424842050016,false,צ'יפס בטעם כמהין 125 גרם רביו,א. סיימן סחר בעמ,,,יח`,125,גרם,false,1,12.90,10.32,true,1,
8424842050030,false,צ'יפס בטעם מלח הימלאי 125 גרם רביו,א. סיימן סחר בעמ,,,יח`,125,גרם,false,1,12.90,10.32,true,1,
8425206000081,false,ריבת חלב מרדל 450 גרם,גורי מוצרי צריכה (1991) בעמ,,,יח`,450,גרם,false,1,17.90,3.98,false,1,
8435495805106,false,"ביומט אבקת כביסה בניחוח רענן 5ק""ג",ליימן שליסל בעמ,,,יח`,5,"ק""ג",false,1,29.90,5.98,true,1,
8435495805199,false,אבקת כביסה תינוקלין- 66 כביסות (3 קג),מולינו ניקולי s.p.a,,,יח`,3,"ק""ג",false,1,39.90,13.30,false,1,
8435495807605,false,תינוקלין מרכך כביסה היפואלרגני מרוכז 1 ליטר,מולינו ניקולי s.p.a,,,יח`,1,1 ליטר,false,1,19.90,19.90,false,1,
8435495807636,false,תינוקלין ג`ל כביסה בייבי סנסטיב היפואל,ליימן שליסל בע`מ,,,יח`,2,1 ליטר,false,1,34.90,17.45,false,1,
8445290427120,false,דגני פיטנס Fitness שוקולד מריר ובננה,קבוצת אוסם סחר שותפות מוגבלת,,,יח`,330,גרם,false,1,19.90,6.03,true,1,
8680014080131,false,מים מינרליים 200 מל *12 יח,עיסא ערטול בעמ,,,יח`,2.40,1 ליטר,false,1,11.90,3.46,false,1,
8683130025574,false,"מרכך כביסה מרוכז אקסטרה לבנדר בדין 960 מ""ל",יוניליוור ישראל שיווק בע`מ,,,יח`,960,"מ""ל",false,1,16.90,1.76,false,1,
8686868600068,false,אביזרי שיער סרטים וקשתות,אל האופק שיווק וסחר,,,יח`,1,,false,1,8.90,8.90,false,1,
8686868600075,false,אביזרי שיער סיכות פפיון גדולות,אל האופק שיווק וסחר,,,יח`,1,,false,1,9.90,9.90,false,1,
8686868600112,false,המותג אביזרי שיער,אל האופק שיווק וסחר,,,יח`,1,,false,1,13.90,13.90,false,1,
8686868600129,false,המותג אביזרי שיער,אל האופק שיווק וסחר,,,יח`,1,,false,1,14.90,14.90,false,1,
8686868600136,false,המותג אביזרי שיער,אל האופק שיווק וסחר,,,יח`,1,,false,1,15.90,15.90,false,1,
8686868600150,false,המותג אביזרי שיער,אל האופק שיווק וסחר,,,יח`,1,,false,1,17.90,17.90,false,1,
8686868600167,false,אביזרי רחצה המותג 29,אל האופק שיווק וסחר,,,יח`,1,,false,1,29.90,29.90,false,1,
8686868600174,false,המותג אביזרי שיער,אל האופק שיווק וסחר,,,יח`,1,,false,1,19.90,19.90,false,1,
8686868600235,false,אביזרי מניקור טל טל,אל האופק שיווק וסחר,,,יח`,1,,false,1,12.90,12.90,false,1,
8690120160177,false,מארז וופל נאמבר וואן 24 יחידות,רויאל קנדיס בעמ,,,יח`,1,,false,1,27.90,27.90,false,1,
8690120160405,false,וופל נאמבר וואן ירוק 24 יחידות,רויאל קנדיס בעמ,,,יח`,1,,false,1,27.90,27.90,false,1,
8690504081913,false,מקוויטיס טינס מצופה שוקולד חלב 150 גרם,תה ויסוצקי (ישראל) בעמ,,,יח`,150,גרם,false,1,9.90,6.60,true,1,
8690521016882,false,דאב תארפי שמפו לשיער 400 רגיל מל,יוניליוור ישראל שיווק בע`מ,,,יח`,400,"מ""ל",false,1,15.90,3.98,false,1,
8690526016207,false,אי טי אי - מיני עוגה מצופה במילוי קרמל 144 גרם,גורי ע.ע.ע. בעמ,,,יח`,144,גרם,false,1,9.90,6.88,false,1,
8690526019147,false,אי טי אי - וופל במילוי קרם אגוזי לוז 142 גרם,"GIDA ETI , טורקיה n\",,,יח`,142,גרם,false,1,7.90,5.56,true,1,
8690526019185,false,אי טי אי - וופל במילוי קרם שוקולד חלב 142 גרם,מולינו ניקולי s.p.a,,,יח`,142,גרם,false,1,7.90,5.56,true,1,
8690570538809,false,פיניש טבליות למדיח קלאסיק 60 יח`,פארמה דיל (פ.א.ב.) שיווק והפצה,,,יח`,1,,false,1,29.90,29.90,false,1,
8690637007705,false,מסטיגם וניל מסטיק על מקל ללא סוכר,"מיוצר ע""י יוניליוור",,,יח`,1,,false,1,6.60,6.60,true,1,
8690637073434,false,תה ארל גריי בטעם ברגמוט ללא שקית100ש,יוניליוור ישראל שיווק בע`מ,,,יח`,200,גרם,false,1,19.90,9.95,false,1,
8690637504426,false,"קרם ניקוי סיף בניחוח לימון 500 מ""ל",יוניליוור ישראל שיווק בע`מ,,,יח`,500,"מ""ל",false,1,11.90,2.38,false,1,
8690637505607,false,מרכך כביסה מרוכז בדין אקסטרה בניחוח פינוק כחול,יוניליוור ישראל שיווק בע`מ,,,יח`,960,"מ""ל",false,1,16.90,1.76,false,1,
8690637505614,false,"מרכך כביסה בדין אקסטרה פינוק קוקוס 960 מ""ל",יוניליוור ישראל שיווק בע`מ,,,יח`,960,"מ""ל",false,1,16.90,1.76,false,1,
8690637506956,false,"דאב שמפו נגד קשקשים אלוורה 600 מ""ל",יוניליוור ישראל שיווק בע`מ,,,יח`,600,"מ""ל",false,1,14.90,2.48,false,1,
8690637555084,false,"מרכך כביסה מרוכז אקסטרה פריחת התפוז בדין 960 מ""ל",יוניליוור ישראל שיווק בע`מ,,,יח`,960,"מ""ל",false,1,16.90,1.76,false,1,
8690637799594,false,תה ירוק ליפטון נענע בסגנון מרוקאי 20יח',יוניליוור ישראל שיווק בע`מ,,,יח`,30,גרם,false,1,16.90,56.33,false,1,
8690637842399,false,מאגדת מגנום מיני דאבל פרי יער שוקולד 6 יח' נסטלה,יוניליוור סנאי וי סי,,,יח`,323,גרם,false,1,32.90,10.19,false,1,
8690637871047,false,דאב שמפו בתוספת שמן קוקוס וכורכום 600 מל,"יוניליוור ישראל שיווק בע""מ",,,יח`,600,"מ""ל",false,1,14.90,2.48,false,1,
8690637946301,false,"בדין - מרכך כביסה אקסטרא בייביי כחול 960 מ""ל",יוניליוור ישראל שיווק בע`מ,,,יח`,960,"מ""ל",false,1,16.90,1.76,false,1,
8690637946318,false,"מרכך כביסה בדין מרוכז אקסטרה בייבי טלק 960 מ""ל",יוניליוור ישראל שיווק בע`מ,,,יח`,960,"מ""ל",false,1,16.90,1.76,false,1,
8690637976995,false,"מרכך כביסה מרוכז אקסטרה ורוד סחלבים פראי בדין 960 מ""ל",יוניליוור ישראל שיווק בע`מ,,,יח`,960,"מ""ל",false,1,16.90,1.76,false,1,
8690637989612,false,שלגון שמנת בטעם וניל עם ריפל בטעם שוקולד 246 גרם,יונילוור סנאיי וי טיג'\,,,יח`,282,גרם,false,1,32.90,11.67,false,1,
8690766156367,false,טבלת שוקולד חלב מעולה 90 גר` גודייבה,תה ויסוצקי (ישראל) בעמ,,,יח`,90,גרם,false,1,14.90,16.56,true,1,
8690766156374,false,גודייבה שוקולד מריר מעולה 72% מוצקי קקאו 72גרם,תה ויסוצקי (ישראל) בעמ,,,יח`,90,גרם,false,1,14.90,16.56,true,1,
8690766156381,false,גודייבה שוקולד מריר 90% מוצקי קקאו 90 גרם,תה ויסוצקי (ישראל) בעמ,,,יח`,90,גרם,false,1,14.90,16.56,true,1,
8690766156404,false,שוקולד מריר מעולה גודייבה תפוז אדום 90 גרם,תה ויסוצקי (ישראל) בעמ,,,יח`,90,גרם,false,1,14.90,16.56,true,1,
8690770322079,false,שמרים יבשים 450 גר` בדצ הנמל,הנמל אריזות ושיווק (1984) בעמ,,,יח`,450,גרם,false,1,12.90,2.87,true,1,
8690770322598,false,שמרים יבשים פוליבה הנמל 125 גרם,הנמל אריזות ושיווק (1984) בעמ,,,יח`,125,גרם,false,1,5.50,4.40,true,1,
8690777203012,false,פלפלים ירוקים כבושים לא חריפים סרה ויליפוד 600 גרם,ג. וילי-פוד אינטרנשיונל בע`מ,,,יח`,600,גרם,false,1,12.90,2.15,true,1,
8690777204071,false,פלפלים כבושים חריפים סרה 320 גרם,ג. וילי-פוד אינטרנשיונל בע`מ,,,יח`,640,גרם,false,1,12.90,2.02,true,1,
8690777206051,false,חציל קלוי על האש סרה ויליפוד 650 גרם,ג. וילי-פוד אינטרנשיונל בע`מ,,,יח`,650,גרם,false,1,12.90,1.98,true,1,
8690777221405,false,פלפל אדום קלוי על האש 650 גר` ויליפוד,ג. וילי-פוד אינטרנשיונל בע`מ,,,יח`,650,גרם,false,1,12.90,1.98,true,1,
8690784516440,false,דאק נוזל לניקוי מתקדם בניחוח לבנדה בודד 750מל,"אס.סי.ג'\ונסון מידרכט, ה",,,יח`,750,"מ""ל",false,1,10.90,1.45,false,1,
8690784617222,false,קיווי נוזל לניקוי נעליים בצבע שחור- יבו,פארמה דיל (פ.א.ב.) שיווק והפצה,,,יח`,1,,false,1,11.90,11.90,false,1,
8691058141238,false,ערמונים שלמים קלויים וקלופים 100 גר` Ave,אבאל יזמות בעמ,,,יח`,100,גרם,false,1,4.90,4.90,true,1,
8691707036014,false,אוזמו שוקולד בצורת ביצה,מוחמד נעמה (1994) בעמ,,,יח`,1,,false,1,3.90,3.90,false,1,
8691707066035,false,אוזמו בורגר ביסקוויט סנדוויץ ממולא,מוחמד נעמה (1994) בעמ,,,יח`,1,,false,1,2.90,2.90,false,1,
8691707087962,false,אוזמו סוכריה שוקולד על מקל,מוחמד נעמה (1994) בעמ,,,יח`,1,,false,1,2.90,2.90,false,1,
8691707590042,false,אוזמו וופל בצורת טילון ממולא שוקולד (4יח,מוחמד נעמה (1994) בעמ,,,יח`,1,,false,1,6.90,6.90,false,1,
8693323085100,false,גומי יוגטה שטיחים חמוצים טעם פירות 100 ג,ליימן שליסל בע`מ,,,יח`,100,גרם,false,1,5.90,5.90,false,1,
8693495002325,false,אג`קס נוזל ניקוי רצפות פרחים ורוד 2 ליטר,פארמה דיל (פ.א.ב.) שיווק והפצה,,,יח`,2,1 ליטר,false,1,14.90,7.45,false,1,
8693495002349,false,אג`קס נוזל ניקוי רצפות פרחים סגול 2 ליטר,פארמה דיל (פ.א.ב.) שיווק והפצה,,,יח`,2,1 ליטר,false,1,14.90,7.45,false,1,
8693495034364,false,"פלמוליב סבון מוצק בניחוח אורכידאה, רבעייה * 90 גרם",פארמה דיל (פ.א.ב.) שיווק והפצה,,,יח`,1,,false,1,9.90,9.90,false,1,
8693495051002,false,קולגייט מברשת שיניים מיניונים 6+ לילדים,קולגייט פלמוליב,,,יח`,1,,false,1,9.90,9.90,false,1,
8693495053792,false,פלמוליב סבון מוצק זיתים רביעייה-יבוא מקב,פארמה דיל (פ.א.ב.) שיווק והפצה,,,יח`,1,,false,1,9.90,9.90,false,1,
8697040109910,false,"אסותא ג`ל רחצה פירות יער 700מ""ל",עיסא ערטול בעמ-סוכן הנקל סוד,,,יח`,700,"מ""ל",false,1,6.90,0.99,true,1,
8697040109934,false,"אסותא ג`ל רחצה קוקוס 700מ""ל",עיסא ערטול בעמ-סוכן הנקל סוד,,,יח`,700,"מ""ל",false,1,6.90,0.99,true,1,
8697040109941,false,"אסותא ג`ל רחצה ורדים 700מ""ל",עיסא ערטול בעמ-סוכן הנקל סוד,,,יח`,700,"מ""ל",false,1,6.90,0.99,true,1,
8697040110053,false,"אסותא ג`ל רחצה שקדים 700מ""ל",עיסא ערטול בעמ-סוכן הנקל סוד,,,יח`,700,"מ""ל",false,1,6.90,0.99,true,1,
8697040110084,false,סבון אסותא מוצק שלישייה,עיסא ערטול בעמ,,,יח`,1,,false,1,9.90,9.90,false,1,
8697480070177,false,האופה פסטה מחיטת דורום ספגטי 400 גר`,אבאל יזמות בעמ,,,יח`,400,גרם,false,1,4.90,1.23,true,1,
8697480070207,false,האופה פסטה מחיטת דורום מסולסלת 400 גר`,אבאל יזמות בעמ,,,יח`,400,גרם,false,1,4.90,1.23,true,1,
8697480070214,false,האופה פסטה מחיטת דורום פנה 400 גר`,אבאל יזמות בעמ,,,יח`,400,גרם,false,1,4.90,1.23,true,1,
8697512610036,false,רדיד אלומיניום תעשית,עיסא ערטול בעמ,,,יח`,1,,false,1,14.90,14.90,false,1,
8697530910743,false,סיגריות פאל מאל כחול קצר מטאליק,גלוברנדס בעמ - שיווק סיגריות,,,יח`,1,,false,1,30,30,true,1,
8697530910750,false,סיגריות פאל מאל כחול ארוך האוס,גלוברנדס בעמ - שיווק סיגריות,,,יח`,1,,false,1,30,30,true,1,
8697659244385,false,אסותא מילוי מטהר אוויר בניחוח ורדים,עיסא ערטול בעמ,,,יח`,1,,false,1,7.90,7.90,true,1,
8697659244408,false,אסותא מילוי מטהר אוויר בניחוח יסמין,עיסא ערטול בעמ,,,יח`,1,,false,1,7.90,7.90,true,1,
8697659244439,false,אסותא מילוי מטהר אוויר בניחוח אוקיינוס,עיסא ערטול בעמ,,,יח`,1,,false,1,7.90,7.90,true,1,
8697659244446,false,אסותא מילוי מטהר אוויר בניחוח לבנדר,עיסא ערטול בעמ,,,יח`,1,,false,1,7.90,7.90,true,1,
8697659244507,false,אסותא מטהר אוויר בניחוח אוקיינוס,עיסא ערטול בעמ,,,יח`,1,,false,1,8.90,8.90,true,1,
8697659244514,false,אסותא מטהר אוויר בניחוח ורדים,עיסא ערטול בעמ,,,יח`,1,,false,1,8.90,8.90,true,1,
8697659244521,false,אסותא מטהר אוויר בניחוח לבנדר,עיסא ערטול בעמ,,,יח`,1,,false,1,8.90,8.90,true,1,
8697659246815,false,אסותא מטהר אוויר ונילה יסמין,עיסא ערטול בעמ,,,יח`,1,,false,1,8.90,8.90,true,1,
8697826469092,false,טורטיה קטנה שקדיה 540 גרם 12 יחידות,דין שיווק וקליה 2021 בעמ,,,יח`,540,גרם,false,1,9.90,1.83,true,1,
8699141054595,false,אוזמו האפי ביסקוויט במילוי,מוחמד נעמה (1994) בעמ,,,יח`,1,,false,1,1.90,1.90,false,1,
8710428005762,false,תרכובת מזון לתינוקות על בסיס חלבון סויה איזומיל טף שלב 2,"אבוט מעבדות רפואיות בע""מ",,,יח`,400,גרם,false,1,44.90,11.23,false,1,
8710502060021,false,מרבה פטיסרי עוגיות מאפין רכות 210 גרם,ש. שסטוביץ בע`מ,,,יח`,210,גרם,false,1,8.90,4.24,false,1,
8710502064814,false,עוגיות מרבה שוקולד ציפס במרקם רך 175 גר,בנקטבקריי מרבה בי.וי,,,יח`,175,גרם,false,1,9.90,5.66,true,1,
8710502100864,false,עוגיות מרבה פטיסרי דאבל שוקולד 200 גרם,ש.שסטוביץ בעמ,,,יח`,200,גרם,false,1,8.90,4.45,false,1,
8710502139017,false,עוגיות טריפל שוקולד צ`יפס מרבה (180 גרם),בנקטבקריי מרבה בי.וי,,,יח`,225,גרם,false,1,9.90,4.40,true,1,
8710502279010,false,מרבה עוגיות שוקולד צ'יפס מצופות שוקולד 175 גרם,"י.מרבה ישראל בע""מ",,,יח`,175,גרם,false,1,9.90,5.66,true,1,
8710502285509,false,מרבה - עוגיות לימון ושוקולד צ'יפס במרקם רך 175 גרם,בנקטבקריי מרבה בי.וי,,,יח`,175,גרם,false,1,9.90,5.66,true,1,
8710502470028,false,עוגיות שוקולד צ'יפס ממולאות בקרם נוגט,קריניציה ויטמינה אס,,,יח`,160,גרם,false,1,9.90,6.19,true,1,
8710552274614,false,שמפו קצף לנ.שטיחים וניש קליה גולד 600 מל,רקיט בנקיזר (ניר איסט) בעמ,,,יח`,600,"מ""ל",false,1,31.90,5.32,true,1,
8710800961310,false,סוכריות בטעם תות מנטוס 4*375 גרם,פרפטי ואן מלה ברדה,,,יח`,150,גרם,false,1,13.90,9.27,true,1,
8711000371176,false,ג'ייקובס קפסולות קפה אספרסו קלאסיקו עוצמה 7,ג'ייקובס דאו אגברטס צרפת,,,יח`,1,,false,1,15.90,15.90,true,1,
8711000371183,false,ג'ייקובס קפסולות קפה אספרסו אינטסו עוצמה 10,ג'ייקובס דאו אגברטס צרפת,,,יח`,1,,false,1,15.90,15.90,true,1,
8711000371206,false,ג'ייקובס קפסולות קפה אספרסו ריסטרטו עוצמה 12,ג'ייקובס דאו אגברטס צרפת,,,יח`,1,,false,1,15.90,15.90,true,1,
8711327475762,false,מגנום פיינט שוקולד לבן עוגיות 260 גרם,"מפעל גלידות בווספרם, רחו",,,יח`,260,"מ""ל",false,1,18.90,7.27,false,1,
8712000051099,false,"שישיית בירה היינקן 0% אלכוהל בקבוק 330 מ""ל","מבשלת היינקן, ריטבלדנברג",,,יח`,1.98,1 ליטר,false,1,30.40,14.44,true,1,
8712400802499,false,תרכובת מזון המשך לפעוטות על בסיס חלב שלב 1,דיפלומט מפיצים (1968) בעמ**,,,יח`,800,גרם,false,1,62.90,7.86,true,1,
8712400802512,false,תרכובת מזון המשך לפעוטות על בסיס חלב שלב 2,דיפלומט מפיצים (1968) בעמ**,,,יח`,800,גרם,false,1,62.90,7.86,true,1,
8712400802536,false,תרכובת מזון המשך לפעוטות על בסיס חלב שלב 3,דיפלומט מפיצים (1968) בעמ**,,,יח`,800,גרם,false,1,62.90,7.86,true,1,
8714599410806,false,ג'ייקובס קרוננג מיובש בהקפאה 160 גרם סגירה חוזרת,דיפלומט מפיצים (1968) בעמ**,,,יח`,160,גרם,false,1,17.90,11.19,true,1,
8714599513781,false,"קפה נמס מיובש בהקפאה זהב צנצנת ג'ייקובס 200 גרם לל""ס",דיפלומט מפיצים (1968) בעמ**,,,יח`,200,גרם,false,1,24.90,12.45,false,1,
8714599513835,false,גי'קובס קרונונג נייט אנד דיי - נטול קופיאין,דיפלומט מפיצים (1968) בעמ**,,,יח`,200,גרם,false,1,32.90,16.45,false,1,
8714599513866,false,"קפה נמס מיובש בהקפאה קרונג צנצנת ג'ייקובס 200 גרם לל""ס",דיפלומט מפיצים (1968) בעמ**,,,יח`,200,גרם,false,1,24.90,12.45,false,1,
8714789394534,false,משחת שיניים קולגייט הגנה מפני עששת- יבו,איינשטיין-צור יבוא-יצוא וסחר ב,,,יח`,100,גרם,false,1,8.90,8.90,false,1,
8714789582764,false,אג'קס ספריי לניקוי חלונות ומשטחים,הנסיך- מפעל לייצור ט,,,יח`,750,"מ""ל",false,1,9.90,1.32,false,1,
8714789699110,false,פלמוליב סבון מוצק חלב שקדים רביעייה-יבוא,פארמה דיל (פ.א.ב.) שיווק והפצה,,,יח`,1,,false,1,9.90,9.90,false,1,
8715300238306,false,חמאה הולנדית ללא מלח 200 גרם,בני ג`ורג` שוקחה (חיפה) בעמ,,,יח`,200,גרם,false,1,12.90,6.45,false,1,
8715700110141,false,מיונז קרמי היינץ צנצנת 460ג',דיפלומט מפיצים (1968) בעמ**,,,יח`,460,גרם,false,1,11.90,2.59,false,1,
8715700110158,false,היינץ ממרח במרקם קרמי צנצנת 490 גרם,דיפלומט מפיצים (1968) בעמ**,,,יח`,490,גרם,false,1,11.90,2.43,false,1,
8715700117805,false,"קטשופ היינץ מתבל עגבניות ללא תוספת סוכר ומלח 425 מ""ל",דיפלומט מפיצים (1968) בעמ**,,,יח`,400,גרם,false,1,11.90,2.98,false,1,
8715700118925,false,היינץ מתבל עגבניות חריף 460 גר`,דיפלומט מפיצים (1968) בע`מ,,,יח`,460,גרם,false,1,11.90,2.59,false,1,
8715700120874,false,מתבל עגבניות היינץ בתוספת שום,דיפלומט מפיצים (1968) בעמ**,,,יח`,460,גרם,false,1,11.90,2.59,false,1,
8715700419695,false,רוטב ברביקיו מתוק היינץ 500 גרם,דיפלומט מפיצים (1968) בעמ**,,,יח`,500,גרם,false,1,16.90,3.38,false,1,
8715700419732,false,מתבל עגבניות היינץ (700 גרם),דיפלומט מפיצים (1968) בעמ**,,,יח`,700,גרם,false,1,11.90,1.70,false,1,
8715700421322,false,היינץ רוטב ברביקיו צ'ילי 490 גרם,דיפלומט מפיצים (1968) בעמ**,,,יח`,490,גרם,false,1,16.90,3.45,false,1,
8715700422473,false,ממרח לכריכים וסלטים ללא ח. משמרים היינץ 395 גרם,דיפלומט מפיצים (1968) בעמ**,,,יח`,395,גרם,false,1,15.90,4.03,false,1,
8715700423906,false,היינץ מתבל עגבניות מופחת סוכר ומלח 50/50 550 גרם,דיפלומט מפיצים (1968) בעמ**,,,יח`,555,גרם,false,1,11.90,2.14,false,1,
8717163655825,false,"רקסונה דאו' ספריי לנשים בניחוח כותנה, 150 מ""ל","יוניליוור ישראל שיווק בע""מ",,,יח`,150,"מ""ל",false,1,14.90,9.93,false,1,
8717677336593,false,טוניס שוקולד חלב 180 גרם רבנות - נוכרי,ליימן שליסל בע`מ,,,יח`,180,גרם,false,1,19.90,11.06,true,1,
8717677336616,false,שוקולד מריר עם שקדים ומלח טוניס' שוקולונלי 180 גרם,ליימן שליסל בע`מ,,,יח`,180,גרם,false,1,19.90,11.06,true,1,
8717677338436,false,שוקולד חלב עם אגוזי לוז טוניס' שוקולונלי 180 גרם,ליימן שליסל בע`מ,,,יח`,180,גרם,false,1,19.90,11.06,true,1,
8718951001589,false,"ספריי מסיר שומנים במטבח 600 מ""ל ""א'גקס""",הנסיך- מפעל לייצור ט,,,יח`,1,,false,1,8.90,8.90,false,1,
8718951001596,false,ספריי אמבטיות אג`קס (600 מל)-יבוא מקביל,הנסיך- מפעל לייצור ט,,,יח`,1,,false,1,8.90,8.90,false,1,
8718951030206,false,"קולגייט סנסיטיב פרוטקשן משחת שיניים לשיניים רגישות 75 מ""ל",קולגייט-פלמוליב,,,יח`,75,גרם,false,1,14.90,19.87,true,1,
8718951048461,false,אג`קס חלונות 750 מל יבוא מקביל טריפל אק,אופאל יאצא בעמ,,,יח`,750,"מ""ל",false,1,11.90,1.59,false,1,
8718951159808,false,מברשות שיניים 360 מדיום- מארז שלישייה,קולגייט-פלמוליב,,,יח`,1,,false,1,24.90,24.90,false,1,
8718951175280,false,"קולגייט טוטאל משחת שיניים פרו ויזבל אקשן עם קצף פעיל 75 מ""ל",ש.שסטוביץ בעמ,,,יח`,75,"מ""ל",false,1,19.90,26.53,true,1,
8718951236790,false,"קולגייט טוטאל משחת שיניים קלין מינט לפה בריא 100 מ""ל",קולגייט פלמוליב,,,יח`,100,"מ""ל",false,1,16.90,16.90,true,1,
8718951236806,false,"קולגייט טוטאל הלבנה משחת שיניים המסייעת בהסרת כתמים 100 מ""ל",ש. שסטוביץ בע`מ,,,יח`,100,"מ""ל",false,1,16.90,16.90,true,1,
8718951236813,false,"קולגייט טוטאל משחת שיניים ניקוי מתקדם לפה בריא יותר 100 מ""ל",קולגייט פלמוליב,,,יח`,100,"מ""ל",false,1,16.90,16.90,true,1,
8718951240742,false,"קולגייט טוטאל משחת שיניים פסים מרעננים 100 מ""ל",איינשטיין-צור יבוא-יצוא וסחר ב,,,יח`,100,"מ""ל",false,1,12.90,12.90,false,1,
8718951253827,false,קולגייט משחת שיניים אופטיק פחם 75 מל,איינשטיין-צור יבוא-יצוא וסחר ב,,,יח`,75,"מ""ל",false,1,14.90,19.87,false,1,
8718951264618,false,"קולגייט אופטיק וייט פחם צ'רקול משחת שיניים, 75 מ""ל",איינשטיין-צור יבוא-יצוא וסחר ב,,,יח`,75,"מ""ל",false,1,14.90,19.87,false,1,
8718951278851,false,קולגייט משחת שיניים הלבנה מתקדמת פחם 75,איינשטיין-צור יבוא-יצוא וסחר ב,,,יח`,75,"מ""ל",false,1,14.90,19.87,false,1,
8718951312722,false,"קולגייט מקס פרש וויט קריסטל משחת שיניים 100 מ""ל",איינשטיין-צור יבוא-יצוא וסחר ב,,,יח`,100,"מ""ל",false,1,14.90,14.90,false,1,
8718951313576,false,קולגייט משחת שיניים מקס פרש קול קריסטל 100 מל,איינשטיין-צור יבוא-יצוא וסחר ב,,,יח`,100,"מ""ל",false,1,14.90,14.90,false,1,
8718951315303,false,"קולגייט אדומה משחת שיניים להגנה מפני עששת 2*100 מ""ל",קולגייט-פלמוליב,,,יח`,200,גרם,false,1,19.90,9.95,false,1,
8718951320093,false,זוג מברשות 360 אדוונס וויט שיניים קולגייט,קולגייט-פלמוליב,,,יח`,1,,false,1,24.90,24.90,false,1,
8718951334274,false,מרכך כביסה מרוכז וניל 1.3 ליטר סופלין,ש.שסטוביץ בעמ,,,יח`,1.30,"מ""ל",false,1,17.90,1376.92,false,1,
8718951338128,false,"ליידי ספיד סטיק רול און שאוור פרש 50 מ""ל",קולגייט פלמוליב,,,יח`,50,"מ""ל",false,1,16.90,33.80,true,1,
8718951400474,false,"תחליב רחצה קמליה ושקדים ללא משאבה750 מ""ל פלמולי",קולגייט פלמוליב,,,יח`,750,"מ""ל",false,1,19.90,2.65,true,1,
8718951461444,false,"זוג משחת שיניים טוטאל הלבנה ביטיו *100 מ""ל קולגייט",קולגייט פלמוליב,,,יח`,200,"מ""ל",false,1,29.90,14.95,false,1,
8718951466371,false,מרידול משחת לחניכיים רגישות 75 מל,קולגייט פלמוליב,,,יח`,75,גרם,false,1,19.90,26.53,false,1,
8718951470538,false,קולגייט משחת שיניים מקס פרש ביטיוב 125*2 כשלפ,קולגייט פלמוליב,,,יח`,250,"מ""ל",false,1,29.90,11.96,false,1,
8718951509627,false,"קולגייט אופטיק וייט לאוהבי קפה ותה משחת שיניים 75 מ""ל",קולגייט פלמוליב,,,יח`,75,"מ""ל",false,1,29.90,39.87,false,1,
8719128110349,false,סירופ פטל ופירות יער500 מל סודה סטרים,סודהסטרים ישראל בעמ,,,יח`,500,"מ""ל",false,1,22.90,4.58,false,1,
8719128110363,false,סירופ אשכולית אדומה 500 מל סודה סטרים,סודהסטרים ישראל בעמ,,,יח`,500,"מ""ל",false,1,22.90,4.58,false,1,
8719200998001,false,מרגרינה לאפיה ובישול בלי מלח 200 ג' בלו בנד,יוניליוור ישראל מזון בע\,,,יח`,200,גרם,false,1,4.50,2.25,false,1,
8719200998018,false,מחמאה מרגרינה בטעם חמאה בלובנד 200 גרם,"מיוצר ע""\י יוניליוור ישר",,,יח`,200,גרם,false,1,4.80,2.40,false,1,
8719200998032,false,"מרגרינה מזולה גלורי טעם חמאה 250גר 8 יחידות - כשל""פ","מיוצר ע""\י יוניליוור ישר",,,יח`,250,גרם,false,1,9.90,3.96,false,1,
8719200998049,false,"מרגרינה מזולה גלורי רגיל 250גר 8 יחידות -כשל""פ","מיוצר ע""\י יוניליוור ישר",,,יח`,250,גרם,false,1,9.90,3.96,false,1,
8719200998094,false,"מרגרינה מזולה לאפיה ללא תוספת מלח 200גר - 40 יח' -כשל""פ","מיוצר ע""\י יוניליוור ישר",,,יח`,200,גרם,false,1,6.90,3.45,false,1,
8719200998100,false,מרגרינה מזולה לאפיה טעם חמאה 200גר - 40 יח',דיפלומט מפיצים (1968) בעמ**,,,יח`,200,גרם,false,1,6.90,3.45,false,1,
8720181046605,false,דאב - דאודורנט ספריי לאישה אורגינל כחול 150מל,יוניליוור ישראל שיווק בע`מ,,,יח`,150,"מ""ל",false,1,14.90,9.93,false,1,
8720181046612,false,"דאב - דאודורנט רול און לאישה אורגינל 50 מ""ל",יוניליוור ישראל שיווק בע`מ,,,יח`,50,גרם,false,1,14.90,29.80,false,1,
8720181114458,false,אקס דאו ספריי לאישה 150 מל(יבוא מקביל,איינשטיין-צור יבוא-יצוא וסחר ב,,,יח`,150,"מ""ל",false,1,9.90,6.60,false,1,
8720181114465,false,"אקס - דאודורנט ספריי לגבר אנרכי 150 מ""ל",איינשטיין-צור יבוא-יצוא וסחר ב,,,יח`,150,"מ""ל",false,1,9.90,6.60,false,1,
8720181114472,false,"אקס - דאודורנט ספריי לגבר אפולו 150 מ""ל",איינשטיין-צור יבוא-יצוא וסחר ב,,,יח`,150,"מ""ל",false,1,9.90,6.60,false,1,
8720181114489,false,"אקס - דאודורנט ספריי לגבר בלק 150 מ""ל",איינשטיין-צור יבוא-יצוא וסחר ב,,,יח`,150,"מ""ל",false,1,9.90,6.60,false,1,
8720181114496,false,"אקס - דאודורנט ספריי לגבר שוקולד 150 מ""ל",איינשטיין-צור יבוא-יצוא וסחר ב,,,יח`,150,"מ""ל",false,1,9.90,6.60,false,1,
8720181114519,false,"אקס - דאודורנט ספריי לגבר דארק ונילה 150 מ""ל",איינשטיין-צור יבוא-יצוא וסחר ב,,,יח`,150,"מ""ל",false,1,9.90,6.60,false,1,
8723400756552,false,מארז סוכריות מנטוס Mentos ריינבואו,פרפטי ואן מלה ברדה,,,יח`,150,גרם,false,1,13.90,9.27,true,1,
8723400793922,false,מנטוס גליל בטעם דובדבן אריזת רביעיה 150 ג',פרפטי ואן מלה ברדה,,,יח`,150,גרם,false,1,13.90,9.27,true,1,
8801055707966,false,קפה טייסטרס צ`ויס בריסטה נסקפה (180 גרם),קבוצת אוסם סחר שותפות מוגבלת,,,יח`,180,גרם,false,1,29.90,16.61,false,1,
8801055709427,false,קפה נמס טסטר'ס צ'ויס אלטה ריקה 100 גרם,קבוצת אוסם סחר שותפות מוגבלת,,,יח`,100,גרם,false,1,23.90,23.90,true,1,
8801055709434,false,קפה נמס טסטר'ס צ'ויס קולומביה 100 גרם,קבוצת אוסם סחר שותפות מוגבלת,,,יח`,100,גרם,false,1,23.90,23.90,true,1,
8801055709458,false,אבקה להכנת משקה קפה בטעם קפוצ'ינו קרמל,קבוצת אוסם סחר שותפות מוגבלת,,,יח`,170,גרם,false,1,18.90,11.12,false,1,
8801055709465,false,אבקה להכנת משקה קפה בטעם קפוצ'ינו וניל,קבוצת אוסם סחר שותפות מוגבלת,,,יח`,185,גרם,false,1,18.90,10.22,false,1,
8801055709472,false,נסטלה - נסקפה קפוצ'ינו קלאסי 12.50 גרם * 10,קבוצת אוסם סחר שותפות מוגבלת,,,יח`,125,גרם,false,1,18.90,15.12,false,1,
8801055709489,false,אבקה להכנת משקה קפה בטעם קפוצ'ינו אגוזים,קבוצת אוסם סחר שותפות מוגבלת,,,יח`,180,גרם,false,1,18.90,10.50,false,1,
8801055709526,false,אבקה להכנת משקה קפה בטעם קפוצ'ינו שוקולד לבן,קבוצת אוסם סחר שותפות מוגבלת,,,יח`,180,גרם,false,1,18.90,10.50,false,1,
8802241131664,false,חטיף אצות קלויות עם מלח ים Laverland Crunch,טחנת האבן קואופ בעמ,,,יח`,40.50,גרם,false,1,30.90,76.30,false,1,
8832774554005,false,תנור קוורץ BENATON BT-55400,קונסיגנציה-ד.ש.ש. אלקטרוניקה ב,,,יח`,1,,false,1,39,39,false,1,
8850389105825,false,משקה אלוורה בטעם ענבים סאפה 1 ליטר,סאפה פובליק קומפני לימיט,,,יח`,1,1 ליטר,false,1,13.90,13.90,false,1,
8850389105832,false,סאפה משקה אלוורה בטעם תפוח עם קוביות אלוורה 1 ליטר,סאפה פובליק קומפני לימיט,,,יח`,1,1 ליטר,false,1,13.90,13.90,false,1,
8850389105849,false,סאפה משקה אלוורה מופחת קלוריות בטעם אפרסק 1 ליטר,סאפה פובליק קומפני לימיט,,,יח`,1,1 ליטר,false,1,13.90,13.90,false,1,
8850389115336,false,משקה אלוורה בטעם מלון סאפה 1 ליטר,סאפה פובליק קומפני לימיט,,,יח`,1,1 ליטר,false,1,13.90,13.90,false,1,
8850632604259,false,"יוגטה, חיספוסים, ממתק חמוץ בצורת מקלות בטעם תות שדה,50 גרם",ליימן שליסל בע`מ,,,יח`,50,גרם,false,1,3.90,7.80,false,1,
8850632604266,false,"יוגטה, ממתק חמוץ בצורת מקלות בטעם קולה, 50 גרם",ליימן שליסל בע`מ,,,יח`,50,גרם,false,1,3.90,7.80,false,1,
8850632604372,false,"יוגטה, חיספוסים בצורת שטיח בטעם תות שדה 50 גרם",ליימן שליסל בע`מ,,,יח`,50,גרם,false,1,3.90,7.80,false,1,
8850632604402,false,יוגטה חיספוסים בטעם מעורב תות שדה אבטיח ענבים בננה 50 גרם,ליימן שליסל בע`מ,,,יח`,50,גרם,false,1,3.90,7.80,false,1,
8851613101378,false,"נוזל קוקוס ארוי די 250 מ""ל",גורי מוצרי צריכה (1991) בעמ,,,יח`,250,"מ""ל",false,1,9.80,3.92,false,1,
8851613101385,false,"חלב קוקוס ארוי-די קרטון 500מ""ל",גורי מוצרי צריכה (1991) בעמ,,,יח`,500,"מ""ל",false,1,12.90,2.58,false,1,
8857101301008,false,רוטב צילי מתוק וילי 700 מל יצרןמותג: פאן,ג.וילי-פוד אינטרנשיונל בעמ,,,יח`,700,"מ""ל",false,1,9.80,1.40,false,1,
8888021200256,false,סוללות אנרג'ייזר AA מקס 8 יחידות,יצרן: אנרג'ייזר סינג,,,יח`,1,,false,1,24.90,24.90,false,1,
8888111030053,false,"מיץ אננס SW טבעי מארז 240X4מ""ל פרימיום",בני פאוזי שמשום (2009) בעמ,,,יח`,960,"מ""ל",false,1,14.90,1.43,false,1,
8901314517463,false,מברשת שיניים קולגייט 360 רביעייה,פארמה דיל (פ.א.ב.) שיווק והפצה,,,יח`,1,,false,1,19.90,19.90,false,1,
8901314517999,false,מברשת שיניים קולגייט צ`רקואל מארז רביעיי,פארמה דיל (פ.א.ב.) שיווק והפצה,,,יח`,1,,false,1,19.90,19.90,false,1,
8901537024014,false,"אורז בסמטי מובחר 1 ק""ג - דוואט) יורה דיעה",ג. וילי-פוד אינטרנשיונל בע`מ,,,יח`,1,"ק""ג",false,1,11.90,11.90,false,1,
8959286455405,false,תנור קוורץ BENATON BT-55405,קונסיגנציה-ד.ש.ש. אלקטרוניקה ב,,,יח`,1,,false,1,69,69,false,1,
9000101418163,false,שלישיית סבון אסלה בניחוח מתחלף תפוח ירוק ברף,גורי שיווק בעמ,,,יח`,1,,false,1,19.90,19.90,false,1,
9000101520965,false,"סבון אסלה בניחוח מתחלף לוטוס עדין במבוק, 3 יחידות",גורי שיווק בעמ,,,יח`,1,,false,1,19.90,19.90,false,1,
9000101537550,false,פרסיל קאפסולות לכביסה לבנה וצבעונית 52 יח',גורי שיווק בעמ,,,יח`,1,,false,1,59.90,59.90,false,1,
9001395807015,false,שוקולד בננית בטעם שוקו בננה 300 גרם,פרנס הואו סווירט,,,יח`,300,גרם,false,1,9.90,3.30,false,1,
9001616202117,false,מוצץ סיליקון מיני 0-6 מאם) (2 זמן לאהבה,טרופיקל דגיל תעשיות,,,יח`,1,,false,1,34.90,34.90,false,1,
9001616202360,false,זוג מוצצי סיליקון זוהר בחושך 6+ חודשים Original Night,אלפא קוסמטיקה בעמ,,,יח`,1,,false,1,34.90,34.90,false,1,
9001616661099,false,"בקבוק לתינוק 270 מ""ל 2+ חודשים Easy Active",אלפא קוסמטיקה בעמ,,,יח`,1,,false,1,34.90,34.90,true,1,
9001616682216,false,מאם בקבוק אנטי קוליק 160 מל תכלת,אלפא קוסמטיקה בעמ,,,יח`,1,,false,1,34.90,34.90,true,1,
9001616703027,false,בקבוק תינוק 330 מל -אפור,אלפא קוסמטיקה בעמ,,,יח`,1,,false,1,34.90,34.90,true,1,
9044400851672,false,סוכריות פז סוגים שונים + 3 מילויים,ר.ב. מוצרי דגנים בעמ,,,יח`,25.50,גרם,false,1,11.90,46.67,false,1,
9310072028743,false,טים טם ביסקוויט במילוי שוקולד 200 גרם,"ארנוטס ביסקוויטס בע""",,,יח`,200,גרם,false,1,20.90,10.45,true,1,
9310072028750,false,חטיף שוקולד דאבל קרם טים טם (200 גרם),"ארנוטס ביסקוויטס בע""",,,יח`,200,גרם,false,1,20.90,10.45,true,1,
9711953105807,false,בלוז מעדנייה שטראוס,שטראוס גרופ בעמ/מצונן,,,"ק""ג",1000,גרם,true,1,69,6.90,false,1,
9720188050109,false,ממרח על בסיס סויה בסגנון גבינה טופוטי 225 גרם,החברה המרכזית טלהפצת משקאות בע,,,יח`,227,גרם,false,1,21.40,9.43,false,1,
9720188060108,false,ממרח על בסיס סויה בסגון שמנת טופוטי 340 גרם,החברה המרכזית טלהפצת משקאות בע,,,יח`,340,גרם,false,1,21.40,6.29,false,1,
