code,internal_code,name,manufacturer_name,manufacture_country,manufacturer_item_description,unit_qty,quantity,unit_of_measure,weighted,qty_in_package,price,unit_of_measure_price,allow_discount,status,item_id
55,true,משלוחים לבית,,,משלוחים לבית,אין,0.00,יחידה,false,,29.90,0.0000,true,1,54571
103,true,לחמניה בריאות,,,לחמניה בריאות,יח',1.00,יח',false,,3.90,3.9000,true,1,3187
116,true,פלסטונים,,,פלסטונים,אין,0.00,יחידה,false,,4.90,0.0000,true,1,20240
161,true,קישוא עגול,,,קישוא עגול,קילוגרמים,1.00,"ק""ג",true,,12.90,12.9000,true,1,54589
173,true,דלעת ערמונים,,,דלעת ערמונים,קילוגרמים,1.00,"ק""ג",true,,11.90,11.9000,true,1,54594
301,true,בקבוק ריק חוזר בירה,,,בקבוק ריק חוזר בירה,אין,0.00,יחידה,false,,1.20,0.0000,true,1,7178
374,true,פטריות שמפניון,,,פטריות שמפניון,יח',1.00,יח',false,,9.90,9.9000,true,1,54620
519,true,מעורב בבגט,,,מעורב בבגט,אין,0.00,יחידה,false,,25.00,0.0000,true,1,72189
572,true,קופון מצטרף חדש למוע,,,קופון מצטרף חדש למוע,אין,0.00,יחידה,false,,0.01,0.0000,true,1,37970
996,true,חלה קלועה,,,חלה קלועה,יח',1.00,יח',false,,12.90,12.9000,true,1,204181
998,true,חלה מתוקה קלועה,,,חלה מתוקה קלועה,יח',1.00,יח',false,,12.90,12.9000,true,1,2840
1009,true,בגט שלם,,,בגט שלם,יח',1.00,יח',false,,5.50,5.5000,true,1,2843
1028,true,חצי בגט,,,חצי בגט,יח',1.00,יח',false,,3.90,3.9000,true,1,2850
1054,true,מלפפון בייבי אורגני,,,מלפפון בייבי אורגני,יח',1.00,יח',false,,12.90,12.9000,true,1,54707
1058,true,חלה רגילה/חלה ציפורי,,,חלה רגילה/חלה ציפורי,גרמים,500.00,100 גרם,false,,5.17,0.0103,true,1,5033
1059,true,חלה מתוקה 500 גרם,,,חלה מתוקה 500 גרם,גרמים,500.00,100 גרם,false,,12.90,0.0258,true,1,5034
1073,true,סופגניה גדולה בודדת,,,סופגניה גדולה בודדת,אין,0.00,יחידה,false,,3.90,0.0000,true,1,105059
1079,true,מיני סופגניה בודדת,,,מיני סופגניה בודדת,אין,0.00,יחידה,false,,3.30,0.0000,true,1,96844
1091,true,צנונית בייבי,,,צנונית בייבי,גרמים,400.00,100 גרם,false,,6.90,0.0173,true,1,54716
1095,true,בייבי בטטה,,,בייבי בטטה,יח',1.00,יח',false,,7.90,7.9000,true,1,54719
1476,true,לימון סיני,,,לימון סיני,קילוגרמים,1.00,"ק""ג",true,,12.90,12.9000,true,1,101213
1488,true,אשכולית אדומה,,,אשכולית אדומה,קילוגרמים,1.00,"ק""ג",true,,6.90,6.9000,true,1,54738
1494,true,תפו`א לבן תפזורת,,,תפו`א לבן תפזורת,קילוגרמים,1.00,"ק""ג",true,,4.90,4.9000,true,1,54744
1500,true,פלפל כתום,,,פלפל כתום,קילוגרמים,1.00,"ק""ג",true,,9.90,9.9000,true,1,54750
1501,true,עגבניות,,,עגבניות,קילוגרמים,1.00,"ק""ג",true,,7.90,7.9000,true,1,54751
1502,true,מלפפונים,,,מלפפונים,קילוגרמים,1.00,"ק""ג",true,,6.90,6.9000,true,1,54752
1503,true,גזר ארוז,,,גזר ארוז,קילוגרמים,1.00,"ק""ג",true,,4.90,4.9000,true,1,54753
1504,true,סלק,,,סלק,קילוגרמים,1.00,"ק""ג",true,,4.90,4.9000,true,1,54754
1505,true,כרוב לבן,,,כרוב לבן,קילוגרמים,1.00,"ק""ג",true,,4.90,4.9000,true,1,54755
1506,true,כרוב אדום,,,כרוב אדום,קילוגרמים,1.00,"ק""ג",true,,6.90,6.9000,true,1,54756
1507,true,כרובית,,,כרובית,קילוגרמים,1.00,"ק""ג",true,,9.90,9.9000,true,1,54757
1510,true,קישואים,,,קישואים,קילוגרמים,1.00,"ק""ג",true,,7.90,7.9000,true,1,54759
1511,true,חצילים,,,חצילים,קילוגרמים,1.00,"ק""ג",true,,7.90,7.9000,true,1,54760
1513,true,פלפל ירוק,,,פלפל ירוק,קילוגרמים,1.00,"ק""ג",true,,8.90,8.9000,true,1,54761
1514,true,פלפל בהיר,,,פלפל בהיר,קילוגרמים,1.00,"ק""ג",true,,9.90,9.9000,true,1,54762
1515,true,פלפל חריף,,,פלפל חריף,קילוגרמים,1.00,"ק""ג",true,,8.90,8.9000,true,1,54763
1516,true,פלפל אדום,,,פלפל אדום,קילוגרמים,1.00,"ק""ג",true,,9.90,9.9000,true,1,54764
1517,true,פלפל רומרו,,,פלפל רומרו,קילוגרמים,1.00,"ק""ג",true,,12.90,12.9000,true,1,101220
1518,true,מלון,,,מלון,קילוגרמים,1.00,"ק""ג",true,,7.90,7.9000,true,1,54766
1519,true,בצל יבש,,,בצל יבש,קילוגרמים,1.00,"ק""ג",true,,5.90,5.9000,true,1,54767
1521,true,קולורבי,,,קולורבי,קילוגרמים,1.00,"ק""ג",true,,7.90,7.9000,true,1,54768
1522,true,חסה ערבית,,,חסה ערבית,יח',1.00,יח',false,,4.90,4.9000,true,1,54769
1527,true,פטרוזיליה גומי,,,פטרוזיליה גומי,יח',1.00,יח',false,,3.50,3.5000,true,1,54773
1528,true,כוסברה גומי,,,כוסברה גומי,יח',1.00,יח',false,,3.50,3.5000,true,1,54774
1529,true,שמיר גומי,,,שמיר גומי,יח',1.00,יח',false,,3.50,3.5000,true,1,54775
1530,true,נענע גומי,,,נענע גומי,יח',1.00,יח',false,,3.50,3.5000,true,1,54776
1531,true,לפת,,,לפת,קילוגרמים,1.00,"ק""ג",true,,6.90,6.9000,true,1,54777
1535,true,תפו`א אדום ארוז,,,תפו`א אדום ארוז,קילוגרמים,1.00,"ק""ג",true,,4.90,4.9000,true,1,54781
1540,true,חזרת,,,חזרת,אלף,1.00,"ק""ג",false,,39.90,39.9000,true,1,54786
1541,true,ארטישוק,,,ארטישוק,קילוגרמים,1.00,"ק""ג",true,,18.90,18.9000,true,1,101225
1545,true,שום ארוז ייבוא יח',,,שום ארוז ייבוא יח',יח',1.00,יח',false,,5.90,5.9000,true,1,54791
1547,true,שומר,,,שומר,קילוגרמים,1.00,"ק""ג",true,,6.90,6.9000,true,1,54793
1548,true,תות שדה ביח',,,תות שדה ביח',יח',1.00,יח',false,,19.90,19.9000,true,1,101226
1550,true,תפו`א לבן ארוז,,,תפו`א לבן ארוז,קילוגרמים,1.00,"ק""ג",true,,4.90,4.9000,true,1,54796
1551,true,לימון,,,לימון,קילוגרמים,1.00,"ק""ג",true,,8.90,8.9000,true,1,54797
1552,true,תפוז,,,תפוז,קילוגרמים,1.00,"ק""ג",true,,5.90,5.9000,true,1,54798
1553,true,ענב לבן,,,ענב לבן,קילוגרמים,1.00,"ק""ג",true,,29.90,29.9000,true,1,54799
1555,true,תפוז ארוז,,,תפוז ארוז,קילוגרמים,1.00,"ק""ג",true,,4.90,4.9000,true,1,54801
1556,true,בננה מובחרת,,,בננה מובחרת,קילוגרמים,1.00,"ק""ג",true,,6.90,6.9000,true,1,54802
1557,true,צנון,,,צנון,קילוגרמים,1.00,"ק""ג",true,,6.90,6.9000,true,1,54803
1558,true,אשכולית צהובה,,,אשכולית צהובה,קילוגרמים,1.00,"ק""ג",true,,5.90,5.9000,true,1,54804
1560,true,דלעת ארוזה,,,דלעת ארוזה,קילוגרמים,1.00,"ק""ג",true,,9.90,9.9000,true,1,54806
1561,true,תפוח עץ זהוב,,,תפוח עץ זהוב,קילוגרמים,1.00,"ק""ג",true,,9.90,9.9000,true,1,54807
1562,true,תפוח עץ יונתן,,,תפוח עץ יונתן,קילוגרמים,1.00,"ק""ג",true,,9.90,9.9000,true,1,54808
1563,true,תפוח עץ חרמון,,,תפוח עץ חרמון,קילוגרמים,1.00,"ק""ג",true,,9.90,9.9000,true,1,54809
1564,true,תפוח עץ סמיט,,,תפוח עץ סמיט,קילוגרמים,1.00,"ק""ג",true,,9.90,9.9000,true,1,54810
1568,true,רימון,,,רימון,קילוגרמים,1.00,"ק""ג",true,,9.90,9.9000,true,1,54813
1570,true,קלמנטינה,,,קלמנטינה,קילוגרמים,1.00,"ק""ג",true,,5.90,5.9000,true,1,54815
1571,true,פלפל שושקה,,,פלפל שושקה,קילוגרמים,1.00,"ק""ג",true,,12.90,12.9000,true,1,54816
1572,true,אבוקדו מובחר,,,אבוקדו מובחר,קילוגרמים,1.00,"ק""ג",true,,8.90,8.9000,true,1,54817
1574,true,בטטה מתוקה,,,בטטה מתוקה,קילוגרמים,1.00,"ק""ג",true,,9.90,9.9000,true,1,54819
1576,true,אגס,,,אגס,קילוגרמים,1.00,"ק""ג",true,,12.90,12.9000,true,1,54820
1577,true,אגס נאשי,,,אגס נאשי,קילוגרמים,1.00,"ק""ג",true,,16.90,16.9000,true,1,54821
1581,true,פלפל צהוב,,,פלפל צהוב,קילוגרמים,1.00,"ק""ג",true,,9.90,9.9000,true,1,54824
1585,true,קובו,,,קובו,קילוגרמים,1.00,"ק""ג",true,,25.90,25.9000,true,1,101230
1588,true,תירס ארוז,,,תירס ארוז,קילוגרמים,1.00,"ק""ג",true,,9.90,9.9000,true,1,54829
1590,true,משורית סרט 1590 ממ,,,פומלה,קילוגרמים,1.00,"ק""ג",true,,7.90,7.9000,true,1,54830
1590,true,משורית סרט 1590 ממ,,,משורית סרט 1590 ממ,,1000.00,,false,,7.90,0.0079,true,1,82507
1591,true,ענב אדום,,,ענב אדום,קילוגרמים,1.00,"ק""ג",true,,29.90,29.9000,true,1,54831
1595,true,חציל בלדי,,,חציל בלדי,קילוגרמים,1.00,"ק""ג",true,,7.90,7.9000,true,1,54834
1601,true,סלרי חתוך ליח,,,סלרי חתוך ליח,יח',1.00,יח',false,,6.90,6.9000,true,1,54839
1603,true,אבוקדו ברשת,,,אבוקדו ברשת,קילוגרמים,1.00,"ק""ג",true,,11.90,11.9000,true,1,99050
1604,true,אפרסמון,,,אפרסמון,קילוגרמים,1.00,"ק""ג",true,,15.90,15.9000,true,1,54842
1607,true,תפו`א קטן אפיה ארוז,,,תפו`א קטן אפיה ארוז,קילוגרמים,1.00,"ק""ג",true,,3.90,3.9000,true,1,54845
1608,true,זנגוויל\גינגיר תפזור,,,זנגוויל\גינגיר תפזור,קילוגרמים,1.00,"ק""ג",true,,23.90,23.9000,true,1,54846
1610,true,שרי אשכולות לקג,,,שרי אשכולות לקג,קילוגרמים,1.00,"ק""ג",true,,19.90,19.9000,true,1,54847
1613,true,דלורית,,,דלורית,קילוגרמים,1.00,"ק""ג",true,,6.90,6.9000,true,1,54850
1615,true,בצל אדום,,,בצל אדום,קילוגרמים,1.00,"ק""ג",true,,6.90,6.9000,true,1,54852
1616,true,כוסברה כשר,,,כוסברה כשר,יח',1.00,יח',false,,5.90,5.9000,true,1,55588
1617,true,אננס,,,אננס,יח',1.00,יח',false,,37.90,37.9000,true,1,54853
1618,true,אפרסמון קרמבו,,,אפרסמון קרמבו,קילוגרמים,1.00,"ק""ג",true,,16.90,16.9000,true,1,97493
1619,true,פומלית,,,פומלית,קילוגרמים,1.00,"ק""ג",true,,5.90,5.9000,true,1,54855
1620,true,קיווי,,,קיווי,קילוגרמים,1.00,"ק""ג",true,,16.90,16.9000,true,1,54856
1621,true,קרמבולה,,,קרמבולה,קילוגרמים,1.00,"ק""ג",true,,39.90,39.9000,true,1,54857
1632,true,קישוא זוקיני ירוק,,,קישוא זוקיני ירוק,קילוגרמים,1.00,"ק""ג",true,,11.90,11.9000,true,1,54865
1645,true,תפוח עץ גלה,,,תפוח עץ גלה,קילוגרמים,1.00,"ק""ג",true,,9.90,9.9000,true,1,54873
1683,true,תפוח עץ פינק קריפס,,,תפוח עץ פינק קריפס,קילוגרמים,1.00,"ק""ג",true,,14.90,14.9000,true,1,54895
1708,true,גזר תפזורת,,,גזר תפזורת,קילוגרמים,1.00,"ק""ג",true,,4.90,4.9000,true,1,54912
1733,true,שורש פטרוזיליה,,,שורש פטרוזיליה,יח',1.00,יח',false,,5.90,5.9000,true,1,54920
1814,true,בצלצלי שאלוט,,,בצלצלי שאלוט,גרמים,280.00,100 גרם,false,,14.90,0.0532,true,1,55589
1840,true,ברוקולי,,,ברוקולי,קילוגרמים,1.00,"ק""ג",true,,12.90,12.9000,true,1,54946
1845,true,שעועית ירוקה יח`,,,שעועית ירוקה יח`,יח',1.00,יח',false,,17.90,17.9000,true,1,54949
1854,true,שרי מיניאפלם,,,שרי מיניאפלם,יח',1.00,יח',false,,8.90,8.9000,true,1,54954
1883,true,שום יבש תפזורת,,,שום יבש תפזורת,קילוגרמים,1.00,"ק""ג",true,,22.90,22.9000,true,1,62340
3500,true,עוף טרי שלם,,,עוף טרי שלם,קילוגרמים,1.00,"ק""ג",true,,19.90,19.9000,true,1,28000
3501,true,כרעיים עוף טרי,,,כרעיים עוף טרי,קילוגרמים,1.00,"ק""ג",true,,27.90,27.9000,true,1,28001
3502,true,חזה עוף טרי,,,חזה עוף טרי,קילוגרמים,1.00,"ק""ג",true,,31.90,31.9000,true,1,28002
3507,true,שניצל עוף פרוס טרי,,,שניצל עוף פרוס טרי,קילוגרמים,1.00,"ק""ג",true,,37.90,37.9000,true,1,20241
3511,true,חזה הודו טרי,,,חזה הודו טרי,קילוגרמים,1.00,"ק""ג",true,,34.90,34.9000,true,1,28009
3512,true,שוארמה נקבה טרי,,,שוארמה נקבה טרי,קילוגרמים,1.00,"ק""ג",true,,74.90,74.9000,true,1,28010
3517,true,שוקיים פטם טרי,,,שוקיים פטם טרי,קילוגרמים,1.00,"ק""ג",true,,32.90,32.9000,true,1,28014
3520,true,ירכיים עוף טרי,,,ירכיים עוף טרי,קילוגרמים,1.00,"ק""ג",true,,27.90,27.9000,true,1,28017
3522,true,שוארמה פרגיות טרי,,,שוארמה פרגיות טרי,קילוגרמים,1.00,"ק""ג",true,,59.90,59.9000,true,1,28018
3527,true,הודו טחון טרי,,,הודו טחון טרי,קילוגרמים,1.00,"ק""ג",true,,39.90,39.9000,true,1,28022
3546,true,בשר עוף טרי טחון,,,בשר עוף טרי טחון,קילוגרמים,1.00,"ק""ג",true,,36.90,36.9000,true,1,16079
5504,true,דונאטס בטעמים מצופה,,,דונאטס בטעמים מצופה,גרמים,45.00,100 גרם,false,,6.90,0.1533,true,1,179602
5506,true,דונאטס בטעמים ממולא,,,דונאטס בטעמים ממולא,גרמים,65.00,100 גרם,false,,7.90,0.1215,true,1,485291
7664,true,שרי תמר תפזורת לובלו,,,שרי תמר תפזורת לובלו,קילוגרמים,1.00,"ק""ג",true,,22.90,22.9000,true,1,54994
9999,true,פיקדון בקבוקים,,,פיקדון בקבוקים,אין,0.00,יחידה,false,,0.30,0.0000,true,1,17
40084107,false,ביצת שוקולד הפתעה קינדר,פרדי קונדטוריה אס פי,IT,ביצת הפתעה קינדר 20,גרמים,20.00,100 גרם,false,,6.90,0.3450,true,1,48714
40099132,false,מסטיק הובה בובה Hubba Bubba בטעם תות,הובה בובה Hubba Bubba,DE,הובה בובה צאנק תות 3,גרמים,35.00,100 גרם,false,,3.90,0.1114,true,1,48301
42123866,false,מסטיק הובה בובה צ'אנק פירות קלאסי 35ג',הובה בובה Hubba Bubba,,הובה בובה צ'אנק קלאס,גרמים,35.00,100 גרם,false,,3.90,0.1114,true,1,48307
42299363,false,"ניוואה - דאודורנט רול און לגבר פרש פאוור 50 מ""ל",ביירסדורף,DE,ניוואה דאודורנט רול,מיליליטרים,50.00,"100 מ""ל",false,,16.90,0.3380,true,1,1202
59082637,false,"רקסונה - דאודורנט רולאון לגבר אקסטרא קול 50 מ""ל",יוניליוור פיליפינים,PH,רקסונה רול-און אקסטר,מיליליטרים,50.00,"100 מ""ל",false,,22.90,0.4580,true,1,191531
59092513,false,"רקסונה - דאודורנט רול און לאישה אלוורה 50 מ""ל",יוניליוור HPC,PH,רקסונה דאודורנט רול-,מיליליטרים,50.00,"100 מ""ל",false,,22.90,0.4580,true,1,472117
72917367,false,טעמי חטיף במילוי קרם נוגט וקרמל,"שטראוס גרופ בע""מ",IL,טעמי 40 גר',גרמים,40.00,100 גרם,false,,4.90,0.1225,true,1,23991
72940754,false,מעדן מילקי בטעם וניל עם קצפת,"שטראוס גרופ בע""מ",IL,"מילקי וניל 170 מ""ל",מיליליטרים,170.00,"100 מ""ל",false,,3.10,0.0182,true,1,24727
72940761,false,מעדן מילקי בטעם שוקולד עם קצפת,מיוצר עי קונדיטוריית,IL,מילקי שוקולד מהדרין,מיליליטרים,170.00,"100 מ""ל",false,,3.10,0.0182,true,1,24728
72940952,false,מעדן מילקי בטעם שוקולד עם אקסטרה קצפת,"שטראוס גרופ בע""מ",IL,מילקי אקסטראה קצפת מ,מיליליטרים,110.00,"100 מ""ל",false,,3.90,0.0355,true,1,24729
72940976,false,כרוב אדום אחלה 250 ג',מיוצר עי קונדיטוריית,IL,אחלה סלט כרוב אדום,גרמים,250.00,100 גרם,false,,10.00,0.0400,true,1,24730
72940983,false,חומוס אחלה 250 גרם,אחלה - שטראוס,IL,אחלה חומוס 250ג,גרמים,250.00,100 גרם,false,,7.90,0.0316,true,1,24731
72941041,false,מעדן מילקי מיני בטעם שוקולד עם קצפת,"שטראוס גרופ בע""מ",IL,מיני מילקי שוקולד 70,מיליליטרים,70.00,"100 מ""ל",false,,2.60,0.0371,true,1,24732
72945308,false,קוביות שמרים לאפיה שמרית 2*25 ג',"פאקא תעשיות בע""מ",IL,שמרית קוביות שמרים ל,גרמים,50.00,100 גרם,false,,4.00,0.0800,true,1,24733
72961506,false,יוגורט עם תות 1.5% שומן 125 ג' פרילי,מיוצר עי קונדיטוריית,IL,פרילי תות 1.5% 125מל,מיליליטרים,125.00,"100 מ""ל",false,,4.10,0.0328,true,1,27094
72961520,false,יוגורט עם אננס 1.5% שומן 125 ג' פרילי,מיוצר עי קונדיטוריית,IL,פרילי אננס 1.5% 125מ,מיליליטרים,125.00,"100 מ""ל",false,,4.10,0.0328,true,1,27096
72961544,false,באדי יוגורט בטעם תות שדה 3%,מחלבת אלון תבור,IL,באדי תות 125מל,מיליליטרים,125.00,"100 מ""ל",false,,3.50,0.0280,true,1,27097
72963753,false,שמנת אורגינל של פעם 27% שומן 200 ג' תנובה,תנובה מרכז שיתופי לש,IL,תנובה שמנת של פעם 27,מיליליטרים,200.00,"100 מ""ל",false,,4.20,0.0210,true,1,27103
72964132,false,פרילי טבע עם גרנולה 1.5% 200מל,מיוצר עי קונדיטוריית,IL,פרילי טבע עם גרנולה,מיליליטרים,200.00,"100 מ""ל",false,,5.50,0.0275,true,1,27105
72964422,false,תנובה יוגורט פרחים 4.5% 200מל,מחלבת תנובה,IL,תנובה יוגורט פרחים 4,מיליליטרים,200.00,"100 מ""ל",false,,3.50,0.0175,true,1,27107
72986370,false,"גלידת בן & ג'ריס פיינטים וניל 500מ""ל",מוצרי איכות אמריקאים,IL,גלידת פיינטים וניל צ,מיליליטרים,420.00,"100 מ""ל",false,,24.90,0.0593,true,1,15064
72986424,false,"גלידת בן & ג'ריס פיינטים קרם עוגיות 500מ""ל",מוצרי איכות אמריקאיי,IL,גלידת פיינטים קרם עו,מיליליטרים,420.00,"100 מ""ל",false,,24.90,0.0593,true,1,15065
72986448,false,"גלידת בן & ג'ריס פיינטים טופי קראנץ 500מ""ל",מוצרי איכות אמריקאיי,IL,גלידת טופי קרנץ,מיליליטרים,420.00,"100 מ""ל",false,,24.90,0.0593,true,1,15066
72986455,false,"ניו יורק סופר גלידת שוקולד, חתיכות פאדג' ואגוזים",מוצרי איכות אמריקאיי,IL,גלידת פיינטים ניו-יו,מיליליטרים,420.00,"100 מ""ל",false,,24.90,0.0593,true,1,15067
72986479,false,"צ'אנקי מנקי גלידת וניל, בננות, חתיכות פאדג' ואגוזים",מוצרי איכות אמריקאיי,IL,גלידת פיינטים צאנקי,מיליליטרים,420.00,"100 מ""ל",false,,24.90,0.0593,true,1,15068
72993637,false,מעדן חלב בטעם שוקולד 125 ג' דני,מחלבת אחיהוד,IL,דני מהדרין שוקו בודד,מיליליטרים,125.00,"100 מ""ל",false,,3.10,0.0248,true,1,24736
80050025,false,סוכריות טיק טק בטעם תפוז,קדבורי,ZA,טיק טק תפוז,גרמים,16.00,100 גרם,false,,4.10,0.2562,true,1,48716
80050124,false,סוכריות טיק טק בטעם מנטה,קדבורי,ZA,טיק טק סוכריות,גרמים,16.00,100 גרם,false,,4.10,0.2562,true,1,48717
80052760,false,קינדר בואנו Kinder Bueno עם חלב ואגוזי לוז,קינדר Kinder,PL,חטיף קינדר בואנו שוק,גרמים,43.00,100 גרם,false,,4.20,0.0977,true,1,48721
80052883,false,סוכריות מנטה חזק 16 ג' טיק טק,פררו,ZA,טיק טק מנטה כחול,אין,0.00,יחידה,false,,4.10,0.0000,true,1,434133
80136194,false,חטיפי הפי היפו Happy Hippo במילוי קרם חלבי ואגוזי לוז,קינדר Kinder,IT,הפי היפו 5*20ג,גרמים,102.00,100 גרם,false,,13.90,0.1363,true,1,107689
80176732,false,קינדר הפי היפו 28 יחידות,קדבורי,DE,הפי היפו 35 גרם,גרמים,35.00,100 גרם,false,,4.10,0.1171,true,1,48722
80176800,false,נוטלה ממרח שוקולד 750 גרם,פררו תעשיות איטליה ס,IT,ממרח שוקולד נוטלה 75,גרמים,750.00,100 גרם,false,,29.00,0.0387,true,1,48723
80177173,false,ממרח אגוזי לוז עם קקאו,נוטלה Nutella,IT,ממרח נוטלה קקאו עם א,גרמים,350.00,100 גרם,false,,17.90,0.0511,true,1,48724
80177609,false,אצבעות שוקולד קינדר Kinder ארבע יחידות,קינדר Kinder,IT,קינדר אצבעות שוק.חלב,גרמים,50.00,100 גרם,false,,4.90,0.0980,true,1,48725
80177616,false,אצבעות שוקולד קינדר Kinder שמונה יחידות,קינדר Kinder,IT,אצבעות שוקולד קינדר,גרמים,100.00,100 גרם,false,,8.90,0.0890,true,1,48726
80273561,false,פלפל שחור במטחנה 45 גר ארומה דה טוסקנה,דרוגריה ואלימנטרי אס,IT,פלפל שחור במטחנה,גרמים,45.00,100 גרם,false,,13.50,0.3000,true,1,48496
80273684,false,תערובת עשבי פרובנס במטחנה 20 גר ארומה דה,דרוגריה ואלימנטרי אס,IT,תערובת עשבי פרובנס ב,גרמים,20.00,100 גרם,false,,13.50,0.6750,true,1,48501
80310891,false,ביצת הפתעה קינדר ג'וי כתום,פררו,ZA,קינדר ג'וי 20 גרם,גרמים,20.00,100 גרם,false,,6.90,0.3450,true,1,497748
80651765,false,גינגר זנגביל במטחנה 35 גר ארומה דה טוסקנ,דרוגריה ואלימנטרי אס,IT,ג'ינג'ר במטחנה 28 גר,גרמים,28.00,100 גרם,false,,13.50,0.4821,true,1,48506
80761761,false,קינדר בואנו לבן בודד 39 גרם,קדבורי,PL,קינדר בואנו לבן 39ג,גרמים,43.00,100 גרם,false,,4.20,0.0977,true,1,48727
80762362,false,מסטיק מנטוס וויט בטעם מנטה אקליפטוס 105ג',"אינסטנטה בע""מ",TR,מנטוס וויט מסטיק בטע,גרמים,60.00,100 גרם,false,,10.90,0.1817,true,1,60939
80773429,false,מסטיק מנטוס פיור פרש בבקבוק בינוני בטעם תות 60 ג',"פרפטי ואן מלה ג'ידה,",TR,מסטיק מנטוס בקבוק בט,גרמים,60.00,100 גרם,false,,10.90,0.1817,true,1,113478
80773443,false,מסטיק מנטוס בבקבוק מעוגל בטעם מנטה מעודנת 60 ג',"פרפטי ואן מלה ג'ידה,",TR,מסטיק מנטוס בקבוק בט,גרמים,60.00,100 גרם,false,,10.90,0.1817,true,1,84447
80790990,false,מסטיק מנטוס בבקבוק מעוגל בטעם פירות -מנטה 60 ג',"פרפטי ואן מלה ג'ידה,",TR,מסטיק מנטוס בקבוק בט,גרמים,60.00,100 גרם,false,,10.90,0.1817,true,1,84448
80854753,false,סוכריות מנטוס מנטה 30 יח' ללא סוכר CLEAN BREATH,פרפטי ואן מלה,TR,"ס.מנטוס מנטה לל""ס 30",גרמים,21.00,100 גרם,false,,6.90,0.3286,true,1,224510
80864295,false,סוכריות פיור וויט טעם מנטה עדינה 60 ג' מנטוס,"פרפטי ואן מלה ג'ידה,",TR,מנטוס פיור וויט ללא,גרמים,60.00,100 גרם,false,,10.90,0.1817,true,1,365278
80874652,false,קינדר קארדס 120 גרם - בודד,פררו,IT,קינדר קארדס חטיף בוד,גרמים,25.60,100 גרם,false,,3.90,0.1523,true,1,137935
80896081,false,מסטיק מנטוס פיור פרש בבקבוק בינוני בטעם אבטיח 60 ג',"פרפטי ואן מלה ג'ידה,",TR,מסטיק מנטוס בקבוק בט,גרמים,60.00,100 גרם,false,,10.90,0.1817,true,1,113479
80913467,false,מסטיק מנטו בבקבוק מעוגל בטעם מנטה 60 ג',פרפטי ואן מלה ברדה,TR,מסטיק מנטוס בקבוק בט,גרמים,60.00,100 גרם,false,,10.90,0.1817,true,1,84449
80986348,false,סוכריות פיור וויט טעם מנטה 60 ג' מנטוס,"פרפטי ואן מלה ג'ידה,",TR,מנטוס פיור וויט ללא,גרמים,60.00,100 גרם,false,,10.90,0.1817,true,1,365263
80995128,false,מנטוס - מסטיק בטעם הדרים בתוספת ויטמינים 60 גרם,פרפטי ואן מלה ברדה,TR,מסטיק מנטוס ויטמין ל,גרמים,60.00,100 גרם,false,,10.90,0.1817,true,1,488072
87108538,false,סוכריות מנטוס Mentos תות שדה,הדקלאים אגודת שיתופי,NL,מנטוס תות בגליל 37.5,גרמים,37.50,100 גרם,false,,3.90,0.1040,true,1,13743
87108651,false,מארז סוכריות מנטוס Mentos מנטה,הדקלאים אגודת שיתופי,NL,סוכריות מנטוס מנטה 1,גרמים,150.00,100 גרם,false,,11.30,0.0753,true,1,13744
87108712,false,מארז סוכריות מנטוס Mentos פירות,פרפטי ואן מלה ברדה,NL,סוכריות מנטוס פירות,גרמים,150.00,100 גרם,false,,11.30,0.0753,true,1,13745
87311396,false,סוכריות מנטוס Mentos ריינבואו,פרפטי ואן מלה,NL,מנטוס סוכריות גליל,גרמים,37.00,100 גרם,false,,3.90,0.1054,true,1,13749
90087011,false,מיץ תפוחים 100% קרטונית ראוך,ראוך Rauch,HU,מיץ תפוחים 1 ליטר,ליטר,1.00,ליטר,false,,12.50,12.5000,true,1,103344
90087066,false,מיץ תפוזים 100% טבעי 1 ל' RAUCH,ראוך Rauch,HU,מיץ תפוזים 100%,אין,0.00,יחידה,false,,12.50,0.0000,true,1,92916
90087974,false,"חומץ תפוחים 5% 750 מֿֿֿֿ""ל 12X",ראוך פרוכטסאפה,AT,חומץ תפוחים 5% תומר,מיליליטרים,750.00,"100 מ""ל",false,,13.80,0.0184,true,1,26266
96137130,false,"דאודורנט דאב רול און אגס ואלוורה 150 מ""ל",יוניליוור פיליפינים,GB,דאב רולאון בניחוח אג,מיליליטרים,50.00,"100 מ""ל",false,,19.90,0.3980,true,1,127126
198888886,false,עיגול אגורות,,,עיגול אגורות,אין,0.00,יחידה,false,,1.00,0.0000,true,1,57462
9800800056,false,חטיף שוקולד עם מקלות לחם אנד גו,נוטלה Nutella,DE,ממרח נוטלה & GO,גרמים,52.00,100 גרם,false,,6.50,0.1250,true,1,48731
10900678148,false,דיאמונד רדיד אלומיניום נון סטיק,דיימונד,CN,רדיד אלומיניום נון ס,אין,0.00,יחידה,false,,15.90,0.0000,true,1,361833
11210000094,false,"רוטב ""טבסקו"" על בסיס פלפל אדום 60 מ""ל",מקאילהייני אייבורי,US,טבסקו,מיליליטרים,60.00,"100 מ""ל",false,,12.90,0.2150,true,1,51611
11210002500,false,"רוטב טבסקו בפאלו 150 מ""ל","ניצן מותגי מזון בע""מ",US,טבסקו רוטב כנפי באפא,מיליליטרים,150.00,"100 מ""ל",false,,23.90,0.1593,true,1,41467
11210007253,false,רוטב טבסקו שום ופלפל,מקאילהייני אייבורי,US,רוטב טבסקו שום,מיליליטרים,60.00,"100 מ""ל",false,,12.90,0.2150,true,1,51614
11210607040,false,"רוטב ""טבסקו"" על בסיס פלפל צ'יפוטלי [בטעם מעושן] 60 מ""ל",מקאילהייני Mc.Ilhenn,US,טבסקו פלפל צפוטלי חר,מיליליטרים,60.00,"100 מ""ל",false,,12.90,0.2150,true,1,41469
11210698055,false,רוטב טבסקו סרירציה 566 גרם,מקאילהייני קו,US,רוטב טבסקו סרירצ'ה,מיליליטרים,566.00,"100 מ""ל",false,,29.90,0.0528,true,1,106211
13300000120,false,תערובת עוגה מיקס פאן,,,תערובת עוגה מיקס פאן,גרמים,432.00,100 גרם,false,,17.90,0.0414,true,1,431766
13300607961,false,פילסברי מיקס גולדן 432ג,,US,תערובת עוגה מיקס גול,גרמים,432.00,100 גרם,false,,17.90,0.0414,true,1,431768
13300609118,false,פילסברי מיקס שוקולד 432 ג',,,תערובת עוגה מיקס שוק,גרמים,432.00,100 גרם,false,,17.90,0.0414,true,1,431769
13628609388,false,חומץ בלסמי מובחר 500מל,MONARI FEDERZONI,IT,חומץ בלסמי כשר ירוק,מיליליטרים,500.00,"100 מ""ל",false,,25.00,0.0500,true,1,6086
16000185517,false,דגני בוקר פייבר וואן עתירי סובין FIBRE1,בטר אנד דיפרנט,US,פייבר1- דגני בוקר עת,גרמים,555.00,100 גרם,false,,24.90,0.0449,true,1,360304
16000423534,false,ניטשר ואלי חטיף שיבולת שועל שוקולד מריר קראנצי 210ג',ג'נרל מילס סאן אדריא,ES,חטיף קראנצי שיבולת ש,גרמים,210.00,100 גרם,false,,19.90,0.0948,true,1,13754
16000548404,false,ניטשר ואלי חטיף קראנצי גרנולה שיבולת שועל 210 ג',ג'נרל מילס סאן אדריא,ES,חטיף קראנצי גרנולה ש,גרמים,210.00,100 גרם,false,,19.90,0.0948,true,1,13758
16000548503,false,ניטשר ואלי קראנצי חטיף גרנולהומייפל 10 יח' 210 ג',ג'נרל מילס סאן אדריא,ES,חטיף קראנצי גרנולה מ,גרמים,210.00,100 גרם,false,,19.90,0.0948,true,1,13759
16000548909,false,חטיף ניישטר וואלי 1/5 בריאות מעורב 210 ג,ג'נרל מילס סאן אדריא,ES,חטיף קראנצי גרנולה מ,גרמים,210.00,100 גרם,false,,19.90,0.0948,true,1,13762
16229924263,false,"קרם קוקוס 250 מ""ל.",ויט ורלד קומפני,VN,"קרם קוקוס 250 מ""ל.",מיליליטרים,250.00,"100 מ""ל",false,,10.90,0.0436,true,1,109463
18000701223,false,תערובת לעוגת שוקולד 517 גרם פילסבורי,הדקלאים אגודת שיתופי,IL,תערובת לעוגת שוק.דוי,גרמים,500.00,100 גרם,false,,19.90,0.0398,true,1,13763
18000703494,false,תערובת עוגת וניל פיסברי 500 גר',הדקלאים אגודת שיתופי,IL,תערובת לעוגת וניל פר,גרמים,517.00,100 גרם,false,,19.90,0.0385,true,1,13764
22200956932,false,דאודורנט ספיד סטיק גל 24/7 כחול 85 גר,הנסיך- מפעל לייצור ט,US,דאו' ג'ל כחול ספיד ס,גרמים,85.00,100 גרם,false,,19.90,0.2341,true,1,23242
25675120037,false,מקלות חמצוצים תות 100 גרם,פאסין,NL,חמצוצים מקלות תות 10,גרמים,100.00,100 גרם,false,,9.90,0.0990,true,1,4377
25675120068,false,סאוור סטיקס Sour Sticks בטעם קולה,פשקז Paskesz,NL,חמצוצים מקלות קולה 1,גרמים,100.00,100 גרם,false,,9.90,0.0990,true,1,4379
29424000298,false,ופל שוקולד ללא תוספת,,,ופל שוקולד ללא תוספת,גרמים,180.00,100 גרם,false,,7.90,0.0439,true,1,120739
29424002001,false,ופל קוביות שוקו מנעמ,,,ופל קוביות שוקו מנעמ,גרמים,200.00,100 גרם,false,,7.90,0.0395,true,1,25999
30000315989,false,קוואקר פרוטאין חמוציות ושקדים 372 גר,קוואקר אוטס קומפני,US,פרוטאין חמוציות ושקד,גרמים,372.00,100 גרם,false,,23.90,0.0642,true,1,141045
31290140176,false,שוקולוד מריר בתוספת שקדים שוקולד גודייבה פינגרס,גודייבה,TR,שוקולד מריר בתוספת ש,גרמים,90.00,100 גרם,false,,14.90,0.1656,true,1,252559
31290140190,false,שוקולד עם נגיעות מלח ים שוקולד גודייבה פינגרס,גודייבה GODIVA,TR,שוקולד מריר עם נגיעו,גרמים,90.00,100 גרם,false,,14.90,0.1656,true,1,252560
34000148301,false,הרשי נטיפי שוקולד מריר לאפייה 340 גר,ליימן מותגים,,הרשי נטיפי אפייה שוק,גרמים,340.00,100 גרם,false,,18.90,0.0556,true,1,90721
34000196173,false,קוקיס אנד קרים בטעם שוקולד לבן עם שברי עוגיות,ליימן מותגים,,הרשיז קוקיס אנד קרים,גרמים,113.00,100 גרם,false,,8.90,0.0788,true,1,13776
36000516876,false,ממחטות נייר קלינקס לושן 3 שכבות 75 דף,חוגלה קימברלי,GB,קלינקס לושן תלת שכבת,אין,0.00,יחידה,false,,13.90,0.0000,true,1,198990
37600207188,false,חמאת בוטנים סקיפי קלאסי 462 גר',חברת המזון אלגוד,US,סקיפי חמאת בוטנים קל,גרמים,462.00,100 גרם,false,,18.90,0.0409,true,1,5839
37600207256,false,חמאת בוטנים סקיפי עם שברי בוטנים 462 גר',חברת המזון אלגוד,US,סקיפי חמאת בוטנים עם,גרמים,462.00,100 גרם,false,,18.90,0.0409,true,1,5840
38000232152,false,פרינגלס ברביקיו 158 גרם – חדש,פרינגלס מניופקצ'ורינ,US,פרינגלס ביג ברביקיו,גרמים,158.00,100 גרם,false,,8.90,0.0563,true,1,209108
38000232176,false,חטיף צ'יפס שמנת חמוצה ובצל,פרינגלס מניופקצ'ורינ,US,פרינגלס ביג שמנת בצל,גרמים,158.00,100 גרם,false,,8.90,0.0563,true,1,209109
38000232183,false,פרינגלס אוריגינל 149 גרם,פרינגלס מניופקצ'ורינ,US,פרינגלס ביג אורגינל,גרמים,158.00,100 גרם,false,,8.90,0.0563,true,1,209110
38527591053,false,קואקר דגנים מרובעים שיבולת שועל וקינמון,BEVERAGES FOODS & SE,US,דגני בוקר מרובעים קי,גרמים,412.00,100 גרם,false,,20.90,0.0507,true,1,25318
38527591060,false,דגני קוואקר מרובעים Quaker Squares עם סוכר חום,BEVERAGES FOODS & SE,US,דגני בוקר מרובעים קו,גרמים,412.00,100 גרם,false,,20.90,0.0507,true,1,25319
40000514510,false,M&M אריזה קטנה's בוטנים אריזה קטנה 49 גרם,M&M אם אנד אם,US,בוטנים 49 גרם M&M עד,גרמים,49.00,100 גרם,false,,5.90,0.1204,true,1,14680
41500007007,false,חרדל צהוב פרנצס קלאסי לחיץ 226 גרם,,US,חרדל צהוב קלאסי 226,גרמים,226.00,100 גרם,false,,14.90,0.0659,true,1,439109
41500745107,false,"אמריקן גורנן רד הוט 354 מ""ל כנפיים",,US,רוטב באפלו לכנפיים 3,מיליליטרים,354.00,"100 מ""ל",false,,37.90,0.1071,true,1,495009
46214372250,false,"עוגיות שטרודל פריכות תפו""ע וצימוקים",מרבה Merba,NL,מרבה עוגיות שטרודל פ,גרמים,225.00,100 גרם,false,,9.90,0.0440,true,1,68536
46214731552,false,עוגיות שוקולד ציפס מובחרות 225 ג',קריניציה ויטמינה אס,NL,מרבה עוגיות שוקולד צ,גרמים,225.00,100 גרם,false,,9.90,0.0440,true,1,23252
50000084500,false,מזון יבש לחתול בטעם נתחי ברביקיו פריסקיז Friskies,נסטלה פורינה,US,פריסקיז מעדני השף מנ,אלף,1.43,"ק""ג",false,,38.90,27.2028,true,1,20962
50000100347,false,"פריסקיז - מעדני החתול מועשר בחלב 1.40 ק""ג",נסטלה פורינה USA מק,US,פריסקיז מעדני החתול,אלף,1.40,"ק""ג",false,,38.90,27.7857,true,1,20964
50000170180,false,פריסקיז פריים פילה עוף ברוטב 156 גר,נסטלה פורינה USA קר,US,פריסקיז פריים פילה ע,גרמים,156.00,100 גרם,false,,7.50,0.0481,true,1,20965
50000225224,false,פריסקיז פריים פילה הודו ברוטב 156 גר,נסטלה פורינה USA קר,US,פריסקיז פריים פילה ה,גרמים,156.00,100 גרם,false,,7.50,0.0481,true,1,20966
50000238910,false,פריסקיז פרטי מיקס או,פורינה,US,פריסקיז פארטי מיקס א,גרמים,60.00,100 גרם,false,,13.90,0.2317,true,1,461666
51500255162,false,"חמאת בוטנים לל""ג JIF אריזת 454ג'",ג'י.אס.קיי קונסיומר,US,חמאת בוטנים קלאסית 4,גרמים,454.00,100 גרם,false,,18.90,0.0416,true,1,6094
52100004488,false,פפריקה 60 גרם McCorm,מקרומיק,US,פפריקה 60 גרם McCorm,גרמים,60.00,100 גרם,false,,24.90,0.4150,true,1,438975
54881000048,false,תה במבחר פרי הדר 20 שקיקים אחמד,אחמד תה אנגליה,,תה שחור מבחר פרי הדר,גרמים,695.00,100 גרם,false,,10.90,0.0157,true,1,271652
54881000055,false,תה שחור מבחר פירות 20 שקיות אחמד,אחמד תה אנגליה,,תה שחור מבחר פירות 2,גרמים,695.00,100 גרם,false,,10.90,0.0157,true,1,271653
54881003971,false,תה ירוק מבחר 20 שקיקים,אחמד תה אנגליה,,תה ירוקמ בחר 20 שקיו,גרמים,180.00,100 גרם,false,,11.90,0.0661,true,1,271672
54881005654,false,תה ירוק יסמין 20 שקיות AHMAD TEA,אחמד תה אנגליה,,תה ירוק יסמין 20 שקי,גרמים,180.00,100 גרם,false,,11.90,0.0661,true,1,271673
54881006972,false,תה שחור לימון וליים 20 שקיקים אחמד,תה אחמד Ahmad tea,,תה שחור לימון וליים,אין,0.00,יחידה,false,,10.90,0.0000,true,1,271657
54881008945,false,תה ירוק 20 שקיות AHMAD TEA,אחמד תה אנגליה,,תה ירוק 20 שקיות - ת,גרמים,180.00,100 גרם,false,,11.90,0.0661,true,1,271676
54881016001,false,חליטות פרי 4 טעמים 20 שקיקים אחמד,,,תה 4 סוגי חליטות פרי,גרמים,695.00,100 גרם,false,,10.90,0.0157,true,1,271658
64144090013,false,"ספריי שמן PAM בטעם חמאה 141 מ""ל",קונאגרה פודס,US,תרסיס שמן פאם חמאה 1,מיליליטרים,148.00,"100 מ""ל",false,,19.90,0.1345,true,1,13789
64144090020,false,"ספריי שמן PAM בטעם שמן זית 141 מ""ל",קונאגרה פודס,US,תרסיס שמן זית פאם 14,גרמים,148.00,100 גרם,false,,19.90,0.1345,true,1,13790
64144090051,false,"ספריי שמן PAM קנולה אורגינל 148 מ""ל",קונאגרה פודס,US,תרסיס שמן קנולה פאם,מיליליטרים,148.00,"100 מ""ל",false,,19.90,0.1345,true,1,13791
70177077563,false,תה ארל גריי 25 שקיות טוינינגס 50 גר,אר. טווינינגס אנד קו,PL,טווינינג ארל גריי 50,גרמים,50.00,100 גרם,false,,19.90,0.3980,true,1,127355
70177077693,false,תה אנגליש ברקפסט 25 שקיות טוינינגס 50 גר,אר. טווינינגס אנד קו,PL,טווינינג אינגליש ברק,גרמים,50.00,100 גרם,false,,19.90,0.3980,true,1,127356
70177078775,false,טווינינג ליידי גריי,טווינינגס Twinings,,טווינינג ליידי גריי,גרמים,50.00,100 גרם,false,,19.90,0.3980,true,1,127357
70177086664,false,תה ירוק טהור 25 שק TWININGS,טווינינגס Twinings,GB,טווינינג גרין פיור 5,גרמים,50.00,100 גרם,false,,20.90,0.4180,true,1,127358
70177173159,false,תה ירוק עם לימון 25 שק TWININGS,אר. טווינינגס אנד קו,PL,טווינינג גרין למון 4,גרמים,40.00,100 גרם,false,,20.90,0.5225,true,1,127359
70177173166,false,תה יסמין ירוק 25 שקיקים TWININGS,טווינינגס Twinings,PL,טווינינג גרין ג'סמין,גרמים,45.00,100 גרם,false,,20.90,0.4644,true,1,127360
70177273330,false,חליטת ורבנה 37.5 גרם טווינינג,,PL,טווינינגס חליטת לואי,גרמים,37.50,100 גרם,false,,18.90,0.5040,true,1,386774
76840002542,false,"גלידת בן & ג'ריס פיינט נטפליקס וצ'ילד 500מ""ל",מוצרי איכות אמריקאים,IL,גלידת פיינטים נטפליק,מיליליטרים,420.00,"100 מ""ל",false,,24.90,0.0593,true,1,226732
76840100583,false,"גלידת וניל עם בצק עוגיות בן וג'ירי 473 מ""ל",מוצרי איכות אמריקאיי,IL,גלידה וניל +בצק עוגי,מיליליטרים,473.00,"100 מ""ל",false,,24.90,0.0526,true,1,15081
76840400218,false,"גלידה בן&ג'ריס תות שדה ועוגת גבינה 500מ""ל",מוצרי איכות אמריקאיי,IL,בן&גריס גלידה תות שד,מיליליטרים,475.00,"100 מ""ל",false,,24.90,0.0524,true,1,15096
77245110610,false,סוכריות מאסט ללא סוכר בטעם מנטה 80 ג'עלית,MIESZKO S.A - MS. JO,PL,סוכריות מאסט ללא סוכ,גרמים,80.00,100 גרם,false,,8.90,0.1113,true,1,24005
77975010167,false,סניידרס מקלוני חיטה בתוספת דבש 340 גר,סניידרס Snyder's,,טוויסטס דבש 340 גר'.,גרמים,340.00,100 גרם,false,,17.90,0.0526,true,1,112957
77975022757,false,בייגלה קשה מבצק שאור בסגנון אמריקאי,סניידרס Snyder's,US,סניידרס בייגלה אמריק,גרמים,382.00,100 גרם,false,,15.90,0.0416,true,1,117382
77975094624,false,"סניידרס סנדוויץ בייגלה במילוי חמאת בוטנים , 226 ג'",סניידרס Snyder's,US,סניידרס בייגלה במילו,אין,0.00,יחידה,false,,16.90,0.0000,true,1,257074
77975094631,false,סנדביץ בייגלה במילוי קרם בטעם צ'דר 226 גרם סניידרס,סניידרס Snyder's,US,סניידרס בייגלה סנדוו,גרמים,266.00,100 גרם,false,,15.90,0.0598,true,1,288198
77975094761,false,שברי בייגלה סניידרס בטעם צידר 340 גרם,סניידרס Snyder's,US,סניידרס צ'דר 340 גרם,גרמים,340.00,100 גרם,false,,15.90,0.0468,true,1,288199
77975094778,false,שברי בייגלה סניידרס בטעם דבש חרדל 340 גר,סניידרס Snyder's,US,סניידרס שברי בייגלה,גרמים,340.00,100 גרם,false,,15.90,0.0468,true,1,323423
85696608044,false,טופו ללא גלוטן מזרח,Morinaga nutritional,US,טופו ללא גלוטן מזרח,גרמים,349.00,100 גרם,false,,12.90,0.0370,true,1,15132
611745285685,true,אבוקדו בשל יח,,,אבוקדו בשל יח,גרמים,470.00,100 גרם,false,,9.90,0.0211,true,1,109217
613008742348,false,בקבוק אריזונה ג'נסינג ודבש 1 ליטר,נובה טרייד אל טי די,DE,אריזונה ג'נסנג ודבש,ליטר,1.00,ליטר,false,,11.80,11.8000,true,1,253481
613008753320,false,"אריזונה ג'ינסנג ודבש בקבוק 450 מ""ל.",אריזונה Arizona,BG,אריזונה ג'נסנג ודבש,מיליליטרים,450.00,"100 מ""ל",false,,8.60,0.0191,true,1,140877
613008755461,false,בקבוק אריזונה אוכמניות 1 ליטר,נובה טרייד אל טי די,DE,אריזונה אוכמניות בקב,ליטר,1.00,ליטר,false,,11.80,11.8000,true,1,253483
645173911038,false,קורנישון מלפפוןן מיני 720 גרם - תומר,קלמן אינדיה,IN,מלפפונים קורנישון מי,גרמים,720.00,100 גרם,false,,11.90,0.0165,true,1,26269
649660432020,false,היל ויו שזיפים מיובשים מגולענים 567 גרם,"היל ויו בע""מ",,הייל ויו שזיפים מיוב,גרמים,567.00,100 גרם,false,,29.90,0.0527,true,1,315463
651080161510,false,"פלאקרס ""פלוסר ""חוט דנטלי משופר 35יח'-חדש",מיוצר עי קונדיטוריית,CN,פלקרס קיסם עם חוט ג',אין,0.00,יחידה,false,,9.90,0.0000,true,1,91458
693493065641,false,טחינה הר כנען טחינה שכם לבנה 100% 500 ג,,,טחינת הר כנען 100% ש,גרמים,500.00,100 גרם,false,,15.90,0.0318,true,1,369763
710535495539,false,"אורז בסמטי 96% 1 ק""ג Avel",,IN,"אבאל אורז בסמטי 1 ק""",אלף,1.00,"ק""ג",false,,11.90,11.9000,true,1,233735
728229123613,false,חטיף על בסיס תפוח אדמה כחול בטעם טבעי,היין סלסטיאל גרופ,US,טרה צ'יפס חטיף ירקות,גרמים,50.00,100 גרם,false,,15.90,0.3180,true,1,6111
728229123811,false,חטיף על בסיס ירקות שורש בתיבול ים תיכוני,הונדורס צ'יפס יצור א,HN,טרה צ'יפס חטיף ים ת,גרמים,110.00,100 גרם,false,,15.90,0.1445,true,1,6112
728229124764,false,חטיף ציפס בטטה עם מלח ים 110 גרם,היין פיוצ'ור נטורל פ,US,טרה צ'יפס חטיף בטטה,גרמים,110.00,100 גרם,false,,15.90,0.1445,true,1,132786
728229130154,false,חטיף על בסיס בטטה וסלק בטעם טבעי,הונדורס צ'יפס יצור א,HN,טרה צ'יפס חטיף בטטה,גרמים,110.00,100 גרם,false,,15.90,0.1445,true,1,6114
728229130444,false,"חטיף על בסיס ירקות שורש עם בטטה, תפו""א כחול וסלק",היין סלסטיאל גרופ,US,טרה צ'יפס חטיף מירקו,גרמים,110.00,100 גרם,false,,15.90,0.1445,true,1,6115
768404001640,false,"גלידה בן&ג'ריס קפה משפחתית 500מ""ל",מוצרי איכות אמריקאיי,IL,גלידה פיינטס קפה 473,מיליליטרים,473.00,"100 מ""ל",false,,24.90,0.0526,true,1,15103
769904000997,false,דגש שקדי מרק ללא גלו,משובח תעשיות מזון,IL,דגש שקדי מרק ללא גלו,גרמים,200.00,100 גרם,false,,15.90,0.0795,true,1,50536
810044130126,false,ספוג ניקוי סקראב ממי,,,ספוג ניקוי דו צדדי ב,אין,0.00,יחידה,false,,18.90,0.0000,true,1,488768
833949000264,false,"סירופ מייפל אמיתי 100% אורגני 250 מ""ל",דיקסר קוויבק,CA,סירופ מייפל אמיתי 10,גרמים,330.00,100 גרם,false,,36.90,0.1118,true,1,260381
835811000372,false,שקיות הקפאה למזון נשלף 100 יח',זמזמ תעשיות פלסטיק,IL,שקיות הקפאה למזון נש,אין,0.00,יחידה,false,,10.90,0.0000,true,1,142232
835811000389,false,שקיות אוכל למזון נשלף 200 יח',זמזמ תעשיות פלסטיק,IL,שקיות אוכל למזון נשל,אין,0.00,יחידה,false,,10.90,0.0000,true,1,142233
835811000402,false,כפות 50 יח` קרם עבה במיוחד,"גרנג יוניברס , הונג",TR,כפות 50 יח' קרם עבה,אין,0.00,יחידה,false,,17.90,0.0000,true,1,140638
835811000426,false,מזלגות קרם עבה במיוחד 50 יח',"גרנג יוניברס , הונג",TR,מזלגות 50 יח' קרם עב,אין,0.00,יחידה,false,,17.90,0.0000,true,1,140640
835811000433,false,סכינים 50 יח` קרם עבה במיוחד,"גרנג יוניברס , הונג",TR,סכינים 50 יח' קרם עב,אין,0.00,יחידה,false,,17.90,0.0000,true,1,140641
835811001171,false,קעריות מדקל הנמל 10,,,קעריות מדקל הנמל 10,יח',10.00,יח',false,,12.90,1.2900,true,1,348984
835811001188,false,צלחות עגולות ענק מדק,,,צלחות עגולות ענק מדק,יח',10.00,יח',false,,18.90,1.8900,true,1,348950
835811001522,false,כפיות חד פעמיות לבן 100 יח' הנמל,,,כפיות 100 יח` לקפה ו,אין,0.00,יחידה,false,,10.90,0.0000,true,1,202191
835811001676,false,"תבנית אלומיניום גדולה 32*26 ס""מ - 9 יח'",הנמל,IL,תבנית גדולה 9 יח. R-,אין,0.00,יחידה,false,,13.90,0.0000,true,1,8071
835811001713,false,נילון נצמד 150 מטר רוחב 30 סמ,ווינפאק סחר בעמ,IL,נילון ניצמד 150 מ' ר,מטרים,150.00,מטר,false,,21.90,0.1460,true,1,84870
835811001959,false,תבניות אלומיניום עבות במיוחד 41*30 רוסטר בינוני,הנמל,,תבנית אלומניום עבה ר,אין,0.00,יחידה,false,,10.90,0.0000,true,1,8094
835811003427,false,"צלחות גדולות מקנה סוכר 1 ק""ג",,,צלחות גדול מקנה סוכר,אין,0.00,יחידה,false,,36.90,0.0000,true,1,491353
835811003588,false,צלחות קלאסי גדול לבן 65 יח' הנמל,,,צלחות קלאסי לבן גדול,אין,0.00,יחידה,false,,35.90,0.0000,true,1,398586
835811003595,false,צלחות קלאסי קטן לבן 65 יח' הנמל,,,צלחות קלאסי לבן קטן,אין,0.00,יחידה,false,,25.90,0.0000,true,1,398571
835811004431,false,מארז ממחטות טישו משי 100X5 יח',,,מארז ממחטות נייר טי,יח',5.00,יח',false,,10.90,2.1800,true,1,368350
835811004523,false,קשים מיוחדים לשייק 75 יח הנמל,,CN,הנמל קשים מיוחדים לש,יח',75.00,יח',false,,10.90,0.1453,true,1,139029
835811005339,false,שקיות אוכל קרטון הנמל זוג*150 יח',,,זוג שקיות אוכל הנמל,יח',300.00,יח',false,,9.90,0.0330,true,1,125771
835811005957,false,מגש הכסף תבנית אלומ` 90 + מכסה 8 יח`,יבוא ושיווק: הנמל אר,IL,תבנית מלבנית עם מכסה,אין,0.00,יחידה,false,,13.90,0.0000,true,1,8166
835811006435,false,מגש הכסף תבנית מלבן עמוק + מכסה 9 יח`,,IL,תבנית מלבנית עמוקה ע,אין,0.00,יחידה,false,,13.90,0.0000,true,1,8198
835811006497,false,אבקת סוכר 500 גרם הנמל,ר.ס. חברה ליבוא ויצו,IL,אבקת סוכר 500 גר,גרמים,500.00,100 גרם,false,,8.90,0.0178,true,1,8201
835811007357,false,לפתניות אובלי 25 יח',הנמל,TR,סלטינות 25 יחידות,אין,0.00,יחידה,false,,8.90,0.0000,true,1,8240
835811008347,false,גפרור ארוך מאוד להבי,הנמל,SE,גפרור ענק,אין,0.00,יחידה,false,,7.90,0.0000,true,1,8254
835811008699,false,כפות שקוף/קרם עבה במיוחד הנמל 50 יח,"גרנג יוניברס , הונג",TR,כפות 50 יח שקוף עבה,אין,0.00,יחידה,false,,17.90,0.0000,true,1,8259
835811008934,false,מזלגות 50 יח שקוף/קרם עבה במיוחד,"גרנג יוניברס , הונג",TR,מזלגות 50 יח עבה במי,אין,0.00,יחידה,false,,17.90,0.0000,true,1,8269
835811008996,false,"כוסות חד פעמי קרטון 295 מ""ל",הנמל,CN,כוסות קרטון 10 אוז,אין,0.00,יחידה,false,,17.90,0.0000,true,1,8274
835811009115,false,מגשית מלבנית אלגנט,בי רייט,CN,מגשית מלבנית אלגנט,אין,0.00,יחידה,false,,8.90,0.0000,true,1,8285
839762000658,false,משקה נקטר איילנד גויאבה 1 ל',The Egyptian Co. for,EG,איילנד נקטר גויאבה 1,ליטר,1.00,ליטר,false,,11.90,11.9000,true,1,10106
859547004084,false,ספוג קרצוף סקראב דדי,,,ספוג ניקוי בניחוח לי,גרמים,34.00,100 גרם,false,,18.90,0.5559,true,1,393952
859547004329,false,ספוג ניקוי צבעוני סקראב דדי Scrub Daddy,סקארקיסט,US,ספוג ניקוי כלים בצבע,גרמים,34.00,100 גרם,false,,18.90,0.5559,true,1,393953
859547004466,false,קירצוף וספוג ניקוי SCRUB DADDY,סקארקיסט,US,ספוג ניקוי דו צדדי ס,גרמים,34.00,100 גרם,false,,18.90,0.5559,true,1,393937
877300001040,false,כורכום טחון 150 גרם,נפטון Neptune,,כורכום טחון 150גר,גרמים,150.00,100 גרם,false,,10.90,0.0727,true,1,38076
877300001057,false,פלפל לבן טחון צנצנת,,,נפטון פלפל לבן טחון,גרמים,100.00,100 גרם,false,,15.90,0.1590,true,1,38077
877300001170,false,פפריקה מתוקה 150 גרם,נפטון Neptune,,פפריקה מתוקה 150 גרם,גרמים,150.00,100 גרם,false,,10.90,0.0727,true,1,38084
877300001248,false,פפריקה מתוקה מרוקאית בשמן,נפטון Neptune,,נפטון פפריקה מתוקה 1,גרמים,150.00,100 גרם,false,,10.90,0.0727,true,1,38086
877300001330,false,תערובת תיבול חוויאג' למרק,נפטון Neptune,,נפטון תבלין חוויאג ל,גרמים,150.00,100 גרם,false,,10.90,0.0727,true,1,38088
877300001392,false,תערובת תיבול לגריל עוף,נפטון Neptune,,תבלין גריל עוף 150 ג,גרמים,150.00,100 גרם,false,,10.90,0.0727,true,1,38093
877300001408,false,תערובת תיבול לשקשוקה,נפטון Neptune,,נפטון תבלין לשקשוקה,גרמים,150.00,100 גרם,false,,10.90,0.0727,true,1,38094
877300001576,false,תערובת תיבול על האש ברביקיו,נפטון Neptune,,תבלין על האש ברביקיו,גרמים,150.00,100 גרם,false,,10.90,0.0727,true,1,38099
877300001866,false,נפטון תערובת תיבול פ,,,נפטון תערובת תיבול פ,גרמים,150.00,100 גרם,false,,10.90,0.0727,true,1,38103
877300002290,false,פפריקה מרוקאית מעושנת,נפטון Neptune,,נפטון פפריקה מעושנת,גרמים,150.00,100 גרם,false,,10.90,0.0727,true,1,38118
877300002313,false,תערובת תיבול ראס אל חנות,נפטון Neptune,,תבלין ראס אל חנות 15,גרמים,150.00,100 גרם,false,,10.90,0.0727,true,1,38119
877300003273,false,רוטב טריאקי נפטון 3,,,רוטב טריאקי נפטון 3,גרמים,350.00,100 גרם,false,,13.90,0.0397,true,1,38132
877300003327,false,רוטב סויה מתוק 370 ג,נפטון Neptune,,רוטב סויה מתוק 360 ג,גרמים,360.00,100 גרם,false,,13.90,0.0386,true,1,38137
877300004553,false,פפריקה מתוקה 80 גרם,נפטון Neptune,,פפריקה מתוקה 80 גרם,גרמים,80.00,100 גרם,false,,5.90,0.0738,true,1,199546
877300004584,false,כורכום טחון 80 גרם ש,נפטון Neptune,,כורכום טחון 80 גרם ש,גרמים,80.00,100 גרם,false,,5.90,0.0738,true,1,199549
877300009725,false,אורגנו צנצנת מרובעת,,,אורגנו נפטון 60 גרם.,גרמים,60.00,100 גרם,false,,10.90,0.1817,true,1,147248
884912002372,false,דגני בוקר גרייט גריינס פוסט453 גרם,post consumer brands,US,פוסט דגנים קרנברי 39,גרמים,396.00,100 גרם,false,,25.90,0.0654,true,1,50884
884912126115,false,דגני סלקט גרייט גריינס 454 גרם פוסט,הנסיך- מפעל לייצור ט,US,דגני בוקר גרייט גריי,גרמים,453.00,100 גרם,false,,26.90,0.0594,true,1,50887
884912359155,false,דגני בוקר האני באנצס רוסטד 340 ג' POST,פוסט לקיוויל,US,דגני בוקר שיבולת שוע,גרמים,340.00,100 גרם,false,,23.90,0.0703,true,1,400743
884912359162,false,דגני בוקר האני באנצס שקדים 340 ג' POST,פוסט לקיוויל,US,דגני בוקר שיבולת שוע,גרמים,340.00,100 גרם,false,,23.90,0.0703,true,1,400728
884912359483,false,דגני בוקר האני באנצס תות 312 ג' POST,,US,דגני בוקר שיבולת שוע,גרמים,311.00,100 גרם,false,,23.90,0.0768,true,1,400745
884912365200,false,דגני בוקר אוראו 311 גרם מתכון חדש,פוסט לקיוויל,US,דגני בוקר עם פירורי,גרמים,311.00,100 גרם,false,,23.90,0.0768,true,1,462385
3012991502002,false,"רום נגריטה לבן 700 מ""ל",,,רום נגריטה לבן 37.5%,מיליליטרים,700.00,"100 מ""ל",false,,80.20,0.1146,true,1,410754
3014260214692,false,"ג'ילט ג'ל גילוח סירייס רגיש - 200 מ""ל",פרוקטר & גמבל,GB,ג'ל גילוח רגיש ג'ילט,מיליליטרים,200.00,"100 מ""ל",false,,18.90,0.0945,true,1,28524
3046920010801,false,שוקולד מריר אקסלנס עם אגוזי לוז,לינדט ושפרונגלי אס.א,FR,לינדט אקסלנס 100ג,גרמים,100.00,100 גרם,false,,17.90,0.1790,true,1,90482
3046920010856,false,לינדט שוקולד אקסלנס לימון גינגיר 100 גר,,CH,לינדט אקסלנס לימון ג,גרמים,100.00,100 גרם,false,,17.90,0.1790,true,1,206221
3046920016377,false,לינדט שוקולד אקסלנס מריר 100% קקאו 50 גר,לינדט ושפרונגלי,DE,לינדט אקסלנס מילד 10,גרמים,100.00,100 גרם,false,,17.90,0.1790,true,1,240035
3046920028004,false,לינדט שוקולד אקסלנס מריר 70% 100 גר,לינדט ושפרונגלי,FR,לינדט אקסלנס 70% 100,גרמים,100.00,100 גרם,false,,17.90,0.1790,true,1,14699
3046920028363,false,שוקולד מריר אקסלנס 85%,לינדט ושפרונגלי,FR,לינדט אקסלנס 85% 100,גרמים,100.00,100 גרם,false,,17.90,0.1790,true,1,14700
3046920028752,false,לינדט אקסלנס מינט 100 גרם,לינדט ושפרונגלי,FR,לינדט אקסלנס מריר מנ,גרמים,100.00,100 גרם,false,,17.90,0.1790,true,1,14702
3046920029674,false,שוקולד מריר אקסלנס עם מלח ים,לינדט ושפרונגלי,DE,לינדט אקסלנס עם שבבי,גרמים,100.00,100 גרם,false,,17.90,0.1790,true,1,14703
3046920029681,false,לינדט שוקולד אקסלנס מילד 85% קקאו 100 גר,לינדט,DE,לינדט אקסלנס מילד 85,גרמים,100.00,100 גרם,false,,17.90,0.1790,true,1,240021
3046920029759,false,שוקולד מריר אקסלנס 90% קקאו,לינדט ושפרונגלי ג'י.,DE,לינדט אקסלנס 90% 100,גרמים,100.00,100 גרם,false,,17.90,0.1790,true,1,14704
3059943015104,false,מבשם אוויר נטול גז אקווה מיסט בניחוח פריסיה ויסמין,איירוויק Air Wick,PL,איירוויק ספריי נטול,מיליליטרים,345.00,"100 מ""ל",false,,15.90,0.0461,true,1,22735
3059943015128,false,מבשם אוויר נטול גז אקווה מיסט בניחוח לבנדר פראי ואוויר הרים,הדקלאים אגודת שיתופי,PL,איירוויק ספריי נטול,מיליליטרים,345.00,"100 מ""ל",false,,15.90,0.0461,true,1,22736
3059943016507,false,"אירוויק ספריי בניחוח לבנדר וקמומיל 240 מ""ל",איירוויק Air Wick,GB,איירויק ספריי לבנדר,מיליליטרים,240.00,"100 מ""ל",false,,12.90,0.0538,true,1,22737
3059944025003,false,Veet רצועות שעווה לעור רגיל אריזת חיסכון (20 יח'),,,רצועות שעווה לעור רג,אין,0.00,יחידה,false,,43.90,0.0000,true,1,22752
3073781161663,false,גבינה מותכת 18.5% שומן לה וואש קירי,לה וואש קירי La Vache qui rit,FR,גבינת לה וואש קירי 8,גרמים,128.00,100 גרם,false,,12.90,0.1008,true,1,304204
3073781161700,false,גבינה לוואש קירי כשר,פרומאג'רי בל דום סאם,FR,גבינה מותכת לה וואש,גרמים,480.00,100 גרם,false,,40.90,0.0852,true,1,304220
3073781162790,false,גבינת בייבי בל אדם 1,מחלבות בל,FR,בייבי בל 24% אדום 12,גרמים,120.00,100 גרם,false,,23.90,0.1992,true,1,428409
3141360054405,false,פיניש מפיץ ריח למדיח בניחוח לימון וליים,הדקלאים אגודת שיתופי,HU,פיניש מפיץ ריח לימון,אין,0.00,יחידה,false,,15.90,0.0000,true,1,22755
3161911229199,false,חמאה רכה אלוויר 250 גרם,אלל אה וויר,FR,אלוויר חמאה רכה 250ג,גרמים,250.00,100 גרם,false,,23.90,0.0956,true,1,18235
3161911366429,false,חמאה רכה מלוחה אלוויר 250 גרם,ארזינא,FR,אלוויר חמאה רכה מלוח,גרמים,250.00,100 גרם,false,,23.90,0.0956,true,1,18237
3161911393210,false,אלוויר חמאה נורמנדי מלוחה 200 גרם,אלוויר,FR,חמאת נורמנדי מלוחה 2,גרמים,200.00,100 גרם,false,,23.90,0.1195,true,1,417917
3178530402353,false,עוגיות ספוג קטנות מיני מדלן,סן מישל St Michel,FR,עוגיות רכות מיני מדל,גרמים,175.00,100 גרם,false,,13.90,0.0794,true,1,119549
3178530407938,false,עוגיות מיני מדלן עם פצפוצי שוקולד,סן מישל St Michel,FR,עוגיות שוקולד צ'יפס,גרמים,175.00,100 גרם,false,,13.90,0.0794,true,1,119556
3178530417357,false,בראוניז שוקולד לבן סאן מישל 210 גרם,סן מישל,FR,בראוניז שוקולד לבן ס,גרמים,210.00,100 גרם,false,,18.90,0.0900,true,1,376052
3245412211393,false,שוקולד חלב מעולה קרפ,,FR,שוקולד חלב מעולה קרפ,גרמים,300.00,100 גרם,false,,7.90,0.0263,true,1,433962
3245412211409,false,שוקולד חלב מעולה עם,,FR,שוקולד חלב מעולה עם,גרמים,300.00,100 גרם,false,,15.90,0.0530,true,1,433749
3270190151654,false,שוקולד מריר מעולה עם,,FR,שוקולד מריר מעולה עם,גרמים,100.00,100 גרם,false,,5.90,0.0590,true,1,433765
3270190174936,false,שוקולד חלב עם תכולת,,FR,שוקולד חלב עם תכולת,גרמים,100.00,100 גרם,false,,5.90,0.0590,true,1,433797
3387390320244,false,פיטנס Fitness דגנים מלאים עם פירות,נסטלה צרפת איטנקורט,FR,פיטנס פירות דגני עם,גרמים,375.00,100 גרם,false,,22.90,0.0611,true,1,20990
3387390525960,false,קראנץ' דגנים פריכים עם שוקולד 500 גרם,הנסיך- מפעל לייצור ט,FR,דגני קראנץ' נסטלה 50,גרמים,500.00,100 גרם,false,,26.90,0.0538,true,1,20991
3387390730852,false,פיטנס Fitness קלאסי דגנים מלאים ואורז,נסטלה צרפת איטנקורט,FR,דגני פיטנס נסטלה 375,גרמים,375.00,100 גרם,false,,22.90,0.0611,true,1,20992
3523230025638,false,מיני בושה עיזים טבעי 125 גר,אוריאל,FR,גבינת עיזים בושה טבע,גרמים,125.00,100 גרם,false,,26.90,0.2152,true,1,18261
3523230025652,false,מיני בושה עם שום ועשי תיבול 125 גר,אוריאל,FR,גבינהת עזים מיני בוש,גרמים,125.00,100 גרם,false,,26.90,0.2152,true,1,18262
3523230026826,false,גבינה עיזים למריחה פירמידה 140 גר,אוריאל,FR,פרמידה עיזים טבעי 14,גרמים,140.00,100 גרם,false,,26.90,0.1921,true,1,18263
3560070249343,false,קרפור- שוקולד חלב עם,,FR,קרפור- שוקולד חלב עם,גרמים,100.00,100 גרם,false,,5.90,0.0590,true,1,504413
3560070582884,false,קרפור סטייליס עם שוק,,,קרפור סטייליס עם שוק,גרמים,300.00,100 גרם,false,,8.90,0.0297,true,1,470261
3560070659517,false,קרפור-תה ארל גריי 20,,,קרפור-תה ארל גריי 20,גרמים,36.00,100 גרם,false,,9.90,0.2750,true,1,489490
3560070669981,false,שוקולד מריר מעולה 80,,FR,שוקולד מריר מעולה 80,גרמים,80.00,100 גרם,false,,4.90,0.0613,true,1,433734
3560070701407,false,שוקולד מריר מעולה עם,,FR,שוקולד מריר מעולה עם,גרמים,100.00,100 גרם,false,,5.90,0.0590,true,1,433782
3560070820221,false,קרפור-חטיף דגנים אגו,,,קרפור-חטיף דגנים אגו,גרמים,125.00,100 גרם,false,,5.90,0.0472,true,1,489748
3560070888108,false,קרפור-תה שחור בטעם ל,,,קרפור-תה שחור בטעם ל,גרמים,40.00,100 גרם,false,,6.90,0.1725,true,1,489634
3560070888139,false,קרפור-תה שחור בטעם פ,,,קרפור-תה שחור בטעם פ,גרמים,42.50,100 גרם,false,,6.90,0.1624,true,1,489635
3560070888153,false,קרפור-תה ירוק בטעם ל,,,קרפור-תה ירוק בטעם ל,גרמים,40.00,100 גרם,false,,6.90,0.1725,true,1,489652
3560071005191,false,קרפור -שוקולד לבן עם,,FR,קרפור -שוקולד לבן עם,גרמים,100.00,100 גרם,false,,5.90,0.0590,true,1,504429
3560071006327,false,שוקולד מריר מעולה קר,,FR,שוקולד מריר מעולה קר,גרמים,200.00,100 גרם,false,,5.90,0.0295,true,1,433767
3560071018566,false,קרפור-חטיף דגנים בוט,,,קרפור-חטיף דגנים בוט,גרמים,125.00,100 גרם,false,,5.90,0.0472,true,1,489749
3560071081256,false,קרפור-תה שחור 20 יחי,,,קרפור-תה שחור 20 יחי,גרמים,36.00,100 גרם,false,,9.90,0.2750,true,1,489442
3560071081263,false,קרפור-תה ירוק סיני 2,,,קרפור-תה ירוק סיני 2,גרמים,36.00,100 גרם,false,,9.90,0.2750,true,1,489474
3560071095598,false,קרפור-חטיף דגנים חמו,,,קרפור-חטיף דגנים חמו,גרמים,125.00,100 גרם,false,,5.90,0.0472,true,1,489765
3560071095659,false,קרפור-חטיף דגנים קוק,,,קרפור-חטיף דגנים קוק,גרמים,125.00,100 גרם,false,,5.90,0.0472,true,1,489766
3560071341947,false,שמן זית כתית מעולה ב,,FR,שמן זית כתית מעולה ב,מיליליטרים,750.00,"100 מ""ל",false,,11.50,0.0153,true,1,469301
3560071431914,false,קפסולות קפה קרפור עו,,FR,קפסולות קפה קרפור עו,גרמים,52.00,100 גרם,false,,6.90,0.1327,true,1,471170
3560071432034,false,קפסולות קפה נטול קרפ,,FR,קפסולות קפה נטול קרפ,גרמים,52.00,100 גרם,false,,6.90,0.1327,true,1,471203
3560071432096,false,קפסולות קפה קרפור עו,,FR,קפסולות קפה קרפור עו,גרמים,52.00,100 גרם,false,,6.90,0.1327,true,1,471205
3560071432157,false,קפסולות קפה וניל קרפ,,FR,קפסולות קפה וניל קרפ,גרמים,52.00,100 גרם,false,,6.90,0.1327,true,1,471206
3560071432188,false,קפסולות קפה קרמל קרפ,,FR,קפסולות קפה קרמל קרפ,גרמים,52.00,100 גרם,false,,6.90,0.1327,true,1,471207
3560071432515,false,קפסולות קפה קרפור עו,,FR,קפסולות קפה קרפור עו,גרמים,52.00,100 גרם,false,,6.90,0.1327,true,1,471215
3560071442545,false,בירה SAER BRAU 6*250,,,בירה SAER BRAU 6*250,ליטר,1.50,ליטר,false,,14.90,9.9333,true,1,489426
3574660089547,false,או-בה טמפונים קלאסי נורמל 32יח',ג'ונסון אנד ג'ונסון,GR,טמפון קלאסי נורמל או,אין,0.00,יחידה,false,,21.90,0.0000,true,1,23265
3574660115154,false,או-בה טמפונים קלאסי סופר 32יח',ג'ונסון אנד ג'ונסון,GR,אובה קלאסי סופר אובה,אין,0.00,יחידה,false,,21.90,0.0000,true,1,23269
3574661003924,false,שטיפת פה טוטאל קר בטעם מנטה צלול,גונסון אנד גונסון,IT,מי פה טוטאל קאר ליסט,מיליליטרים,500.00,"100 מ""ל",false,,21.90,0.0438,true,1,31556
3574661114637,false,"מי פה ליסטרין זירו מנטה עדין 500 מ""ל",ג'ונסון אנד ג'ונסון,IT,מי פה זירו ליסטרין 5,מיליליטרים,500.00,"100 מ""ל",false,,23.90,0.0478,true,1,31558
3574661352275,false,ליסטירין מי פה פירות יער 250 מל,גונסון אנד גונסון,IT,ליסטרין מי פה לילדים,מיליליטרים,250.00,"100 מ""ל",false,,15.90,0.0636,true,1,241664
3574661485218,false,טמפונים נורמל אובה 32 יח' פרוקומפורט,,,אובה פרוקומפורט נורמ,אין,0.00,יחידה,false,,21.90,0.0000,true,1,435984
3574661552576,false,קרפרי מגן תחתון רגיל טנגה לבן 56 יח חדש,הדקלאים אגודת שיתופי,GR,קרפרי רגיל טנגה לבן,אין,0.00,יחידה,false,,15.90,0.0000,true,1,221613
3574661552811,false,מגן תחתון קרפרי כותון אוורירי 56 יח,הדקלאים אגודת שיתופי,GR,קרפרי כותון אוורירי,אין,0.00,יחידה,false,,15.90,0.0000,true,1,221615
3574661554877,false,מגן תחתון קרפרי כותון מבושם 56 יח,הנסיך- מפעל לייצור ט,GR,קרפרי כותון מבושם 56,אין,0.00,יחידה,false,,15.90,0.0000,true,1,221616
3574669907729,false,"ג'ונסון שמפו לתינוק גולד 750 מ""ל",גונסון אנד גונסון,IT,ג'ונסונס בייבי שמפו,מיליליטרים,750.00,"100 מ""ל",false,,25.90,0.0345,true,1,435552
3574669907880,false,שמפו גונסון צהוב 300 מל,,,ג'ונסון בייבי שמפו,מיליליטרים,330.00,"100 מ""ל",false,,6.90,0.0209,true,1,330922
3574669908665,false,ג'ונסון בייבי אל סבון לפני שינה 750 חדש,גונסון אנד גונסון,IT,ג'ונסון בייבי אל סבו,מיליליטרים,750.00,"100 מ""ל",false,,21.90,0.0292,true,1,140943
3600523642489,false,מסכת הזנה אינטנסיבית 6 שמנים לשיער יבש,לוריאל - אלביב Elvive,TR,מסכה לשיער 6 שמנים א,מיליליטרים,300.00,"100 מ""ל",false,,25.90,0.0863,true,1,139270
3600523651870,false,שמפו לחיזוק סיב השערה לכל סוגי השיער,לוריאל - אלביב Elvive,TR,שמפו ארגנין אלביב 55,מיליליטרים,550.00,"100 מ""ל",false,,15.90,0.0289,true,1,123240
3600523651900,false,מרכך לחיזוק סיב השערה לכל סוגי השיער,לוריאל - אלביב Elvive,TR,מרכך ארגנין אלביב 55,מיליליטרים,550.00,"100 מ""ל",false,,15.90,0.0289,true,1,123242
3600523652259,false,"לוריאל - אלביב מרכך קולור פרוטקט 550 מ""ל",לוריאל,TR,מרכך קולור אלביב 550,מיליליטרים,550.00,"100 מ""ל",false,,15.90,0.0289,true,1,123246
3600523652297,false,"מרכך לשיער אלביב זהב 6 שמנים , 550 מ""ל",לוריאל - אלביב Elvive,TR,מרכך 6 שמנים אלביב 5,מיליליטרים,550.00,"100 מ""ל",false,,15.90,0.0289,true,1,123250
3600523782567,false,"לוריאל - אלביב שמפו דרים לונג 500 מ""ל",לוריאל,TR,שמפו דרים לונג אלביב,מיליליטרים,500.00,"100 מ""ל",false,,15.90,0.0318,true,1,142022
3600523782574,false,לוריאל - אלביב מסכה דרים לונג 300,לוריאל - אלביב Elvive,DE,מסכה דרים לונג אלביב,מיליליטרים,300.00,"100 מ""ל",false,,25.90,0.0863,true,1,142324
3607343817547,false,"אדידס - דאודורנט ספריי לגבר קליימקול 150 מ""ל",קולפ,PT,דאודורנט ספריי לגבר,מיליליטרים,150.00,"100 מ""ל",false,,13.90,0.0927,true,1,258346
3608580071389,false,ממרח ערמונים 370 גרם BONNE MAMAN,,FR,ממרח ערמונים 370 גרם,גרמים,370.00,100 גרם,false,,20.90,0.0565,true,1,436673
3608580075646,false,קונפיטורה בטעם שזיפים 370 גר BONNE MAMAN,,FR,קונפיטורה שזיף 370 ג,גרמים,370.00,100 גרם,false,,20.90,0.0565,true,1,436656
3608580730231,false,קונפיטורה בון ממאן תות שדה 370 גר',אף.סי תבליני בגליל ב,FR,קונפיטורה תות 370 גר,גרמים,370.00,100 גרם,false,,20.90,0.0565,true,1,22589
3608580730248,false,קונפיטורה דובדובן 370 ג' בוני מאמן,אנדרוס,FR,קונפיטורה דובדבן 370,גרמים,370.00,100 גרם,false,,20.90,0.0565,true,1,22590
3614224050986,false,"אדידס - דאודורנט ספריי לגבר אדיפאוור 72 שעות 150 מ""ל","ב.א מזון בע""מ",PT,דאודורנט ספריי לגבר,מיליליטרים,150.00,"100 מ""ל",false,,13.90,0.0927,true,1,258348
3616180424856,false,קרפור הום -30 מפיות,,,קרפור הום -30 מפיות,אין,0.00,יחידה,false,,6.90,0.0000,true,1,497654
3616180424863,false,קרפור הום -30 מפיות,,,קרפור הום -30 מפיות,אין,0.00,יחידה,false,,6.90,0.0000,true,1,497655
3616180424887,false,קרפור הום -30 מפיות,,,קרפור הום -30 מפיות,אין,0.00,יחידה,false,,6.90,0.0000,true,1,497656
3616180424931,false,קרפור הום -30 מפיות,,,קרפור הום -30 מפיות,אין,0.00,יחידה,false,,6.90,0.0000,true,1,497657
3616180424948,false,קרפור הום -30 מפיות,,,קרפור הום -30 מפיות,אין,0.00,יחידה,false,,6.90,0.0000,true,1,497658
3616180425099,false,קרפור הום -30 מפיות,,,קרפור הום -30 מפיות,אין,0.00,יחידה,false,,6.90,0.0000,true,1,497660
3616180425150,false,קרפור הום -30 מפיות,,,קרפור הום -30 מפיות,אין,0.00,יחידה,false,,6.90,0.0000,true,1,497663
3616180425174,false,קרפור הום -30 מפיות,,,קרפור הום -30 מפיות,אין,0.00,יחידה,false,,6.90,0.0000,true,1,497664
3616180425198,false,קרפור הום -30 מפיות,,,קרפור הום -30 מפיות,אין,0.00,יחידה,false,,6.90,0.0000,true,1,497666
3661163970448,false,"אדידס דאודורנט ספריי מקס פרש לגברים 200 מ""ל",מיוצר עי קונדיטוריית,PT,דאו' ספריי לגבר פרש,מיליליטרים,200.00,"100 מ""ל",false,,17.90,0.0895,true,1,6209
3760032043419,false,שאטו קוט בוגרד בורדו,,,שאטו קוט בוגרד בורדו,מיליליטרים,750.00,"100 מ""ל",false,,59.90,0.0799,true,1,408117
4000417022004,false,שוקולד ריטר ספורט צימוק אגוז 100 גרם חלב נוכרי,ריטר ספורט Ritter sport,DE,שוקולד ריטר ספורט חל,גרמים,100.00,100 גרם,false,,8.90,0.0890,true,1,13810
4000417025005,false,שוקולד ריטר ספורט מרציפן 100 גרם חלב נוכרי,ריטר ספורט Ritter sport,DE,שוקולד ריטר ספורט מר,גרמים,100.00,100 גרם,false,,8.90,0.0890,true,1,13813
4000417026002,false,שוקולד ריטר ספורט פרלין 100 גרם חלב נוכרי,ריטר ספורט Ritter sport,DE,שוקולד חלב ממולא קרם,גרמים,100.00,100 גרם,false,,8.90,0.0890,true,1,13814
4000417101273,false,אימצ'לי-גלילי וופל עם קרם אגוזי לוז 300 גרם,,,אמיצ'לי חנוכה - גליל,גרמים,300.00,100 גרם,false,,29.90,0.0997,true,1,495042
4000417294005,false,שוקולד ריטר מוס קקאו 100 גרם חלב נוכרי,ריטר ספורט Ritter sport,DE,שוקולד חלב קרם קקאו,גרמים,100.00,100 גרם,false,,8.90,0.0890,true,1,13822
4000539280726,false,שוקולד לינדט אקסלנס מילד 70% 100 גר,לינדט ושפרונגלי,DE,לינדט אקסלנס 70% 100,גרמים,100.00,100 גרם,false,,17.90,0.1790,true,1,450159
4000539280740,false,שוקולד לינדט אקסלנס 78% 100 גר,לינדט,DE,לינדט אקסלנס 78% 100,גרמים,100.00,100 גרם,false,,17.90,0.1790,true,1,450143
4001432773230,false,יין בלו נאן בלו וויי,יקב רמת הגולן,DE,יין בלו נאן בלו וויי,מיליליטרים,750.00,"100 מ""ל",false,,55.90,0.0745,true,1,208022
4001518003800,false,מקלות פריכים עם פלפל ומלח 125ג' טורינוס,,DE,מקלות מאפים עם מלח ו,גרמים,125.00,100 גרם,false,,14.90,0.1192,true,1,299559
4001518106112,false,טורינוס מקלות פריכים עם רוזמרין 125ג',,DE,מקלות מאפים עם רוזמר,גרמים,125.00,100 גרם,false,,14.90,0.1192,true,1,299560
4002720005736,false,קפה לפילטר מליטה 250 גרם PREMIUM,המאפיה של הרמן,DE,מליטה פרימיום קפה פי,גרמים,250.00,100 גרם,false,,23.90,0.0956,true,1,6220
4005808368280,false,לבלו דובדבן בליסטר שפתון,טרופיקל דגיל תעשיות,DE,שפתון דובדבן לבלו 4.,גרמים,4.80,100 גרם,false,,12.90,2.6875,true,1,1078
4005900036476,false,"ניוואה - דאודורנט רול און לאישה בלק אנד וויט קליר 50 מ""ל",טרופיקל דגיל תעשיות,DE,דאו' רולאון ניוואה 5,מיליליטרים,50.00,"100 מ""ל",false,,16.90,0.3380,true,1,1144
4005900816115,false,"ניוואה - דאודורנט רול און לאישה יבש 50 מ""ל",ניוואה Nivea,DE,ניואה דאודורנט רול א,מיליליטרים,50.00,"100 מ""ל",false,,13.90,0.2780,true,1,1163
4006387084578,false,קנקן בריטה Marella כחול + פילטר Maxtra,בריטה Brita,DE,קנקן בריטה MERELLA כ,אין,0.00,יחידה,false,,139.00,0.0000,true,1,125525
4006387085407,false,שלישיית פילטר מקסטרא סודהסטרים,בריטה Brita,,שלישיית פילטר מקסטרה,יח',3.00,יח',false,,140.00,46.6667,true,1,125526
4008287058161,false,בירה קרומבאכר פילס 4.8% שישיה 6 * 330 מל,מנדלז סי.אר. פרודקשן,DE,בירה קרומבכר פילס שי,ליטר,1.98,ליטר,false,,33.90,17.1212,true,1,323775
4008400230726,false,ביצת שוקולד הפתעה קינדר ענקית 100ג' בנים,קינדר Kinder,BE,ביצת הפתעה קינדר מקס,גרמים,100.00,100 גרם,false,,23.90,0.2390,true,1,87572
4009300524588,false,תה פומפדור חליטת צמחים פירות יער 20 יח',פומפדור Pompadour,DE,פומפדור חליטת פירות,גרמים,60.00,100 גרם,false,,17.90,0.2983,true,1,23329
4009300525684,false,תה חליטת פומפדור לימון וגינגיר 20 יח,פומפדור Pompadour,DE,פומפדור חליטת לימוןג,גרמים,35.00,100 גרם,false,,17.90,0.5114,true,1,23332
4009300526438,false,פומפדור תה ירוק קלאסי 30 גרם,"איטיליאן פוד, אס.פי.",DE,פומפדור תה ירוק קלאס,גרמים,30.00,100 גרם,false,,20.90,0.6967,true,1,23334
4009900379564,false,מסטיק הובה בובה Hubba Bubba טייפ בטעם פירות,הובה בובה Hubba Bubba,GB,הובה בובה טייפ פירות,גרמים,56.00,100 גרם,false,,6.70,0.1196,true,1,48357
4009900385824,false,מסטיק אורביט פפרמינט סטיקס משפחתי-חמישיות,אורביט Orbit,DE,אורביט סטיקס פפרמינט,גרמים,65.00,100 גרם,false,,11.30,0.1738,true,1,48362
4009900402965,false,מסטיק אורביט וויט בטעם פירות ללא סוכר,ריגלי פולין,PL,אורביט וויט פירות בק,גרמים,64.00,100 גרם,false,,10.90,0.1703,true,1,48369
4009900403023,false,מסטיק אורביט בקבוקון דאבל white קלאסי 64ג',"ב.א מזון בע""מ",PL,אורביט וויט מנטה בקב,גרמים,64.00,100 גרם,false,,10.90,0.1703,true,1,48370
4009900406918,false,מסטיק הובה בובה טייפ טריפל מיקס 56ג',הובה בובה Hubba Bubba,GB,הובה בובה טייפ טריפל,גרמים,56.00,100 גרם,false,,6.70,0.1196,true,1,48373
4009900420129,false,מסטיק אורביט פרופשנל פפרמינט בקבוקון 64 גר',מרס נדרלנד,PL,אורביט פרופשייונל פפ,גרמים,64.00,100 גרם,false,,10.90,0.1703,true,1,135420
4009900465304,false,סוכריות סקיטלס פירות חמוצים 174 גרם,סקיטלס Skittles,CZ,סקיטלס פירות חמוצים,גרמים,174.00,100 גרם,false,,9.90,0.0569,true,1,48391
4009900479998,false,מסטיק אורביט בטעם אוכמניות ללא סוכר,ריגלי פולין,PL,אורביט מסטיק בקבוקון,גרמים,64.00,100 גרם,false,,10.90,0.1703,true,1,48396
4009900482417,false,מסטיק אורביט פירות מנטה בקבוקון באבל מינט 45יח,ריגלי פולין,PL,אורביט באבל מינט בקב,גרמים,64.00,100 גרם,false,,10.90,0.1703,true,1,48398
4009900531122,false,"מסטיק בטעם מנטה ספירמינט, 64 ג' פרופשיונל אורפיט",מרס נדרלנד,PL,אורביט פרופשייונל ספ,גרמים,64.00,100 גרם,false,,10.90,0.1703,true,1,135421
4009900532327,false,סוכריות סקיטלס סמודיס בטעמי יוגורט ופירות,סקיטלס Skittles,GB,סוכריות סקיטלס סמודי,גרמים,38.00,100 גרם,false,,3.90,0.1026,true,1,139180
4009900535540,false,מסטיק אורביט רפרשרס פפרמינט ללא סוכר 15.6גר',,PL,אורביט רפרשרס פפרמינ,גרמים,15.00,100 גרם,false,,4.90,0.3267,true,1,271773
4009900536288,false,מסטיק אורביט רפרשרס פפרמינט בקבוקון ללא סוכר 67 גר',מרס ריגלי קונפקשונרי,PL,מסטיק אורביט רפרשרס,גרמים,67.00,100 גרם,false,,12.90,0.1925,true,1,296149
4009900539401,false,מסטיק פייב באונס בטעם מנטה HP,,,מסטיק בטעם מנטה פייב,גרמים,14.40,100 גרם,false,,4.90,0.3403,true,1,397889
4009900539685,false,"מסטיק פייב באונס בטעם מנטה בקבוקון, 61.8 גרם",ריגלי בעמ רוסיה,PL,מסטיק בטעם מנטה ללא,גרמים,61.80,100 גרם,false,,12.90,0.2087,true,1,397873
4009900539746,false,"מסטיק פייב באונס בטעם אבטיח בקבוקון, 61.8 גרם",ריגלי בעמ רוסיה,PL,מסטיק בטעם אבטיח ללא,גרמים,31.80,100 גרם,false,,12.90,0.4057,true,1,397874
4011800567613,false,קורני מילק דארק וואיט 4 יח 120 גר,מיוצר עי קונדיטוריית,DE,חטיף דגנים סנדוויץ ש,גרמים,120.00,100 גרם,false,,14.90,0.1242,true,1,6246
4011800617615,false,1X24X50G קורני ביג שוקולד,שוורטאוור וורקה,DE,חטיף דגנים ביג שוקול,גרמים,50.00,100 גרם,false,,5.90,0.1180,true,1,193380
4011800617714,false,קורני ביג שוקו בננה 50 גר,מיוצר עי קונדיטוריית,DE,חטיף דגנים ביג שוקו,גרמים,50.00,100 גרם,false,,5.90,0.1180,true,1,193381
4011800628512,false,חטיף קורני שוקולד חלב 6 יח 150 גר,מיוצר עי קונדיטוריית,DE,חטיף דגנים עם שוקולד,גרמים,150.00,100 גרם,false,,14.90,0.0993,true,1,6260
4011800630515,false,חטיף קורני שוקולד חלב ובננה 6 יח 150 גר,מיוצר עי קונדיטוריית,DE,חטיף דגנים עם שוקולד,גרמים,150.00,100 גרם,false,,14.90,0.0993,true,1,6262
4011800632519,false,חטיף דגנים עם שוקולד חלב וקוקוס,מיוצר עי קונדיטוריית,DE,חטיף דגנים עם שוקולד,גרמים,150.00,100 גרם,false,,14.90,0.0993,true,1,6264
4011800633516,false,חטיף דגנים עם שוקולד מריר מעולה,שוורטאוור וורקה,DE,חטיף דגנים שוקולד מר,גרמים,138.00,100 גרם,false,,14.90,0.1080,true,1,6265
4014400901191,false,בונבונירה מרסי קלאסי 250 גרם חלב נוכרי,ליימן מותגים,DE,בונבונירה מרסי 250 ג,גרמים,250.00,100 גרם,false,,28.90,0.1156,true,1,13843
4014400903409,false,בונבוניירה טופיפי שוקולד 250 ג',קריניציה ויטמינה אס,DE,טופיפי 250גר',גרמים,250.00,100 גרם,false,,24.90,0.0996,true,1,13846
4014400904390,false,סוכריות וולמילש ממולא ט.חלב 325גרם,קריניציה ויטמינה אס,DE,סוכריות וולמליש 325ג,גרמים,325.00,100 גרם,false,,18.80,0.0578,true,1,13851
4014400910063,false,סוכריות וורטר אורגינל שקית 135 גרם,ליימן מותגים,DE,סוכריות חמאה וורטר 1,גרמים,135.00,100 גרם,false,,10.50,0.0778,true,1,13855
4014400913910,false,וורטר אוריגינל במילוי קרם 125 גרם,תות ממתקי איכות,DE,125 סוכריות וורטר קר,גרמים,125.00,100 גרם,false,,10.50,0.0840,true,1,13856
4014400914696,false,סוכריות חמאה וורטר אור ללא סוכר 80 גרם,ליימן מותגים,DE,80 סוכריות חמאה וורט,גרמים,80.00,100 גרם,false,,9.50,0.1188,true,1,13861
4014400914924,false,סוכריות וורטר אורגינל ללא סוכר קפה 80 ג',קריניציה ויטמינה אס,DE,80 סוכריות קפה וורטר,גרמים,80.00,100 גרם,false,,9.50,0.1188,true,1,13862
4014400920857,false,סוכריות וורטר Werther's בטעם שוקולד ללא סוכר,קריניציה ויטמינה אס,DE,וורטרס ללא סוכר טעם,גרמים,70.00,100 גרם,false,,9.50,0.1357,true,1,13865
4014400923711,false,טופיפי 125 גר' - חלב נוכרי,ליימן מותגים,DE,טופיפי בונבונירה שוק,גרמים,125.00,100 גרם,false,,13.90,0.1112,true,1,13866
4014400925319,false,סוכריות וורטר פופקורן קרמל 140 גר',וורטרס Werther's,DE,חטיף פופקורן בציפוי,גרמים,140.00,100 גרם,false,,15.90,0.1136,true,1,259159
4014522120104,false,בודטה-סוכריות פירות מולטיויטמין לל.ס 100ג,,DE,סוכריות פירות מולטיו,גרמים,100.00,100 גרם,false,,10.00,0.1000,true,1,444101
4014522120203,false,בודטה-סוכריות בטעם דובדבן לל.ס 100ג,,DE,סוכריות בטעם דובדבן,גרמים,100.00,100 גרם,false,,10.00,0.1000,true,1,444084
4014600202623,false,רגולדס סוכריות בפח בטעם דובדובן 150 גרם,,,סוכריות בפח בטעם דוב,גרמים,150.00,100 גרם,false,,9.90,0.0660,true,1,447725
4014600203149,false,רגולדס -סוכריות בפח בטעםי פירות יער 150 ג',,,סוכריות בפח בטעם פיר,גרמים,150.00,100 גרם,false,,9.90,0.0660,true,1,447726
4015000031394,false,"ספטיל - משחה להסרת כתמים 200 מ""ל",ספטיל saptil,IL,מסיר כתמים ספטיל 200,גרמים,200.00,100 גרם,false,,17.90,0.0895,true,1,38182
4015000280211,false,"פה - דאודורנט רול און לאישה קאריביין לימון 50 מ""ל",שוורצקופף והנקל,DE,דאו' רולאון קריביין,מיליליטרים,50.00,"100 מ""ל",false,,10.90,0.2180,true,1,8557
4015000615884,false,"פה - דאודורנט ספריי לאישה קריביין לימון 200 מ""ל",שוורצקופף והנקל,DE,דאו ספריי קריביין לי,מיליליטרים,200.00,"100 מ""ל",false,,9.90,0.0495,true,1,8582
4015000995122,false,"דאודורנט פה ספריי כח המשיכה 200 מ""ל",שוורצקופף והנקל,DE,"דאו ספריי פה 200 מ""ל",מיליליטרים,200.00,"100 מ""ל",false,,9.90,0.0495,true,1,8614
4015000996204,false,"גליס שמפו אולטימט שמן אלקסייר 400 מ""ל",שוורצקופף והנקל,DE,גליס שמפו אלקסיר 400,מיליליטרים,400.00,"100 מ""ל",false,,12.90,0.0323,true,1,8615
4015400564034,false,מגני תחתון אולוויז לונג פלוס עם ניחוח,פרוקטר אנד גמבל,DE,מגן תחתון לונג פלוס,אין,0.00,יחידה,false,,18.90,0.0000,true,1,28690
4015400564454,false,מגני תחתון אולוויז לארג' עם ניחוח מגה פק,פרוקטר אנד גמבל,DE,מגן תחתון לארג מגה פ,אין,0.00,יחידה,false,,18.90,0.0000,true,1,28694
4015400690313,false,טמפונים פרל רגולר טמפקס קומפאק 18 יח,טמפקס Tampax,HU,טמפון פרל רגולר טמפק,אין,0.00,יחידה,false,,24.90,0.0000,true,1,28732
4015400690405,false,טמפונים פרל סופר טמפקס קומפאק 18 יח,טמפקס Tampax,HU,טמפון פרל סופר טמפקס,אין,0.00,יחידה,false,,24.90,0.0000,true,1,28733
4015400746812,false,מגני תחתון אולוויז נורמל עם ניחוח מגה פק,פרוקטר אנד גמבל,UA,מגן תחתון מגה פק נור,אין,0.00,יחידה,false,,18.90,0.0000,true,1,28759
4015400759324,false,אולוייז אולטרה נייט 20 יח',,,תחבושות כפול לילה או,אין,0.00,יחידה,false,,19.90,0.0000,true,1,192070
4015400990482,false,אריאל אבקת כביסה קולור 3 קג,אריאל Ariel,,אבקת כביסה אריאל קול,אלף,3.00,"ק""ג",false,,38.90,12.9667,true,1,28770
4015600971946,false,שמפו פנטן קלאסי 500,,,שמפו פנטן קלאסי 500,מיליליטרים,500.00,"100 מ""ל",false,,14.90,0.0298,true,1,330233
4017100160417,false,בלזן גלילי וופל במילוי קרם בטעם וניל 75 גר',באלזן Bahlsen,DE,בלזן וופל קרמי וניל,גרמים,75.00,100 גרם,false,,8.90,0.1187,true,1,205988
4017100198151,false,עוגיות היט Hit קקאו במילוי קרם וניל,הדקלאים אגודת שיתופי,PL,היט עוגיות סנדביץ בט,גרמים,220.00,100 גרם,false,,8.90,0.0405,true,1,67536
4017100364112,false,עוגיות היט Hit במילוי קרם בטעם שוקולד,הדקלאים אגודת שיתופי,PL,היט עוגיות סנדביץ בט,גרמים,220.00,100 גרם,false,,8.90,0.0405,true,1,119201
4018722100188,false,אטריות רחבות כוסמין וביצים אורגניות,ALB.GOLD,,אלב גולד - איטריות ר,גרמים,250.00,100 גרם,false,,15.90,0.0636,true,1,260234
4018722343141,false,פנה כוסמין אורגני אל,אלב גולד,DE,אלב גולד - פנה כוסמי,גרמים,500.00,100 גרם,false,,22.90,0.0458,true,1,260346
4018722344308,false,פפרדלה כוסמין אורגני אלב גולד 500 גרם,אלב גולד,DE,אלב גולד - טליאטלה כ,גרמים,500.00,100 גרם,false,,18.90,0.0378,true,1,260268
4022025001905,false,יין בלו ווין מבעבע זהב כשר 750 מל,היי סישל סוהן טראבן,DE,בלו וויין מבעבע זהב,מיליליטרים,750.00,"100 מ""ל",false,,55.90,0.0745,true,1,136874
4022025002100,false,בלו וויין מבעבע רוזה,היי סישל סוהן טראבן,DE,בלו וויין מבעבע רוזה,מיליליטרים,750.00,"100 מ""ל",false,,55.90,0.0745,true,1,163773
4022025261002,false,יין בלו ווין גוורצטרמינר 750 מל,לנגוט טראבן,DE,יין בלו נאן בלו וויי,מיליליטרים,750.00,"100 מ""ל",false,,55.90,0.0745,true,1,73045
4022025290408,false,יין בלו ווין פינק רוזה כשר 750 מל,יקב רמת הגולן,IL,יין בלו וויין פינק 7,מיליליטרים,750.00,"100 מ""ל",false,,55.90,0.0745,true,1,136880
4025700001962,false,שוקולד מילקה לבן 100 גרם,פי אר ג'יי אס סי מונ,DE,מילקה שוקולד לבן 100,גרמים,100.00,100 גרם,false,,6.90,0.0690,true,1,221102
4066600999614,false,"בירה פאולנר חיטה 500 מ""ל בקובק",מבשלת פאולנר,DE,בירה פאולנר בקבוק 50,מיליליטרים,500.00,"100 מ""ל",false,,12.90,0.0258,true,1,10113
4084500853836,false,"נוזל כלים פיירי ורדים ומשי 515 מ""ל",פרוקטר אנד גמבל,GB,פיירי נוזל כלים ורדי,מיליליטרים,515.00,"100 מ""ל",false,,10.90,0.0212,true,1,28967
4600659010854,false,וודקה סטולי בקבוק 70,איי. אס. לטבייאס בלז,LV,וודקה סטוליצ'ניה 700,מיליליטרים,700.00,"100 מ""ל",false,,65.90,0.0941,true,1,117034
4603400000043,false,"וודקה רוסקיי סטנדרט 700 מ""ל",רוסקי סטנדרט וודקה,RU,רוסקי סטנדרט 700מ'ל,מיליליטרים,700.00,"100 מ""ל",false,,76.90,0.1099,true,1,11892
4603400000180,false,"וודקה סטנדרט פלטינום 700 מ""ל",,,וודקה פלטינום 700מ'ל,מיליליטרים,700.00,"100 מ""ל",false,,89.90,0.1284,true,1,117353
4603514009277,false,"גין באריסטר יבש 700 מ""ל",לאדוגה גרופ,RU,באריסטר ג'ין יבש 700,מיליליטרים,700.00,"100 מ""ל",false,,90.20,0.1289,true,1,421191
4640018993343,false,פיניש קוואנטום קפסולות ג'ל למדיח כלים 30 יח',רקיט בנקיזר,PL,פיניש קוואנטום למדיח,אין,0.00,יחידה,false,,43.90,0.0000,true,1,225058
4640018993350,false,פיניש קוואנטום קפסולות ג'ל למדיח כלים לימון 30 יח',רקיט בנקיזר,PL,פיניש קוואנטום לימון,אין,0.00,יחידה,false,,43.90,0.0000,true,1,225059
4640018993398,false,פיניש קוואנטום 60 יח' קפסולות ג'ל למדיח כלים,רקיט בנקיזר,PL,פיניש קוואנטום למדיח,אין,0.00,יחידה,false,,62.90,0.0000,true,1,221611
4710068001715,false,"מאסטר קפה טירמיסו 240 מ""ל",יוני פרזינדנט אנטרפר,TW,מאסטר קפה טירמיסו 24,מיליליטרים,240.00,"100 מ""ל",false,,6.60,0.0275,true,1,43167
4710068003313,false,"מאסטר קפה אמריקאנו פחית 240מ""ל",מאיטה פוד אינדוסטריא,TW,מאסטר קפה אמריקנו בל,מיליליטרים,240.00,"100 מ""ל",false,,6.90,0.0287,true,1,354359
4710964170799,false,שומשום שחור קלוי 91 גרם,פלייבור פול פודס טיי,TH,שומשום שחור קלוי מזר,גרמים,91.00,100 גרם,false,,16.90,0.1857,true,1,59516
4800888150080,false,"דאב - דאודורנט רול און לאישה פרש טאצ' מלפפונים 50 מ""ל",יוניליוור פיליפינים,PH,דאו' רולאון מלפפונים,מיליליטרים,50.00,"100 מ""ל",false,,19.90,0.3980,true,1,11118
4820229031311,false,"וודקה חורטיצה פלטינום 700 מ""ל",אוקראיניאן דיסטריביו,UA,וודקה חורטיצה 700 מ`,מיליליטרים,700.00,"100 מ""ל",false,,70.90,0.1013,true,1,246209
4840709002440,false,"ברנדי קווינט 3 500 מ""ל כשר",,,ברנדי קווינט כשר 500,מיליליטרים,500.00,"100 מ""ל",false,,60.90,0.1218,true,1,67486
4860009000014,false,מיץ רימונים 100% סחוט ללא תוספת סוכר,יושלם,,תומר מיץ רימונים גרו,ליטר,1.00,ליטר,false,,19.90,19.9000,true,1,26295
4891228430092,false,שיק אקסטרים 3 קומפורט +לנשים 4 יחידות,אנרג'יזר Energizer,CN,שיק אקסטרים3 ס.גילוח,אין,0.00,יחידה,false,,16.90,0.0000,true,1,23347
4891228460242,false,שיק קוואטרו חד פעמי לנשים 3 יחידות,אנרג'יזר Energizer,CN,סכיני גילוח שיק קווא,אין,0.00,יחידה,false,,29.90,0.0000,true,1,23354
4895060592307,false,פלורידה בקבוק חלב מנצ'סטר,,,פלורידה סוכריות נאגט,גרמים,43.00,100 גרם,false,,7.50,0.1744,true,1,14219
4903001904192,false,"רוטב סויה יאמסה פרימיום 500 מ""ל",הדקלאים אגודת שיתופי,JP,רוטב סויה יאמאסה פרמ,מיליליטרים,500.00,"100 מ""ל",false,,18.90,0.0378,true,1,13883
4903001925784,false,"רוטב סויה יאמאסה פרמיום דל מלח 500 מ""ל",הדקלאים אגודת שיתופי,JP,רוטב סויה יאמאסה דל,מיליליטרים,500.00,"100 מ""ל",false,,18.90,0.0378,true,1,13885
5000157143365,false,מתבל בטעם מיונז וקטשופ היינץ 425 ג',היינץ Heinz,PL,מתבל בטעם מיונז וקטש,מיליליטרים,425.00,"100 מ""ל",false,,15.90,0.0374,true,1,203694
5000159020312,false,מלטיזרס אריזה קטנה 37 גרם,מלטיזרס Maltesers,NL,חטיף מלטיזרס 37 גרם,גרמים,37.00,100 גרם,false,,5.90,0.1595,true,1,97242
5000159409179,false,מארז חטיפי מיני סניקרס Snickers,סניקרס Snickers,NL,סניקרס מיני 403 גרם,גרמים,403.00,100 גרם,false,,24.90,0.0618,true,1,14733
5000159452977,false,מארז מיקס מיני חטיפי שוקולד,טוויקס Twix,NL,מיני מיקס 400 גרם,גרמים,400.00,100 גרם,false,,24.90,0.0622,true,1,14735
5000159536400,false,טוויקס סטיקס 99 קלוריות 10 יחידות,מרס,IL,טוויקס סטיקס 10 יחדו,גרמים,0.00,100 גרם,false,,13.90,0.0000,true,1,334014
5000159538640,false,מאגדת באונטי חמישייה 250 גרם,באונטי,NL,חטיף באונטי מארז 5*2,גרמים,285.00,100 גרם,false,,12.90,0.0453,true,1,304155
5000189974579,false,מארז מיני חטיפי קיט קט Kit Kat,ליימן מותגים,DE,קיט קט מיני 200 גרם,גרמים,200.00,100 גרם,false,,10.00,0.0500,true,1,126731
5000204114867,false,"גלייד אורסול בניחוח וניל 300 מ""ל",coster aerosol vail,TR,גלייד ארוסול בניחוח,מיליליטרים,300.00,"100 מ""ל",false,,10.90,0.0363,true,1,203893
5000204114959,false,"גלייד ארוסול בניחוח פריחה בלבן 300 מ""ל","אס.סי ג'ונסון,מידרכט",NL,גלייד ארוסול בניחוח,מיליליטרים,300.00,"100 מ""ל",false,,10.90,0.0363,true,1,203895
5000204155723,false,"גלייד מארז אוטומטי-בניחות מרכך כביסה 269 מ""ל",המאפיה של הרמן,TR,גלייד מארז אוטומטי מ,מיליליטרים,269.00,"100 מ""ל",false,,57.90,0.2152,true,1,246180
5000204254587,false,סבון מוצק לאסלהאפרסק על חלל 38.6 ג' דאק,דאופלור אס.פי.אי כונ,IT,דאק סבון מוצק לאסלה,גרמים,38.60,100 גרם,false,,9.90,0.2565,true,1,404976
5000204254617,false,סבון מוצק לאסלה ירח פורח 38.6 ג' דאק,דאופלור אס.פי.אי כונ,IT,דאק סבון מוצק לאסלה,גרמים,38.60,100 גרם,false,,9.90,0.2565,true,1,404960
5000204661392,false,"קיווי מ.נעלים קופסא שחור 100מ""ל",המאפיה של הרמן,ID,קיווי משחת נעליים בק,מיליליטרים,100.00,"100 מ""ל",false,,11.90,0.1190,true,1,6298
5000394140820,false,שישיות סוללות AA פלוס פאוור דורסל,דורסל,BE,סוללות דורסל שישיות,אין,0.00,יחידה,false,,24.90,0.0000,true,1,400602
5000396037531,false,מקוויטיס ביסקוויט מצופה שוקולד חלב 200 ג',מקוויטיס McVitie's,GB,מקוויטיס מצופה שוקול,גרמים,200.00,100 גרם,false,,11.90,0.0595,true,1,99590
5000396037548,false,מקוויטיס ביסקוויט מצופה שוקולד מריר 200 ג',mcvities digestive,GB,מקוויטיס מצופה שוקול,גרמים,200.00,100 גרם,false,,11.90,0.0595,true,1,99591
5000396037944,false,מקוויטיס ביסקוויט אורגינל 250 גרם,מקוויטיס McVitie's,GB,מקוויטים ביסקוויטים,גרמים,250.00,100 גרם,false,,9.90,0.0396,true,1,99581
5010026515919,false,מורנפלייק מוזלי נאטי 650 גרם,מורנפלייק Mornflake,GB,מוזלי קריספי אגוזים,גרמים,650.00,100 גרם,false,,25.90,0.0398,true,1,326809
5010026515933,false,מורנפלייק מוזלי פירות ואגוזים 750 גרם,,GB,מוזלי קריספי פירות ו,גרמים,750.00,100 גרם,false,,25.90,0.0345,true,1,326810
5010026519368,false,מורנפלייק שיבולת שועל 500 גרם שקית,,,פתיתי שיבולת שועל -,גרמים,500.00,100 גרם,false,,8.90,0.0178,true,1,298956
5010038454831,false,בירה בלו מון 330 מל בקבוק,"איי, בי, אינבוו",IL,בירה בלו מון 5.4% 33,מיליליטרים,330.00,"100 מ""ל",false,,13.90,0.0421,true,1,191530
5010677551281,false,"בקרדי בריזר לימון 275 מ""ל בקבוק",בקרדי בריזר Bacardi Breezer,BE,בקרדי בריזר לימון 27,מיליליטרים,275.00,"100 מ""ל",false,,14.90,0.0542,true,1,10120
5010677551397,false,"בקרדי בריזר לימון ליים 275 מ""ל",בקרדי בריזר Bacardi Breezer,BE,בקרדי בריזר ליים,מיליליטרים,275.00,"100 מ""ל",false,,14.90,0.0542,true,1,10121
5010677552387,false,"בקרדי בריזר אננס 275 מ""ל בקבוק",בקרדי בריזר Bacardi Breezer,BE,בקרדי בריזר אננס.,מיליליטרים,275.00,"100 מ""ל",false,,14.90,0.0542,true,1,10122
5010677554398,false,"בקרדי בריזר אבטיח 275 מ""ל בקבוק",בקרדי בריזר Bacardi Breezer,BE,בקרדי בריזר אבטיח,מיליליטרים,275.00,"100 מ""ל",false,,14.90,0.0542,true,1,10123
5010677850100,false,וודקה גריי גוס בקבוק,גריי גוס,FR,"גריי גוס 700 מ""ל",מיליליטרים,700.00,"100 מ""ל",false,,120.90,0.1727,true,1,141083
5011157630281,false,אורז לבן ארוך בסמטי טילדה Tilda,טילדה Tilda,GB,טילדה אורז הימשלי בס,אלף,1.00,"ק""ג",false,,25.90,25.9000,true,1,23364
5011157671222,false,"אורז בסמטי חום מלא טילדה 1 ק""ג",טילדה Tilda,,אורז בסמטי חום מלא,אלף,1.00,"ק""ג",false,,25.90,25.9000,true,1,407142
5013965953354,false,"משחת שיניים אורל בי פרש 123 100 מ""ל",פרוקטר אנד גמבל,BE,אורל בי משחה 123 פרש,מיליליטרים,100.00,"100 מ""ל",false,,11.90,0.1190,true,1,323188
5014271300429,false,סן דלפו מעדן משמש ללא סוכר 284גר,סנדלפור St.dalfour,FR,סאן דלפור מעדן משמש,גרמים,284.00,100 גרם,false,,22.90,0.0806,true,1,18277
5014271310428,false,סן דלפו מעדן דבדבן שחור ללא סוכ 284 ג',המאפיה של הרמן,FR,סאן דלפור מעדן דובדב,גרמים,284.00,100 גרם,false,,22.90,0.0806,true,1,18278
5014271330426,false,מעדן סאנט דלפור אוכמניות כחולות 284 גר,סנדלפור St.dalfour,FR,סאן דלפור מעדן אוכמנ,גרמים,284.00,100 גרם,false,,22.90,0.0806,true,1,18279
5014271350424,false,מעדן סאנט דלפור ארבע פירות 284 גר,המאפיה של הרמן,FR,סאן דלפור מעדן ארבע,גרמים,284.00,100 גרם,false,,22.90,0.0806,true,1,18280
5014271360423,false,סן דלפו מעדן תפוז ללא סוכר 284 ג',המאפיה של הרמן,FR,סאן דלפור מעדן תפוז,גרמים,284.00,100 גרם,false,,22.90,0.0806,true,1,18281
5014271370422,false,סן דלפו מעדן אפרסק ללא סוכר 284גר,סנדלפור St.dalfour,FR,סאן דלפור מעדן אפרסק,גרמים,284.00,100 גרם,false,,22.90,0.0806,true,1,18282
5014271400426,false,סן דלפו מעדן תות שדה ללא סוכר 284 ג',המאפיה של הרמן,FR,סאן דלפור מעדן תות ש,גרמים,284.00,100 גרם,false,,22.90,0.0806,true,1,18285
5014271560427,false,מעדן סאנט דלפור תפוז גינגר 284 גר,סנדלפור St.dalfour,FR,סאן דלפור מעדן תפוז,גרמים,284.00,100 גרם,false,,22.90,0.0806,true,1,18286
5014271795980,false,מעדן סאנט דלפור אוכמניות וחמוציות 284 גר,סנדלפור St.dalfour,FR,סאן דלפור מעדן חמוצי,גרמים,284.00,100 גרם,false,,22.90,0.0806,true,1,18290
5024546366609,false,"וויסקי 700 מ""ל LAUDERS SCOTCH",מקדוף אינטרנשנל דיסט,,וויסקי לאודרס 700מל,מיליליטרים,700.00,"100 מ""ל",false,,100.90,0.1441,true,1,116316
5029053002408,false,נייר טואלט קלינקס פרימיום לבן - מארז 9 גלילים,קימברלי קלארק ישראל,IL,נייר טואלט קליניקס ל,מטרים,275.00,מטר,false,,37.90,0.1378,true,1,9558
5029053002439,false,נייר טואלט קלינקס פרימיום צהוב - מארז 9 גלילים,חוגלה קימברלי,GB,נייר טואלט קליניקס צ,מטרים,243.00,מטר,false,,37.90,0.1560,true,1,9559
5029053032658,false,קלינקס ממחטות שמיניה,KC Italy,,ממחטות טישו טו גו ק,אין,0.00,יחידה,false,,9.90,0.0000,true,1,90824
5029053039725,false,ממחטות נייר קלינקס נטורל פרש קופסה 72 דף,קימברלי קלארק,FR,טישו נטורל פרש קופסא,אין,0.00,יחידה,false,,11.90,0.0000,true,1,346281
5029053510828,false,קוטקס - תחבושות אולטרה סופר + כנפיים 22 יח',קימברלי קלארק,GB,תחבושת אולטרה סופר+כ,אין,0.00,יחידה,false,,20.90,0.0000,true,1,9564
5029053523446,false,קוטקס - תחבושות אולטרה נייט + כנפיים 20 יח',קימברלי קלארק,GB,תחבושות אולטרה נייט+,אין,0.00,יחידה,false,,20.90,0.0000,true,1,9565
5029053535227,false,קוטקס טמפון עם מוליך נורמל 16 יח',KC Czech,CZ,טמפון עם מוליך נורמל,אין,0.00,יחידה,false,,26.90,0.0000,true,1,9578
5029053578309,false,קופסת ממחטות אולטרה סופט 48 דף קלינקס,קימברלי,IL,טישו אולטרה סופט קוב,אין,0.00,יחידה,false,,8.90,0.0000,true,1,346310
5035766044673,false,"סיידר תפוחים סטרונגבאו 330 מ""ל בקבוק",סטרונגבאו Strongbow,BE,סטרונגבאו סיידר תפוח,מיליליטרים,330.00,"100 מ""ל",false,,8.90,0.0270,true,1,67206
5035766060253,false,"בירה מרפיס פחית 500 מ""ל",מרפיס Murphys,,מרפיס אייריש סטאוט פ,מיליליטרים,500.00,"100 מ""ל",false,,13.90,0.0278,true,1,67209
5053827215862,false,קלוגס קוקו פופס שוקו 500ג',קלוגס Kellogg's,DE,דגני בוקר קוקו פופס,גרמים,500.00,100 גרם,false,,17.90,0.0358,true,1,234476
5060250343741,false,הרשיז ראונדס קוקיס אנד קרים 96ג',,PL,הרשיז ראונדס קוקיס א,גרמים,96.00,100 גרם,false,,11.90,0.1240,true,1,427116
5060517886486,false,"מונסטר משקה אנרגיה קלאסי 500 מ""ל",מונסטר אנרג'י Monster Energy,RU,מונסטר אנרג'י פחית 5,מיליליטרים,500.00,"100 מ""ל",false,,7.90,0.0158,true,1,203695
5060751218173,false,"משקה אנרגיה מונסטר Pipline punch פח 500 מ""ל",מונסטר אנרג'י לימטד,IE,מונסטר פייפלין פאנץ',מיליליטרים,500.00,"100 מ""ל",false,,7.90,0.0158,true,1,416985
5201246002215,false,בירה פילס היילס Pils Hellas,הלניק בריויריס אוף א,GR,בירה פילס היילס 500,מיליליטרים,500.00,"100 מ""ל",false,,5.50,0.0110,true,1,285747
5201261201532,false,"מארז הייניקן פחית 500 מ""ל*4 יח'",,,"היינקן פחית 500 מ""ל",ליטר,2.00,ליטר,false,,47.90,23.9500,true,1,355227
5201347400545,false,רצועות שעווה מוכנות לשימוש לפנים ולאזורים רגישים,רקיט בנקיזר,FR,רצועות שעווה לפנים ו,אין,0.00,יחידה,false,,33.90,0.0000,true,1,22822
5201940010110,false,זיתים שחורים מזן קלמטה בפח 454 גרם,סיוארס אס.איי,GR,זיתים שחורים קלמטה ו,גרמים,250.00,100 גרם,false,,18.50,0.0740,true,1,3541
5202175001515,false,נאצ'וס בטעם מלוח 225 גרם,אל סבור מקסיקן פוד,TW,נאצ'וס בטעם מלוח מזר,גרמים,225.00,100 גרם,false,,10.90,0.0484,true,1,111230
5202175001546,false,"נאצוס בטעם ברביקיו לל""ג 225 גרם",אל סבור מקסיקן פוד,TW,נאצ'וס בטעם ברביקיו,גרמים,225.00,100 גרם,false,,10.90,0.0484,true,1,111231
5202795080709,false,אוזו מטקסה Ouzo Metaxa,פארייפאבה אגרואינדוס,GR,אוזו מטקסה,מיליליטרים,700.00,"100 מ""ל",false,,74.90,0.1070,true,1,7936
5391523057943,false,סימילאק גולד שלב 3 תרכובת מזון על בסיס חלב,אבוט מעבדות רפואיות,ES,סימילאק גולד שלב 3 7,גרמים,700.00,100 גרם,false,,72.90,0.1041,true,1,120990
5410076933129,false,אריאל שושן צחור שקית,פרוקטר אנד גמבל,TR,אריאל שושן צחור שקית,אלף,3.00,"ק""ג",false,,38.90,12.9667,true,1,29145
5410126006087,false,ביסקוויט לוטוס קרמל 700 גרם,לוטוס ביקרי נ.וי.,BE,לוטוס עוגיות קרמל 70,גרמים,700.00,100 גרם,false,,33.60,0.0480,true,1,5942
5410126106183,false,ביסקויט לוטוס קרמל 312 גר 50 יח ארוז,כלורוקס אוקלנד,BE,ביסקוויט קרמל 312גרם,גרמים,312.00,100 גרם,false,,18.90,0.0606,true,1,5944
5410126116953,false,ממרח עוגיות לוטוס קרמל 400 גר,לוטוס בייקרי בלגיה נ,BE,לוטוס ממרח ביסקוויט,גרמים,400.00,100 גרם,false,,23.90,0.0597,true,1,5945
5410126666038,false,עוגיות לוטוס 18*2 279 גרם,לוטוס ביקרי,BE,עוגיות לוטוס 279 גרם,גרמים,279.00,100 גרם,false,,16.90,0.0606,true,1,128863
5410126716016,false,"ביסקוויט בטעם קרמל לוטוס בד""צ 250 ג'",לוטוס ביקרי בלגיה,BE,ביסקוויט בטעם קרמל ל,גרמים,250.00,100 גרם,false,,11.90,0.0476,true,1,29152
5410173210055,false,רומבוסט קפה טחון וקלוי לפילטר 70 גרם,קופי רומבוטס,BE,רומבוסט קפה טחון וקל,גרמים,70.00,100 גרם,false,,22.50,0.3214,true,1,13887
5410316983693,false,"סמירנוף אייס בודד 275 מ""ל",סמירנוף אייס Smirnoff ice,IT,סמירנוף אייס בודד,מיליליטרים,275.00,"100 מ""ל",false,,13.90,0.0505,true,1,7574
5410769800097,false,"בירה לה צרי שוף 8% 330 מ""ל בקבוק",פארייפאבה אגרואינדוס,BE,בירה צ'רי שוף (8%) 3,מיליליטרים,330.00,"100 מ""ל",false,,14.90,0.0452,true,1,126248
5411081003654,false,"בירה קסטיל רוז 330 מ""ל",ואן הונסברוק,BE,בירה קסטיל רוז 330 א,מיליליטרים,330.00,"100 מ""ל",false,,11.90,0.0361,true,1,166751
5411188081852,false,אלפרו משקה סויה בטעם וניל 1 ל',הנסיך- מפעל לייצור ט,BE,אלפרו משקה סויה בטעם,אין,0.00,יחידה,false,,17.30,0.0000,true,1,23366
5411188094159,false,אלפרו מעדן סויה בטעם שוקו בלגי 125 גר*4,הנסיך- מפעל לייצור ט,BE,אלפרו מעדן סויה שוק.,מיליליטרים,500.00,"100 מ""ל",false,,18.90,0.0378,true,1,23367
5411188096108,false,"שמנת לבישול ע""ב סויה 250 מ""ל אלפרו",אלפרו C.V.A,BE,אלפרו סויה לבישול 25,מיליליטרים,250.00,"100 מ""ל",false,,10.50,0.0420,true,1,23368
5411188110835,false,אלפרו חלב סויה שקדים וניל 1ל',הנסיך- מפעל לייצור ט,BE,אלפרו משקה שקדים 1 ל,ליטר,1.00,ליטר,false,,17.50,17.5000,true,1,23372
5411188112549,false,משקה קוקוס אלפרו 1 ליטר משקה אורז 1 ליטר,הנסיך- מפעל לייצור ט,BE,אלפרו משקה אורז 1ל,ליטר,1.00,ליטר,false,,17.50,17.5000,true,1,23375
5411188112709,false,"משקה קוקוס אלפרו 1 ליטר משקה שקדים לל""ס",הנסיך- מפעל לייצור ט,BE,אלפרו משקה שקדים ללא,אין,0.00,יחידה,false,,17.50,0.0000,true,1,23376
5411188115366,false,משקה קוקוס אלפרו 1 ליטר משקה שיבולת שועל 1 ליטר,הנסיך- מפעל לייצור ט,BE,אלפרו משקה שיבולת שו,אין,0.00,יחידה,false,,17.50,0.0000,true,1,23379
5411188115472,false,אלפרו משקה סויה 1 ליטר,הנסיך- מפעל לייצור ט,BE,אלפרו משקה סויה 1 לי,ליטר,1.00,ליטר,false,,17.30,17.3000,true,1,243840
5411188120957,false,"אלפרו תערובת לבישול על בסיס קוקוס 250 מ""ל",אלפרו Alpro,BE,אלפרו קוקוס לבישול 2,מיליליטרים,250.00,"100 מ""ל",false,,10.90,0.0436,true,1,391717
5411188121923,false,"אלפרו משקה סויה סידן מארז 250X3מ""ל",הנסיך- מפעל לייצור ט,BE,אלפרו סויה סידן שלש,מיליליטרים,750.00,"100 מ""ל",false,,15.90,0.0212,true,1,111881
5411188121978,false,"משקה סויה בטעם שוקולד 3 * 250 מ""ל אלפרו",אלפרו C.V.A,BE,אלפרו סויה שוקו סיד,מיליליטרים,750.00,"100 מ""ל",false,,15.90,0.0212,true,1,108867
5411188122586,false,"אלפרו משקה שקדים 250 מ""ל",אלפרו Alpro,BE,אלפרו משקה שקדים 250,מיליליטרים,250.00,"100 מ""ל",false,,6.90,0.0276,true,1,76608
5411188124689,false,משקה שיבולת שועל ללא סוכר 1ל' אלפרו,אלפרו Alpro,BE,אלפרו משקה שיבולת שו,אין,0.00,יחידה,false,,17.50,0.0000,true,1,268418
5411188124726,false,אלפרו משקה שיבולת שועל שקדים 1 ליטר,הדקלאים אגודת שיתופי,BE,אלפרו משקה שיבולת שו,אין,0.00,יחידה,false,,15.90,0.0000,true,1,106282
5411188126195,false,אלפרו משקה שקדים אורגני 1 ליטר,אלפרו Alpro,BE,אלפרו משקה שקדים אור,ליטר,1.00,ליטר,false,,15.90,15.9000,true,1,124686
5411188127697,false,אלפרו משקה בריסטה שיבולת שועל 1 ליטר,הנסיך- מפעל לייצור ט,BE,אלפרו משקה בריסטה שי,אין,0.00,יחידה,false,,17.50,0.0000,true,1,243841
5411188129899,false,משקה אלפרו בריסטה שקדים 1 ליטר,הנסיך- מפעל לייצור ט,BE,אלפרו משקה בריסטה שק,אין,0.00,יחידה,false,,17.50,0.0000,true,1,243842
5411188133476,false,אלפרו משקה סויה שוקו+חלבון 250 גרם בית יוסף,אלפרו,BE,אלפרו משקה סויה שוקו,מיליליטרים,250.00,"100 מ""ל",false,,6.90,0.0276,true,1,347893
5411188133490,false,"אלפרו משקה סויה קפה קרמל עם חלבון 250 מ""ל",אלפרו,BE,אלפרו משקה סויה קפה,מיליליטרים,250.00,"100 מ""ל",false,,6.90,0.0276,true,1,347938
5411188134985,false,אלפרו 3.5% NOT M*LK שיבולת שועל 1 ליטר בית יוסף,הנסיך- מפעל לייצור ט,BE,אלפרו 3.5% שומן NOT,ליטר,1.00,ליטר,false,,15.20,15.2000,true,1,324580
5411188135005,false,אלפרו 1.8% NOT M*LK שיבולת שועל 1 ליטר בית יוסף,הנסיך- מפעל לייצור ט,BE,אלפרו 1.8% שומן NOT,ליטר,1.00,ליטר,false,,15.20,15.2000,true,1,327712
5411188543398,false,אלפרו משקה סויה ללא סוכר 1 ליטר,הנסיך- מפעל לייצור ט,BE,אלפרו משקה סויה ללא,ליטר,1.00,ליטר,false,,17.30,17.3000,true,1,248015
5411681038001,false,בירה מרדסו טריפל 330 מל,"איי, בי, אינבוו",BE,בירה מרדסו לבנה טריפ,מיליליטרים,330.00,"100 מ""ל",false,,14.50,0.0439,true,1,117045
5413121355075,false,שוקולד בלגי מריר עם תפוז פרסטיז 100 גרם,,,שוקולד מריר תפוז בלג,גרמים,100.00,100 גרם,false,,12.90,0.1290,true,1,446819
5413121355082,false,שוקולד בלגי מריר משובח 72 פרסטיז 100 גרם,,,שוקולד בלגי מריר 72%,גרמים,100.00,100 גרם,false,,12.90,0.1290,true,1,20682
5413121355099,false,בלג'יאן-שוקו' מריר %72 פולי קפה 100 גר' 1/25,,,שוקולד מריר 72% עם פ,גרמים,100.00,100 גרם,false,,12.90,0.1290,true,1,446774
5413121355105,false,שוקולד בלגי חלב משובח פרסטיז 100 גרם,,,שוקולד בלגי חלב משוב,גרמים,100.00,100 גרם,false,,12.90,0.1290,true,1,446835
5413121355143,false,בלג'יאן-שוקולד לבן משובח 100 גר' 1/25 (640175),,,שוקולד לבן משובח בלג,גרמים,100.00,100 גרם,false,,12.90,0.1290,true,1,446803
5413121358694,false,בלג'יאן-שוקולד בלגי מריר85% 100 גר'1/25 (600067),,,שוקולד בלגי מריר 85%,גרמים,100.00,100 גרם,false,,12.90,0.1290,true,1,446804
5413548280189,false,קינדר שוקובון 16 יחידות,פררו,BE,קינדר שוקו בון 125ג,גרמים,125.00,100 גרם,false,,13.90,0.1112,true,1,48734
5420066370001,false,טראפל בלגי קרמל 150 גרם,,,טראפל שוקולד בלגי קר,גרמים,150.00,100 גרם,false,,14.90,0.0993,true,1,447822
5420066370018,false,טראפל בלגי קקאו 150 גרם,,,טראפל שוקולד בלגי קק,גרמים,150.00,100 גרם,false,,14.90,0.0993,true,1,447776
5420066370032,false,טראפל בלגי מריר 150 גרם,,,טראפל שוקולד בלגי מר,גרמים,150.00,100 גרם,false,,14.90,0.0993,true,1,447824
5420066370049,false,טראפל בלגי תפוז 150 גרם,,,טראפל שוקולד בלגי תפ,גרמים,150.00,100 גרם,false,,14.90,0.0993,true,1,447840
5420066370384,false,טראפל בלגי אגוזים 150 גרם,,,טראפל שוקולד בלגי אג,גרמים,150.00,100 גרם,false,,14.90,0.0993,true,1,447841
5601008200444,false,גודיס Goodies עוגיות טבעת מצופות שוקולד חלב,הנסיך- מפעל לייצור ט,PT,גודיס עוגיות טבעת מצ,גרמים,150.00,100 גרם,false,,6.90,0.0460,true,1,68537
5601008200451,false,עוגיות גודיס מרבה טבעת מצופה שוקו' מריר 150ג',מרבה Merba,PT,גודיס עוגיות טבעת מצ,גרמים,150.00,100 גרם,false,,6.90,0.0460,true,1,118127
5601008200468,false,עוגיות מרבה גודיס טבעת מצופה שוקו' לבן 150ג',קריניציה ויטמינה אס,PT,גודיס עוגיות טבעת מצ,גרמים,150.00,100 גרם,false,,6.90,0.0460,true,1,68538
5601217129420,false,וולייט דפים לשמירה על צבע הבגד 20 יח,ווליט Woolite,IT,וולייט דפים 20 יח',אין,0.00,יחידה,false,,21.90,0.0000,true,1,97447
5604912415058,false,סרדינים בשמן חמניה חריף פורטוס 125 גרם,פורטוס Porthos,PT,סרדינים בשמן חמניה ח,גרמים,125.00,100 גרם,false,,7.50,0.0600,true,1,142182
5701932026964,false,פופקורן להכנה במיקרוגל בטעם טבעי 6 שקיות,ליימן מותגים,US,הוט פופ .פופקורן עם,גרמים,600.00,100 גרם,false,,16.90,0.0282,true,1,13894
5701932026971,false,פופקורן להכנה במיקרוגל בטעם חמאה 6 שקיות,ליימן מותגים,US,הוט פופ פופקורן בטעם,גרמים,600.00,100 גרם,false,,16.90,0.0282,true,1,13895
5701932026995,false,פופקורן להכנה במיקרוגל בטעם טבעי מופחת שומן 6 שקיות,קריניציה ויטמינה אס,US,הוט פופ פופקורן לייט,גרמים,510.00,100 גרם,false,,16.90,0.0331,true,1,13896
5706516031358,false,פופקורן להכנה במיקרוגל בטעם טבעי מופחת שומן 5 שקיות,ליימן מותגים,US,הוט פופ 100 קלוריות,גרמים,160.00,100 גרם,false,,16.90,0.1056,true,1,13897
5711953106583,false,גבינת שמנת בטעם טבעי 200 גרם ארלה,ארלה פודס אמבה,DK,ארלה גבינת שמנת טבעי,גרמים,200.00,100 גרם,false,,17.70,0.0885,true,1,185520
5711953106590,false,גבינת שמנת ארלה שמנת שום 200 גרם,ארלה פודס אמבה,DK,ארלה גבינת שמנת שום,גרמים,200.00,100 גרם,false,,17.70,0.0885,true,1,185521
5711953148347,false,"גבינת שמנת טבעי ארלה, 300 גרם",ארלה,DK,גבינת שמנת טבעי ארלה,גרמים,300.00,100 גרם,false,,23.90,0.0797,true,1,469070
5740900403215,false,ממרח מחמאת לורפק עם מלח 250 ג',לורפאק Lurpak,DK,ממרח לורפק עם מלח 25,גרמים,250.00,100 גרם,false,,19.90,0.0796,true,1,132378
5740900403222,false,ממרח לורפק חמאה עם מלח מופחת שומן 250 ג,לורפאק Lurpak,DK,ממרח לורפק עם מלח מו,גרמים,250.00,100 גרם,false,,19.90,0.0796,true,1,132379
5740900403239,false,ממרח מחמאת לורפק ללא מלח 250 ג',לורפאק Lurpak,DK,ממרח לורפק ללא מלח 2,גרמים,250.00,100 גרם,false,,19.90,0.0796,true,1,132380
5740900403246,false,ממרח מחמאת לורפק ללא מלח 500 ג',לורפאק Lurpak,DK,ממרח לורפק ללא מלח 5,גרמים,500.00,100 גרם,false,,31.30,0.0626,true,1,132381
5740900403253,false,ממרח מחמאת לורפק עם מלח 500 ג',לורפאק Lurpak,DK,ממרח לורפק עם מלח 50,גרמים,500.00,100 גרם,false,,31.30,0.0626,true,1,132382
5740900403260,false,ממרח מחמאת לורפק ללא מלח 27% פחות שומן,ארלה פודס אמבה,DK,ממרח לורפק ללא מלח מ,גרמים,250.00,100 גרם,false,,19.90,0.0796,true,1,132373
5765220190164,false,עטרות נייר אפייה 3- 130 יחידות,,,עטרות נייר לאפייה 3,יח',130.00,יח',false,,5.50,0.0423,true,1,268987
5765220190188,false,עטרות נייר אפייה 5 -130 יחידות,,,עטרות נייר לאפייה 5,יח',130.00,יח',false,,6.50,0.0500,true,1,269002
5765220190522,false,סביבון חללית אורות מנגן,,,סביבון חללית אורות מ,אין,0.00,יחידה,false,,15.90,0.0000,true,1,255333
5900020015174,false,חטיף דגנים פיטנס Fitness עם שוקולד מריר,מיוצר עי קונדיטוריית,PL,פיטנס חטיף דגנים שוק,גרמים,141.00,100 גרם,false,,17.90,0.1270,true,1,20995
5900020018908,false,חטיף פיטנס דגנים עם עוגיות ופצפוצי שוקולד לבן,מיוצר עי קונדיטוריית,PL,פיטנס חטיף דגנים קרם,גרמים,141.00,100 גרם,false,,17.90,0.1270,true,1,21001
5900020024770,false,פיטנס - דליס חטיף דגנים שוקולד אגוז 22.50 גרם * 6,סי. פי. פולין,PL,פיטנס בר דליס שוקולד,גרמים,135.00,100 גרם,false,,17.90,0.1326,true,1,21006
5900020024817,false,פיטנס דליס Fitness Delice חטיף דגנים עם שוקולד לבן,סי.פי.פולין,PL,פיטנס בר דליס שוקולד,גרמים,135.00,100 גרם,false,,17.90,0.1326,true,1,21007
5900020026552,false,דגני בוקר האני נאט צ'יריוס בטעם דבש ושקדים,נסטלה צרפת איטנקורט,FR,האני נאט ציריוס נסטל,גרמים,625.00,100 גרם,false,,27.90,0.0446,true,1,21017
5900020033314,false,חטיף דגני בוקר Lion בטעם קרמל ושוקולד על קרם חלב,נסטלה פולין דגני בוק,PL,חטיף דגנים ליון נסטל,גרמים,150.00,100 גרם,false,,16.90,0.1127,true,1,131997
5900020034991,false,דגני בוקר צדפים בטעם שוקולד 450 ג' קראנץ',סי. פי. פולין,IL,קראנץ' צדפים בטעם שו,גרמים,450.00,100 גרם,false,,27.90,0.0620,true,1,198888
5900020036407,false,דגני בוקר ליון Lion בטעם שוקולד וקרמל,ג.נרל מילס,US,דגני בוקר שוקולד וקר,גרמים,480.00,100 גרם,false,,27.90,0.0581,true,1,222959
5900020037916,false,דגני בוקר שיבולת שועל צ'ריוס 375ג',ג'נרל מילס סאן אדריא,US,צ'יריוס שיבולת שועל,גרמים,375.00,100 גרם,false,,17.90,0.0477,true,1,307621
5900020039590,false,פיטנס חטיף דגנים קלאסי פרווה 8 6*23.5 ג,סי.פי.פולין,PL,פיטנס חטיף דגנים קלא,גרמים,141.00,100 גרם,false,,17.90,0.1270,true,1,354584
5900020039620,false,פיטנס חטיף דגנים שקדים ודבש פרווה 8 6*23 ג,סי.פי.פולין,PL,חטיף דגנים שקדים ודב,גרמים,141.00,100 גרם,false,,17.90,0.1270,true,1,354569
5900020041142,false,קורנפלקס פיטנס 500 ג' אסם,סי.פי.פולין,PL,קורנפלקס פיטנס 500גר,גרמים,500.00,100 גרם,false,,13.90,0.0278,true,1,497146
5900627063233,false,טבליות למדיח AIO 50 יח פיניש,רקיט בנקיזר,PL,50 יח AIO טבליות פינ,גרמים,800.00,100 גרם,false,,41.90,0.0524,true,1,22840
5901414200411,false,ביסקוויט מיניס ממולא שוקולד היט 130 גר,בלזן פולסקה,PL,היט מיניס קרם קקאו 1,גרמים,130.00,100 גרם,false,,6.40,0.0492,true,1,13899
5902198160403,false,"משקה אנרגיה XL TEN פחית לל""ס 250מ""ל","טמפו משקאות בע""מ",IL,אקס אל משקה אנרגיה ט,מיליליטרים,250.00,"100 מ""ל",false,,4.90,0.0196,true,1,82685
5904941751241,false,"משקה אנרגיה BLU דיי סיקס ללא סוכר 250 מ""ל",אקו - ביט,PL,בלו דיי סיקס משקה אנ,מיליליטרים,250.00,"100 מ""ל",false,,4.10,0.0164,true,1,237744
5904941751715,false,"משקה אנרגיה בלו קרנברי 250 מ""ל -בודד",אקו - ביט,PL,בלו משקה אנרגיה קרנב,מיליליטרים,250.00,"100 מ""ל",false,,4.50,0.0180,true,1,2252
5904941751920,false,בלו משקה אנרגיה דיי חצי מכמות הקלו250 מל,אקו - ביט,PL,בלו משקה אנרגיה דיי,מיליליטרים,250.00,"100 מ""ל",false,,4.50,0.0180,true,1,2258
5906485301012,false,"משקה אנרגיה XL פחית 250 מ""ל","טמפו משקאות בע""מ",IL,אקס אל משקה אנרגיה 2,מיליליטרים,250.00,"100 מ""ל",false,,4.90,0.0196,true,1,10133
5941021000899,false,טבלת שוקולד מריר אגוז היידי גראנדור 100 ג',,,טבלת היידי גראנדור מ,גרמים,100.00,100 גרם,false,,11.90,0.1190,true,1,426697
5941021001261,false,טבלת שוקולד היידי גראנדור 75% 80 ג',,RO,טבלת היידי גראנדור 7,גרמים,80.00,100 גרם,false,,11.90,0.1488,true,1,426805
5941021001674,false,טבלת שוקולד היידי גראנדור 80% 80 ג',,,טבלת היידי גראנדור 8,גרמים,80.00,100 גרם,false,,11.90,0.1488,true,1,426681
5941021002190,false,טבלת שוקולד לבן אגוז היידי גראנדור 100 ג',,,טבלת היידי גראנדור ל,גרמים,100.00,100 גרם,false,,11.90,0.1190,true,1,426774
5941021005139,false,טבלת שוקולד חלב שקד היידי גראנדור 100 ג',,,טבלת היידי גראנדור ח,גרמים,100.00,100 גרם,false,,11.90,0.1190,true,1,426698
5941021007577,false,טבלת שוקולד פיסטוק היידי גראנדור 80 ג',היידי שוקולד,,טבלת היידי גראנדור פ,גרמים,80.00,100 גרם,false,,11.90,0.1488,true,1,426807
5941021011147,false,טבלת שוקולד פלורנטין מריר היידי גראנדור 100 ג',,,טבלת היידי גראנדור פ,גרמים,100.00,100 גרם,false,,11.90,0.1190,true,1,426808
5941021016401,false,טבלת שוקולד מריר שקד היידי גראנדור 100 ג',,PL,טבלת היידי גראנדור מ,גרמים,100.00,100 גרם,false,,11.90,0.1190,true,1,426775
6102017501939,false,מצית לגז ארוך קבוע,,,מצת מהודר,אין,0.00,יחידה,false,,9.90,0.0000,true,1,122553
6111094000013,false,"קוסקוס דארי בינוני תומר 1 ק""ג",Marchesi srl,MA,קוסקוס בינוני דארי 1,אלף,1.00,"ק""ג",false,,17.90,17.9000,true,1,68795
6111094000198,false,קוסקוס דארי דק 350 גרם,קרמה מן,MA,קוסקוס דק דארי 350 ג,גרמים,350.00,100 גרם,false,,8.90,0.0254,true,1,120615
6111094000228,false,"קוסקוס דארי דק תומר 1 ק""ג",דרי קוספט,MA,"קוסקוס דק דארי 1 ק""ג",אלף,1.00,"ק""ג",false,,17.90,17.9000,true,1,68796
6111094000242,false,תומר קוסקוס דארי דק 500גר,דרי קוספט,MA,קוסקוס דק דארי 500 ג,גרמים,500.00,100 גרם,false,,10.90,0.0218,true,1,68797
6111094000259,false,קוסקוס דארי בינוני 500ג'18X,דארי Dari,MA,קוסקוס בינוני דארי 5,גרמים,500.00,100 גרם,false,,10.90,0.0218,true,1,68798
6111094000808,false,"קוסקוס דארי בינוני תומר 1 ק""ג + 10% תוספת",דרי קוספט,MA,קוסקוס בינוני דארי 1,אלף,1.10,"ק""ג",false,,17.90,16.2727,true,1,68799
6841398731244,false,מארז סביבון מצייר 3 יחידות,,,מארז סביבון מצייר 3,אין,0.00,יחידה,false,,5.90,0.0000,true,1,485903
6902019042016,false,אטבי כביסה כחול לבן 10 יחידות,,,אטבי כביסה 10 יחידות,אין,0.00,יחידה,false,,5.50,0.0000,true,1,154467
6912977000140,false,אטריות שעועית 250 גר' ( Yantai)ללא גלוטן,יאנטאי ינסידה לנוגקא,CN,אטריות שעועית ללא גל,גרמים,250.00,100 גרם,false,,8.90,0.0356,true,1,59517
6920190014417,false,מפיות שולחן מקושטות,,,מפיות שולחן מקושטות,יח',20.00,יח',false,,3.90,0.1950,true,1,137757
6920200928017,false,מטריה אוטומט צבעונית נוער,,,מטריה אוטומט צבעונית,אין,0.00,יחידה,false,,11.90,0.0000,true,1,485970
6920220650028,false,חנוכיית פח זהב /כסף,,,חנוכיה פח זהב/כסף,אין,0.00,יחידה,false,,4.90,0.0000,true,1,485887
6924421202017,false,פטריות שי-מג'י חוות,,,פטריות שי-מג'י חוות,גרמים,150.00,100 גרם,false,,12.90,0.0860,true,1,55576
6936745600783,false,"חומץ אורז 500 מ""ל (דאניינג)",דאנינג יוה פודס קו,CN,"חומץ אורז 500 מ""ל (ד",גרמים,500.00,100 גרם,false,,15.90,0.0318,true,1,15152
6951097101030,false,מאג לונדון 375,,,מאג לונדון,אין,0.00,יחידה,false,,5.90,0.0000,true,1,30034
6951097101672,false,מאג נבאדה(6 סט),,,מאג נבאדה(6 סט),אין,0.00,יחידה,false,,29.90,0.0000,true,1,30040
7038516140418,false,מברשת שיניים גורדן טוטל קלין מדיום 4 י,ג'ורדן Jordan,MY,מב.שיניים טוטאל קלין,אין,0.00,יחידה,false,,10.00,0.0000,true,1,6351
7180589856540,false,נייס שבלולים לשיער,,,נייס שבלולים לשיער,אין,0.00,יחידה,false,,3.90,0.0000,true,1,37200
7262626088197,false,טייץ טרמי צבעוני,,,טייץ טרמי צבעוני,אין,0.00,יחידה,false,,29.90,0.0000,true,1,249638
7262626088272,false,מטריה סיליקון שחור ח,,,מטריה סיליקון שחור ח,אין,0.00,יחידה,false,,39.90,0.0000,true,1,374774
7271730901261,false,ווקי מאק ארוחת אטריות עם גבינה 156 גרם,ניו וורלד פסטה קומפנ,US,ארוחת אטריות וואקי מ,גרמים,156.00,100 גרם,false,,11.90,0.0763,true,1,48528
7290000000626,false,ברוקולי ארוז במגשית,,,ברוקולי ארוז במגשית,יח',1.00,יח',false,,9.90,9.9000,true,1,370100
7290000001056,false,לחם אחיד 750 גרם,,,לחם אחיד 750 גרם,גרמים,750.00,100 גרם,false,,5.10,0.0068,true,1,136669
7290000001104,false,פטריות חורש מיני ארוז 200 ג',מרינה פטריות,IL,פטריות חורש ארוז,יח',1.00,יח',false,,10.90,10.9000,true,1,72392
7290000002667,false,בולגרית מסורתית גד 5,,,בולגרית מסורתית גד 5,קילוגרמים,1.00,"ק""ג",true,,70.00,70.0000,true,1,15331
7290000002858,false,פטה עזים גד 5% במשקל,,,פטה עזים גד 5% במשקל,קילוגרמים,1.00,"ק""ג",true,,138.00,138.0000,true,1,15332
7290000002872,false,צפתית במים גד 5% במש,,,צפתית במים גד 5% במש,קילוגרמים,1.00,"ק""ג",true,,68.00,68.0000,true,1,15333
7290000002889,false,גבינות שמנת שום שמיר,,,גבינות שמנת שום שמיר,קילוגרמים,1.00,"ק""ג",true,,56.00,56.0000,true,1,15334
7290000002902,false,גבינות שמנת ירקות גד,,,גבינות שמנת ירקות גד,קילוגרמים,1.00,"ק""ג",true,,56.00,56.0000,true,1,15336
7290000004006,false,קאשקבל משולשים גד 26,,,קאשקבל משולשים גד 26,קילוגרמים,1.00,"ק""ג",true,,139.00,139.0000,true,1,15340
7290000004444,false,שקיות גופיה 20 מקרו,,,שקיות גופיה 20 מקרו,אין,0.00,יחידה,false,,0.10,0.0000,true,1,445249
7290000004655,false,מוצרלה מעושנת גד 22%,,,מוצרלה מעושנת גד 22%,קילוגרמים,1.00,"ק""ג",true,,91.00,91.0000,true,1,15343
7290000004754,false,מוצרלה כדור קטן גד 1,,,מוצרלה כדור קטן גד 1,קילוגרמים,1.00,"ק""ג",true,,107.00,107.0000,true,1,15345
7290000004792,false,בולגרית מעודנת גד 5%,,,בולגרית מעודנת גד 5%,קילוגרמים,1.00,"ק""ג",true,,70.00,70.0000,true,1,15346
7290000004815,false,מוצרלה גד 22% במשקל,,,מוצרלה גד 22% במשקל,קילוגרמים,1.00,"ק""ג",true,,91.00,91.0000,true,1,15347
7290000004891,false,בולגרית מסורתית גד 1,,,בולגרית מסורתית גד 1,קילוגרמים,1.00,"ק""ג",true,,70.00,70.0000,true,1,15348
7290000004921,false,ריקוטה גד 5% במשקל,,,ריקוטה גד 5% במשקל,קילוגרמים,1.00,"ק""ג",true,,69.00,69.0000,true,1,15350
7290000004969,false,גבינות שמנת טבעי גד,,,גבינות שמנת טבעי גד,קילוגרמים,1.00,"ק""ג",true,,56.00,56.0000,true,1,15353
7290000004983,false,לאבנה גד 5% במשקל,,,לאבנה גד 5% במשקל,קילוגרמים,1.00,"ק""ג",true,,49.00,49.0000,true,1,15355
7290000004990,false,כדור גדול מוצרלה גד,,,כדור גדול מוצרלה גד,קילוגרמים,1.00,"ק""ג",true,,107.00,107.0000,true,1,15356
7290000005455,false,בולגרית מעודנת מהדרי,,,בולגרית מעודנת מהדרי,קילוגרמים,1.00,"ק""ג",true,,70.00,70.0000,true,1,15362
7290000006021,false,ניצן מעדן קוביות פטה,,,פטה מעדן סלט קוביות,קילוגרמים,1.00,"ק""ג",true,,75.00,75.0000,true,1,6773
7290000009350,false,בשר טחון טרי,,,בשר טחון טרי,קילוגרמים,1.00,"ק""ג",true,,37.90,37.9000,true,1,457556
7290000009351,false,בשר טחון חלק טרי,,,בשר טחון חלק טרי,קילוגרמים,1.00,"ק""ג",true,,49.90,49.9000,true,1,457669
7290000009352,false,בשר טחון פרימיום טרי,,,בשר טחון פרימיום טרי,קילוגרמים,1.00,"ק""ג",true,,49.90,49.9000,true,1,457750
7290000009354,false,צלעות בקר טרי,,,צלעות בקר טרי,קילוגרמים,1.00,"ק""ג",true,,59.90,59.9000,true,1,457896
7290000009362,false,צלי כתף טרי,,,צלי כתף טרי,קילוגרמים,1.00,"ק""ג",true,,89.90,89.9000,true,1,458159
7290000009366,false,פילה מדומה טרי,,,פילה מדומה טרי,קילוגרמים,1.00,"ק""ג",true,,74.90,74.9000,true,1,458021
7290000009384,false,סטייק טומהוק חלק טרי,,,סטייק טומהוק חלק טרי,קילוגרמים,1.00,"ק""ג",true,,149.90,149.9000,true,1,459720
7290000009395,false,אסאדו ע.ע. טרי,,,אסאדו ע.ע. טרי,קילוגרמים,1.00,"ק""ג",true,,69.90,69.9000,true,1,458795
7290000009396,false,אסאדו ע.ע חלק טרי,,,אסאדו ע.ע חלק טרי,קילוגרמים,1.00,"ק""ג",true,,69.90,69.9000,true,1,458814
7290000009464,false,אנטריקוט ע.ע טרי,,,אנטריקוט ע.ע טרי,קילוגרמים,1.00,"ק""ג",true,,94.90,94.9000,true,1,468361
7290000009465,false,אנטריקוט ע.ע מחפוד ט,,,אנטריקוט ע.ע מחפוד ט,קילוגרמים,1.00,"ק""ג",true,,104.90,104.9000,true,1,468377
7290000011229,false,בולגרית חלקה המושבה,,,בולגרית חלקה המושבה,קילוגרמים,1.00,"ק""ג",true,,50.00,50.0000,true,1,15573
7290000011236,false,בולגרית מעודנת המושב,,,בולגרית מעודנת המושב,קילוגרמים,1.00,"ק""ג",true,,50.00,50.0000,true,1,15574
7290000011274,false,שמנת זיתים המושבה 30,,,שמנת זיתים המושבה 30,קילוגרמים,1.00,"ק""ג",true,,45.00,45.0000,true,1,15578
7290000011397,false,ברי בקר/קממבר המושבה,,,ברי בקר/קממבר המושבה,קילוגרמים,1.00,"ק""ג",true,,100.00,100.0000,true,1,15579
7290000011593,false,שזיף,,,שזיף,קילוגרמים,1.00,"ק""ג",true,,19.90,19.9000,true,1,54996
7290000013006,false,פסטרמה מקסיקנית זוגל,,,פסטרמה מקסיקנית 1% ז,קילוגרמים,1.00,"ק""ג",true,,89.00,89.0000,true,1,42602
7290000013037,false,פסטרמה פרגיות על לבנ,,,פסט. פרגיות על לבנים,קילוגרמים,1.00,"ק""ג",true,,89.00,89.0000,true,1,42604
7290000014510,false,חסה עגולה,,,חסה עגולה,יח',1.00,יח',false,,6.90,6.9000,true,1,54999
7290000023083,false,ערק אשקלון 40% בקבוק,"יקבי ברקן בע""מ",IL,"ערק אשקלון 700 מ""ל כ",מיליליטרים,700.00,"100 מ""ל",false,,55.90,0.0799,true,1,10144
7290000023809,false,"יין ברקן קלאסיק קברנה סובניון 750מ""ל",יקבי ברקן שיווק והפצ,IL,קלאסיק קברנה סובניון,מיליליטרים,750.00,"100 מ""ל",false,,35.50,0.0473,true,1,10159
7290000023977,false,"יין ברקן קלאסיק מרלו 750 מ""ל",יקבי ברקן שיווק והפצ,IL,קלאסיק מרלו 750מל.,מיליליטרים,750.00,"100 מ""ל",false,,35.50,0.0473,true,1,10166
7290000024202,false,"יין ברקן רזרב קברנה סובניון 750 מ""ל",ברקן שיווק והפצה בעמ,IL,קברנה סוביניון רזרבד,מיליליטרים,750.00,"100 מ""ל",false,,46.90,0.0625,true,1,10169
7290000024219,false,יין רזרב אמרלד ריזלינג 750 מל שביעית,יקבי ברקן,IL,אמרלד ריזלינג רזרבד,מיליליטרים,750.00,"100 מ""ל",false,,46.90,0.0625,true,1,43181
7290000024264,false,"יין ברקן רזרב מרלו 750 מ""ל",כרמי צבי - אחים סגל,IL,מרלו ריזרב,מיליליטרים,750.00,"100 מ""ל",false,,46.90,0.0625,true,1,10172
7290000024523,false,מיץ ענבים של סגל 1 ליטר,כרמי צבי - האחים סגל,IL,תירוש של סגל 1 ליטר,ליטר,1.00,ליטר,false,,15.90,15.9000,true,1,10177
7290000026650,false,צפתית פיראוס 5% במשק,,,צפתית פיראוס 5% במשק,קילוגרמים,1.00,"ק""ג",true,,59.00,59.0000,true,1,26953
7290000032665,false,רוטב עגבניות 28% 580ג' פרי זה,,,רוטב עגבניות 28% ברי,גרמים,580.00,100 גרם,false,,8.50,0.0147,true,1,9335
7290000035324,false,בולגרית חלב נוכרי פי,,,בולגרית חלב נוכרי פי,קילוגרמים,1.00,"ק""ג",true,,59.00,59.0000,true,1,26954
7290000039231,false,אווזית עגל טרי,,,אווזית עגל טרי,קילוגרמים,1.00,"ק""ג",true,,89.90,89.9000,true,1,2048
7290000039232,false,ויסברטן עגל טרי,,,ויסברטן עגל טרי,קילוגרמים,1.00,"ק""ג",true,,89.90,89.9000,true,1,2049
7290000039236,false,שייטל עגל טרי,,,שייטל עגל טרי,קילוגרמים,1.00,"ק""ג",true,,89.90,89.9000,true,1,2052
7290000039237,false,צאך עגל טרי,,,צאך עגל טרי,קילוגרמים,1.00,"ק""ג",true,,89.90,89.9000,true,1,2053
7290000039238,false,שפיץ צאך עגל טרי,,,שפיץ צאך עגל טרי,קילוגרמים,1.00,"ק""ג",true,,89.90,89.9000,true,1,2054
7290000040042,false,יוגורט תות %3 גביע 150 ג' יופלה,תנובה בעמ,IL,יופלה תות שובב 3% 15,מיליליטרים,150.00,"100 מ""ל",false,,5.60,0.0373,true,1,27112
7290000040080,false,יוגורט אפרסק 3% שומן 150 ג' יופלה,תנובה בעמ,IL,יופלה אפרסק מאוהב 3%,מיליליטרים,150.00,"100 מ""ל",false,,5.60,0.0373,true,1,27115
7290000040301,false,"גבינת קולאז קממבר עין גדי 24%, 125 ג'",תנובה מרכז שיתופי לש,IL,תנובה גבינת קממבר עי,גרמים,125.00,100 גרם,false,,19.90,0.1592,true,1,27118
7290000040318,false,גבינת ברי 24% קולאז עדי תנובה 125 ג',תנובה מרכז שיתופי לש,IL,תנובה גבינת ברי 24%,גרמים,125.00,100 גרם,false,,19.90,0.1592,true,1,27119
7290000040974,false,חלב תנובה קרטון דל לקטוז 2% 1ל,תנובה מרכז שיתופי לש,IL,חלב תנובה קרטון דל ל,ליטר,1.00,ליטר,false,,7.50,7.5000,true,1,27122
7290000041858,false,"שמנת חמוצה 15% יטבתה 200 מ""ל מהדרין",שטראוס גרופ,IL,יטבתה שמנת חמוצה 15%,מיליליטרים,200.00,"100 מ""ל",false,,3.00,0.0150,true,1,24737
7290000041865,false,"לבן 4.5% יטבתה מהדרין 200מ""ל",שטראוס גרופ,IL,יטבתה לבן 4.5% 200מל,מיליליטרים,200.00,"100 מ""ל",false,,2.50,0.0125,true,1,24738
7290000042008,false,חלב תנובה טרי 3% שקית 1 ל',"תנובה, מחלבת רחובות",IL,חלב תנובה רבנות 3% ב,ליטר,1.00,ליטר,false,,5.43,5.4300,true,1,27129
7290000042015,false,חלב טרי 3% תנובה שקית 1ל' מהדרין,תנובה מרכז שיתופי לש,IL,חלב תנובה טרי שקית,אין,0.00,יחידה,false,,5.43,0.0000,true,1,27130
7290000042404,false,חלב יוטבתה מועשר 3% שקית 1ל',שטראוס גרופ,IL,יטבתה חלב מועשר שקית,ליטר,1.00,ליטר,false,,6.20,6.2000,true,1,24740
7290000042435,false,חלב דל שומן בקרטון+פקק 1 ליטר 1%,תנובה מרכז שיתופי לש,IL,חלב תנובה בקרטון 1%,ליטר,1.00,ליטר,false,,5.86,5.8600,true,1,27136
7290000042442,false,חלב הומוגני 3% בקרטון 1ל' תנובה,תנובה,IL,חלב תנובה בקרטון רבנ,ליטר,1.00,ליטר,false,,6.23,6.2300,true,1,27137
7290000042640,false,"חלב תנובה עמיד 3% קרטון 250 מ""ל",תנובה מרכז שיתופי לש,IL,חלב תנובה עמיד 3% מה,מיליליטרים,250.00,"100 מ""ל",false,,2.90,0.0116,true,1,27143
7290000042855,false,יוטבתה שוקו שקית 225מל,שטראוס גרופ,IL,יטבתה שוקו שקית 225,מיליליטרים,225.00,"100 מ""ל",false,,2.90,0.0129,true,1,24742
7290000043012,false,"שוקו עמיד 2% בקרטון 250 מ""ל תנובה",תנובה מרכז שיתופי לש,IL,שוק שוקו עמיד 2% בקר,מיליליטרים,250.00,"100 מ""ל",false,,4.90,0.0196,true,1,27146
7290000043814,false,"שמנת מתוקה להקצפה 38% 250 מ""ל תנובה",תנובה מרכז שיתופי לש,IL,שף לבן שמנת לקצפת עמ,מיליליטרים,250.00,"100 מ""ל",false,,6.47,0.0259,true,1,27149
7290000043890,false,רוויון קרטון 1 ליטר %1.5,תנובה מרכז שיתופי לש,IL,ריויון 1.5% 1ל,ליטר,1.00,ליטר,false,,11.90,11.9000,true,1,27152
7290000043944,false,כד יוגורט תנובה 4% שומן 1.5 ליטר,מיוצר עי קונדיטוריית,IL,יוגורט כדים תנובה 1.,ליטר,1.50,ליטר,false,,17.70,11.8000,true,1,27153
7290000044248,false,"רויון קרטון 1.5% שומן 500 מ""ל תנובה",תנובה,IL,ריויון 2% 500מל,מיליליטרים,500.00,"100 מ""ל",false,,6.90,0.0138,true,1,27158
7290000044880,false,באדי יוגורט תות 3% שומן 500 ג' תנובה,מיוצר עי קונדיטוריית,IL,באדי תות 3% 500מל,מיליליטרים,500.00,"100 מ""ל",false,,9.90,0.0198,true,1,27161
7290000045573,false,גבינת מותכת משולשים 25% שומן 200 ג' נעמה,תנובה,IL,נעמה גבינת מותכת 25%,גרמים,200.00,100 גרם,false,,15.90,0.0795,true,1,27163
7290000045580,false,"גבינת מותכת נעמה חורש 25%, 240 ג'",תנובה מרכז שיתופי לש,IL,נעמה גבינת מותכת 25%,גרמים,240.00,100 גרם,false,,18.90,0.0787,true,1,27164
7290000045771,false,יוגורט תנובה כד 3 ליטר 4%,תנובה מרכז שיתופי לש,IL,יוגורט כדים תנובה 3,ליטר,3.00,ליטר,false,,30.90,10.3000,true,1,27165
7290000045917,false,תנובה גבינת פרומעז 23% גלילית 200ג,תנובה,IL,תנובה גבינת פרומעז 2,גרמים,200.00,100 גרם,false,,27.90,0.1395,true,1,27166
7290000046020,false,"גבינה גלבוע בלוק ק""ג",תנובה מרכז שיתופי לש,IL,גלבוע 22% במשקל,קילוגרמים,1.00,"ק""ג",true,,42.58,42.5800,true,1,26962
7290000046327,false,"גבינת גלבוע פרוס 22%, 200 ג' תנובה",תנובה מרכז שיתופי לש,IL,גלבוע גבינה פרוסה 22,גרמים,200.00,100 גרם,false,,13.30,0.0665,true,1,27169
7290000046501,false,גבינה טל העמק בלוק ק,,,טל העמק במשקל,קילוגרמים,1.00,"ק""ג",true,,58.00,58.0000,true,1,26967
7290000046563,false,גבע פרמזן תנובה במשק,תנובה מרכז שיתופי לש,IL,גבע פרמזן תנובה במשק,קילוגרמים,1.00,"ק""ג",true,,113.00,113.0000,true,1,26970
7290000046662,false,סקנדינבית חריץ מעדני,תנובה מרכז שיתופי לש,IL,סקנדינבית חריץ מעדני,קילוגרמים,1.00,"ק""ג",true,,79.00,79.0000,true,1,26971
7290000047027,false,גבינה גלעד קצקאבל27%,תנובה מרכז שיתופי לש,IL,קשקבל גלעד במשקל,קילוגרמים,1.00,"ק""ג",true,,124.00,124.0000,true,1,26973
7290000047034,false,"גבינה רוקפור גליל ק""",תנובה מרכז שיתופי לש,IL,רוקפור גליל במשקל,קילוגרמים,1.00,"ק""ג",true,,126.00,126.0000,true,1,26974
7290000047485,false,בולגרית פיראוס 24% ב,תנובה מרכז שיתופי לש,IL,בולגרית פיראוס 24% ב,קילוגרמים,1.00,"ק""ג",true,,61.00,61.0000,true,1,26977
7290000047546,false,כנען גבינה לבנה 5% 500 גרם ללא מלח,תנובה מרכז שיתופי לש,IL,שף לבן כנען 5% 500ג,גרמים,500.00,100 גרם,false,,26.10,0.0522,true,1,27172
7290000047730,false,סלמון פילה מעושן מצו,,,סלמון פילה מעושן מצו,קילוגרמים,1.00,"ק""ג",true,,199.00,199.0000,true,1,17414
7290000048185,false,גבינה לבנה 5% שומן 250 ג' תנובה,מיוצר עי קונדיטוריית,IL,גבינה לבנה רכה 5% תנ,גרמים,250.00,100 גרם,false,,4.98,0.0199,true,1,27177
7290000048192,false,גבינה לבנה 9% שומן 250 ג' תנובה,מחלבת אלון תבור,IL,גבינה לבנה רכה 9% בד,גרמים,250.00,100 גרם,false,,5.00,0.0200,true,1,27178
7290000048207,false,פילה הרינג בסגנון מט,,,פילה הרינג בסגנון מט,קילוגרמים,1.00,"ק""ג",true,,70.00,70.0000,true,1,19719
7290000048307,false,גבינת קוטג 5% עם זיתים 250ירוקים גרם,מיוצר עי קונדיטוריית,IL,קוטג תנובה עם זיתים,גרמים,250.00,100 גרם,false,,5.90,0.0236,true,1,27180
7290000048413,false,גבינה חמד %16 שקית 250 ג' פיראוס,תנובה מרכז שיתופי לש,IL,פיראוס חמד 16% 250ג,גרמים,250.00,100 גרם,false,,20.90,0.0836,true,1,27182
7290000048437,false,גבינה צפתית 5% 200 ג' פיראוס,פארייפאבה אגרואינדוס,IL,פיראוס צפתית 5% 200,גרמים,200.00,100 גרם,false,,15.90,0.0795,true,1,27183
7290000050447,false,יוגורט תות 500 ג' יופלה,מיוצר עי קונדיטוריית,IL,יופלהYYY תות 3% 500מ,מיליליטרים,500.00,"100 מ""ל",false,,13.80,0.0276,true,1,27195
7290000050454,false,יוגורט אפרסק 500 ג' יופלה,מיוצר עי קונדיטוריית,IL,יופלהYYY אפרסק 3% 50,מיליליטרים,500.00,"100 מ""ל",false,,13.80,0.0276,true,1,27196
7290000051307,false,מארז הפסקת אוכל עם דגני עוגי ומשקה חלב עמיד בטעם וניל,תנובה מרכז שיתופי לש,IL,חלב תנובה הפ.אוכל עו,מיליליטרים,150.00,"100 מ""ל",false,,10.30,0.0687,true,1,27214
7290000051376,false,יופלה דיאט אננס ספורטיבי 0% 150גר,תנובה מרכז שיתופי לש,IL,יופלה דיאט אננס ספור,מיליליטרים,150.00,"100 מ""ל",false,,5.60,0.0373,true,1,27216
7290000051710,false,לאבנה 9% עם שמן זית וזעתר 263 ג' פיראוס,"תנובה, מחלבת אלון תב",IL,פיראוס לאבנה עם שמן,גרמים,263.00,100 גרם,false,,14.90,0.0567,true,1,27219
7290000052311,false,עמק פרוס בקופסא 200 גר 15% שומן,תנובה מרכז שיתופי לש,IL,עמק מהדרין 15% 200 ג,גרמים,200.00,100 גרם,false,,16.90,0.0845,true,1,27232
7290000052717,false,קוטג' 5%עם שום שמיר 250 ג' תנובה,מיוצר עי קונדיטוריית,IL,קוטג תנובה עם שום שמ,גרמים,250.00,100 גרם,false,,5.90,0.0236,true,1,27242
7290000053219,false,חריץ טל העמק 32% שומ,תנובה מרכז שיתופי לש,IL,טל העמק 32% במשקל,קילוגרמים,1.00,"ק""ג",true,,61.00,61.0000,true,1,26985
7290000055015,false,גבינת פיראוס פטה כבשים 5% 250 ג' פיראוס,תנובה מרכז שיתופי לש,IL,פיראוס גבינת פטה כבש,גרמים,250.00,100 גרם,false,,29.50,0.1180,true,1,27282
7290000055329,false,משקה יוגורט יופלה בטעם תות-מלון 250 גר,תנובה מרכז שיתופי לש,IL,יופלה משקה יוגורט תו,מיליליטרים,250.00,"100 מ""ל",false,,6.50,0.0260,true,1,27288
7290000055336,false,משקה יוגורט יופלה בטעם בננה אפרסק 250 גר,תנובה מרכז שיתופי לש,IL,יופלה משקה יוגורט בנ,מיליליטרים,250.00,"100 מ""ל",false,,6.50,0.0260,true,1,27289
7290000055343,false,משקה יוגורט יופלה בטעם טרופי 250 גר,תנובה מרכז שיתופי לש,IL,יופלה משקה יוגורט טר,מיליליטרים,250.00,"100 מ""ל",false,,6.50,0.0260,true,1,27290
7290000055350,false,גבינה צהובה חריץ עמק 28% במשקל,תנובה מרכז שיתופי לש,IL,עמק קלאסית 28% במשקל,קילוגרמים,1.00,"ק""ג",true,,44.79,44.7900,true,1,26989
7290000055893,false,חמאה משמנת מפוסטרת 200ג' כ.מהדרין,תנובה מרכז שיתופי לש,IL,חמאה מהדרין תנובה 20,גרמים,200.00,100 גרם,false,,8.20,0.0410,true,1,27296
7290000056845,false,חלב טרי 3% הומוגני קרטון 1.5 ל' תנובה,פארייפאבה אגרואינדוס,IL,חלב תנובה בקרטון 3%,ליטר,1.50,ליטר,false,,9.34,6.2267,true,1,27314
7290000056883,false,יופלה מאגדת פרי 3% 8 יח' * 150 ג',תנובה מרכז שיתופי לש,IL,יופלה טעמים משתנים 3,אלף,1.20,"ק""ג",false,,32.90,27.4167,true,1,27316
7290000056890,false,דיאט יופלה שמינייה טעמים שונים,מיוצר עי קונדיטוריית,IL,יופלה דיאט טעמים שונ,אלף,1.20,"ק""ג",false,,32.90,27.4167,true,1,27317
7290000056906,false,מאגדת לבן טבעי 1.5% שומן 8 יח' * 150 ג' יופלה,מחלבת אלון תבור,IL,יופלה לבן 1.5% 8*150,ליטר,1.20,ליטר,false,,18.90,15.7500,true,1,27318
7290000056951,false,שמנת לבישול 15% 500 מל עמיד השף הלבן,תנובה מרכז שיתופי לש,IL,שף לבן שמנת לבישול +,מיליליטרים,500.00,"100 מ""ל",false,,17.90,0.0358,true,1,27321
7290000057088,false,עמק פרוס דק דק 200 גרם 28%,תנובה מרכז שיתופי לש,IL,עמק דק דק 28% 200גר,גרמים,200.00,100 גרם,false,,17.50,0.0875,true,1,27325
7290000057118,false,עמק סמי מעדנייה כשרות מהדרין,תנובה מרכז שיתופי לש,IL,עמק סמי 28% 400 גר,גרמים,400.00,100 גרם,false,,23.90,0.0597,true,1,27327
7290000057132,false,יוגורט תנובה טבעי 1.5% גביע 200 גרם,מחלבת אלון תבור,IL,תנובה יוגורט טבעי 1.,מיליליטרים,200.00,"100 מ""ל",false,,3.50,0.0175,true,1,27328
7290000057149,false,יוגורט תנובה טבעי 3% גביע 200 גרם,מיוצר עי קונדיטוריית,IL,תנובה יוגורט טבעי 3%,גרמים,200.00,100 גרם,false,,3.50,0.0175,true,1,27329
7290000057552,false,יופלה דיאט עוגת גבינה ותות 0% גביע 150ג',תנובה בעמ,IL,יופלה דיאט ע.גבינה ו,מיליליטרים,150.00,"100 מ""ל",false,,5.60,0.0373,true,1,27340
7290000058030,false,"יופלה שטוזים משקה יוגורט תות 8 יח' * 100 מ""ל",מיוצר עי קונדיטוריית,IL,יופלה שטוזים משקה יו,מיליליטרים,800.00,"100 מ""ל",false,,21.90,0.0274,true,1,27349
7290000058047,false,**שף לבן שמנת מתוקה מהדרין 38% פקק 500מ,תנובה מרכז שיתופי לש,IL,שף לבן שמנת מתוקה מה,מיליליטרים,500.00,"100 מ""ל",false,,12.94,0.0259,true,1,27350
7290000060071,false,אוסם - חטיפי פריכונים מאורז מלא קלוי 80גר,"מיוצר ע""י PT, משווק",IL,חטיפי פריכונים מאורז,גרמים,80.00,100 גרם,false,,8.90,0.1113,true,1,21022
7290000060088,false,בייגלה אסם מקלות מלוחים 400 גרם,מיוצר עי קונדיטוריית,IL,בייגלה אסם מקלות מלו,גרמים,400.00,100 גרם,false,,11.90,0.0298,true,1,21023
7290000060163,false,פסטה אסם אטריות דקות 400גר,"אסם השקעות בע""מ",IL,אטריות דקות אסם 400,גרמים,400.00,100 גרם,false,,7.90,0.0198,true,1,21026
7290000060200,false,פסטה אסם פתיתים אפויים קוסקוס 500גר,"אסם השקעות בע""מ",IL,פתיתים אפויים קוסקוס,גרמים,500.00,100 גרם,false,,7.90,0.0158,true,1,21027
7290000060217,false,פסטה אסם מקרוני 7 500 גר,פסטה זארה,IT,פסטה מקרוני אסם 500,גרמים,500.00,100 גרם,false,,6.90,0.0138,true,1,21028
7290000060248,false,פסטה אסם פתיתים תלתלים 500 גר',פסטה זארה,IT,פסטה תלתלים אסם 500,גרמים,500.00,100 גרם,false,,6.90,0.0138,true,1,21029
7290000060316,false,פסטה פרפקטו ספגטי 500ג' אסם,פסטה זארה,IT,פסטה ספגטי פרפקטו 50,גרמים,500.00,100 גרם,false,,7.90,0.0158,true,1,21031
7290000060408,false,פסטה אסם פתיתים אפויים טבעות 500 גר,"אסם השקעות בע""מ",IL,פתיתים אפויים טבעות,גרמים,500.00,100 גרם,false,,7.90,0.0158,true,1,21035
7290000060415,false,פסטה פרפקטו לזאניה אסם 500ג',פסטה לנסי,IL,לזאניה פרפקטו 500 ג,גרמים,500.00,100 גרם,false,,15.90,0.0318,true,1,21036
7290000060576,false,פסטה אסם פתיתים אפוי כוכב 500גר,"אסם השקעות בע""מ",IL,פתיתים אפויים כוכבים,גרמים,500.00,100 גרם,false,,7.90,0.0158,true,1,21041
7290000060781,false,פסטה אסם פתיתים מסולסלים 500גר,פסטה זארה,IT,פסטה מסולסלים אסם 50,גרמים,500.00,100 גרם,false,,6.90,0.0138,true,1,21042
7290000060828,false,פסטה קרניים בינוניות (55) 500 גרם,פסטה זארה,IT,פסטה קרניים בינוניות,גרמים,500.00,100 גרם,false,,6.90,0.0138,true,1,21043
7290000060842,false,פסטה אסם פתיתים צדפים גדולים 500גר,פסטה זארה,IT,פסטה צדפים גדולים אס,גרמים,500.00,100 גרם,false,,6.90,0.0138,true,1,21044
7290000060880,false,פסטה מס' 8 ספגטי אסם 500ג',פסטה זארה,IT,ספגטי אסם 500 גרם,גרמים,500.00,100 גרם,false,,6.90,0.0138,true,1,21046
7290000060903,false,פסטה אסם פתיתים אפויים אורז 500גר,"אסם השקעות בע""מ",IL,פתיתים אפויים אורז א,גרמים,500.00,100 גרם,false,,7.90,0.0158,true,1,21047
7290000060958,false,פסטה אסם אטריות בינוניות 400 גרם,"אסם השקעות בע""מ",IL,אטריות בינוניות אסם,גרמים,400.00,100 גרם,false,,7.90,0.0198,true,1,21049
7290000060965,false,פסטה אסם אטריות רחבות 400גר,"אסם השקעות בע""מ",IL,אטריות רחבות אסם 400,גרמים,400.00,100 גרם,false,,7.90,0.0198,true,1,21050
7290000061025,false,בולגרית המושבה 5% במ,,,בולגרית המושבה 5% במ,קילוגרמים,1.00,"ק""ג",true,,55.00,55.0000,true,1,15586
7290000061061,false,קרקר בצל אסם 250 גרם,"אסם השקעות בע""מ",IL,אסם קרקר בצל 250גרם,גרמים,250.00,100 גרם,false,,9.90,0.0396,true,1,21052
7290000061063,false,קש המושבה 9% במשקל,,,קש המושבה 9% במשקל,קילוגרמים,1.00,"ק""ג",true,,54.00,54.0000,true,1,15588
7290000061085,false,"רוטב צילי מתוק 290 מ""ל-בקבוק","אסם השקעות בע""מ",IL,אסם רוטב צ'ילי מתוק,מיליליטרים,290.00,"100 מ""ל",false,,12.90,0.0445,true,1,21053
7290000061108,false,"רוטב טריאקי 290 מ""ל-בקבוק","אסם השקעות בע""מ",IL,רוטב טריאקי אסם 290,מיליליטרים,290.00,"100 מ""ל",false,,12.90,0.0445,true,1,21054
7290000061214,false,פתיתים אפויים קוסקוס עם בצל אסם 500 גר',"אסם השקעות בע""מ",IL,פתיתים קוסקוס בצל אס,גרמים,500.00,100 גרם,false,,7.90,0.0158,true,1,21055
7290000061245,false,עוגיות שוקוציפס ממולאות שוקולד 220 גרם,מיוצר עי קונדיטוריית,IL,אסם עוגיות שוקוצ'יפס,גרמים,220.00,100 גרם,false,,11.90,0.0541,true,1,21056
7290000061278,false,גבינת שמנת טבעית המו,,,גבינת שמנת טבעית המו,קילוגרמים,1.00,"ק""ג",true,,45.00,45.0000,true,1,15591
7290000061360,false,צפתית קצח המושבה 5%,,,צפתית קצח המושבה 5%,קילוגרמים,1.00,"ק""ג",true,,54.00,54.0000,true,1,15594
7290000061421,false,גבינת חלומי המושבה 2,,,גבינת חלומי המושבה 2,קילוגרמים,1.00,"ק""ג",true,,80.00,80.0000,true,1,15598
7290000061450,false,פתיתים אפויים קוסקוס צבעוני אסם 500 גר',"אסם השקעות בע""מ",IL,פתיתים קוסקוס 3 צבעי,גרמים,500.00,100 גרם,false,,7.90,0.0158,true,1,21058
7290000061764,false,נסקפה רד מאג טעם חדש 200ג',נסטלה ספרד קפה,ES,נס קפה רד מאג טעם חד,גרמים,200.00,100 גרם,false,,23.90,0.1195,true,1,21059
7290000062952,false,אוסם - מיני קרוטונים למרק ולסלט 250 גרם,עינת תעשיות מזון אגו,IL,מיני קרוטונים למרק ו,גרמים,250.00,100 גרם,false,,16.90,0.0676,true,1,21065
7290000063102,false,קמח עוגה אסם תופח מאליו 350ג',"אסם השקעות בע""מ",IL,קמח תופח קטן אסם 350,גרמים,350.00,100 גרם,false,,5.80,0.0166,true,1,21068
7290000063140,false,שקדי מרק רכיבים טבעיים בשקית 400 ג' אסם,"אסם השקעות בע""מ",IL,שקדי מרק רכיבים טבעי,גרמים,400.00,100 גרם,false,,13.90,0.0348,true,1,21070
7290000063157,false,"קמח עוגה תופח מאליו 1 ק""ג","אסם השקעות בע""מ",IL,קמח עוגה תופח מאליו,אלף,1.00,"ק""ג",false,,10.00,10.0000,true,1,21071
7290000064758,false,קוסקוס בינוני אמיתי אסם 350 ג',"מיוצר ע""י קוד יצרן K",IL,קוסקוס אמיתי אסם 350,גרמים,350.00,100 גרם,false,,8.90,0.0254,true,1,21081
7290000065090,false,מיני קרוטונים למרק ולסלט 400 ג' אסם,עינת תעשיות מזון אגו,IL,מיני קרוטונים למרק ו,גרמים,400.00,100 גרם,false,,27.00,0.0675,true,1,21083
7290000065335,false,אוסם - מנה חמה פירה עם ירקות 55 גרם,"אסם השקעות בע""מ",IL,מנה חמה פירה וירקות,גרמים,55.00,100 גרם,false,,6.90,0.1255,true,1,21085
7290000065540,false,אוסם - מנה חמה פסטה מוקרמת בטעם עוף 55 גרם,"אסם השקעות בע""מ",IL,מנה חמה פסטה מוקרמת,גרמים,55.00,100 גרם,false,,6.90,0.1255,true,1,21086
7290000065557,false,אוסם - מנה חמה קוסקוס עם ירקות 84 גרם,"אסם תעשיות מזון בע""מ",IL,מנה חמה קוסקוס וירקו,גרמים,84.00,100 גרם,false,,6.90,0.0821,true,1,21087
7290000065977,false,חטיפי פריכונים תירס שומשום 80 ג' אוסם,"מיוצר ע""י פרח, משווק",IL,חטיפי פריכונים תירס,גרמים,80.00,100 גרם,false,,8.90,0.1113,true,1,21093
7290000066134,false,ביסלי בטעם פלאפל 70 גרם,"אסם השקעות בע""מ",IL,ביסלי פלאפל 70גרם,גרמים,70.00,100 גרם,false,,4.90,0.0700,true,1,21094
7290000066141,false,ביסלי בטעם גריל 70 גרם,"אסם השקעות בע""מ",IL,ביסלי גריל 70 גר'.,גרמים,70.00,100 גרם,false,,4.90,0.0700,true,1,21095
7290000066172,false,ביסלי בטעם פיצה 70 גרם,"אסם השקעות בע""מ",IL,ביסלי פיצה 70גרם,גרמים,70.00,100 גרם,false,,4.90,0.0700,true,1,21098
7290000066189,false,ביסלי גדול בטעם פלאפל 200 ג' אסם,"אסם השקעות בע""מ",IL,ביסלי גדול פלאפל 200,גרמים,200.00,100 גרם,false,,7.90,0.0395,true,1,21099
7290000066196,false,ביסלי גדול בטעם גריל 200 ג' אסם,מיוצר עי קונדיטוריית,IL,ביסלי גריל 200גרם,גרמים,200.00,100 גרם,false,,7.90,0.0395,true,1,21100
7290000066226,false,ביסלי בטעם פיצה 200 ג' אסם,מיוצר עי קונדיטוריית,IL,ביסלי טעם פיצה 200גר,גרמים,200.00,100 גרם,false,,7.90,0.0395,true,1,21103
7290000066295,false,אסם במבה תות מחומרים טבעיים 30גר,מיוצר עי קונדיטוריית,IL,במבה מתוקה מחומרים ט,גרמים,30.00,100 גרם,false,,2.90,0.0967,true,1,21105
7290000066318,false,במבה קלאסי 40*80גרם,"אסם השקעות בע""מ",IL,במבה קלאסי 80 גרם,גרמים,80.00,100 גרם,false,,4.90,0.0613,true,1,21107
7290000066332,false,אפרופו חטיף אסם 50ג',מיוצר עי קונדיטוריית,IL,אפרופו 50 גרם,גרמים,50.00,100 גרם,false,,5.50,0.1100,true,1,21108
7290000066349,false,אפרופו גדול אסם 100ג',מיוצר עי קונדיטוריית,IL,אפרופו 100גרם,גרמים,100.00,100 גרם,false,,9.50,0.0950,true,1,21109
7290000066431,false,פופקו חטיף תירס בטעם חמאה ודבש 80 גרם,מיוצר עי קונדיטוריית,IL,פופקו חמאה ודבש 80גר,גרמים,80.00,100 גרם,false,,5.90,0.0738,true,1,21110
7290000067407,false,פרורית מתובלת בשקית 200 גרם,עינת תעשיות מזון אגו,IL,פירורית מתובל שקית 2,גרמים,200.00,100 גרם,false,,6.50,0.0325,true,1,68177
7290000067544,false,פירורית זהב שקית 200גר,עינת תעשיות מזון אגו,IL,אסם פירורית פירורי ל,גרמים,200.00,100 גרם,false,,6.50,0.0325,true,1,21118
7290000067599,false,אוסם - מנה חמה ספגטי רוטב בולנז 65 גרם,"אסם השקעות בע""מ",IL,מנה חמה ספגטי בולונז,גרמים,65.00,100 גרם,false,,6.90,0.1062,true,1,21122
7290000068138,false,אסם פודינג אינסטנט וניל 80 גרם,מיוצר עי קונדיטוריית,IL,אסם פודינג אינסטנט ו,גרמים,80.00,100 גרם,false,,6.50,0.0813,true,1,21128
7290000068190,false,ג'לי תות שדה צבע טבעי 85 ג',מיוצר עי קונדיטוריית,IL,אסם ג'לי תות שדה צבע,גרמים,90.00,100 גרם,false,,7.50,0.0833,true,1,21132
7290000068206,false,ג'לי משמש אסם צבע טבעי 85 ג',מיוצר עי קונדיטוריית,IL,אסם ג'לי משמש צבעים,גרמים,85.00,100 גרם,false,,7.50,0.0882,true,1,21133
7290000068237,false,ג'לי פטל צבע טבעי 85ג' אסם,מיוצר עי קונדיטוריית,IL,אסם ג'לי פטל צבעים ט,גרמים,85.00,100 גרם,false,,7.50,0.0882,true,1,21134
7290000068343,false,אוסם - פירכונים מאורז מלא 140 גרם,"מיוצר ע""י PT, משווק",IL,פריכונים מאורז מלא א,גרמים,140.00,100 גרם,false,,7.90,0.0564,true,1,21138
7290000068424,false,גד גבינת גאודה בקר ג,,,גאודה בקר גלגל גד 30,קילוגרמים,1.00,"ק""ג",true,,125.00,125.0000,true,1,15380
7290000068585,false,גד גאודה עיזים משולש,,,גאודה עיזים גלגל גד,קילוגרמים,1.00,"ק""ג",true,,142.00,142.0000,true,1,100221
7290000068701,false,שקדי מרק רכיבים טבעיים 400 גרם-מיכל,"אסם השקעות בע""מ",IL,שקדי מרק במיכל אסם 4,גרמים,400.00,100 גרם,false,,16.90,0.0422,true,1,68179
7290000068770,false,במבה יום הולדת 80 גרם,"אסם השקעות בע""מ",IL,במבה יום הולדת 80גרם,גרמים,80.00,100 גרם,false,,4.90,0.0613,true,1,21140
7290000068787,false,במבה יום הולדת 25 גרם,מיוצר עי קונדיטוריית,IL,במבה יום הולדת 25גרם,גרמים,25.00,100 גרם,false,,2.90,0.1160,true,1,21141
7290000069258,false,פסטה פרפקטו פנה ריגאטה 500ג' אסם,פסטה זארה,IT,פנה ריגאטה פרפקטו 50,גרמים,500.00,100 גרם,false,,7.90,0.0158,true,1,21147
7290000069609,false,חטיפי קרקר זעתר 300 גרם,אסם תעשיות,IL,אסם חטיפי קרקר זעתר,גרמים,300.00,100 גרם,false,,12.90,0.0430,true,1,21152
7290000070308,false,אבקת מרק עוף אמיתי במיכל 400 גרם,"אסם השקעות בע""מ",IL,מרק עוף אמיתי אסם 40,גרמים,400.00,100 גרם,false,,24.90,0.0622,true,1,21159
7290000070322,false,אבקת מרק פטריות רכיבים טבעיים אוסם 400 ג',"אסם השקעות בע""מ",IL,אבקת מרק פטריות רכיב,גרמים,400.00,100 גרם,false,,29.50,0.0738,true,1,21160
7290000070353,false,אבקת מרק בצל רכיבים טבעיים 400 ג' אסם,"אסם השקעות בע""מ",IL,אבקת מרק בצל רכיבים,גרמים,400.00,100 גרם,false,,28.90,0.0722,true,1,21161
7290000070919,false,בייגלה אסם רשתות מלח 400 גרם,מיוצר עי קונדיטוריית,IL,בייגלה אסם רשתות מלח,גרמים,400.00,100 גרם,false,,14.90,0.0373,true,1,21172
7290000071008,false,אוסם - בייגלה שטוחים מלח 60 גרם,"אסם השקעות בע""מ",IL,בייגלה אסם שטוחים מל,גרמים,60.00,100 גרם,false,,3.90,0.0650,true,1,21173
7290000072241,false,"רוטב פיצה 290 מ""ל-בקבוק","אסם השקעות בע""מ",IL,אסם רוטב פיצה 290מל,מיליליטרים,290.00,"100 מ""ל",false,,12.90,0.0445,true,1,21180
7290000072623,false,קטשופ אסם בקבוק לחיץ 750 גרם,"אסם השקעות בע""מ",IL,אסם קטשופ בקבוק לחיץ,גרמים,750.00,100 גרם,false,,11.90,0.0159,true,1,21182
7290000072630,false,קטשופ אסם חריף 750 גרם-בקבוק,"אסם השקעות בע""מ",IL,אסם קטשופ חריף 750 ג,גרמים,750.00,100 גרם,false,,11.90,0.0159,true,1,21183
7290000072753,false,קפה טייסטר צ'ויס קפה מגורען 200ג',נסטלה קוריאה - קפה,IL,נס קפה טייסטרס צ'ויס,גרמים,200.00,100 גרם,false,,32.90,0.1645,true,1,21185
7290000072760,false,נסקפה טייסטרס צויס 100 גר אוריגנל,נסטלה,KR,טייסטרס צ'וייס 100גר,גרמים,100.00,100 גרם,false,,29.70,0.2970,true,1,21186
7290000072777,false,קפה טייסטר צ'ויס מגור' נ.קפאין 200ג',לוטה נסטלה קוריאה,IL,טייסטרס צוייס נטול ק,גרמים,200.00,100 גרם,false,,40.90,0.2045,true,1,21187
7290000072968,false,דגנים סיני מיניס מלחמת הכוכבים 500 גרם,נסטלה פולין דגני בוק,PL,סיני מיניס דגני נסטל,גרמים,500.00,100 גרם,false,,27.90,0.0558,true,1,21193
7290000073415,false,אוסם - מנה חמה פסטה ברוטב פיצה 61 גרם,"אסם השקעות בע""מ",IL,מנה חמה פסטה ברוטב פ,גרמים,61.00,100 גרם,false,,6.90,0.1131,true,1,21195
7290000073699,false,סלט חומוס צבר 150 גר,סלטי צבר,IL,צבר חומוס חלק 150ג,גרמים,150.00,100 גרם,false,,5.90,0.0393,true,1,21980
7290000073750,false,מנה חמה נודלס אטר+ירקות טעם עוף 70 גרם,טאי רזידנט,TH,מנה חמה נודלס בטעם ע,גרמים,70.00,100 גרם,false,,6.90,0.0986,true,1,21197
7290000073767,false,מנה חמה נודלס אטר.+ירקות טעם בקר 70 גרם,טאי רזידנט,TH,מנה חמה נודלס בטעם ב,גרמים,70.00,100 גרם,false,,6.90,0.0986,true,1,21198
7290000073774,false,מנה חמה נודלס אטר+ירקות טעם צילי 70 גרם,טאי רזידנט,TH,מנה חמה נודלס בטעם פ,גרמים,70.00,100 גרם,false,,6.90,0.0986,true,1,21199
7290000074153,false,ביסקוויט פתיבר שוקו,מיוצר עי קונדיטוריית,IL,אסם פתי בר שוקו 500ג,גרמים,500.00,100 גרם,false,,14.90,0.0298,true,1,21204
7290000074184,false,אוסם - פתי בר בינוני 500 גרם,"אסם השקעות בע""מ",IL,אסם פתי בר 500גרם.,גרמים,500.00,100 גרם,false,,10.90,0.0218,true,1,21206
7290000074245,false,אוסם - קרם קרקר אסם 250 גרם,"אסם השקעות בע""מ",IL,אסם קרם קרקר 250גרם,גרמים,250.00,100 גרם,false,,10.90,0.0436,true,1,21207
7290000074252,false,קרקר אסם שומשום 250 גרם,"אסם השקעות בע""מ",IL,אסם קרקר שומשום 250ג,גרמים,250.00,100 גרם,false,,10.90,0.0436,true,1,21208
7290000074276,false,קרקר פיקנטי טבעון 250 ג' אסם,"אסם השקעות בע""מ",IL,טבעון קרקר פיקנטי 25,גרמים,250.00,100 גרם,false,,10.90,0.0436,true,1,21209
7290000074375,false,אוסם - קרקר זהב 150 גרם,"אסם השקעות בע""מ",IL,אסם קרקר זהב 150גרם,גרמים,150.00,100 גרם,false,,8.50,0.0567,true,1,21212
7290000074481,false,לחמית אגוזים אסם 160 ג',"אסם השקעות בע""מ",IL,לחמית אגוזים 160גרם,גרמים,160.00,100 גרם,false,,11.90,0.0744,true,1,21214
7290000074696,false,אסם קרם קרקר 4*1קג ח,"אסם השקעות בע""מ",IL,אסם קרם קרקר 1קג,אלף,1.00,"ק""ג",false,,24.90,24.9000,true,1,20933
7290000074764,false,קרקר זהב אסם 900 גרם,אסם תעשיות,IL,קרקר זהב אסם 900 גרם,גרמים,900.00,100 גרם,false,,24.90,0.0277,true,1,21219
7290000075204,false,אוסם - לחמית חיטה מלאה 250 גרם,"אסם השקעות בע""מ",IL,לחמית חיטה מלאה 250ג,גרמים,250.00,100 גרם,false,,9.90,0.0396,true,1,21223
7290000075693,false,עוגת הבית שמרים בריוש שוקולד 360ג',מיוצר עי קונדיטוריית,IL,עוגת שמרים בריוש שוק,גרמים,360.00,100 גרם,false,,15.90,0.0442,true,1,21225
7290000076133,false,בייגלה שמיניות קטנות 400 גרם אסם,"אסם השקעות בע""מ",IL,בייגלה אסם שמיניות ק,גרמים,400.00,100 גרם,false,,11.90,0.0298,true,1,21227
7290000076645,false,אוסם - טוסטעים חיטה מלאה 100 גרם,ון דר מולן האלום,NL,טוסטעים חיטה מלאה אס,גרמים,100.00,100 גרם,false,,10.90,0.1090,true,1,21229
7290000077017,false,עוגיות קרמוגית וקרם שוקולד אסם 200 גרם,מיוצר עי קונדיטוריית,IL,אסם קרמוגית במילוי ש,גרמים,200.00,100 גרם,false,,11.90,0.0595,true,1,21230
7290000077253,false,אוסם - לחמית כפרית עם דגנים מלאים 190 גרם,"אסם השקעות בע""מ",IL,לחמית כפרית 190גרם,גרמים,190.00,100 גרם,false,,11.90,0.0626,true,1,21231
7290000078212,false,קרוטונים מתובלים 250 ג' אסם,עינת תעשיות מזון אגו,IL,קרוטונים מתובלים אסם,גרמים,250.00,100 גרם,false,,15.90,0.0636,true,1,21235
7290000078762,false,אוסם - חטיפי פריכונים מאורז מלא בטעם דבש 80גר,סנורייס בלגיום אן. ו,BE,חטיפי פריכונים אורז,גרמים,80.00,100 גרם,false,,8.90,0.1113,true,1,21236
7290000079412,false,אמנטל נעם מהדרין במש,,,אמנטל נעם מהדרין במש,קילוגרמים,1.00,"ק""ג",true,,72.00,72.0000,true,1,84089
7290000080758,false,אוסם - טוסטעים פת קלוי 100 גרם,ון דר מולן האלום,NL,טוסטעים פת קלוי אסם,גרמים,100.00,100 גרם,false,,10.90,0.1090,true,1,21239
7290000080765,false,טוסטעים פת קלויה עם שומשום 100 ג' אוסם,ון דר מולן האלום,NL,טוסטעים פת קלויה עם,גרמים,100.00,100 גרם,false,,10.90,0.1090,true,1,21240
7290000081663,false,בייגלה אסם טבעות שומשום 300 גרם,מיוצר עי קונדיטוריית,IL,בייגלה אסם טבעות שומ,גרמים,300.00,100 גרם,false,,11.90,0.0397,true,1,21242
7290000084899,false,מב פטינה 20% וילי פ,,,פטינה 20% וילי פוד,קילוגרמים,1.00,"ק""ג",true,,19.00,19.0000,true,1,3460
7290000085066,false,גד בולגרית קוביות 5%,,,בולגרית קוביות 5%גד,קילוגרמים,1.00,"ק""ג",true,,70.00,70.0000,true,1,15387
7290000085159,false,פרורי פתי בר לעוגות ואיפה 250 גר',גטניו אם החיטה,IL,פרורי ביסקוויט וניל,גרמים,300.00,100 גרם,false,,6.90,0.0230,true,1,300745
7290000085180,false,גטניו פתי בר וניל 470 גרם,"אחים גטניו בע""מ",,גטניו - פתיבר וניל 4,גרמים,470.00,100 גרם,false,,9.90,0.0211,true,1,119317
7290000085196,false,רוקפור גליל גד מע,,,רוקפור גליל גד מע,קילוגרמים,1.00,"ק""ג",true,,149.00,149.0000,true,1,15389
7290000089045,false,כפיר הולנדית 22%,,,הולנדי במשקל,קילוגרמים,1.00,"ק""ג",true,,42.90,42.9000,true,1,20534
7290000089199,false,כפיר צהובה חריפה 22%,,,חריפה במשקל,קילוגרמים,1.00,"ק""ג",true,,42.90,42.9000,true,1,20536
7290000089274,false,נקניק מעושן מעדנייה,,,נקניק מעושן מעדנייה,קילוגרמים,1.00,"ק""ג",true,,42.90,42.9000,true,1,20538
7290000089364,false,מקרל מעושן פרוס בשמן,,,מקרל מעושן פרוס בשמן,קילוגרמים,1.00,"ק""ג",true,,129.00,129.0000,true,1,19743
7290000089388,false,מעדן הרינג בסגנון מט,,,מעדן הרינג בסגנון מט,קילוגרמים,1.00,"ק""ג",true,,70.00,70.0000,true,1,19745
7290000095408,false,נעם 28% חריץ מעדניה,,,נעם 28% חריץ מעדניה,קילוגרמים,1.00,"ק""ג",true,,44.79,44.7900,true,1,7018
7290000095415,false,נעם 9% חריץ מעדניה-,,,נעם 9% חריץ מעדניה-,קילוגרמים,1.00,"ק""ג",true,,76.00,76.0000,true,1,7019
7290000095422,false,גבינת נועם 22% חריץ,,,גבינת נועם 22% חריץ,קילוגרמים,1.00,"ק""ג",true,,42.58,42.5800,true,1,7020
7290000100128,false,פירות קפואים תות סנפרוסט 300 ג',"סנפרוסט בע""מ",IL,סדרת פירות קפואים-תו,גרמים,300.00,100 גרם,false,,18.90,0.0630,true,1,124248
7290000100609,false,קוביות אנטי פסטי להקפצה סנפורסט 600 ג',"סנפרוסט בע""מ",IL,קוביות אנטיפסטי להקפ,גרמים,600.00,100 גרם,false,,26.90,0.0448,true,1,207491
7290000101132,false,לקט קטניות לחמין סנפרוסט 800 גר,"סנפרוסט בע""מ",IL,לקט קטניות לחמין 800,גרמים,800.00,100 גרם,false,,21.90,0.0274,true,1,26796
7290000101927,false,אוכמניות כחולות מוקפאות סנפרוסט 300 גרם,"איי, בי, אינבוו",IL,אוכמניות כחולות מוקפ,גרמים,300.00,100 גרם,false,,18.90,0.0630,true,1,78728
7290000101934,false,מיקס פירות יער מוקפאות 300 ג' סנפרוסט,"סנפרוסט בע""מ",IL,מיקס פירות יער 300 ג,גרמים,300.00,100 גרם,false,,18.90,0.0630,true,1,78729
7290000101958,false,מנגו חתוך מוקפא סנפרוסט 300ג',"סנפרוסט בע""מ",IL,מנגו מוקפא 300 גרם,גרמים,300.00,100 גרם,false,,18.90,0.0630,true,1,78730
7290000103365,false,מרק ירקות 550 ג' סנפרוסט,"איי, בי, אינבוו",IL,סנפרוסט מרק ירקות 50,גרמים,500.00,100 גרם,false,,19.90,0.0398,true,1,26800
7290000103839,false,מרק כתום קפוא 570 ג' סנפרוסט,"סנפרוסט בע""מ",IL,סנפרוסט מרק כתום קפו,גרמים,572.00,100 גרם,false,,19.90,0.0348,true,1,26834
7290000103846,false,מרק אפונה 570 ג' סנפרוסט,"סנפרוסט בע""מ",IL,סנפרוסט מרק אפונה קפ,גרמים,570.00,100 גרם,false,,19.90,0.0349,true,1,26835
7290000103860,false,מרק עדשים קפוא 570 ג' סנפרוסט,"איי, בי, אינבוו",IL,סנפרוסט מרק עדשים קפ,גרמים,572.00,100 גרם,false,,19.90,0.0348,true,1,26836
7290000103877,false,מרק שעועית קפוא 640 ג' סנפרוסט,"סנפרוסט בע""מ",IL,סנפרוסט מרק שעועית ק,גרמים,644.00,100 גרם,false,,19.90,0.0309,true,1,26837
7290000104072,false,עדשים ירוקות מבושלות מוקפאות 800 ג' סנפרוסט,"איי, בי, אינבוו",IL,סנפרוסט עדשים ירוקות,גרמים,800.00,100 גרם,false,,20.90,0.0261,true,1,26841
7290000104188,false,שעועית אדומה מבושלת סנפרוסט 800 גרם,"סנפרוסט בע""מ",IL,סנפרוסט שעועית אדומה,גרמים,800.00,100 גרם,false,,20.90,0.0261,true,1,26843
7290000104201,false,אפונה עדינה סנפרוסט 600 גרם,"איי, בי, אינבוו",IL,אפונה עדינה סנפרוסט,גרמים,600.00,100 גרם,false,,19.90,0.0332,true,1,26844
7290000104218,false,סנפרוסט במיה 600 גרם,"איי, בי, אינבוו",IL,סנפרוסט במיה 600גר,גרמים,600.00,100 גרם,false,,17.90,0.0298,true,1,26845
7290000104225,false,בצל קצוץ סנפרוסט 600 גרם,"סנפרוסט בע""מ",IL,בצל קצוץ סנפרוסט 600,גרמים,600.00,100 גרם,false,,19.90,0.0332,true,1,26846
7290000104676,false,אפונה קפואה סנפרוסט 800 גרם,"איי, בי, אינבוו",IL,אפונת גינה סנפרוסט 8,גרמים,800.00,100 גרם,false,,19.90,0.0249,true,1,26848
7290000104683,false,שעועית ירוקה שלמה 800 גר סנפרוסט,"סנפרוסט בע""מ",IL,שעועית שלמה סנפרוסט,גרמים,800.00,100 גרם,false,,22.90,0.0286,true,1,26849
7290000104690,false,תירס גרעינים 800 גרם סנפרוסט,"איי, בי, אינבוו",IL,תירס גרעינים 800גר,גרמים,800.00,100 גרם,false,,18.90,0.0236,true,1,26850
7290000104706,false,גזר גמדי 800 גרם סנפרוסט,"סנפרוסט בע""מ",IL,גזר גמדי 800 גרם,גרמים,800.00,100 גרם,false,,18.90,0.0236,true,1,26851
7290000104713,false,פול ירוק 800 גר סנפרוסט,"איי, בי, אינבוו",IL,פול ירוק 800גר,גרמים,800.00,100 גרם,false,,26.90,0.0336,true,1,26852
7290000104720,false,שעועית ירוקה חתוכה 800גר סנפרוסט,"סנפרוסט בע""מ",IL,שעועית ירוקה חתוכה ס,גרמים,800.00,100 גרם,false,,20.90,0.0261,true,1,26853
7290000104737,false,שעועית צהובה חתוכה סנפרוסט 800גר,"סנפרוסט בע""מ",IL,שעועית צהובה חתוכה ס,גרמים,800.00,100 גרם,false,,20.90,0.0261,true,1,26854
7290000104744,false,כרובית 800 גר סנפרוסט,"סנפרוסט בע""מ",IL,כרובית 800גר,גרמים,800.00,100 גרם,false,,27.90,0.0349,true,1,26855
7290000104751,false,כרוב ניצנים סנפרוסט 800 גרם,"איי, בי, אינבוו",IL,כרוב ניצנים 800גר,גרמים,800.00,100 גרם,false,,27.90,0.0349,true,1,26856
7290000104768,false,תרד עלים סנפרוסט 800 ג ',"איי, בי, אינבוו",IL,תרד עלים 800 גרם,גרמים,800.00,100 גרם,false,,28.90,0.0361,true,1,26857
7290000104775,false,מדליוני תרד 800 גר סנפרוסט,"איי, בי, אינבוו",IL,תרד מדליונים 800גר,גרמים,800.00,100 גרם,false,,27.90,0.0349,true,1,26858
7290000104799,false,שעועית לבנה מבושלת סנפרוסט 800גר,"איי, בי, אינבוו",IL,שעועית לבנה מבושלת 8,גרמים,800.00,100 גרם,false,,20.90,0.0261,true,1,26859
7290000104805,false,גרגירי חומוס קפוא 800 ג' סנפרוסט,"איי, בי, אינבוו",IL,גרגירי חומוס קפוא 80,גרמים,800.00,100 גרם,false,,20.90,0.0261,true,1,26860
7290000104829,false,"קלחוני תירס 1 ק""ג סנפרוסט","סנפרוסט בע""מ",IL,"קלחוני תירס 1 ק""ג",אלף,1.00,"ק""ג",false,,19.90,19.9000,true,1,26861
7290000104836,false,שעועית עדינה שלמה 600 גר סנפרוסט,"סנפרוסט בע""מ",IL,שעועית עדינה שלמה סנ,גרמים,600.00,100 גרם,false,,24.90,0.0415,true,1,26862
7290000104881,false,אפונה וגזר קפוא סנפרוסט 800ג',"איי, בי, אינבוו",IL,אפונה וגזר 800 גרם ס,גרמים,800.00,100 גרם,false,,17.90,0.0224,true,1,26865
7290000104911,false,לקט נורמנדי 800 גר סנפרוסט,"איי, בי, אינבוו",IL,לקט נורמנדי 800גר,גרמים,800.00,100 גרם,false,,23.90,0.0299,true,1,26867
7290000106526,false,ירקות מעורבים מוקפאים חגיגה ירוקה להקפצה,"איי, בי, אינבוו",IL,סנפרוסט חגיגה ירוקה,גרמים,800.00,100 גרם,false,,26.90,0.0336,true,1,142736
7290000107165,false,פולי סויה אדממה סנפרוסט 400 ג',"איי, בי, אינבוו",IL,פולי סויה אדממה קפוא,גרמים,400.00,100 גרם,false,,14.90,0.0373,true,1,26871
7290000107189,false,תחתיות ארטישוק 400 גרם סנפרוסט,"איי, בי, אינבוו",IL,תחתיות ארטישוק 400גר,גרמים,400.00,100 גרם,false,,23.90,0.0597,true,1,26872
7290000107295,false,תפרחות ברוקולי סנפרוסט 800 ג',"איי, בי, אינבוו",IL,תפרחות ברוקולי 800ג,גרמים,800.00,100 גרם,false,,28.90,0.0361,true,1,26873
7290000107615,false,ירקות ואננס להקפצה מנה אסייתית צבעונית ועשירה,"איי, בי, אינבוו",IL,סנפרוסט מנה אסייתי צ,גרמים,800.00,100 גרם,false,,26.90,0.0336,true,1,142738
7290000107622,false,פסטה וירקות א-לה איטליה סנפרוסט 800 ג',"איי, בי, אינבוו",IL,סנפרוסט פסטה וירקות,גרמים,800.00,100 גרם,false,,26.90,0.0336,true,1,142739
7290000112220,false,בארכה טחינה 100% שומשום 500 גרם,רושדי תעשיות מזון בע,IL,בארכה טחינה 100% שומ,גרמים,500.00,100 גרם,false,,15.90,0.0318,true,1,21243
7290000121017,false,גבינה מותכת 7% שומרון 120 גרם,נטו,IL,מון בלאן שומרון 7% 1,גרמים,120.00,100 גרם,false,,12.90,0.1075,true,1,18295
7290000121023,false,פסט.שלפעם יחיעם מעד.,,,פסט.שלפעם יחיעם מעד.,קילוגרמים,1.00,"ק""ג",true,,79.00,79.0000,true,1,16380
7290000121031,false,גבינה מותכת 14% למריחה 120ג' החתול,שלושת האופים,IL,מון בלאן גבינת חתול,גרמים,120.00,100 גרם,false,,11.90,0.0992,true,1,18296
7290000121079,false,גבינה מון בלאן 9% שום שמיר 120ג',שלושת האופים,IL,מון בלאן שמיר 7% 120,גרמים,120.00,100 גרם,false,,12.90,0.1075,true,1,18298
7290000121092,false,פסט.עוף בגריל יחיעם,,,פסט.עוף בגריל יחיעם,קילוגרמים,1.00,"ק""ג",true,,79.00,79.0000,true,1,16381
7290000121093,false,גבינה מון בלאן שוצרית 120 גרם,האי נאם סי או אל.טי.,IL,מון בלאן שויצרית 7%,גרמים,120.00,100 גרם,false,,12.90,0.1075,true,1,18299
7290000121147,false,גבינה מון בלאן לייט 7% פיקנטי 120ג',"שלושת האופים בע""מ",IL,מון בלאן פיקנטי 7% 1,גרמים,120.00,100 גרם,false,,12.90,0.1075,true,1,18301
7290000122607,false,עמק לייט 9% חריץ כשר,,,עמק לייט 9% חריץ כשר,קילוגרמים,1.00,"ק""ג",true,,76.00,76.0000,true,1,27006
7290000128401,false,פטה כבש 24% פיראוס,,,פטה כבש 24% פיראוס,קילוגרמים,1.00,"ק""ג",true,,111.00,111.0000,true,1,27007
7290000133070,false,קשקבל טורקי 22% שומר,,,קשקבל טורקי 22% שומר,קילוגרמים,1.00,"ק""ג",true,,119.00,119.0000,true,1,15530
7290000133087,false,בולג.צאן סופיה 20% ש,,,בולג.צאן סופיה 20% ש,קילוגרמים,1.00,"ק""ג",true,,91.00,91.0000,true,1,15531
7290000133094,false,בריזנה צאן מחלבת שומ,,,בריזנה צאן מחלבת שומ,קילוגרמים,1.00,"ק""ג",true,,90.00,90.0000,true,1,15532
7290000134147,false,טעם וריח מוסקט טחון מיכל 40גר,"תבליני טעם וריח בע""מ",IL,טעם וריח מוסקט טחון,גרמים,40.00,100 גרם,false,,14.90,0.3725,true,1,49574
7290000134314,false,תבלין תיבול לפיצה 120 ג',"תבליני טעם וריח בע""מ",IL,תערובת תיבול לפיצה ט,גרמים,120.00,100 גרם,false,,11.80,0.0983,true,1,49576
7290000134338,false,תבלין אבקת שום טעם ו,"תבליני טעם וריח בע""מ",IL,תבלין אבקת שום טעם ו,גרמים,90.00,100 גרם,false,,12.30,0.1367,true,1,49577
7290000134352,false,תבלין קינמון טחון 90 גר',"תבליני טעם וריח בע""מ",IL,טעם וריח קימנון טחון,גרמים,80.00,100 גרם,false,,11.80,0.1475,true,1,49578
7290000134550,false,טעם וריח עלי דפנה שק,"תבליני טעם וריח בע""מ",IL,טעם וריח עלי דפנה שק,גרמים,20.00,100 גרם,false,,4.60,0.2300,true,1,49583
7290000134673,false,תבלין זנגביל טעם ורי,"תבליני טעם וריח בע""מ",IL,תבלין זנגביל טעם ורי,גרמים,30.00,100 גרם,false,,7.40,0.2467,true,1,49585
7290000134680,false,תבלין קמיל שלם טעם ו,תות ממתקי איכות,IL,תבלין קמיל שלם טעם ו,גרמים,40.00,100 גרם,false,,7.40,0.1850,true,1,134790
7290000134826,false,תבלין זעתר מעורב 100 גר',"תבליני טעם וריח בע""מ",IL,תבלין זעתר טעם וריח,גרמים,100.00,100 גרם,false,,12.30,0.1230,true,1,49588
7290000134833,false,תבלין כמון טחון 100 גר',"תבליני טעם וריח בע""מ",IL,טעם וריח ת.כמון במיכ,גרמים,100.00,100 גרם,false,,11.80,0.1180,true,1,49589
7290000134840,false,תבלין כורכום טחון 100 גר',"תבליני טעם וריח בע""מ",IL,טעם וריח ת.כורכום במ,גרמים,100.00,100 גרם,false,,10.80,0.1080,true,1,49590
7290000134857,false,תבלין פפריקה מתוקה 100 גר',"תבליני טעם וריח בע""מ",IL,טעם וריח ת.פפריקה מת,גרמים,100.00,100 גרם,false,,11.80,0.1180,true,1,49591
7290000134864,false,תבלין פפריקה חריפה 100 גר',"תבליני טעם וריח בע""מ",IL,תבלין פפריקה חריפה ט,גרמים,100.00,100 גרם,false,,11.80,0.1180,true,1,49592
7290000134871,false,תבלין פלפל שחור טחון 100 גר',"תבליני טעם וריח בע""מ",IL,טעם וריח ת. פלפל שחו,גרמים,100.00,100 גרם,false,,16.90,0.1690,true,1,49593
7290000134970,false,תבלין חוואייג טעם ור,"תבליני טעם וריח בע""מ",IL,תבלין חוואייג טעם ור,גרמים,100.00,100 גרם,false,,10.80,0.1080,true,1,49594
7290000134987,false,תבלין פלפל שחור גרוס 90 גר',"תבליני טעם וריח בע""מ",IL,טעם וריח פלפל שחור ג,גרמים,90.00,100 גרם,false,,16.90,0.1878,true,1,49595
7290000135045,false,"XL TEN משקה אנרגיה פתוח ללא סוכר 250 מ""ל","טמפו משקאות בע""מ",IL,אקס אל TEN פחית תפוח,מיליליטרים,250.00,"100 מ""ל",false,,4.90,0.0196,true,1,140147
7290000135625,false,"רביעיית פחיות גולדסטאר 500 מ""ל",טמפו,IL,גולדסטאר פחיות 4*500,ליטר,2.00,ליטר,false,,29.90,14.9500,true,1,311791
7290000136158,false,פפסי מקס 1.5 ליטר פיקדון,פפסי Pepsi,IL,פפסי מקס 1.5 ליטר,ליטר,1.50,ליטר,false,,8.50,5.6667,true,1,356737
7290000136165,false,מירינדה בקבוק 1.5 לי,מירינדה Mirinda,IL,מירינדה 1.5 ליטר,ליטר,1.50,ליטר,false,,8.50,5.6667,true,1,356657
7290000136288,false,סירופ בטעם תפוחים סיידר הגליל JUICER,סיידר הגליל,IL,סיידר הגליל JUICER ס,מיליליטרים,330.00,"100 מ""ל",false,,13.60,0.0412,true,1,435598
7290000136295,false,סירופ בטעם פטל סיידר הגליל JUICER,סיידר הגליל,IL,סיידר הגליל JUICER ס,מיליליטרים,330.00,"100 מ""ל",false,,13.60,0.0412,true,1,435644
7290000136301,false,סירופ בטעם ענבים סיידר הגליל JUICER,סיידר הגליל,IL,סיידר הגליל JUICER ס,מיליליטרים,330.00,"100 מ""ל",false,,13.60,0.0412,true,1,435645
7290000136646,false,משקה מאלט תריסר 1.5 ל' נשר,טמפו 7.5%,IL,נשר מאלט 1.5 ליטר,ליטר,1.50,ליטר,false,,9.50,6.3333,true,1,356340
7290000136653,false,משקה מאלט דיאט תריסר 1.5 ל' נשר,טמפו 7.5%,IL,נשר מאלט דיאט 1.5 לי,ליטר,1.50,ליטר,false,,9.50,6.3333,true,1,356355
7290000136660,false,סודה רגיל 1.5 ליטר,טמפו,IL,טמפו סודה 1.5 ליטר,ליטר,1.50,ליטר,false,,4.50,3.0000,true,1,356580
7290000136677,false,פפסי קולה פיקדון 1.5 ליטר,טמפו,IL,פפסי קולה 1.5 ליטר,ליטר,1.50,ליטר,false,,8.50,5.6667,true,1,356707
7290000136684,false,פפסי מקס פיקדון 1.5 ליטר,טמפו,IL,פפסי מקס 1.5 ליטר,ליטר,1.50,ליטר,false,,8.50,5.6667,true,1,356738
7290000136776,false,שישיית פפסי מקס דל קלוריות 1.5 ליטר,פפסי Pepsi,IL,פפסי מקס 6*1.5 ליטר,ליטר,9.00,ליטר,false,,38.90,4.3222,true,1,356739
7290000136790,false,מארז סודה שישייה 1.5 ל' טמפו,טמפו 7.5%,IL,טמפו סודה 6*1.5 ליטר,ליטר,9.00,ליטר,false,,19.60,2.1778,true,1,356485
7290000136844,false,מארז מים מזוככים אקווה נובה שישיית 2 ליטר,אקווה נובה Aqua Nova,IL,אקווה נובה 6*2 ליטר,ליטר,12.00,ליטר,false,,12.90,1.0750,true,1,356385
7290000136851,false,סבן אפ פיקדון 1.5 ליטר,טמפו,IL,סבן אפ 1.5 ליטר,ליטר,1.50,ליטר,false,,8.50,5.6667,true,1,356691
7290000136868,false,שישיית מים מינרלים סאן בנדטו,סאן בנדטו San Benedetto,IL,מים סאן בנדטו 6* 1.5,ליטר,9.00,ליטר,false,,19.70,2.1889,true,1,356386
7290000136875,false,מארז מים מינרלים מוגז 6* 1.5 ל' סאן בנדטו,סאן בנדטו San Benedetto,IL,סאן בנדטו מים מינרלי,ליטר,9.00,ליטר,false,,20.90,2.3222,true,1,356470
7290000136929,false,סודה טמפו אפרסק 1.5 ליטר-,,IL,טמפו סודה אפרסק 1.5,ליטר,1.50,ליטר,false,,4.80,3.2000,true,1,356642
7290000143194,false,"שמפו הוואי+מרכך 2 ב-1 700 מ""ל",,IL,שמפו+מרכך הוואי 700,מיליליטרים,700.00,"100 מ""ל",false,,10.90,0.0156,true,1,8676
7290000143255,false,"שמפו הוואי לשיער רגיל 700 מ""ל",שוורצקוף& הנקל דיסלד,IL,שמפו רגיל הוואי 700,מיליליטרים,700.00,"100 מ""ל",false,,10.90,0.0156,true,1,8679
7290000143279,false,"שמפו הוואי נגד קשקשים 700 מ""ל-אדום",שוורצקוף& הנקל דיסלד,IL,שמפו נגד קשקשים הווא,מיליליטרים,700.00,"100 מ""ל",false,,10.90,0.0156,true,1,8681
7290000144160,false,"שמן זית כתית מעולה מודגש""עץ-הזית"" 750 מ""ל","מרקאולאו, ספרד.אבסה,",IL,שמן זית כתית מעולה א,מיליליטרים,750.00,"100 מ""ל",false,,35.90,0.0479,true,1,31513
7290000144467,false,שמן חמניות מועשר בנוגדי חמצון 1 ל' עץ הזית,"נארז ע""י : א.ג. גילר",GR,שמן חמניות בריאות מה,ליטר,1.00,ליטר,false,,16.90,16.9000,true,1,31517
7290000144474,false,שמן עץ הזית קנולה 1 ליטר בריאות מהטבע,שמן תעשיות,EE,שמן קנולה בריאות עץ,ליטר,1.00,ליטר,false,,16.90,16.9000,true,1,31518
7290000146645,false,הוואי - סבון מוצק שחור מסתורי 100 גרם רביעייה,טרופיקל דגיל קוסמטיק,IL,סבון מוצק שחור מסתור,גרמים,400.00,100 גרם,false,,12.90,0.0323,true,1,8684
7290000146652,false,הוואי - סבון מוצק ורוד רומנטי 100 גרם רביעייה,טרופיקל דגיל קוסמטיק,IL,סבון מוצק ורוד הוואי,גרמים,400.00,100 גרם,false,,12.90,0.0323,true,1,8685
7290000146676,false,הוואי - סבון מוצק לגבר 100 גרם רביעייה,טרופיקל דגיל קוסמטיק,IL,סבון מוצק לגבר הוואי,גרמים,400.00,100 גרם,false,,12.90,0.0323,true,1,8687
7290000146683,false,הוואי - סבון מוצק אפקט דאודורנט 100 גרם רביעייה,טרופיקל דגיל קוסמטיק,IL,סבון מוצק אפקט דאודו,גרמים,400.00,100 גרם,false,,12.90,0.0323,true,1,8688
7290000146928,false,"טום וגרי משחת שיניים בטעם ענבים 50 מ""ל",טרופיקל דגיל קוסמטיק,IL,משחת שיניים טעם ענבי,מיליליטרים,50.00,"100 מ""ל",false,,7.90,0.1580,true,1,8692
7290000146997,false,"טום וג'רי - משחת שיניים מסטיק 50 מ""ל",טרופיקל דגיל קוסמטיק,IL,משחת שיניים טום וגרי,מיליליטרים,50.00,"100 מ""ל",false,,7.90,0.1580,true,1,8693
7290000148380,false,פיסטוק קלוי שקית 200 גרם,"ג'י אנד ג'י בע""מ",IL,פיסטוק קלוי 200 גרם,גרמים,200.00,100 גרם,false,,21.90,0.1095,true,1,13901
7290000148748,false,גרעיני חמניה שקית קליית גת 200 גרם,"ג'י אנד ג'י בע""מ",IL,גרעיני חמניה 200 גרם,גרמים,200.00,100 גרם,false,,6.90,0.0345,true,1,13904
7290000149851,false,סינטבון סבון מארז 460X2ג',יבואן ומשווק: ש. שסט,IL,סינטבון כפול 460גר,גרמים,460.00,100 גרם,false,,11.90,0.0259,true,1,31789
7290000149905,false,טקסטיל שמפו לכביסה ביד 1 ליטר,מיוצר עי קונדיטוריית,IL,טקסטיל שמפו-1 ליטר נ,ליטר,1.00,ליטר,false,,15.90,15.9000,true,1,31790
7290000149943,false,טקסטיל שמפו לכביסה ביד שקית 1 ליטר,סנו,IL,טקסטיל שמפו-שקית 1 ק,אלף,1.00,"ק""ג",false,,15.90,15.9000,true,1,31791
7290000151106,false,פסטרמה אמריקאית,עיצובים 2020 (4.9),IL,אמריקאית ע.טוב,קילוגרמים,1.00,"ק""ג",true,,85.00,85.0000,true,1,21931
7290000153469,false,עוף טוב קציצות עוף קלאסיות 600 גר',מוצרי עוף טוב (2001),IL,עוף טוב קציצות עוף ק,גרמים,600.00,100 גרם,false,,30.90,0.0515,true,1,22014
7290000153698,false,כתף מפולפל ע.טוב,עוף טוב,IL,כתף מפולפל ע.טוב,קילוגרמים,1.00,"ק""ג",true,,99.00,99.0000,true,1,21938
7290000155524,false,"פסטרמה פולנית לק""ג",עיצובים 2020 (4.9),IL,פולנית עוף טוב,קילוגרמים,1.00,"ק""ג",true,,85.00,85.0000,true,1,21939
7290000158105,false,שניצל עוף מיני דינוזאור מעוף שגדל ללא אנטיביוטיקה,מוצרי עוף טוב (2001),IL,עוף טוב שניצל עוף מי,גרמים,700.00,100 גרם,false,,37.90,0.0541,true,1,22032
7290000170053,false,שוקולד פרה חלב 100 גרם,"תופינית בע""מ",IL,שוקולד חלב פרה 100 ג,גרמים,100.00,100 גרם,false,,6.00,0.0600,true,1,24009
7290000174723,false,שוקולית אבקה להכנת משקה שוקו 500 גרם,הנסיך- מפעל לייצור ט,IL,שוקולית 500 גרם,גרמים,500.00,100 גרם,false,,14.90,0.0298,true,1,24017
7290000175760,false,מנציגו כבשים ויליפו,,,מנציגו כבשים ויליפו,קילוגרמים,1.00,"ק""ג",true,,114.00,114.0000,true,1,3462
7290000175777,false,איבריקו ויליפוד31%,,,איבריקו ויליפוד31%,קילוגרמים,1.00,"ק""ג",true,,111.00,111.0000,true,1,3463
7290000175906,false,גאודה עיזים ויליפוד,,,גאודה עיזים ויליפוד,קילוגרמים,1.00,"ק""ג",true,,131.00,131.0000,true,1,3465
7290000176079,false,קפה עלית טורקי עם הל 100 גרם,הנסיך- מפעל לייצור ט,IL,טורקי עלית קפה עם הל,גרמים,100.00,100 גרם,false,,10.50,0.1050,true,1,24020
7290000176116,false,"קפה טורקי עלית וואקום 1 ק""ג",הנסיך- מפעל לייצור ט,IL,טורקי עלית 1קג,אלף,1.00,"ק""ג",false,,80.90,80.9000,true,1,24022
7290000176413,false,קפה נמס עלית 50 גרם,הנסיך- מפעל לייצור ט,IL,עלית נמס 50 גר',גרמים,50.00,100 גרם,false,,10.40,0.2080,true,1,24025
7290000176420,false,קפה נמס אבקתי 200ג עלית,שטראוס קפה בי.וי,IL,קפה נמס עלית פחית 20,גרמים,200.00,100 גרם,false,,22.90,0.1145,true,1,24026
7290000176468,false,קפה נמס נטול קפאין 50 ג' קפה האג,"איי, בי, אינבוו",IL,האג קפה נטול קפאין 5,גרמים,50.00,100 גרם,false,,10.90,0.2180,true,1,24027
7290000178707,false,תפוצ'יפס טבעי 50 גרם,"שטראוס פריטו ליי בע""",IL,תפוציפס טבעי 50 גרם,גרמים,50.00,100 גרם,false,,4.30,0.0860,true,1,25322
7290000178721,false,תפוציפס מלוח 200 גרם,"שטראוס פריטו ליי בע""",IL,תפוציפס טבעי 200 גרם,גרמים,200.00,100 גרם,false,,11.90,0.0595,true,1,25324
7290000185224,false,סילאן בקבוק לחיץ תמר כנרת 650 גר,,IL,סילאן בקבוק לחיץ תמר,גרמים,650.00,100 גרם,false,,13.90,0.0214,true,1,55590
7290000185330,false,סילאן טבעי תמר כנרת 900 גר,טעמי הגליל,IL,סילאן טבעי תמר כנרת,גרמים,900.00,100 גרם,false,,23.90,0.0266,true,1,250824
7290000185590,false,סילאן טבעי בבקבוק לחיץ 650 גרם,חצר כינרת מוצרי תמר,IL,סילאן 100% תמרים טבע,גרמים,635.00,100 גרם,false,,19.90,0.0313,true,1,473449
7290000186030,false,מארז רביעייה מגבוני בתחליב וויטמין E האגיס,קימברלי קלארק,GB,האגיס בייבי ספא מגבו,אין,0.00,יחידה,false,,31.90,0.0000,true,1,9586
7290000186337,false,ניקול שלשיית מטליות לחות לניקוי כללי,עלבד משואות יצחק,IL,ניקול מטליות לחות לנ,אין,0.00,יחידה,false,,24.90,0.0000,true,1,9589
7290000186535,false,נייר טואלט טריו לבן 32 גלילים לילי,קימברלי קלארק ישראל,IL,לילי נייר טואלט טריו,מטרים,537.00,מטר,false,,46.90,0.0873,true,1,9593
7290000186931,false,ניקול כריות קרצוף חתוכות 12 יח',UFO,US,ניקול כריות קרצוף חת,אין,0.00,יחידה,false,,11.90,0.0000,true,1,9597
7290000187860,false,מגבוני טואלט לחים לילי דיספנסר 40יח',עלבד משואות יצחק בעמ,IL,לילי נייר טואלט לח ד,אין,0.00,יחידה,false,,9.90,0.0000,true,1,9601
7290000187921,false,נייר טואלט לבן 32 גלילים לילי,קימברלי קלארק ישראל,IL,"נייר טואלט ""לילי"" לב",מטרים,588.00,מטר,false,,42.90,0.0730,true,1,9604
7290000187938,false,לילי - נייר טואולט נייר טואלט פסטל 32 יח',קימברלי קלארק,IL,"נייר טואלט ""לילי"" פס",מטרים,588.00,מטר,false,,42.90,0.0730,true,1,9605
7290000187952,false,נייר טואלט טריו לילי פרימיום 32גליל,קימברלי קלארק,IL,נייר טאולט לילי טריו,מטרים,537.00,מטר,false,,46.90,0.0873,true,1,9606
7290000188270,false,קליניקס ממחטות אף אולטרא סופט 2*80 דף,פאפלינס,,קליניקס ממחטות אף או,אין,0.00,יחידה,false,,20.90,0.0000,true,1,9609
7290000188355,false,מגבות מטבח ניקול לבנה שישייה,קימברלי-קלארק,IL,מגבות מטבח ניקול לבנ,מטרים,64.80,מטר,false,,13.90,0.2145,true,1,9610
7290000188553,false,קוטקס - מגן תחתון סילק נורמל 60 יח',קימברלי קלארק,CN,מגן תחתון סילק נורמל,אין,0.00,יחידה,false,,20.90,0.0000,true,1,9615
7290000188591,false,קוטקס - מגן תחתון סילק יאנג 60 יח',קימברלי קלארק,CN,מגן תחתון סילק יאנג,אין,0.00,יחידה,false,,20.90,0.0000,true,1,9617
7290000189079,false,"ניקול תבניות אינגליש חזקות ועבות מארז, 7 יח'",בראבו,CN,ניקול תבניות אינגליש,אין,0.00,יחידה,false,,13.90,0.0000,true,1,9622
7290000189192,false,מגבת רב שימושית סופר ניקול 64 דף,קימברלי קולומביה,CO,ניקול מטלית חכמה יומ,יח',64.00,יח',false,,21.90,0.3422,true,1,9624
7290000189260,false,ניקול תבניות מלבניות 5 יח',בראבו,CN,ניקול תבניות מלבניות,אין,0.00,יחידה,false,,13.90,0.0000,true,1,9630
7290000189277,false,תבניות מלבניות גדולות ועמוקות 3 יח,בראבו,CN,ניקול תבניות מלבניות,אין,0.00,יחידה,false,,13.90,0.0000,true,1,9631
7290000189550,false,זוג אשפתון ניקול ענק מתכלה 10 יח,אשפלסט,IL,אשפתון זוג ענק 20,אין,0.00,יחידה,false,,28.90,0.0000,true,1,9638
7290000189598,false,מטליות לחות חד פעמיות לניקוי כללי 50 יח' ניקול,עלבד משואות יצחק בעמ,IL,מטליות לחות חד פעמיו,אין,0.00,יחידה,false,,12.90,0.0000,true,1,9639
7290000189734,false,מטליות לחות לפרקט 10יח' ניקול,עלבד משואות יצחק בעמ,IL,ניקול מטליות לחות לפ,אין,0.00,יחידה,false,,19.90,0.0000,true,1,9644
7290000189871,false,ניקול שקיות אשפה L עם שרוך 55 יח',אשפלסט,IL,אשפתון 55 שקיות,אין,0.00,יחידה,false,,25.90,0.0000,true,1,9647
7290000190068,false,מפיות אירוח לבן 100 יחי' ניקול,חוגלה קימברלי,IL,מפיות לבן ניקול 100,אין,0.00,יחידה,false,,10.90,0.0000,true,1,9650
7290000190150,false,מפיות נייר מודפסות 3 שכבות ניקול 20 יח',PALOMA,SI,מפיות תלת שכבתיות ני,אין,0.00,יחידה,false,,9.90,0.0000,true,1,9651
7290000191225,false,האגיס - רך נולד מידה 2 מוקטן 44 יח',קימברלי קלארק שיווק,IL,האגיס רך נולד מידה 2,אין,0.00,יחידה,false,,37.90,0.0000,true,1,9668
7290000191393,false,מגבוני טישיו רכים שביעייה מולט 100X7יח',,IL,מגבוני מולט לב אדום,אין,0.00,יחידה,false,,23.90,0.0000,true,1,9669
7290000191539,false,ממחטות טישו לילי צבעוני חמישיה,חוגלה קימברלי,IL,לילי צבעוני חמישיה-9,אין,0.00,יחידה,false,,15.90,0.0000,true,1,9671
7290000191652,false,קלינקס ממחטות טישו אולטרא סופט מארז 90X3יח',חוגלה קימברלי,IL,קלינקס קלאסיק ניילון,אין,0.00,יחידה,false,,12.90,0.0000,true,1,9676
7290000191966,false,מגבוני טואלט לח סנסטיב לילי 40יח',עלבד משואות יצחק בעמ,IL,לילי נייר טואלט לח נ,אין,0.00,יחידה,false,,9.90,0.0000,true,1,9679
7290000192581,false,מגבת נייר גליל כפול ניקול 12=6 גליל,,IL,מגבת כפולה ניקול 6=1,מטרים,129.70,מטר,false,,23.90,0.1843,true,1,124695
7290000193083,false,לילי - תחבושות נובה לי 28 יח',חוגלה קימברלי,CZ,תחבושות נובה לי לילי,אין,0.00,יחידה,false,,11.90,0.0000,true,1,9683
7290000193205,false,לילי תחבושות נטורל לילה 20 יח',Ontex,BE,תחבושות אולטרה לילה,אין,0.00,יחידה,false,,18.50,0.0000,true,1,9686
7290000193472,false,לילי מגני תחתון נטורל נורמל 60 יח',חוגלה קימברלי,IL,מגן תחתון נטורל נורמ,אין,0.00,יחידה,false,,18.50,0.0000,true,1,9688
7290000193540,false,לילי אינטימייט מגן תחתון לונג 52יח',חוגלה קימברלי,IL,מגן תחתון נטורל לונג,אין,0.00,יחידה,false,,18.50,0.0000,true,1,9690
7290000193656,false,לילי תחבושות נטורל אולטרה סופר פלוס 24 יח',Ontex,IL,תחבושות נטורל אולטרה,אין,0.00,יחידה,false,,18.50,0.0000,true,1,9693
7290000194837,false,ניקול - שקיות מזון + ידיות קשירה אקסטרה לארג' 200 יח',קילת,CN,ניקול שקיות מזון עם,אין,0.00,יחידה,false,,14.90,0.0000,true,1,9703
7290000195537,false,האגיס - מגבוני האגיס דיילי קר לא מבושם 64 יח' * 4,חוגלה קימברלי,IL,מגבוני האגיס דיילי ק,אין,0.00,יחידה,false,,21.90,0.0000,true,1,9713
7290000195773,false,האגיס - מגבוני האגיס סנסטיב קר לא מבושם 64 יח' * 4,חוגלה קימברלי,IL,מגבוני האגיס סנסטיב,אין,0.00,יחידה,false,,21.90,0.0000,true,1,9717
7290000196039,false,"מפות שולחן איריס ח""פ ניקול 2 יח'",דיספובד,IL,ניקול מפות שולחן זוג,אין,0.00,יחידה,false,,12.90,0.0000,true,1,9719
7290000196763,false,ניקול שקיות לאשפה השקית החזקה 40 יח',אשפלסט,IL,ניקול השקית החזקה,אין,0.00,יחידה,false,,29.90,0.0000,true,1,9723
7290000197029,false,ניקול שקיות ניילון ריצרץ לאחסון 12יח',קילת,IL,ניקול שקיות ניילון ר,אין,0.00,יחידה,false,,17.90,0.0000,true,1,9726
7290000197081,false,ניילון נצמד אריזת חיסכון ניקול 150 מ',אופל,IL,ניילונית נצמד ניקול,מטרים,150.00,מטר,false,,32.90,0.2193,true,1,9727
7290000197326,false,רדיד אלומניום ניקול זוגי 30X7.5מ',אופל,IL,ניקול רדיד אלומיניום,מטרים,15.00,מטר,false,,13.90,0.9267,true,1,9735
7290000197432,false,שקיות אוכל סנדביצ'ון ניקול מארז 150X2יח',אשלפסט תעשיות בעמ,IL,ניקול שקיות אוכל זוג,אין,0.00,יחידה,false,,14.90,0.0000,true,1,9740
7290000197548,false,האגיס פרידום דריי שלב 5 38 יחידות,קימברלי קלארק ישראל,IL,האגיס פרידום דריי של,אין,0.00,יחידה,false,,48.90,0.0000,true,1,9747
7290000197654,false,ניקול אשפתון שקיות אשפה ענקיות 45 יח',"אשפלסט תעשיות בע""מ",IL,אשפתון שקיות אשפה ענ,אין,0.00,יחידה,false,,23.90,0.0000,true,1,9748
7290000197678,false,האגיס פרידום דריי שלב 6 34 יחידות,קימברלי קלארק ישראל,IL,האגיס פרידום דריי ש,אין,0.00,יחידה,false,,48.90,0.0000,true,1,9749
7290000197753,false,ניילון נצמד אנטי בטקריאלי ניקול 30X2מ',GTC,CN,ניקול ניילונית זוג,מטרים,60.00,מטר,false,,13.90,0.2317,true,1,9750
7290000197876,false,ניקול תבנית אלומיניום 4 יח' 2 מכסים,פאלאס,CN,ניקול תבנית אלומיניו,אין,0.00,יחידה,false,,11.90,0.0000,true,1,9752
7290000197883,false,ניקול תבניות אלומיניום 4יח',ארץ ייצור: סין,CN,ניקול תבניות אלומיני,אין,0.00,יחידה,false,,11.90,0.0000,true,1,9753
7290000197951,false,ניקול תבנית אלומיניום ענק 3 יח',פאלאס,IL,ניקול תבנית אלומיניו,אין,0.00,יחידה,false,,11.90,0.0000,true,1,9754
7290000197982,false,רדיד אלומיניום עבה 45 ניקול 7.5 מ' זוגי,אופל,IL,ניקול רדיד אלומיניום,מטרים,15.00,מטר,false,,24.90,1.6600,true,1,9755
7290000197999,false,רדיד אלומיניום עבה ניקול זוגי 30X7.5מ',אופל,IL,ניקול רדיד אלומיניום,מטרים,15.00,מטר,false,,18.90,1.2600,true,1,9756
7290000198031,false,פסטרמה פרגיות ללחמני,,,פסטרמה פרגיות ללחמני,קילוגרמים,1.00,"ק""ג",true,,89.00,89.0000,true,1,268295
7290000201856,false,טיטולים פרימיום שלב 4+ 40 יח' (10-16),חוגלה קימברלי,IL,טיטולים פרימיום שלב,אין,0.00,יחידה,false,,35.90,0.0000,true,1,9766
7290000201863,false,טיטולים פרימיום שלב 5 34 יח',חוגלה קימברלי,IL,טיטולים פרימיום שלב,אין,0.00,יחידה,false,,35.90,0.0000,true,1,9767
7290000204086,false,ניקול כרית קרצוף מארז שלישייה,חוגלה קימברלי,US,ניקול כרית קרצוף,אין,0.00,יחידה,false,,11.90,0.0000,true,1,9790
7290000204147,false,ניקול כריות יפניות 2 ב 1 רביעייה,פלסטו פוליש (ברקן),IL,כריות יפניות 2 ב 1 ר,אין,0.00,יחידה,false,,12.90,0.0000,true,1,9791
7290000204215,false,ניקול כריות יפניות 6 יח',פלסטו פוליש (ברקן),IL,ניקול כריות יפניות 6,אין,0.00,יחידה,false,,12.90,0.0000,true,1,9792
7290000204253,false,מטליות ניקול רב שימושיות 9יח',נועם אורים-קיבוץ אור,IL,מטלית רב שימושית תשע,אין,0.00,יחידה,false,,11.90,0.0000,true,1,9794
7290000204307,false,ניקול מטליות רב שימושיות בגליל 40 יח',נועם אורים-קיבוץ אור,IL,מטליות ניקול 40 רב ש,אין,0.00,יחידה,false,,22.90,0.0000,true,1,9795
7290000204512,false,מטליות לחות לרצפה בניחוח לימון 10 יח' ניקול,עלבד משואות יצחק בעמ,IL,מטליות לחות לרצפה בר,אין,0.00,יחידה,false,,12.90,0.0000,true,1,9796
7290000204611,false,ספוגית הקסם ניקול שישייה,UFO INC,US,ניקול ספוגית הקסם*6,אין,0.00,יחידה,false,,12.90,0.0000,true,1,9797
7290000205526,false,פיסגה שטיפת רצפות 2 ל',"סנו מפעלי ברונוס בע""",IL,פיסגה שטיפת רצפות 2,ליטר,2.00,ליטר,false,,13.90,6.9500,true,1,31793
7290000205915,false,חיתולי האגיס אקסטרה קייר מידה 4 40יח,חוגלה קימברלי,IL,האגיס אקסטרה קייר מי,אין,0.00,יחידה,false,,61.90,0.0000,true,1,9800
7290000207063,false,רסק עגבניות פריכוז 28% 240 גרם יכין,היינץ צפון אמריקה מק,IL,רוטב עגבניות פריכוז,גרמים,240.00,100 גרם,false,,4.90,0.0204,true,1,9338
7290000207162,false,רוטב עגבניות מרכיב טבעי 100 ג' יכין,"זנלכל בע""מ",IL,רוטב עגבניות 100 גרם,גרמים,100.00,100 גרם,false,,2.50,0.0250,true,1,9341
7290000207438,false,עגבניות 2.5 A קוביות 850 גרם יכין,"זנלכל בע""מ",IL,עגבניות לקוביות יכין,גרמים,800.00,100 גרם,false,,10.90,0.0136,true,1,9342
7290000208022,false,עגבניות מרוסקות פריכוז 800 ג' יכין,"זנלכל בע""מ",IL,עגבניות מרוסקות יכין,גרמים,800.00,100 גרם,false,,10.90,0.0136,true,1,9345
7290000208077,false,אפונת גינה רגילה 550 גרם יכין,"זנלכל בע""מ",IL,אפונת גינה גדולה L י,גרמים,335.00,100 גרם,false,,9.90,0.0296,true,1,9347
7290000208114,false,"אפונה וגזר יכין A2 פ""ק בית יוסף","זנלכל בע""מ",IL,אפונת גינה וגזר יכין,גרמים,330.00,100 גרם,false,,9.90,0.0300,true,1,9350
7290000208138,false,סירופ ענבים דיאט 1 ליטר יכין,"זנלכל בע""מ",IL,סירופ דייאט ענבים יכ,ליטר,1.00,ליטר,false,,17.90,17.9000,true,1,9352
7290000208145,false,גרעיני תירס מתוק לייט 550 גרם יכין,"זנלכל בע""מ",IL,גרעיני תירס לייט יכי,גרמים,335.00,100 גרם,false,,9.90,0.0296,true,1,9353
7290000208213,false,שעועית לבנה אפויה A2 ברוטב עגבניות יכין 560ג',היינץ צפון אמריקה מק,IL,שעועית לבנה ברוטב עג,גרמים,355.00,100 גרם,false,,9.90,0.0279,true,1,9355
7290000208220,false,"שעועית צ'לי יכין פ""ק A2 בית יוסף",היינץ צפון אמריקה מק,IL,שעועית צילי חריף יכי,גרמים,355.00,100 גרם,false,,10.90,0.0307,true,1,9356
7290000208312,false,גרעיני תירס מתוק בואקום יכין 400 גר',"זנלכל בע""מ",IL,גרעיני תירס מתוק יכי,גרמים,400.00,100 גרם,false,,7.90,0.0198,true,1,9360
7290000208329,false,גרעיני תירס מתוק 550 גרם יכין,"זנלכל בע""מ",IL,גרעיני תירס מתוק יכי,גרמים,335.00,100 גרם,false,,9.90,0.0296,true,1,9361
7290000208336,false,רסק יכין 240גר 22% יכין בית יוסף,"זנלכל בע""מ",IL,רוטב עגבניות יכין 24,גרמים,240.00,100 גרם,false,,5.50,0.0229,true,1,9362
7290000208343,false,עגבניות מרוסקות שום יכין A2.5 בית יוסף,היינץ צפון אמריקה מק,IL,עגבניות מרוסקות שום,גרמים,800.00,100 גרם,false,,10.90,0.0136,true,1,9363
7290000208350,false,עגבניות מרוסקות בצל 850 גר יכין A 2.5,,IL,עגבניות מרוסקות עם ב,גרמים,800.00,100 גרם,false,,10.90,0.0136,true,1,9364
7290000208367,false,עגבניות מרוסקות בתוספת בזיליקום 800 ג' יכין,זנלכל,IL,עגבניות מרוסקות בזיל,גרמים,800.00,100 גרם,false,,10.90,0.0136,true,1,9365
7290000208404,false,A2 פול מצרי 550 גרם יכין,"זנלכל בע""מ",IL,פול מצרי יכין 550 גר,גרמים,350.00,100 גרם,false,,8.90,0.0254,true,1,9366
7290000208428,false,גרגרי חומוס שלם 550 גרם יכין,"זנלכל בע""מ",IL,חומוס שלם יכין 550 ג,גרמים,290.00,100 גרם,false,,9.90,0.0341,true,1,9367
7290000208480,false,גרעיני תירס מתוק בטעם חמאה 550 גרם יכין,זנלכל,IL,גרעיני תירס בטעם חמא,גרמים,335.00,100 גרם,false,,11.90,0.0355,true,1,9370
7290000208534,false,גרעיני תירס מתוק לילדים 550 גרם יכין,"זנלכל בע""מ",IL,גרעיני תירס קיד מתוק,גרמים,335.00,100 גרם,false,,11.90,0.0355,true,1,9372
7290000208800,false,גרעיני תירס מתוק לילדים 400 גרם יכין,זנלכל,IL,תירס קיד מתוק יכין 4,גרמים,400.00,100 גרם,false,,6.90,0.0173,true,1,9374
7290000208855,false,רוטב לפסטה קלאסי 240 גרם יכין,"זנלכל בע""מ",IL,רוטב לפסטה קלאסי יכי,גרמים,260.00,100 גרם,false,,6.50,0.0250,true,1,9375
7290000208893,false,גרעיני תירס מתוק לייט 400 גרם יכין,היינץ צפון אמריקה מק,IL,תירס לייט יכין 400 ג,גרמים,400.00,100 גרם,false,,6.90,0.0173,true,1,9376
7290000208930,false,עגבניות מרוסקות בתוספת שום 240 גרם יכין,"זנלכל בע""מ",IL,עגבניות מרוסקות עם ש,גרמים,260.00,100 גרם,false,,6.50,0.0250,true,1,9377
7290000208947,false,עגבניות מרוסקות 260 גרם יכין,היינץ צפון אמריקה מק,IL,עגבניות מרוסקות יכין,אין,260.00,יחידה,false,,6.50,0.0250,true,1,9378
7290000208978,false,פריכוז 100 גרם יכין בית יוסף,היינץ צפון אמריקה מק,IL,רוטב עגבניות פריכוז,גרמים,100.00,100 גרם,false,,3.90,0.0390,true,1,9379
7290000209012,false,חומץ הדרים 5% יכין 1,"זנלכל בע""מ",IL,חומץ הדרים 5% יכין 1,ליטר,1.00,ליטר,false,,7.90,7.9000,true,1,9381
7290000209043,false,מיץ לימון משומר 1 ל' יכין,היינץ צפון אמריקה מק,IL,מיץ לימון משומר יכין,ליטר,1.00,ליטר,false,,5.90,5.9000,true,1,9382
7290000209173,false,חומץ סינטטי יכין 1 ל',זנלכל,IL,חומץ סינטטי 5% יכין,ליטר,1.00,ליטר,false,,4.70,4.7000,true,1,9385
7290000209371,false,שלישיית תירס יכין 165 גר OZ 6,היינץ צפון אמריקה מק,IL,תירס שלישיה יכין 3*1,גרמים,495.00,100 גרם,false,,15.90,0.0321,true,1,9393
7290000209388,false,תירס גרגרים לייט וואקום מארז 60X3ג',זנלכל,IL,תירס לייט שלישיה יכי,גרמים,420.00,100 גרם,false,,15.90,0.0379,true,1,9394
7290000209517,false,סירופ דיאט 1 ל ט. לימון,היינץ צפון אמריקה מק,IL,סירופ דייאט לימון יכ,ליטר,1.00,ליטר,false,,17.90,17.9000,true,1,9396
7290000209524,false,ססירופ דיאט פטל יכין 1 ליטר,זנלכל,IL,סירופ דייאט פטל יכין,ליטר,1.00,ליטר,false,,17.90,17.9000,true,1,9397
7290000209531,false,סירופ דיאט אשכוליות 1ל,זנלכל,IL,סירופ דייאט אשכוליות,ליטר,1.00,ליטר,false,,17.90,17.9000,true,1,9398
7290000209579,false,סירופ דיאט אננס 1 ל' יכין,"זנלכל בע""מ",IL,סירופ דייאט אננס יכי,ליטר,1.00,ליטר,false,,17.90,17.9000,true,1,9401
7290000209722,false,רסק עגבניות 28% פריכוז 580 גרם יכין,"זנלכל בע""מ",IL,רוטב עגבניות מרוכז מ,גרמים,580.00,100 גרם,false,,10.90,0.0188,true,1,9405
7290000209906,false,עגבניות מרוסקות בתוספת בצל 240 גרם יכין,זנלכל,IL,עגבניות מרוסקות עם ב,גרמים,260.00,100 גרם,false,,6.50,0.0250,true,1,9406
7290000209944,false,רוטב לעגבניות בסיס לשקשוקה 240 ג' יכין,"זנלכל בע""מ",IL,רוטב לעגבניות לשקשוק,גרמים,260.00,100 גרם,false,,6.50,0.0250,true,1,9408
7290000209951,false,רוטב עגבניות לפיצה 260 גרם יכין,"זנלכל בע""מ",IL,רוטב עגבניות לפיצה י,מיליליטרים,260.00,"100 מ""ל",false,,6.50,0.0250,true,1,9409
7290000209968,false,רוטב עגבניות ללזניה יכין 240 גרם,"זנלכל בע""מ",IL,רוטב ללזניה יכין 240,גרמים,260.00,100 גרם,false,,6.50,0.0250,true,1,9410
7290000210896,false,רוטב לפסטה בולונז 240 גרם יכין,"זנלכל בע""מ",IL,רוטב לפסטה בולונז יכ,גרמים,260.00,100 גרם,false,,6.50,0.0250,true,1,9415
7290000211138,false,סיימן גבינת עיזים הו,,,סיימן גבינת עיזים הו,קילוגרמים,1.00,"ק""ג",true,,189.00,189.0000,true,1,17489
7290000211145,false,סיימן גבינת גאודה במ,,,סיימן גבינת גאודה במ,קילוגרמים,1.00,"ק""ג",true,,119.00,119.0000,true,1,120450
7290000211169,false,"אורז תאילנדי אחד אחד סוגת 1 ק""ג",האי נאם סי או אל.טי.,IL,אורז תאילנדי 1 ק'ג,אלף,1.00,"ק""ג",false,,7.50,7.5000,true,1,19363
7290000211312,false,סוגת אורז מלא פרסי אחד אחד 1 קג,האי נאם סי או אל.טי.,IL,אורז מלא אחד אחד 1קג,אלף,1.00,"ק""ג",false,,9.80,9.8000,true,1,19364
7290000211374,false,קמח חיטה מלא סוגת 1,טחנת קמח דגן-שטיבל,IL,"קמח מלא סוגת 1 ק""ג",אלף,1.00,"ק""ג",false,,7.90,7.9000,true,1,19365
7290000211442,false,"סוגת אורז פרסי קלאסי שקית 1 ק""ג",האי נאם סי או אל.טי.,IL,סוגת אורז פרסי קלאסי,אלף,1.00,"ק""ג",false,,11.50,11.5000,true,1,19367
7290000211503,false,סוכר לבן ארוז בשקית,"סוגת תעשיות בע""מ",IL,"סוכר סוגת לבן 1 ק""ג",אלף,1.00,"ק""ג",false,,4.90,4.9000,true,1,19368
7290000211626,false,"סוגת אורז חיש 1 ק""ג",סוגת תעשיות,IL,"אורז חיש 1 ק""ג",אלף,1.00,"ק""ג",false,,11.90,11.9000,true,1,19369
7290000211985,false,"אורז ריזוטו עגול סוגת 1 ק""ג","סוגת תעשיות בע""מ",IL,סוגת אורז עגול 1קג,אלף,1.00,"ק""ג",false,,12.90,12.9000,true,1,19371
7290000212173,false,וופל טעם שוקולד מנעמים 500 ג',,,ופל שוקו מנעמים 500,גרמים,500.00,100 גרם,false,,9.90,0.0198,true,1,68751
7290000212579,false,וופלים מצופים טעם שוקו 40 יחידות,,,ופל מצופה שוקולד מנע,גרמים,800.00,100 גרם,false,,16.90,0.0211,true,1,26024
7290000212975,false,"ופל שוקו מנעמים 1 ק""",,,"ופל שוקו מנעמים 1 ק""",אלף,1.00,"ק""ג",false,,16.90,16.9000,true,1,68753
7290000225278,false,סיימן מסוג דנבלו 27%,,,סיימן מסוג דנבלו 27%,קילוגרמים,1.00,"ק""ג",true,,79.00,79.0000,true,1,17499
7290000226514,false,עוגת דובוש ריבת חלב 400 גר',קריניציה ויטמינה אס,IL,עוגת היום- דובוש ריב,גרמים,450.00,100 גרם,false,,41.90,0.0931,true,1,69944
7290000226576,false,קפולסקי עוגת טורט מצופה שוקולד,קפולסקי שיווק וקמעונ,IL,עוגת טורט מצופה שוקו,אלף,1.00,"ק""ג",false,,66.90,66.9000,true,1,69947
7290000226613,false,עוגות דובוש מצופה שוקולד 400 גר',קפולסקי שיווק וקמעונ,IL,עוגת דובוש מצופה בטע,גרמים,450.00,100 גרם,false,,41.90,0.0931,true,1,69948
7290000238029,false,"בצק עלים צרפתי מרודד מעדנות 1ק""ג",מיוצר עי קונדיטוריית,IL,"בצק עלים 1ק""ג",אלף,1.00,"ק""ג",false,,23.90,23.9000,true,1,38980
7290000238036,false,מלווח עגול מעדנות 700 ג',מיוצר עי קונדיטוריית,IL,מעדנות מלווח 700גר,גרמים,700.00,100 גרם,false,,17.90,0.0256,true,1,38981
7290000238173,false,מעדנות בורקס גבינה 800גר,מיוצר עי קונדיטוריית,IL,בורקס גבינה מעדנות 8,גרמים,800.00,100 גרם,false,,22.90,0.0286,true,1,38982
7290000238180,false,בורקס תפוחי אדמה מעדנות 800ג',מיוצר עי קונדיטוריית,IL,"בורקס תפו""א 800גר",גרמים,800.00,100 גרם,false,,21.90,0.0274,true,1,38983
7290000243566,false,"שמן קנולה בריאות 750 מ""ל",סקנולה,EE,שמן קנולה בריאות עץ,מיליליטרים,750.00,"100 מ""ל",false,,11.90,0.0159,true,1,31525
7290000244051,false,"סבון נוזלי הוואי מ.טרופי - שלישיה * 500 מ""ל",,,סבון נוזלי טרופי הוו,ליטר,1.50,ליטר,false,,17.90,11.9333,true,1,8694
7290000245089,false,סוד סופט מרכך כביסה סגול 4 ליטר,"הנקל סוד בע""מ",IL,מרכך כביסה סוד סגול,ליטר,4.00,ליטר,false,,18.90,4.7250,true,1,38201
7290000245157,false,סוד סופט מרכך כביסה סנסיישן 4 ליטר,"הנקל סוד בע""מ",IL,מרכך כביסה סוד סנסיי,ליטר,4.00,ליטר,false,,18.90,4.7250,true,1,38202
7290000245270,false,"פרסיל אבקת כביסה סופרא 1.250 ק""ג","הנקל סוד בע""מ",IL,אבקת כביסה פרסיל סופ,אלף,1.25,"ק""ג",false,,15.90,12.7200,true,1,38204
7290000245294,false,"א.כ. פרסיל סופרא שקית 2.5 ק""ג","הנקל סוד בע""מ",IL,אבקת כביסה פרסיל 2.5,אלף,2.50,"ק""ג",false,,26.90,10.7600,true,1,38206
7290000245782,false,סוד סופט מרכך כביסה ורוד 4 ליטר,"הנקל סוד בע""מ",IL,מרכך כביסה סוד ורוד,ליטר,4.00,ליטר,false,,18.90,4.7250,true,1,38217
7290000245799,false,סוד סופט מרכך כביסה כחול 4 ליטר,"הנקל סוד בע""מ",IL,מרכך כביסה סוד כחול,ליטר,4.00,ליטר,false,,18.90,4.7250,true,1,38218
7290000251113,false,פטה עיזים המושבה,,,פטה עיזים המושבה,קילוגרמים,1.00,"ק""ג",true,,105.00,105.0000,true,1,15601
7290000253220,false,שוקולד צ'יפס חום אופנהיימר 260 גר',אופנהיימר,IL,שוקולד צ'יפס אופנהיי,גרמים,260.00,100 גרם,false,,13.90,0.0535,true,1,14776
7290000253251,false,שוקולד צ'יפס לבן אופנהיימר 250 גרם,אופנהיימר,IL,שוקולד צ'יפס לבן אופ,גרמים,250.00,100 גרם,false,,13.90,0.0556,true,1,14777
7290000253374,false,מיני שוקולד צ'יפס - נטיפי שוקולד מריר,אופנהיימר,IL,מיני שוקולד צ'יפס או,גרמים,250.00,100 גרם,false,,15.90,0.0636,true,1,490428
7290000262031,false,נייר טואלט מולט לב 32 גלילים,חוגלה קימברלי,IL,נייר טואלט מולט לב 3,מטרים,563.00,מטר,false,,36.90,0.0655,true,1,9801
7290000262413,false,חיתולי האגיס אקסטרה קייר מידה 5 34יח,חוגלה קימברלי,IL,האגיס אקסטרה קייר מי,אין,0.00,יחידה,false,,61.90,0.0000,true,1,9807
7290000267500,false,קליפות הדר מצופות בשוקולד 200 גרם,"דין שיווק וקלייה בע""",IL,קליפות הדר בציפוי שו,גרמים,200.00,100 גרם,false,,11.90,0.0595,true,1,5259
7290000272443,false,סירופ עסיס דיאט תפוזים צ.טבעי 1 ל',בית-השיטה עסיס תעשיו,IL,סירופ דיאט תפוז עסיס,אין,0.00,יחידה,false,,16.90,0.0000,true,1,21251
7290000272696,false,עסיס מיץ לימון טבעי משומר 1 ל' אסם,בית-השיטה עסיס תעשיו,IL,מיץ לימון משומר עסיס,ליטר,1.00,ליטר,false,,11.90,11.9000,true,1,21253
7290000272726,false,חומץ טבעי 5% עסיס 1 ל' אסם,בית השיטה עסיס תעשיו,IL,חומץ טבעי 5% עסיס 1,ליטר,1.00,ליטר,false,,7.50,7.5000,true,1,21254
7290000285849,false,שוופס סודה 1.5 ליטר,,,שוופס סודה 1.5 ליטר,ליטר,1.50,ליטר,false,,4.50,3.0000,true,1,12207
7290000286228,false,כרית קרצוף לכלים סנו סושי 6יח',סנו מפעלי ברונו בעמ,IL,סנו סושי שישיות כריו,אין,0.00,יחידה,false,,12.90,0.0000,true,1,31794
7290000286297,false,"סנו אנטי קאלק מסיר אבן מקומקום 700 מ""ל",סנו מפעלי ברונוס בעמ,IL,סנו מסיר אבן מקומקום,מיליליטרים,700.00,"100 מ""ל",false,,11.90,0.0170,true,1,31795
7290000286471,false,סנו מדיק ג'ל לניקוי ידיים דמויות סיליקון,nantong health & bey,CN,מדיק היגניק ג'ל לניק,גרמים,30.00,100 גרם,false,,10.90,0.3633,true,1,159203
7290000286549,false,סנו סושי מטליות לניקוי כללי 9 יח',נועם אורים תעשיות בע,IL,סנו סושי מטליות לכל,אין,0.00,יחידה,false,,12.90,0.0000,true,1,31802
7290000286594,false,"סנו איקס לימון במיכל 600 מ""ל",סנו מפעלי ברונוס בעמ,IL,סנו X לימון במיכל 60,גרמים,600.00,100 גרם,false,,10.90,0.0182,true,1,31804
7290000286921,false,"סנוקל רסס וכבס 750 מ""ל",סנו מפעלי ברונוס בעמ,IL,סנוקל רסס כבס,מיליליטרים,750.00,"100 מ""ל",false,,13.90,0.0185,true,1,31811
7290000287102,false,"סנו שמפו שטיחים אירוסול 600 מ""ל",מיוצר עי קונדיטוריית,IL,סנו שמפו שטיחים אירו,מיליליטרים,600.00,"100 מ""ל",false,,22.90,0.0382,true,1,31814
7290000287409,false,סנובון שלישיה תות 3 יח' *55 ג',סנו מפעלי ברונוס בעמ,IL,סנובון שלישיה תות 3*,גרמים,165.00,100 גרם,false,,12.90,0.0782,true,1,31817
7290000287430,false,סנובון צבעוני לאסלה בריח לימון שלישייה,סנו מפעלי ברונו בעמ,IL,סנובון שלישיה צבעוני,גרמים,165.00,100 גרם,false,,12.90,0.0782,true,1,31818
7290000287621,false,"מנקה אסלות סנו אנטי קאלק 750 מ""ל,",מיוצר עי קונדיטוריית,IL,סנו אנטי קאלק W.C מנ,מיליליטרים,750.00,"100 מ""ל",false,,12.90,0.0172,true,1,31823
7290000288017,false,ז'אוול אקונומיקה 1ל'-לימון,"סנו מפעלי ברונוס בע""",IL,סנו זאוול 1ליטר לימו,ליטר,1.00,ליטר,false,,8.90,8.9000,true,1,31830
7290000288024,false,סנו - ז'אוול אקונומיקה בריח לימון 4 ליטר,"סנו מפעלי ברונוס בע""",IL,סנו ז'אוול בריח לימו,ליטר,4.00,ליטר,false,,17.90,4.4750,true,1,31831
7290000288031,false,סנו אקונומיקה 4 ליטר תו תקן,"סנו מפעלי ברונוס בע""",IL,סנו אקנומיקה 4 ל,ליטר,4.00,ליטר,false,,12.50,3.1250,true,1,31832
7290000288048,false,סנו זאוול מרסס מונבלאן 1 ליטר,סנו,IL,סנו ג'אוול מרסס אילנ,ליטר,1.00,ליטר,false,,19.90,19.9000,true,1,31833
7290000288079,false,סנו - ז'אוול אקונומיקה לימון 2 ליטר,"סנו מפעלי ברונוס בע""",IL,סנו זאוול בריח לימון,ליטר,2.00,ליטר,false,,12.90,6.4500,true,1,31834
7290000288086,false,"סנו ז'אוול אבקת ואקונומיקה לימון 600 מ""ל",מיוצר עי קונדיטוריית,IL,אבקת ניקוי ג'אוול לי,גרמים,600.00,100 גרם,false,,12.90,0.0215,true,1,31835
7290000288291,false,סנומט דוחה חרקים 30 טבליות,טרופיקל דגיל תעשיות,IT,סנומט 30 טבליות,אין,0.00,יחידה,false,,14.90,0.0000,true,1,31838
7290000288383,false,"סנו K-500 נמלים ותיקנים 630מ""ל",מיוצר עי קונדיטוריית,IL,K - 500,מיליליטרים,405.00,"100 מ""ל",false,,22.90,0.0565,true,1,31841
7290000288413,false,"סנו - די רולאון דוחה יתושים 50 מ""ל",גוד פוד פרודקטס S.p,IL,סנו די רולאון,מיליליטרים,50.00,"100 מ""ל",false,,20.90,0.4180,true,1,31843
7290000288642,false,סנו - מקסימה מרכך כביסה סנסטיב ורוד 4 ליטר,"סנו מפעלי ברונוס בע""",IL,מרכך כביסה סנו מקסימ,ליטר,4.00,ליטר,false,,23.90,5.9750,true,1,31847
7290000288727,false,"אבקת כביסה מקסימה מאסק 1.25 ק""ג סנו",סנו,IL,סנו מקסימה מאסק 1.25,אלף,1.25,"ק""ג",false,,15.90,12.7200,true,1,31849
7290000289069,false,סנו - ז'אוול מרסס קצף ניקוי בתוספת אקונומיקה בריח לימון 1 ליטר,"סנו מפעלי ברונוס בע""",IL,סנו ג'אוול מרסס לימו,ליטר,1.00,ליטר,false,,19.90,19.9000,true,1,31853
7290000289472,false,סנו סושי שקיות 76*90 50 יח' XXL,מיוצר עי קונדיטוריית,IL,סנו סושי שקיות HD 76,אין,0.00,יחידה,false,,21.90,0.0000,true,1,31855
7290000289496,false,"סנו - ז'אוול ג'ל קרם לניקוי כללי לימון 750 מ""ל",הורביץ סחר,IL,סנו ג'אוול ג'ל קרם ל,מיליליטרים,750.00,"100 מ""ל",false,,12.90,0.0172,true,1,31856
7290000289595,false,"אורביטול משחת שיניים לילדים בטעם תות שדה 145 מ""ל",טרופיקל דגיל תעשיות,IL,משחה לילדים טעם תות,מיליליטרים,145.00,"100 מ""ל",false,,8.90,0.0614,true,1,31858
7290000289601,false,סנו ז'אוול בריח לבנדר 2 ל',"סנו מפעלי ברונוס בע""",IL,אקונומיקה LEVAJ לבנד,ליטר,2.00,ליטר,false,,13.50,6.7500,true,1,134785
7290000289748,false,"סנו פורטה פלוס מסיר שומנים לתנור 750מ""ל","סנו מפעלי ברונוס בע""",IL,סנו פורטה פלוס לתנור,מיליליטרים,750.00,"100 מ""ל",false,,16.90,0.0225,true,1,31860
7290000291857,false,סנו פוליויקס גן עדן 2 ליטר+קרמיקה,סנו,IL,סנו פוליווקס לוטוס 2,ליטר,2.00,ליטר,false,,22.90,11.4500,true,1,31864
7290000291963,false,סנו ז'אוול סמיכה לימון 1 ל',סנו,IL,סנו ז'אוול סמיכה לימ,אין,0.00,יחידה,false,,8.90,0.0000,true,1,31867
7290000292311,false,סנו פוליווקס לרצפות סחלבים 2ל',"סנו מפעלי ברונוס בע""",IL,סנו פוליווקס סחלבים,ליטר,2.00,ליטר,false,,22.90,11.4500,true,1,31870
7290000292687,false,סנובון לאסלה כחול אפרסק נתלה 55X3ג',מיוצר עי קונדיטוריית,IL,סנובון כחול שלישיה,גרמים,165.00,100 גרם,false,,17.90,0.1085,true,1,31876
7290000292915,false,"סנו רסס ונגב אקדח 750מ""ל","סנו מפעלי ברונוס בע""",IL,סנו רסס ונגב אקדח 75,מיליליטרים,750.00,"100 מ""ל",false,,14.90,0.0199,true,1,31877
7290000293530,false,סופג לחות ומונע עובש,סנו,IL,מילוי סופג לחות,מיליליטרים,340.00,"100 מ""ל",false,,13.90,0.0409,true,1,31882
7290000293943,false,סנו אנטי קאלק מסיר אבנית וחלודה 1ל',מיוצר עי קונדיטוריית,IL,סנו אנטי קאלק+מתז 1,ליטר,1.00,ליטר,false,,20.90,20.9000,true,1,31885
7290000294773,false,סנו ז'אוול 4ליטר מונטבלאן קול,"סנו מפעלי ברונוס בע""",IL,סנו ז'אוול בריח אילנ,ליטר,4.00,ליטר,false,,17.90,4.4750,true,1,31891
7290000295121,false,מטליות זיגזג סנו סושי לניקוי רצפות 3יח',עופרטקס,IL,מטלית זיגזג 3יח,אין,0.00,יחידה,false,,12.90,0.0000,true,1,31893
7290000295299,false,סנו סושי כריות הפלא רב תכלתיות רביעייה,סנו מפעלי ברונו בעמ,IL,כריות יפניות סנו סוש,אין,0.00,יחידה,false,,12.90,0.0000,true,1,31894
7290000295367,false,"מקסימה ז'אוול 2.5ק""ג אבקת כביסה מרכז",הורביץ סחר,IL,אבקת כביסה סנו מקסימ,אלף,2.50,"ק""ג",false,,28.90,11.5600,true,1,31898
7290000295404,false,סנו סושי שקית אשפה חזקות 70*50 60 יח',מיוצר עי קונדיטוריית,IL,שקיות אשפה נשלפות סנ,אין,0.00,יחידה,false,,23.90,0.0000,true,1,31899
7290000295503,false,סנו סושי שקיות אוכל מתכלות זוג *150 יח',"אשפלסט תעשיות בע""מ",CN,סנו סושי צמד שקיות א,אין,0.00,יחידה,false,,15.90,0.0000,true,1,31900
7290000295558,false,רדיד אלומיניום סנו סושי זוגי 30X7.5מ',מולינו ניקולי s.p.a,TR,צמד רדיד אלומיניום ק,מטרים,15.00,מטר,false,,12.90,0.8600,true,1,31902
7290000295572,false,"סנו מנקה אסלות 00 זוג * 750 מ""ל",מיוצר עי קונדיטוריית,IL,מנקה אסלות 00 צמד,ליטר,1.50,ליטר,false,,19.90,13.2667,true,1,31904
7290000295794,false,כרית מתכת סנו סושי אל חלד 3יח',,,ספוגיות אל חלד זוג,אין,0.00,יחידה,false,,14.90,0.0000,true,1,31907
7290000295824,false,רדיד אלומיניום סנו סושי 100X0.30מטר,מולינו ניקולי s.p.a,IL,סנו סושי רדיד אלומינ,מטרים,100.00,מטר,false,,60.90,0.6090,true,1,31908
7290000300884,false,סיימן גבינת צ'דר אנג,,,סיימן גבינת צ'דר אנג,קילוגרמים,1.00,"ק""ג",true,,140.00,140.0000,true,1,17538
7290000300900,false,טבעול שניצל תירס 8*750גרם רכיבים טבעיים,עיצובים 2020 (4.8),IL,שניצל תירס טבעול רכי,גרמים,750.00,100 גרם,false,,27.90,0.0372,true,1,22054
7290000302027,false,סיגריות טיים רד פקט,דובק,,טיים רד (פקט),אין,0.00,יחידה,false,,285.00,0.0000,false,1,5133
7290000302102,false,סיגריות מונטנה פילטר,דובק,,מונטנה פילטר,אין,0.00,יחידה,false,,295.00,0.0000,false,1,5137
7290000305882,false,אס הרינג עם ירקות ברוטב עגבניות 120 גרם,"סטארקיסט פודור בע""מ",IL,אס דגים עם ירקות ברו,גרמים,120.00,100 גרם,false,,5.90,0.0492,true,1,28421
7290000313160,false,עוגיות חברים זהבה ו-3 הדובים שוקו' אסם 250 גר',היינץ צפון אמריקה מק,IL,חברים זהבה ושלושת הד,גרמים,250.00,100 גרם,false,,9.50,0.0380,true,1,68189
7290000313290,false,אסם נודלס נודלס אטריות מסולסלות 200גר,תאי פרזידנט פוד בנגק,TH,נודלס אטריות מסולסלו,אין,200.00,יחידה,false,,10.90,0.0545,true,1,21258
7290000318127,false,נקניקיות ביס 380 ג' יחיעם,מעדני יחיעם,IL,נקניקיות ביס 380 גרם,גרמים,380.00,100 גרם,false,,11.40,0.0300,true,1,16421
7290000318165,false,פסטרמה אמיתית צלויה,מעדני יחיעם,IL,פסט.צ.על גחלים יחיעם,קילוגרמים,1.00,"ק""ג",true,,79.00,79.0000,true,1,16389
7290000318288,false,פסט.הודו בדבש יחיעם,מעדני יחיעם,IL,פסט.הודו בדבש יחיעם,קילוגרמים,1.00,"ק""ג",true,,75.00,75.0000,true,1,16390
7290000318479,false,פרושטו בקר יחיעם 100גר,תאי פרזידנט פוד פאבל,IL,פרושטו בקר יחיעם 100,גרמים,100.00,100 גרם,false,,30.90,0.3090,true,1,16429
7290000318493,false,כתףבקר מפולפליחיעם מ,מעדני יחיעם,IL,כתףבקר מפולפליחיעם מ,קילוגרמים,1.00,"ק""ג",true,,115.00,115.0000,true,1,16394
7290000318677,false,סלמי סרוולט 150 ג' יחיעם,מעדני יחיעם,IL,סלמי סרוולט 150גר יח,גרמים,150.00,100 גרם,false,,26.90,0.1793,true,1,16431
7290000318837,false,קורנדביףבקר מעדנ.יחי,מעדני יחיעם,IL,קורנדביףבקר מעדנ.יחי,קילוגרמים,1.00,"ק""ג",true,,120.00,120.0000,true,1,141135
7290000318929,false,סלמי צרפתי יחיעם מעד,מעדני יחיעם,IL,סלמי צרפתי יחיעם מעד,קילוגרמים,1.00,"ק""ג",true,,145.00,145.0000,true,1,16402
7290000318943,false,פסטרמה של פעם 200 גר,תאי פרזידנט פוד פאבל,IL,פסטרמה של פעם 200 גר,גרמים,200.00,100 גרם,false,,22.90,0.1145,true,1,16438
7290000319124,false,סלמי סרוולד יחיעם 25,מעדני יחיעם,IL,סלמי סרוולט 250 גרם,גרמים,250.00,100 גרם,false,,37.90,0.1516,true,1,16441
7290000319131,false,נקניקיות עוף 400 ג' יחיעם,מעדני יחיעם,IL,נקניקיות עוף יחיעם 4,גרמים,400.00,100 גרם,false,,11.40,0.0285,true,1,16442
7290000319520,false,סאלמי צרפתי יחיעם 10,מעדני יחיעם,IL,סאלמי צרפתי יחיעם 10,גרמים,100.00,100 גרם,false,,19.90,0.1990,true,1,16450
7290000319728,false,סלמי איטלקי מפולפל י,מעדני יחיעם,IL,סלמי איטלקי מפולפל י,קילוגרמים,1.00,"ק""ג",true,,77.00,77.0000,true,1,16408
7290000319803,false,קבנוס קלאסי 125 ג' יחיעם,תאי פרזידנט פוד פאבל,IL,קבנוס קלאסי 125גר,גרמים,125.00,100 גרם,false,,14.90,0.1192,true,1,16457
7290000319834,false,קבנוס פפרוני קלאסי 125 ג',תאי פרזידנט פוד פאבל,IL,יחיעם קבנוס פפרוני ק,גרמים,125.00,100 גרם,false,,14.90,0.1192,true,1,16458
7290000319841,false,פסטרמה המעשנה יחיעם,,,"פסטרמה מהמעשנה לק""ג",קילוגרמים,1.00,"ק""ג",true,,79.00,79.0000,true,1,445687
7290000321750,false,"פילה אמנון 5-7 בד""צ",,,"פילה אמנון 5-7 בד""צ",קילוגרמים,1.00,"ק""ג",true,,32.90,32.9000,true,1,56394
7290000327075,false,שישיית סודה בטעם למון ליים 500 מל בקבוק,טמפו 7.5%,IL,סודה בטעם למון ליים,ליטר,3.00,ליטר,false,,16.90,5.6333,true,1,398909
7290000334325,false,ציפס למיקרו מארז שלישיה 125 ג' תפוגן,"תעשיות תפוגן בע""מ",IL,תפוגן ציפס למיקרו מא,גרמים,375.00,100 גרם,false,,15.90,0.0424,true,1,22065
7290000334684,false,טבעות בצל 700 גרם תפוגן,"תעשיות תפוגן בע""מ",IL,טבעות בצל 700 גרם,גרמים,700.00,100 גרם,false,,19.90,0.0284,true,1,22067
7290000334745,false,"אמריקאן צ'יפס תפוגן 1.5 ק""ג","תעשיות תפוגן בע""מ",IL,"אמריקאן ציפס 1.5 ק""ג",אלף,1.50,"ק""ג",false,,28.90,19.2667,true,1,22069
7290000341727,false,אסאדו עגל פולני כשר,,,אסאדו עגל פולני כשר,קילוגרמים,1.00,"ק""ג",true,,79.90,79.9000,true,1,111627
7290000345215,false,תה ויסוצקי קלאסיק 100/1 כחול מעודן,מולינו ניקולי s.p.a,IL,תה ויסוצקי קלאסיק 10,גרמים,100.00,100 גרם,false,,20.90,0.2090,true,1,26032
7290000345260,false,תה ויסוצקי 25 שקיקים 1.5 גרם,מולינו ניקולי s.p.a,IL,תה ויסוצקי קלאסיק 25,גרמים,37.50,100 גרם,false,,8.80,0.2347,true,1,26033
7290000345277,false,תה ויסוצקי קלאסיק 75 יחידות,מולינו ניקולי s.p.a,IL,תה ויסוצקי קלאסיק 1.,גרמים,75.00,100 גרם,false,,13.90,0.1853,true,1,26034
7290000345284,false,תה ויסוצקי קלאסיק טעם עשיר 100/1.5יח',מולינו ניקולי s.p.a,IL,תה ויסוצקי 1.5 קלאסי,גרמים,150.00,100 גרם,false,,20.90,0.1393,true,1,26035
7290000345536,false,תה נענע 25 שקיקים 1.5 גרם,מולינו ניקולי s.p.a,IL,תה נענע 25 שקיות 1.5,גרמים,37.50,100 גרם,false,,19.90,0.5307,true,1,26038
7290000346021,false,חליטת קמומיל בבונג גן קסום 50 שקיקים,בית ויסוצקי,IL,תה קמומיל 50 שקיקים,גרמים,75.00,100 גרם,false,,37.90,0.5053,true,1,26044
7290000346120,false,חליטת קסם הקינמון 25 שקיקים גן קסום,HIQ FOOD PRODUCTS,IL,תה קסם הקנמון 25 שקי,גרמים,62.50,100 גרם,false,,17.90,0.2864,true,1,26045
7290000346137,false,חליטת הילולי פירות 25 שקיקים גן קסום,HIQ FOOD PRODUCTS,IL,תה הילולי פירות 25 ש,גרמים,62.50,100 גרם,false,,17.90,0.2864,true,1,26046
7290000346168,false,תה ויסוצקי חליטת שומר הגן הקסום 25יח',HIQ FOOD PRODUCTS,IL,תה חליטת שומר גן קסו,גרמים,37.50,100 גרם,false,,17.90,0.4773,true,1,26049
7290000346199,false,חליטת פירות היער 25 שקיקים גן קסום,HIQ FOOD PRODUCTS,IL,תה פירות יער 25 שקיק,גרמים,67.50,100 גרם,false,,17.90,0.2652,true,1,26050
7290000346205,false,חליטת קמומיל 25 שקיקים הגן קסום,HIQ FOOD PRODUCTS,IL,תה קמומיל 25 שקיקים,גרמים,37.50,100 גרם,false,,17.90,0.4773,true,1,26051
7290000346212,false,תה בטעם מנטה 25 שקיקים גן קסום,HIQ FOOD PRODUCTS,IL,תה מנטה 25 שקיקים,גרמים,50.00,100 גרם,false,,17.90,0.3580,true,1,26052
7290000346960,false,תה ויסוצקי נענע 1.7 גרם 50יח',בית ויסוצקי,IL,תה נענע 50 שקיקים 1.,גרמים,75.00,100 גרם,false,,33.90,0.4520,true,1,26056
7290000347738,false,תה ירוק נענע 25 שקיקים 1.5 גרם,HIQ FOOD PRODUCTS,IL,תה ירוק נענע 25 שקיק,גרמים,37.50,100 גרם,false,,23.90,0.6373,true,1,26059
7290000347752,false,תה ירוק לימונית ולואיזה 25 שקיקים *1.5 ג'' ויסוצקי,HIQ FOOD PRODUCTS,IL,תה ירוק לימונית ולוא,גרמים,37.50,100 גרם,false,,23.90,0.6373,true,1,26061
7290000363011,false,סלמי קוניאק מובחר טירת צבי במשקל,הנסיך- מפעל לייצור ט,IL,נקניק קוניאק מובחר ט,קילוגרמים,1.00,"ק""ג",true,,75.00,75.0000,true,1,26675
7290000363363,false,קבנוס מיוחד 160 גרםטירת צבי,הנסיך- מפעל לייצור ט,IL,קבנוס מיוחד 160 גרם,גרמים,160.00,100 גרם,false,,19.70,0.1231,true,1,26714
7290000363462,false,סלמי מעושן איטלקי טי,טירת- צבי,IL,סלמי מעושן איטלקי טי,קילוגרמים,1.00,"ק""ג",true,,75.00,75.0000,true,1,26678
7290000363486,false,נקניק תה טירת צבי מע,טירת- צבי,IL,נקניק תה טירת צבי מע,קילוגרמים,1.00,"ק""ג",true,,58.00,58.0000,true,1,26679
7290000364261,false,דקניקים סלסולי כתף בקר 120 ג' טירת צבי,הנסיך- מפעל לייצור ט,IL,סלסולי כתף בקר 120 ג,גרמים,120.00,100 גרם,false,,16.80,0.1400,true,1,26718
7290000364278,false,דקניקים סילסולי סלמי איטלקי 120 ג' טירת צבי,הנסיך- מפעל לייצור ט,IL,סלסולי סלמי איטלקי מ,גרמים,120.00,100 גרם,false,,16.80,0.1400,true,1,26719
7290000364285,false,דקניקים סלסולי פסטרמה הודו 120 ג' טירת צבי,הנסיך- מפעל לייצור ט,IL,טירת צבי סלסולי פסטר,גרמים,120.00,100 גרם,false,,16.80,0.1400,true,1,26720
7290000364292,false,דקניקים סלסולי פסטרמה הודו על גחלים 120 ג' טירת צבי,הנסיך- מפעל לייצור ט,IL,סלסולי פסטרמה גחלים,גרמים,120.00,100 גרם,false,,16.80,0.1400,true,1,26721
7290000364803,false,נקניקיות קרנץ אמריקאי טירת צבי 500 ג',הנסיך- מפעל לייצור ט,IL,נקניקיות קרנץ אמריקא,גרמים,500.00,100 גרם,false,,30.90,0.0618,true,1,26724
7290000364858,false,"נקניקיות עוף טרי 1 ק""ג טירת צבי",הנסיך- מפעל לייצור ט,IL,נקניקיות עוף טרי 1 ק,אלף,1.00,"ק""ג",false,,30.90,30.9000,true,1,26726
7290000364872,false,נקניקיות עוף 400 גרםטירת צבי,טיב טירת צבי 2000,IL,נקניקיות עוף 400 גרם,גרמים,400.00,100 גרם,false,,12.90,0.0323,true,1,26727
7290000364957,false,נקניקיות מיני מיני עוף 700 גרםטירת צבי,הנסיך- מפעל לייצור ט,IL,נקנקיות מיני - מיני,גרמים,700.00,100 גרם,false,,26.90,0.0384,true,1,26728
7290000365046,false,כתף מעושן טירת צבי מ,טירת- צבי,IL,כתף מעושן טירת צבי מ,קילוגרמים,1.00,"ק""ג",true,,90.00,90.0000,true,1,26684
7290000365398,false,חזה הודו בדבשטירת צבי,טירת- צבי,IL,חזה הודו בדבש ט.צבי,קילוגרמים,1.00,"ק""ג",true,,79.00,79.0000,true,1,26690
7290000365909,false,פסטרמה הודו מעושנתטירת צבי,טירת- צבי,IL,פסט.טבעית ט.צבי מעדנ,קילוגרמים,1.00,"ק""ג",true,,79.00,79.0000,true,1,26694
7290000365954,false,פסט.על גחלים ט.צבי מ,טירת- צבי,IL,פסט.על גחלים ט.צבי מ,קילוגרמים,1.00,"ק""ג",true,,79.00,79.0000,true,1,26695
7290000367590,false,צמד כפרי סלמי+פסטרמה 800 גרם טירת צבי,טיב טירת צבי 2000,IL,צמד כפרי נק.סלמי+פסט,גרמים,800.00,100 גרם,false,,27.90,0.0349,true,1,26730
7290000369341,false,לאבנה אבו גוש ניצן מ,גבינות ניצן,IL,לאבנה אבו גוש ניצן מ,קילוגרמים,1.00,"ק""ג",true,,49.00,49.0000,true,1,6777
7290000369365,false,בולגרית למריחה עם חציל 200 גר,"ניצן מותגי מזון בע""מ",IL,ניצן גבינה מתובלת 9%,גרמים,200.00,100 גרם,false,,14.90,0.0745,true,1,6787
7290000369617,false,כדורי מעדן גבינה בשמן 225 ג' ניצן,"ניצן מותגי מזון בע""מ",IL,ניצן כדורי פטה בשמני,גרמים,150.00,100 גרם,false,,18.90,0.1260,true,1,6788
7290000369709,false,ניצן חמאה ט.שונים 10,"ניצן מותגי מזון בע""מ",IL,ניצן חמאה ט.שונים 10,גרמים,100.00,100 גרם,false,,13.90,0.1390,true,1,6789
7290000370161,false,גבינת צ'דר בשלה שקיל,,,גבינת צ'דר בשלה שקיל,קילוגרמים,1.00,"ק""ג",true,,109.00,109.0000,true,1,106977
7290000370239,false,גבינה חצי קשה פיקנטי,,,גבינה חצי קשה פיקנטי,קילוגרמים,1.00,"ק""ג",true,,85.00,85.0000,true,1,127555
7290000370246,false,גבינת גרנה פדנו זנאט,,,גבינת גרנה פדנו זנאט,קילוגרמים,1.00,"ק""ג",true,,135.00,135.0000,true,1,203636
7290000370253,false,מב גבינות גורגונזולה,,,גבינות גורגונזולה אי,קילוגרמים,1.00,"ק""ג",true,,109.00,109.0000,true,1,127556
7290000370284,false,גבינה קשקבל חצי קשה,,,גבינה קשקבל חצי קשה,קילוגרמים,1.00,"ק""ג",true,,100.00,100.0000,true,1,127559
7290000370475,false,מב גבינה כחולה עם עו,,,גבינה כחולה עם עובש,קילוגרמים,1.00,"ק""ג",true,,59.00,59.0000,true,1,221393
7290000370925,false,גבינת גאודה עם עשבי,,,גבינת גאודה עם עשבי,קילוגרמים,1.00,"ק""ג",true,,102.00,102.0000,true,1,390590
7290000371571,false,פסט.פרגיות לבאגט ט.צ,,,פסט.פרגיות לבאגט ט.צ,קילוגרמים,1.00,"ק""ג",true,,79.00,79.0000,true,1,26700
7290000379258,false,חלת קונדיטורית ארוזה 500 ג' אנג'ל,מאפיית שלמה א. אנג'ל,IL,חלת קונדיטורית אנגל,גרמים,500.00,100 גרם,false,,15.90,0.0318,true,1,69323
7290000382210,false,שקיות גופיה ינות בית,,,שקיות גופיה ינות בית,אין,0.00,יחידה,false,,0.10,0.0000,true,1,43528
7290000382227,false,שקיות גופיה מגה בעיר,,,שקיות גופיה מגה בעיר,אין,0.00,יחידה,false,,0.10,0.0000,true,1,6
7290000403238,false,סיימן ברי איסיני מעד,,,סיימן ברי איסיני מעד,קילוגרמים,1.00,"ק""ג",true,,140.00,140.0000,true,1,17612
7290000408316,false,יוגורט דנונה דל לקטוז 200 גרם,מיוצר עי קונדיטוריית,IL,דנונה טבעי 3% 200מל,מיליליטרים,200.00,"100 מ""ל",false,,3.90,0.0195,true,1,24746
7290000408354,false,יוגורט עם אורז מצופה שוקולד קקאו 175 ג' דנונה,"שטראוס בריאות בע""מ",IL,דנונה קראנצ' פצפוצים,מיליליטרים,175.00,"100 מ""ל",false,,5.20,0.0297,true,1,24747
7290000412481,false,סנו - מנקה אסלות 00 1 ליטר,מיוצר עי קונדיטוריית,IL,מנקה אסלות 1 ליטר 00,ליטר,1.00,ליטר,false,,8.90,8.9000,true,1,31911
7290000416021,false,ממרח שוקולד השחר חלבי 500 גר',השחר העולה,IL,ממרח שוקולד השחר 500,גרמים,500.00,100 גרם,false,,15.90,0.0318,true,1,31060
7290000416045,false,ממרח שוקולד השחר דלי,השחר העולה תעשייות מ,IL,ממרח שוקולד השחר 1 ק,אלף,1.00,"ק""ג",false,,27.90,27.9000,true,1,31062
7290000416618,false,"ממרח שוקולד השחר פרווה בד""צ 400 גר'",השחר העולה תעשייות מ,IL,ממרח שוקולד פרווה הש,גרמים,400.00,100 גרם,false,,12.90,0.0323,true,1,31072
7290000416632,false,"ממרח שוקולד השחר פרווה 1ק""ג",השחר העולה תעשית ממת,IL,ממרח שוקולד פרווה הש,אלף,1.00,"ק""ג",false,,27.90,27.9000,true,1,31073
7290000416854,false,אבקת קקאו השחר העולה 150ג',השחר העולה תעשייות מ,IL,קקאו 150 גר',גרמים,150.00,100 גרם,false,,10.90,0.0727,true,1,31075
7290000418155,false,תחבושות סופר פלוס טופ-פד 16 יח',מוצרי נייר עמיר,IL,.תחבושות טופ-פד סופר,אין,0.00,יחידה,false,,5.90,0.0000,true,1,31597
7290000419107,false,לנדוור מקורי - קפה טחון טורקי 100 גרם,קפה לנדוור בע''מ,IL,לנדוור מקורי קפה טחו,גרמים,100.00,100 גרם,false,,9.90,0.0990,true,1,21259
7290000419220,false,לנדוור כחול המקורי קפה טחון טורקי 3*100 גרם 16 יח',קפה לנדוור,IL,לנדוור כחול המקורי ק,גרמים,300.00,100 גרם,false,,18.90,0.0630,true,1,21261
7290000419374,false,לנדוור לבוקר קפה טחון טורקי 3*100 גרם 16 יח',קפה לנדוור,IL,לנדוור לבוקר קפה טחו,גרמים,300.00,100 גרם,false,,18.90,0.0630,true,1,21262
7290000419909,false,לנדוור לבוקר קפה טחון שחור טורקי 100 גרם,מולינו ניקולי s.p.a,IL,לנדוור לבוקר קפה טחו,גרמים,100.00,100 גרם,false,,9.90,0.0990,true,1,21264
7290000419923,false,לנדוור קפה אספרסו טחון בואקום 200 גר,קפה לנדוור,IL,לנדוור קפה אספרסו טח,גרמים,200.00,100 גרם,false,,21.90,0.1095,true,1,21265
7290000420325,false,פופ קורן טבעי למיקרוגל 5 יח',Preston farms,US,פופסטאר פופקורן טבעי,גרמים,500.00,100 גרם,false,,17.90,0.0358,true,1,6371
7290000420332,false,פופ קורן חמאה למיקרוגל 5יח',Preston farms,US,פופסטאר פופקורן חמאה,גרמים,500.00,100 גרם,false,,17.90,0.0358,true,1,6372
7290000435251,false,סוכריות מיני משמחים עלה 500ג',,IL,מיני משמחים 500 גרם,גרמים,500.00,100 גרם,false,,18.70,0.0374,true,1,367745
7290000436616,false,דובשניות בשקית 180 גר',,,דובשניות ברמן 180 גר,גרמים,180.00,100 גרם,false,,5.90,0.0328,true,1,87610
7290000453019,false,שמרים טריים לאפייה שקית שמרית 50 ג',"פאקא תעשיות בע""מ",IL,שמרית שמרים טריים לא,גרמים,50.00,100 גרם,false,,4.90,0.0980,true,1,24748
7290000453125,false,שמרית שמרים טריים לאפייה +משפר אפייה 100ג,"פאקא תעשיות בע""מ",IL,שמרית שמרים טריים לא,גרמים,100.00,100 גרם,false,,8.50,0.0850,true,1,24749
7290000453408,false,בצק פיצה דק מצונן ומוכן לאפייה שמרית,"פאקא תעשיות בע""מ",FR,שמרית בצק פיצה דק מצ,גרמים,415.00,100 גרם,false,,17.90,0.0431,true,1,159179
7290000453415,false,בצק עלים מצונן ומוכן לאפייה שמרית,"פאקא תעשיות בע""מ",FR,שמרית בצק עלים מצונן,גרמים,300.00,100 גרם,false,,16.90,0.0563,true,1,191558
7290000453422,false,בצק פילו מצונן ומוכן לאפייה שמרית,"פאקא תעשיות בע""מ",FR,שמרית בצק פילו מוכן,גרמים,300.00,100 גרם,false,,16.90,0.0563,true,1,159180
7290000453798,false,שמרית שמרים יבשים אקטיביים 500 גר',"גי' בי' רכיבים בע""מ",IL,שמרים יבשים אקטיביים,גרמים,500.00,100 גרם,false,,14.90,0.0298,true,1,24043
7290000453880,false,מרגרינה ללא מלח לאפיה ובישול שמרית 200גר,"פאקא תעשיות בע""מ",IL,מרגרינה ללא מלח לאפי,גרמים,200.00,100 גרם,false,,4.90,0.0245,true,1,24750
7290000453897,false,מרגרינה בטעם חמאה שימרית 200 ג',גרונבאנג- גרונדנסק א,IL,מרגרינה בטעם חמאה 20,גרמים,200.00,100 גרם,false,,4.90,0.0245,true,1,24751
7290000461047,false,סיימן ברי לה רוסטיק,,,סיימן ברי לה רוסטיק,קילוגרמים,1.00,"ק""ג",true,,199.00,199.0000,true,1,17635
7290000462141,false,סחוג אדום חריף מאוד (מכסה אדום) 150 גרם,קריניסה ויטמין אס אי,IL,סחוג אדום חריף מאוד,גרמים,150.00,100 גרם,false,,8.90,0.0593,true,1,24753
7290000462172,false,סחוג ירוק חריף מאוד מ.ירוק 150 גרם,קריניסה ויטמין אס אי,IL,סחוג ירוק חריף מאוד,גרמים,150.00,100 גרם,false,,8.90,0.0593,true,1,24754
7290000462981,false,זחוק זהבי חריף אש 15,"זהבי הכרם בועז בע""מ-",IL,סחוג חריף אשש 150 גר,גרמים,150.00,100 גרם,false,,8.90,0.0593,true,1,234869
7290000467153,false,צבר חומוס סמיר הגדול 400גר,סלטי צבר,IL,צבר חומוס סמיר הגדול,גרמים,400.00,100 גרם,false,,14.90,0.0373,true,1,22079
7290000469638,false,ספריי מריטו לגיהוץ קל 500 מל,בולטון מניטובה,IT,מריטו ספריי לגיהוץ 5,מיליליטרים,500.00,"100 מ""ל",false,,23.90,0.0478,true,1,23409
7290000472821,false,גבינה צהובה 28% הר,,,גבינה צהובה 28% הר,קילוגרמים,1.00,"ק""ג",true,,31.00,31.0000,true,1,434090
7290000474076,false,חלב 3% טרה 1ל' קרטון מהדרין,טרה,IL,טרה חלב בקרטון 3% 1,ליטר,1.00,ליטר,false,,6.23,6.2300,true,1,7092
7290000474090,false,חלב הומוגני 1% קרטון טרה 1ל',מילקו תעשיות בעמ,IL,טרה חלב בקרטון 1% 1ל,ליטר,1.00,ליטר,false,,5.86,5.8600,true,1,7093
7290000474502,false,גבינה לבנה 5% 250ג' טרה מהדרין,טרה,IL,טרה גבינה לבנה 5% 25,גרמים,250.00,100 גרם,false,,4.98,0.0199,true,1,7102
7290000474540,false,גבינה טוב טעם 3% טרה 250ג' מהדרין,טרה,IL,טוב טעם גבינה 3% 250,גרמים,250.00,100 גרם,false,,12.50,0.0500,true,1,7103
7290000474830,false,גבינה צהובה מגורדת 28% שומן 500 ג' נעם,מילקו תעשיות בעמ,IL,נעם גבינה צהובה מגור,גרמים,500.00,100 גרם,false,,35.50,0.0710,true,1,7104
7290000480107,false,קוואקר שיבולת שועל פחית 500 גר',וולקרס סנקס לימיטד,GB,"קוואקר מהיר אטוס לל""",גרמים,500.00,100 גרם,false,,14.90,0.0298,true,1,25327
7290000480442,false,קוואקר שיבולת שועל שקית 500 גר',פריטו ליי FRITO-LAY,IL,שיבולת שועל בשקית קו,גרמים,500.00,100 גרם,false,,14.50,0.0290,true,1,25328
7290000481029,false,עשיריית פיתות תנעמי,יוניליוור גרמניה Gm,IL,פיתות 10 יחידות בטעם,אלף,1.00,"ק""ג",false,,13.90,13.9000,true,1,213470
7290000481043,true,עשיריית פיתות כוסמין,,,עשיריית פיתות כוסמין,גרמים,700.00,100 גרם,false,,16.90,0.0241,true,1,282880
7290000481074,false,לחם משלושה קמחים מלאים 750 גר,דגנית עין בר,IL,לחם טריו מלא דגנית 7,גרמים,750.00,100 גרם,false,,19.90,0.0265,true,1,443944
7290000481180,false,לחם מחמצת שאור דגנית,דגנית עין בר,IL,לחם מחמצת שאור דגנית,גרמים,550.00,100 גרם,false,,18.90,0.0344,true,1,506138
7290000481197,false,לחם מחמצת גרעינים וש,דגנית עין בר,IL,לחם מחמצת גרעינים וש,גרמים,550.00,100 גרם,false,,18.90,0.0344,true,1,506139
7290000481531,false,דגנית עין בר לחמניות אצבע מחיטה מלאה בשקית 750 ג',יוניליוור גרמניה Gm,IL,לחמניות 10 יחידות חי,גרמים,750.00,100 גרם,false,,14.90,0.0199,true,1,5072
7290000481883,false,דגנית עין בר מארז לחמניות 10 יח'*75 ג',יוניליוור גרמניה Gm,IL,10 לחמניות דגנית,גרמים,750.00,100 גרם,false,,14.90,0.0199,true,1,5076
7290000482033,false,שקיות קוקי ענק בתנור ובמיקרוגל 5 יח,הנסיך- מפעל לייצור ט,IL,שקיות קוקי ענק בתנור,אין,0.00,יחידה,false,,14.90,0.0000,true,1,23411
7290000484747,false,עראק עלית 700 מל 40% כהל,יקב הגליל שווק בעמ,IL,"עלית הארק 40% 700 מ""",מיליליטרים,700.00,"100 מ""ל",false,,60.90,0.0870,true,1,31152
7290000490311,false,קרמבו מנבו וניל 144 ג',,,מנבו וניל 6 יחידות,גרמים,144.00,100 גרם,false,,12.90,0.0896,true,1,39647
7290000490762,false,מאגדת גלידל שוקו 8 יח דיאט,הגלידות של פלדמן,IL,גלידל מאגדת בטעם שוק,גרמים,400.00,100 גרם,false,,34.90,0.0872,true,1,140024
7290000493176,false,אבקת רוטב צלי לבשר 22ג' אסם,"אסם השקעות בע""מ",IL,אסם אבקת רוטב צלי לב,גרמים,22.00,100 גרם,false,,3.90,0.1773,true,1,21294
7290000496360,false,פילה בקלה דרום אפרי,,,פילה בקלה דרום אפרי,קילוגרמים,1.00,"ק""ג",true,,43.90,43.9000,true,1,336017
7290000496780,false,פילה אמנון 5-7 80% ק,,,פילה אמנון 5-7 80% ק,קילוגרמים,1.00,"ק""ג",true,,34.90,34.9000,true,1,487088
7290000504209,false,"סוכרזית דיאט טיפ נוזלי 220 מ""ל",אף.סי תבליני בגליל ב,IL,דיאט טיפ-ממתיק,מיליליטרים,220.00,"100 מ""ל",false,,19.90,0.0905,true,1,24051
7290000504261,false,סוויט דיאט כמו סוכר ממתיק אבקתי 65ג',סוכרזית Sucrazit,IL,כמו סוכר ממתיק אבקתי,גרמים,100.00,100 גרם,false,,26.90,0.2690,true,1,24052
7290000504278,false,סוכרזית - קלאסי פטנט 700 טבליות,אף.סי תבליני בגליל ב,IL,סוכרזית פטנט 700 טבל,גרמים,574.00,100 גרם,false,,14.90,0.0260,true,1,24053
7290000507383,false,בולגרית 5% פנחס אמית,,,בולגרית 5% פנחס אמית,קילוגרמים,1.00,"ק""ג",true,,80.00,80.0000,true,1,17679
7290000511010,false,פרמז`נו בגלגל ויליפו,,,פרמז`נו בגלגל ויליפו,קילוגרמים,1.00,"ק""ג",true,,133.00,133.0000,true,1,3477
7290000511212,false,גבינה ערקית המושבה.,,,גבינה ערקית המושבה.,קילוגרמים,1.00,"ק""ג",true,,80.00,80.0000,true,1,15603
7290000511706,false,גבינת גאודה עם כמון,,,גבינת גאודה עם כמון,קילוגרמים,1.00,"ק""ג",true,,90.00,90.0000,true,1,3480
7290000518251,false,מתוק וקל ממתיק זהב 100 שקיות,פתח תקווה,IL,מתוק וקל זהב 100 שקי,גרמים,100.00,100 גרם,false,,12.70,0.1270,true,1,16685
7290000521008,false,"יין אדום יבש סגל 750 מ""ל",כרמי צבי - אחים סגל,IL,אדום יבש סגל.,מיליליטרים,750.00,"100 מ""ל",false,,22.90,0.0305,true,1,10224
7290000521015,false,"יין סגל לבן יבש 750מ""ל","מיוצר ע""י כרמי צבי-",IL,"לבן סגל 750 מ""ל",מיליליטרים,750.00,"100 מ""ל",false,,22.90,0.0305,true,1,10225
7290000521022,false,סגל לבן חצי יבש 750 מל פקדון,"מיוצר ע""י כרמי צבי-",IL,סגל לבן חצי יבש 750,מיליליטרים,750.00,"100 מ""ל",false,,22.90,0.0305,true,1,10226
7290000521428,false,יין מרום גליל שרדונה 750 מל,כרמי צבי-אחים סגל בע,IL,מרום גליל סינגל שרד,מיליליטרים,750.00,"100 מ""ל",false,,42.90,0.0572,true,1,10237
7290000522166,false,חלב הרים טהור-עמיד- נטול לקטוז 1 לי 3%,"מחלבות רמת הגולן בע""",IL,חלב הרים טהור נ.לקטו,ליטר,1.00,ליטר,false,,10.90,10.9000,true,1,7111
7290000522272,false,"שמנת לקפה 10% שומן 500 מ""ל",מחלבות רמת הגולן,IL,חלב הרים שמנת לקפה 1,מיליליטרים,500.00,"100 מ""ל",false,,9.90,0.0198,true,1,7115
7290000523125,false,מלח הארץ הים האדום 250 ג' עדין,חברת מלח הארץ אילת ב,IL,מלח ים יבש הארץ 250,גרמים,250.00,100 גרם,false,,6.90,0.0276,true,1,26063
7290000523224,false,מלח הארץ הים האדום 500 ג' עדין,חברת מלח הארץ אילת ב,IL,מלח ים יבש הארץ 500,גרמים,500.00,100 גרם,false,,8.90,0.0178,true,1,26064
7290000523514,false,מלח הארץ 50% מכמות הנתרן 250 גרם,חברת מלח הארץ אילת ב,IL,מלח 50% פחות נתרן הא,גרמים,250.00,100 גרם,false,,10.90,0.0436,true,1,26065
7290000523521,false,מלח ים מועשר ביוד 250 ג' מלח הארץ,חברת מלח הארץ אילת ב,IL,מלח מעושר ביוד הארץ,גרמים,250.00,100 גרם,false,,7.90,0.0316,true,1,26066
7290000523804,false,"מלח עדין צנצנת 1 ק""ג מלח הארץ",חברת מלח הארץ אילת ב,IL,מלח עדין בצנצנת הארץ,אלף,1.00,"ק""ג",false,,7.50,7.5000,true,1,26067
7290000523811,false,"צנצנת מלח גס 1 ק""ג מלח הארץ",חברת מלח הארץ אילת ב,IL,מלח גס בצנצנת הארץ 1,אלף,1.00,"ק""ג",false,,7.50,7.5000,true,1,26068
7290000524191,false,עוגיות אנג'ל 350 גרם,,,עוגיות אנג'ל 350 גרם,גרמים,350.00,100 גרם,false,,19.90,0.0569,true,1,118013
7290000525969,false,פרימור סחוט תפוזים טבעי 1ל',"גניר (1992) בע""מ",IL,פרימור מיץ תפוזים 1ל,ליטר,1.00,ליטר,false,,15.90,15.9000,true,1,24759
7290000530024,false,תה מעושן רחב זוגלובק,זוגלובק,IL,תה מעושן זוגלובק,קילוגרמים,1.00,"ק""ג",true,,48.00,48.0000,true,1,42617
7290000530031,false,סלמי פיין צר זוגלובק,,,סלמי פיין צר זוגלובק,קילוגרמים,1.00,"ק""ג",true,,70.00,70.0000,true,1,42618
7290000530048,false,סלמי פפרוני זוגלובק,זוגלובק,IL,סלמי פפרוני זוגלובק,קילוגרמים,1.00,"ק""ג",true,,62.00,62.0000,true,1,42619
7290000530062,false,סלמי מעו. איטלקי זוג,זוגלובק,IL,סלמי מעו. איטלקי זוג,קילוגרמים,1.00,"ק""ג",true,,86.00,86.0000,true,1,42620
7290000530086,false,נקניק סלמי מעושן 600 ג' זוגלובק,זוגלובק,IL,סלמי מעושן 7000 א.מ.,גרמים,600.00,100 גרם,false,,37.90,0.0632,true,1,42664
7290000530109,false,קבנוס זוגי בואקום זוגלובק 180ג',זוגלובק,IL,זוג קבנוס בוואקום 36,גרמים,360.00,100 גרם,false,,34.00,0.0944,true,1,42665
7290000530116,false,נקניק סלמי מעושן בשן 470 ג' זוגלובק,זוגלובק,IL,סלמי מעושן בשן זוגלו,גרמים,470.00,100 גרם,false,,27.90,0.0594,true,1,42666
7290000530192,false,נקניק סרבלד זוגלובק,זוגלובק,IL,נקניק סרבלד זוגלובק,קילוגרמים,1.00,"ק""ג",true,,150.00,150.0000,true,1,42624
7290000530260,false,נקניק מורטדלה זוגלוב,זוגלובק,IL,נקניק מורטדלה זוגלוב,קילוגרמים,1.00,"ק""ג",true,,41.00,41.0000,true,1,42625
7290000530291,false,נקניק מבשר הודו קטן 800 ג' זוגלובק,זוגלובק,IL,זוגלובק נקניק מבשר ה,גרמים,800.00,100 גרם,false,,22.90,0.0286,true,1,42668
7290000530369,false,חזה הודו מעושן גולן,זוגלובק,IL,פסט. גולן 3% זוגלובק,קילוגרמים,1.00,"ק""ג",true,,89.00,89.0000,true,1,42627
7290000530444,false,כתף בקר מעושן זוגלוב,זוגלובק,IL,כתף בקר מעושן זוגלוב,קילוגרמים,1.00,"ק""ג",true,,110.00,110.0000,true,1,42628
7290000530598,false,נקניקיות וינר 500 ג' טרי זוגלובק,זוגלובק,IL,נקניקיות וינר טרי זו,גרמים,500.00,100 גרם,false,,16.90,0.0338,true,1,42673
7290000530703,false,זוג במארז חרמון הודו + סלמי תה זוגלובק 800 גר',זוגלובק,IL,זוג תה 400 + חרמון 4,גרמים,800.00,100 גרם,false,,34.90,0.0436,true,1,42675
7290000531410,false,פסטרממיה בדבש טהור,זוגלובק,IL,פסט. בדבש טהור 3% זו,קילוגרמים,1.00,"ק""ג",true,,89.00,89.0000,true,1,42630
7290000532400,false,ברביקיו חזה הודו זוג,זוגלובק,IL,ברביקיו חזה הודו זוג,קילוגרמים,1.00,"ק""ג",true,,89.00,89.0000,true,1,42631
7290000532721,false,כתף בקר מפולפל טורו,זוגלובק,IL,כתף בקר מפולפל טורו,קילוגרמים,1.00,"ק""ג",true,,110.00,110.0000,true,1,42633
7290000533353,false,"בצק עלים צרפתי 1 ק""ג זוגלובק",מאפיית אריאל וגידרון,IL,זוגלובק בצק עלים 1קג,אלף,1.00,"ק""ג",false,,16.90,16.9000,true,1,42685
7290000533636,false,פסטרמה צלויה על לבני,,,פסטרמה צלויה על לבני,קילוגרמים,1.00,"ק""ג",true,,89.00,89.0000,true,1,42635
7290000534718,false,פסטרמה תבור דל שומן,זוגלובק,IL,תבור חזה מעושן ד.ש.,קילוגרמים,1.00,"ק""ג",true,,89.00,89.0000,true,1,42638
7290000534800,false,פסטרמה רומנית 4% זוג,זוגלובק,IL,פסטרמה רומנית 4% זוג,קילוגרמים,1.00,"ק""ג",true,,89.00,89.0000,true,1,42639
7290000534824,false,חרמון-חזה הודו מעושן,זוגלובק,IL,חרמון 3% זוגלובק במש,קילוגרמים,1.00,"ק""ג",true,,55.00,55.0000,true,1,42640
7290000536316,false,"שניצל מן הצומח זוגלובק 1 ק""ג",זוגלובק,IL,"שניצל מן הצומח 1 ק""ג",אלף,1.00,"ק""ג",false,,30.90,30.9000,true,1,69809
7290000536774,false,"נקניקיות מן הצומח זוגלובק 1ק""ג בד""צ",זוגלובק,IL,"נקניקיה 1 ק""ג בד""ץ.",אלף,1.00,"ק""ג",false,,40.90,40.9000,true,1,118951
7290000537566,false,נקניקיות עוף טרי 400 ג' זוגלובק,זוגלובק,IL,נקניקיות עוף טרי 400,גרמים,400.00,100 גרם,false,,14.90,0.0373,true,1,42699
7290000537603,false,נקניקיות עוף זוגלובק,זוגלובק,IL,"נקנקיות עוף 1 ק""ג -ז",אלף,1.00,"ק""ג",false,,32.90,32.9000,true,1,42700
7290000538099,false,פסט. כפרית 1% זוגלוב,כצט,IL,פסט. כפרית 1% זוגלוב,קילוגרמים,1.00,"ק""ג",true,,89.00,89.0000,true,1,42644
7290000538709,false,סלמי תה מעושן 200 ג' זוגלובק,זוגלובק,IL,תה מעושן 200 גרם,גרמים,200.00,100 גרם,false,,15.90,0.0795,true,1,42707
7290000540009,false,סכין יפני צר כריכה מתכת,,IN,מדליק פחם שקד ראש גפ,אין,0.00,יחידה,false,,6.50,0.0000,true,1,410992
7290000552194,false,קישקע קפוא 500 גרם,טיבון ויל אחזקות בעמ,IL,קישקע קפוא 500 גרם,גרמים,500.00,100 גרם,false,,14.90,0.0298,true,1,18313
7290000552569,false,סטייק בורגר נטו 400 גרם,"טיבון ויל אחזקות בע""",IL,סטייק בורגר 400 ג'-ט,גרמים,400.00,100 גרם,false,,19.90,0.0497,true,1,18314
7290000552934,false,טחון הודו 500 גרם,קרלו,IL,טחון הודו 500 גרם,גרמים,500.00,100 גרם,false,,14.90,0.0298,true,1,18318
7290000552989,false,בשר טחון מובחר 500 גרם,"טיבון ויל אחזקות בע""",IL,בשר עגל טחון קפוא 50,גרמים,500.00,100 גרם,false,,21.90,0.0438,true,1,18319
7290000554402,false,מלבי מעדן חלב גד 170,"מיוצר ע""י קוד יצרן E",IL,"גד מלבי 160 מ""ל",מיליליטרים,160.00,"100 מ""ל",false,,7.00,0.0438,true,1,15443
7290000554457,false,גבינה צפתית מיני 5% גד 350ג',"מחלבות גד בע""מ",IL,גד צפתית מיני 5% 350,גרמים,350.00,100 גרם,false,,22.20,0.0634,true,1,15444
7290000554471,false,גבינת מוצרלה 22% נקניק 180ג' גד,"מחלבות גד בע""מ",IL,גד מוצרלה נקניק טבעי,גרמים,180.00,100 גרם,false,,19.10,0.1061,true,1,15445
7290000554532,false,גבינה צפתית מעודנת במלח ים 5% 200 ג' גד,הנסיך- מפעל לייצור ט,IL,גד צפתית מעודנת במלח,גרמים,200.00,100 גרם,false,,16.90,0.0845,true,1,15446
7290000554600,false,מוצרלה מגורדת 18% 300 גרם - רובין,מחלבות גד בעמ,IL,גד מוצרלה מגורדת %18,גרמים,300.00,100 גרם,false,,28.40,0.0947,true,1,15447
7290000554624,false,ירח מתוק 3% 150 גרם רובין,"מיוצר ע""י קוד יצרן E",IL,גד ירח מתוק 150מל,גרמים,150.00,100 גרם,false,,7.00,0.0467,true,1,15448
7290000554686,false,לאבנה שמן זית וזעתר 5% 250 גרם - רבנות,מחלבות גד בעמ,IL,גד לאבנה בשמן זית וז,גרמים,250.00,100 גרם,false,,16.70,0.0668,true,1,15449
7290000554822,false,גבינת ריקוטה טבעי 5% שומן 250 ג' גד,מחלבות גד בעמ,IL,גד ריקוטה טבעי 5% 25,גרמים,250.00,100 גרם,false,,16.40,0.0656,true,1,15450
7290000554839,false,שמנת מתוקה קשה בסגנון איטלקי 40% שומן 250 ג' גד,מחלבות גד בעמ,IL,גד מסקרפונה 40% 250ג,גרמים,250.00,100 גרם,false,,23.40,0.0936,true,1,15451
7290000560540,false,אדג' ג'ל כתום לעור רגיש 198גרם,המאפיה של הרמן,US,ג'ל גילוח כתום לעור,מיליליטרים,200.00,"100 מ""ל",false,,16.90,0.0845,true,1,6380
7290000561202,false,גרעין חמניה קלוי 200,,,גרעין חמניה קלוי 200,גרמים,200.00,100 גרם,false,,6.90,0.0345,true,1,1611
7290000571119,false,גאודה חריץ בית יצחק,תנובה מרכז שיתופי לש,IL,גאודה טבעי המחלבה,קילוגרמים,1.00,"ק""ג",true,,113.00,113.0000,true,1,27012
7290000571126,false,גאודה כמון חריץ 30%,תנובה מרכז שיתופי לש,IL,גאודה כמון המחלבה,קילוגרמים,1.00,"ק""ג",true,,113.00,113.0000,true,1,27013
7290000571188,false,גבינת גאודה תום עיזים במשקל,תנובה מרכז שיתופי לש,IL,גאודה תום עזים המחלב,קילוגרמים,1.00,"ק""ג",true,,152.00,152.0000,true,1,27014
7290000571294,false,גאודה מעושנת המחלבה,מחלבה בית יצחק,IL,גאודה מעושנת המחלבה,קילוגרמים,1.00,"ק""ג",true,,113.00,113.0000,true,1,27015
7290000571386,false,יוגורמה יוגורט כבשים 850 גר,גבינות משק אחים מאיר,IL,יוגורמה דלי 5% 850 ג,גרמים,850.00,100 גרם,false,,29.90,0.0352,true,1,27382
7290000571881,false,"משקה יוגורט מחלב עיזים 3.6% 500 מ""ל",גבינות משק אחים מאיר,IL,משקה יוגורט מחלב עיז,מיליליטרים,500.00,"100 מ""ל",false,,13.80,0.0276,true,1,135814
7290000572208,false,חלבה חטיף וניל אחווה 100ג',שוורצקוף& הנקל דיסלד,IL,חלוה וניל אחוה 100 ג,גרמים,100.00,100 גרם,false,,3.50,0.0350,true,1,654
7290000572529,false,חלבה פיסטוק מגש אחווה 400ג',אחדות ביחר לטחינה חל,IL,חלוה אגוז אחוה 400 ג,גרמים,400.00,100 גרם,false,,13.90,0.0348,true,1,657
7290000572536,false,אחווה חלווה ווניל במגש 400 גר,אחדות ביחר לטחינה חל,IL,חלוה וניל אחוה 400 ג,גרמים,400.00,100 גרם,false,,11.90,0.0298,true,1,658
7290000572628,false,חטיפי חלווה ללא סוכר בקופסא 250 גרם,שוורצקוף& הנקל דיסלד,IL,חטיפי חלוה ללא תוספת,גרמים,275.00,100 גרם,false,,12.90,0.0469,true,1,661
7290000572673,false,אחווה חטיף חלווה ט.שונים 12*25גר,שוורצקוף& הנקל דיסלד,IL,חטיפי חלוה 50% שומשו,גרמים,300.00,100 גרם,false,,12.90,0.0430,true,1,663
7290000574028,false,לחם שחור מועשר פלוס 750 גר'.,יוניליוור גרמניה Gm,IL,לחם אחיד פרוס מועשר,גרמים,750.00,100 גרם,false,,8.90,0.0119,true,1,191466
7290000574035,false,לחם אחיד פרוס 750ג' דגנית עין בר,יוניליוור גרמניה Gm,IL,לחם אחיד פרוס דגנית,גרמים,750.00,100 גרם,false,,7.11,0.0095,true,1,5082
7290000574066,false,לחם מלא פלוס שיפון 750 ג' דגנית עין בר,יוניליוור גרמניה Gm,IL,לחם מלא עם שיפון דגנ,אין,0.00,יחידה,false,,15.90,0.0000,true,1,5085
7290000574141,false,לחם חיטה מלא 750ג' דגנית עין בר,דגנית עין בר תעשיות,IL,לחם חיטה מלאה דגנית,גרמים,750.00,100 גרם,false,,15.90,0.0212,true,1,5089
7290000574172,false,לחם קל מחיטה מלאה 750 ג' דגנית עין בר,יוניליוור גרמניה Gm,IL,לחם קל חיטה מלאה דגנ,גרמים,750.00,100 גרם,false,,15.90,0.0212,true,1,5091
7290000574455,false,לחם חיטה מלא פלוס כוסמין 750 ג' דגנית עין בר,דגנית עין בר,IL,לחם חיטה מלא+כוסמין,גרמים,750.00,100 גרם,false,,15.90,0.0212,true,1,5104
7290000574509,false,6 לחמניות חצויות דגנ,דגנית עין בר,,6 לחמניות חצויות דגנ,גרמים,450.00,100 גרם,false,,12.90,0.0287,true,1,5105
7290000578085,false,גבינת מוצרלה 21% ויל,,,גבינת מוצרלה 21% ויל,קילוגרמים,1.00,"ק""ג",true,,58.00,58.0000,true,1,3484
7290000604343,false,תמר דקל נור 400גר,,,תמר דקל נור 400גר,גרמים,400.00,100 גרם,false,,9.90,0.0248,true,1,55597
7290000611884,false,כבד עוף טרי ארוז ע.עוז,,,כבד עוף טרי ארוז,קילוגרמים,1.00,"ק""ג",true,,23.90,23.9000,true,1,41523
7290000628170,false,צלי כתף מס' 5 חלק בר,,,צלי כתף מס' 5 חלק בר,קילוגרמים,1.00,"ק""ג",true,,69.90,69.9000,true,1,407666
7290000628194,false,שריר הזרוע 8 חלק ברז,,,שריר הזרוע 8 חלק ברז,קילוגרמים,1.00,"ק""ג",true,,39.90,39.9000,true,1,232101
7290000644783,false,סלמון מנות רביעיה תנ,טרוטל,NO,דגי תנובה נתחי פילה,קילוגרמים,1.00,"ק""ג",true,,89.90,89.9000,true,1,27979
7290000646299,false,פילה נסיכת הנילוס קפוא,דגי תנובה,ZA,פילה נסיכה 100% דגי,קילוגרמים,1.00,"ק""ג",true,,69.90,69.9000,true,1,307090
7290000652177,false,נתחי פילה נסיכת הנילוס קפוא,,,נתחי פילה נסיכה 100%,קילוגרמים,1.00,"ק""ג",true,,69.90,69.9000,true,1,242946
7290000652542,false,פילה אמנון 5-7 100% דג,,CN,פילה אמנון 5-7 100%,קילוגרמים,1.00,"ק""ג",true,,39.90,39.9000,true,1,242917
7290000654546,false,פילה אמנון קפוא 100% דג,תנובה,IL,פילה אמנון 7-9 100%,קילוגרמים,1.00,"ק""ג",true,,39.90,39.9000,true,1,242918
7290000655376,false,פילה דניס קפוא שקיל,,TR,פילה דניס קפוא,קילוגרמים,1.00,"ק""ג",true,,89.90,89.9000,true,1,64244
7290000659312,false,דגי תנובה פילה סלומון קפוא בוואקום,PEQUERA DEL,IL,דגי תנובה פילה סלמון,קילוגרמים,1.00,"ק""ג",true,,79.90,79.9000,true,1,27987
7290000662817,false,סלמון מעושן 100 גרם נורבגי,,צ'ילה (TDE),סלמון מעושן פרוס 100,גרמים,100.00,100 גרם,false,,18.90,0.1890,true,1,282583
7290000663036,false,פילה אמנון קפוא ללא עור 100% דג תנובה,תנובה,IL,פילה אמנון ללא עור 1,קילוגרמים,1.00,"ק""ג",true,,44.90,44.9000,true,1,307075
7290000663166,false,דג פילה הייק דרום אפריקאי,,,פילה הייק דרום אפריק,קילוגרמים,1.00,"ק""ג",true,,49.90,49.9000,true,1,328712
7290000680123,false,כנפיים עוף טרי ארוז,,,כנפיים עוף טרי ארוז,קילוגרמים,1.00,"ק""ג",true,,11.90,11.9000,true,1,123941
7290000680130,false,שוקיים עוף טרי ארוז,,,שוקיים עוף טרי ארוז,קילוגרמים,1.00,"ק""ג",true,,32.90,32.9000,true,1,123942
7290000680147,false,כרעיים עוף טרי ארוז,,,כרעיים עוף טרי ארוז,קילוגרמים,1.00,"ק""ג",true,,27.90,27.9000,true,1,123943
7290000680178,false,ירכיים עוף טרי ארוז,,,ירכיים עוף טרי ארוז,קילוגרמים,1.00,"ק""ג",true,,27.90,27.9000,true,1,123946
7290000680185,false,פילה עוף טרי ארוז,,,פילה עוף טרי ארוז,קילוגרמים,1.00,"ק""ג",true,,37.90,37.9000,true,1,123947
7290000680444,false,עוף שלם טרי ארוז,,,עוף שלם טרי ארוז,קילוגרמים,1.00,"ק""ג",true,,19.90,19.9000,true,1,123949
7290000680451,false,כבד עוף טרי ארוז.,,,כבד עוף טרי ארוז.,קילוגרמים,1.00,"ק""ג",true,,23.90,23.9000,true,1,123940
7290000680529,false,שניצל עוף טרי ארוז,,,שניצל עוף טרי ארוז,קילוגרמים,1.00,"ק""ג",true,,37.90,37.9000,true,1,123954
7290000688374,false,"שישיית מי עדן קטקטים 250 מ""ל","מי עדן בע""מ",IL,"מי עדן בייבי 330 מ""ל",ליטר,1.98,ליטר,false,,15.90,8.0303,true,1,12212
7290000688381,false,שישיית מי עדן פקק ספורט 0.5 ליטר,"מי עדן בע""מ",IL,מי עדן פקק ספורט 6*5,ליטר,3.00,ליטר,false,,14.90,4.9667,true,1,12213
7290000688466,false,מי עדן GYM בקבוק ספו,מופק ממקור בזלתי עדן,IL,מי עדן ג'ים 750מל,מיליליטרים,750.00,"100 מ""ל",false,,2.90,0.0039,true,1,12214
7290000688503,false,"שישיית מי עדן ג'ים 750 מ""ל","מי עדן בע""מ",IL,מי עדן ג'ים 6*750מל,ליטר,4.50,ליטר,false,,16.90,3.7556,true,1,12215
7290000692227,false,נוזל כלים פלמוליב צילינדר קלאסי 1 ליטר,יבואן ומשווק: ש. שסט,GR,פלמוליב לכלים קלאסי-,אין,0.00,יחידה,false,,14.90,0.0000,true,1,23416
7290000692456,false,אג'קס חלונות זוג 750*2 מל ספריי ורפיל,הנסיך- מפעל לייצור ט,GR,אגקס חלונות זוג,ליטר,1.50,ליטר,false,,27.90,18.6000,true,1,23419
7290000731135,false,כתף עגל כשר טרי,,,כתף עגל כשר טרי,קילוגרמים,1.00,"ק""ג",true,,89.90,89.9000,true,1,2135
7290000731138,false,פילה מדומה עגל כשר ט,,,פילה מדומה עגל כשר ט,קילוגרמים,1.00,"ק""ג",true,,89.90,89.9000,true,1,2138
7290000739247,false,פסט. איטלקית זוגלובק,,,פסט. איטלקית זוגלובק,קילוגרמים,1.00,"ק""ג",true,,89.00,89.0000,true,1,42649
7290000796793,false,בשר ראש בקר קפוא כשר,,,בשר ראש בקר קפוא כשר,קילוגרמים,1.00,"ק""ג",true,,79.90,79.9000,true,1,475062
7290000803067,false,"אלמקס משחת שיניים לילדים 75 מ""ל",הנסיך- מפעל לייצור ט,PL,משחת שיניים לילדים א,מיליליטרים,75.00,"100 מ""ל",false,,16.90,0.2253,true,1,23423
7290000803180,false,מרידול מי פהשטיפה דנטלית 400 מל,קולגייט פלמוליב,CH,מי פה דנטלית מרידול,מיליליטרים,400.00,"100 מ""ל",false,,32.90,0.0822,true,1,23424
7290000835954,false,פילה אמנון 5-7 בוואק,,,פילה אמנון 5-7 בוואק,קילוגרמים,1.00,"ק""ג",true,,27.90,27.9000,true,1,227437
7290000900313,false,פסט. ספרדית ט.צבי מע,,,פסט. ספרדית ט.צבי מע,קילוגרמים,1.00,"ק""ג",true,,79.00,79.0000,true,1,26701
7290000900436,false,טירת צבי פסטרמה איטל,,,פסט.איטלקית ט.צבי מע,קילוגרמים,1.00,"ק""ג",true,,79.00,79.0000,true,1,26704
7290000909387,false,"אבאל ניוקי תפו""א 1 ק",Ciemme Alimentari SR,IT,"ניוקי אבאל 1 ק""ג",אלף,1.00,"ק""ג",false,,11.90,11.9000,true,1,80829
7290000910291,false,פלפל צ`ילי,,,פלפל צ`ילי,גרמים,100.00,100 גרם,false,,7.90,0.0790,true,1,55602
7290000934678,false,אנטריקוט עגל כשר טרי,,,אנטריקוט עגל כשר טרי,קילוגרמים,1.00,"ק""ג",true,,149.90,149.9000,true,1,2147
7290000934701,false,טחון עגל כשר טרי,,,טחון עגל כשר טרי,קילוגרמים,1.00,"ק""ג",true,,49.90,49.9000,true,1,2154
7290000934727,false,צלי כתף עגל כשר טרי,,,צלי כתף עגל כשר טרי,קילוגרמים,1.00,"ק""ג",true,,89.90,89.9000,true,1,2160
7290000934730,false,צלעות עגל כשר טרי,,,צלעות עגל כשר טרי,קילוגרמים,1.00,"ק""ג",true,,79.90,79.9000,true,1,2163
7290000982355,false,סיימן צ`דר טריפל למע,,,סיימן צ`דר טריפל למע,קילוגרמים,1.00,"ק""ג",true,,140.00,140.0000,true,1,17829
7290000982393,false,סיימן ברס בלו במשקל,,,סיימן ברס בלו במשקל,קילוגרמים,1.00,"ק""ג",true,,199.00,199.0000,true,1,17831
7290001041123,false,שקדים מולבנים פרוסים 100גרם,מיה תעשיות מזון,IL,מיה שקד מולבן פרוס 1,גרמים,100.00,100 גרם,false,,12.80,0.1280,true,1,52567
7290001041161,false,"שעועית לבנה יבשה מיה 1 ק""ג","מיה תעשיות מזון בע""מ",IL,שעועית 1 ק'ג,אלף,1.00,"ק""ג",false,,15.90,15.9000,true,1,52571
7290001041260,false,שומשום מיה 400 גרם,"מיה תעשיות מזון בע""מ",IL,שומשום מיה 400 גרם,גרמים,400.00,100 גרם,false,,13.90,0.0348,true,1,15648
7290001041277,false,פירורי לחם רגיל מיה 400ג ',,,פרורי לחם 400 גרם,גרמים,400.00,100 גרם,false,,7.90,0.0198,true,1,67762
7290001041291,false,לקקן סוכריה על מקל 70יח',מיה תעשיות מזון בעמ,IL,לקקנים סוכריות על מק,גרמים,70.00,100 גרם,false,,17.90,0.2557,true,1,15650
7290001045169,false,פרימור סחוט תפוחי עץ צלול 1 ל',"גניר (1992) בע""מ",IL,פרימור מיץ תפוחים צל,ליטר,1.00,ליטר,false,,15.90,15.9000,true,1,24760
7290001045688,false,"תפוזים סחוט 400 מ""ל פרימור",פרימור,IL,פרימור מיץ תפוזים 40,מיליליטרים,400.00,"100 מ""ל",false,,7.90,0.0197,true,1,24765
7290001121054,false,יחיעם צמד חמד 700 גר,תאי פרזידנט פוד פאבל,IL,יחיעם צמד חמד 700 גר,גרמים,700.00,100 גרם,false,,24.90,0.0356,true,1,16461
7290001121979,false,יחיעם סלמי הרץ 150 ג,תאי פרזידנט פוד פאבל,IL,יחיעם סלמי הרץ 150ג,גרמים,150.00,100 גרם,false,,26.90,0.1793,true,1,16472
7290001123775,false,שווארמה פרגיות 500 ג',"טיבול ויל אחזקות בע""",IL,שווארמה פרגיות 500 ג,גרמים,500.00,100 גרם,false,,26.90,0.0538,true,1,18325
7290001136287,false,"נקה 7 שמפו לשיער רגיל 750 מ""ל","אמיליה קוסמטיקס בע""מ",IL,שמפו רגיל ירוק נקה 7,מיליליטרים,750.00,"100 מ""ל",false,,12.90,0.0172,true,1,31914
7290001136294,false,"שמפו נקה 7 לשיער יבש אדום 750מ""ל","אמיליה קוסמטיקס בע""מ",IL,שמפו יבש אדום נקה 7,מיליליטרים,750.00,"100 מ""ל",false,,12.90,0.0172,true,1,31915
7290001136362,false,נקה 7 תחליב רחצה אלוורה ארומה ירוק 1 ל',מיוצר בסין.יבוא ושיו,IL,תחליב רחצה אלוורה ות,אין,0.00,יחידה,false,,16.60,0.0000,true,1,31917
7290001136683,false,"מרכך לשיער רגיל ירוק 750 מ""ל נקה 7","אמיליה קוסמטיקס בע""מ",IL,מרכך רגיל ירוק נקה 7,מיליליטרים,750.00,"100 מ""ל",false,,12.90,0.0172,true,1,31919
7290001136973,false,נקה 7 תחליב רחצה ארומה קמומיל לבן 1 ל',טרופיקל דגיל תעשיות,IL,תחליב רחצה קמומיל נק,אין,0.00,יחידה,false,,16.60,0.0000,true,1,31921
7290001201589,false,ביצים אריזון 12 גדול,"מ.לסר בע""מ",IL,12 ביצים L מ.לסר,אין,0.00,יחידה,false,,12.05,0.0000,true,1,14640
7290001201596,false,ביצים אריזון 12 בינוני,לסר,IL,12 ביצים M מ.לסר,אין,0.00,יחידה,false,,11.15,0.0000,true,1,14641
7290001201657,false,ביצים אומגה 30 יח בי,לסר,IL,30 ביצים M אומגה 3 מ,אין,0.00,יחידה,false,,41.90,0.0000,true,1,14645
7290001201824,false,תבנית ביצים 12 יח' לארג' אורגני,לסר,IL,12 ביצים L אורגני מ,אין,0.00,יחידה,false,,23.90,0.0000,true,1,14648
7290001201862,false,ביצי חופש לארג' 12 יחידות,לסר,IL,12 ביצים חופש L מ. ל,אין,0.00,יחידה,false,,19.90,0.0000,true,1,14650
7290001201893,false,ביצים אומגה M 12 יח,,,12 ביצים M אומגה 3,אין,0.00,יחידה,false,,18.90,0.0000,true,1,96000
7290001216040,false,טחינה 500 גרם טחינת אל-ארז,דולפין ספא,IL,טחינה אל ארז 100% שו,גרמים,500.00,100 גרם,false,,15.90,0.0318,true,1,38170
7290001216057,false,"טחינה גולמית אל ארז 1 ק""ג",טחינה אל ארז,IL,טחינה אל ארז 100% שו,אלף,1.00,"ק""ג",false,,29.90,29.9000,true,1,38171
7290001216101,false,"טחינה מלא ""אל ארז"" 1 ק""ג",טחינה אל ארז,IL,טחינה אל ארז 100% שו,אלף,1.00,"ק""ג",false,,32.90,32.9000,true,1,455427
7290001216231,false,טחינה גולמית שומשום מלא אל ארז 500ג',דולפין ספא,IL,טחינה מלאה 100% שומש,גרמים,500.00,100 גרם,false,,16.90,0.0338,true,1,38178
7290001245699,false,אקונומיקה סמיכה בניחוח לימון 4 ל' טאצ',,,ג'ל אקונומיקה סמיכה,ליטר,4.00,ליטר,false,,13.90,3.4750,true,1,150144
7290001245705,false,אקונומיקה מבושמת טאצ' 4 ליטר,סאסאטק,IL,אקונומיקה מבושמת 4 ל,ליטר,4.00,ליטר,false,,10.90,2.7250,true,1,150145
7290001245712,false,אקונומיקה 4 ליטר טאצ,,,אקונומיקה טאצ' 4 ליט,ליטר,4.00,ליטר,false,,10.90,2.7250,true,1,150146
7290001245736,false,ג'ל כביסה כחול טאצ' 3 ליטר סלקט,,,ג'ל כביסה כחול 3 ליט,ליטר,1.00,ליטר,false,,18.90,18.9000,true,1,150148
7290001245798,false,נוזל כלים לימון טאצ' 18% 1.6 ליטר,,,נוזל כלים לימון 18%,ליטר,1.60,ליטר,false,,10.90,6.8125,true,1,150176
7290001245828,false,נוזל כלים קלאסי טאצ' 18% 1.6 ליטר,,,נוזל כלים קלאסי 18%,ליטר,1.60,ליטר,false,,10.90,6.8125,true,1,150178
7290001245842,false,נוזל רצפות מאסק 4 ל' טאצ,,,נוזל רצפות מאסק 4 לי,ליטר,4.00,ליטר,false,,13.90,3.4750,true,1,176438
7290001245897,false,נוזל רצפות יסמין 4 ל' טאצ,,,נוזל רצפות יסמין 4 ל,ליטר,4.00,ליטר,false,,13.90,3.4750,true,1,176440
7290001245965,false,מרכך כביסה כחול טאצ' 4 ליטר,,,מרכך כביסה טאצ' כחול,ליטר,4.00,ליטר,false,,14.90,3.7250,true,1,150154
7290001245972,false,מרכך כביסה לבן טאצ' 4 ליטר,,,מרכך כביסה טאצ' לבן,ליטר,4.00,ליטר,false,,14.90,3.7250,true,1,150155
7290001245989,false,מרכך כביסה סגול טאצ' 4 ליטר,,,מרכך כביסה טאצ' סגול,ליטר,4.00,ליטר,false,,14.90,3.7250,true,1,150156
7290001246061,false,מרכך מרוכז פרפיום פנטזי טאצ 1ל',סאסאטק,IL,מרכך פרימיום פנטזי 1,ליטר,1.00,ליטר,false,,13.90,13.9000,true,1,150158
7290001246078,false,מרכך מרוכז פרפיום סנשואל טאצ' 1 ל',סאסאטק,IL,מרכך פרימיום סנשואל,ליטר,1.00,ליטר,false,,13.90,13.9000,true,1,150159
7290001246085,false,טאצ' מרסס ניקוי חלונות 1 ליטר,,,תרסיס מנקה חלונות 1,ליטר,1.00,ליטר,false,,6.90,6.9000,true,1,150160
7290001246115,false,"טאצ' תרסיס מסיר עובש 750 מ""ל",,,תרסיס מסיר עובש 750,מיליליטרים,750.00,"100 מ""ל",false,,13.90,0.0185,true,1,150181
7290001246122,false,"תרסיס ניקוי כללי+ אקונומיקה 750 מ""ל טאצ",סאסאטק,IL,תרסיס לניקוי כללי 75,מיליליטרים,750.00,"100 מ""ל",false,,13.90,0.0185,true,1,150182
7290001246139,false,חיטוי פירות וירקות 1 ליטר טאצ',,,חיטוי פירות וירקות 1,ליטר,1.00,ליטר,false,,14.90,14.9000,true,1,150161
7290001246146,false,מסיר אבן 1 ליטר טאצ',,,מסיר אבן 1 ליטר טאצ',ליטר,1.00,ליטר,false,,14.90,14.9000,true,1,150162
7290001246290,false,"תרסיס רסס נגב 750 סמ""ק טאצ",סאסאטק,IL,תרסיס רסס נגב טאצ' 7,מיליליטרים,750.00,"100 מ""ל",false,,13.90,0.0185,true,1,192950
7290001246528,false,מרכך כביסה מרוכז פרפיום מיסטרי טאצ' 1 ל',סאסאטק,IL,מרכך כביסה מרוכז פרפ,ליטר,1.00,ליטר,false,,13.90,13.9000,true,1,193011
7290001246634,false,"טאצ' נוזל אסלות ע""ב חומצה 1 ליטר",,,נוזל אסלות על בסיס ח,ליטר,1.00,ליטר,false,,8.90,8.9000,true,1,193017
7290001246764,false,נוזל רצפות ספא מפנק טאצ' 2 ליטר,,,נוזל רצפות ספא מפנק,ליטר,2.00,ליטר,false,,18.90,9.4500,true,1,193019
7290001247068,false,קרטונית נקטר ספרינג תות בננה 1 ליטר,"יפאורה תבורי בע""מ",IL,ספרינג תות בננה קרטו,ליטר,1.00,ליטר,false,,6.90,6.9000,true,1,12218
7290001247082,false,קרטונית נקטר ספרינג עגבניות 1 ליטר,"יפאורה תבורי בע""מ",IL,ספרינג עגבניות קרטונ,ליטר,1.00,ליטר,false,,6.90,6.9000,true,1,12220
7290001247099,false,קרטונית נקטר ספרינג מנגו 1 ליטר,"יפאורה תבורי בע""מ",IL,ספרינג מנגו קרטונית,ליטר,1.00,ליטר,false,,6.90,6.9000,true,1,12221
7290001247105,false,קרטונית נקטר ספרינג אפרסק 1 ליטר,"יפאורה תבורי בע""מ",IL,ספרינג נקטר אפרסק 1ל,ליטר,1.00,ליטר,false,,6.90,6.9000,true,1,12222
7290001247112,false,קרטונית נקטר ספרינג לימונענע 1 ליטר,"יפאורה תבורי בע""מ",IL,ספרינג לימונענע קרטו,ליטר,1.00,ליטר,false,,6.90,6.9000,true,1,12223
7290001247129,false,נקטר ספרינג תפוזים קרטונית 1 ל',"יפאורה תבורי בע""מ",IL,ספרינג תפוז קרטונית,ליטר,1.00,ליטר,false,,6.90,6.9000,true,1,12224
7290001247143,false,נקטר ספרינג תפוחים קרטונית 1 ל',"יפאורה תבורי בע""מ",IL,ספרינג תפוח קרטונית,ליטר,1.00,ליטר,false,,6.90,6.9000,true,1,12226
7290001274934,false,מאגדת גלידל פרי למון ליים 8 יח,הגלידות של פלדמן,IL,פופסיקל בטעם לימון 8,גרמים,640.00,100 גרם,false,,29.90,0.0467,true,1,39652
7290001305188,false,פלמוליב כלים שקוף לימון 750 בקבוק חדש,יבואן ומשווק: ש. שסט,GR,פלמוליב לכלים פריחת,מיליליטרים,750.00,"100 מ""ל",false,,12.90,0.0172,true,1,23428
7290001327180,false,שטראוס קרמיסימו וניל ציפ 1.33 ליטר,"גלידת שטראוס בע""מ, ר",IL,קרמיסימו וניל ציפ 1.,ליטר,1.33,ליטר,false,,21.90,16.4662,true,1,4780
7290001343845,false,"גרנולה פירות 1 ק""ג - 845 - ורוד שקדיה",הנסיך- מפעל לייצור ט,IL,גרנולה שיבולת שועל ע,אלף,1.00,"ק""ג",false,,19.90,19.9000,true,1,116829
7290001407127,false,פרוסות חלבה קלאסית וניל 400 גרם,,,פרוסות חלבה וניל באר,גרמים,400.00,100 גרם,false,,17.10,0.0428,true,1,21302
7290001407547,false,טחינה גולמית משומשום מלא פי 6 בארכה 500ג',רושדי תעשיות מזון בע,IL,בארכה טחינה שומשום מ,גרמים,500.00,100 גרם,false,,16.90,0.0338,true,1,21306
7290001407769,false,טחינה גולמית שומשום מלא בארכה 500ג',רושדי תעשיות מזון בע,IL,בארכה טחינה עם שומשו,גרמים,500.00,100 גרם,false,,16.90,0.0338,true,1,21309
7290001407813,false,חלבה שאמית פיסטוק בקטנה בארכה 350ג',רושדי תעשיות מזון בע,IL,חלבה שאמית וניל עם פ,גרמים,350.00,100 גרם,false,,17.10,0.0489,true,1,21310
7290001407837,false,חלבה שאמית קקאו בארכה 350 ג',רושדי תעשיות מזון בע,IL,חלבה שאמית קקאו בארכ,גרמים,350.00,100 גרם,false,,17.10,0.0489,true,1,21312
7290001407844,false,חלווה קלאסית וניל בארכה 350גר,רושדי תעשיות מזון בע,IL,חלבה קלאסית וניל באר,גרמים,350.00,100 גרם,false,,17.10,0.0489,true,1,21313
7290001407936,false,בארכה-טחינה גולמית מעודנת בקבוק לחיץ 310 ג',רושדי תעשיות מזון בע,IL,בארכה טחינה מעודנת 3,גרמים,310.00,100 גרם,false,,12.90,0.0416,true,1,21314
7290001419618,false,וופל בלגי עלמה שחור לבן וניל 200ג',"גילרו בע""מ",IL,וופל עלמה בלגי שוקו,גרמים,200.00,100 גרם,false,,3.90,0.0195,true,1,48554
7290001419779,false,וופל שוקו' עלמה קלאסי 200 גר,"גילרו בע""מ",IL,וופל עלמה קלאסי 200,גרמים,200.00,100 גרם,false,,3.90,0.0195,true,1,48555
7290001427033,false,מיץ תפוחים סחוט טבעי,"פריניב בע""מ",IL,קשת מיץ תפוחים טבעי,ליטר,1.00,ליטר,false,,16.90,16.9000,true,1,49422
7290001427453,false,מיץ תפוחים פינק ליידי קשת 1 ליטר,פרי ניב,IL,מיץ תפוחים מצונן טעם,ליטר,1.00,ליטר,false,,20.90,20.9000,true,1,308610
7290001436790,false,נקנקיות מרגז מיני אקסטרה חריף ארוז בלדי 500 ג',יוליניבר,IL,מרגז מיני אקסטרה חרי,גרמים,500.00,100 גרם,false,,28.90,0.0578,true,1,367780
7290001468159,false,ריבת חלב צנצנת 300 גרם,,,ריבת חלב טופ מותגים,גרמים,330.00,100 גרם,false,,12.00,0.0364,true,1,16769
7290001468753,false,קמח תפוחי אדמה 500 ג' נאמן,תבליני ביטון,IL,קמח תפוח אדמה נאמן 5,גרמים,500.00,100 גרם,false,,6.90,0.0138,true,1,16780
7290001482094,false,גבינה פרמז'נו משולשים ויליפוד 200ג',זנטי אס. אי לאלין,IT,וילי פוד פרמזן משולש,גרמים,200.00,100 גרם,false,,26.90,0.1345,true,1,3556
7290001485019,false,גבינת שמנת 5% טעם טבעי 200 ג' טרה,טרה,IL,טרה גבינת שמנת טבעי,גרמים,200.00,100 גרם,false,,12.60,0.0630,true,1,7117
7290001491010,false,תה ירוק יסמין 25 שקיקים 1.5 גרם,HIQ FOOD PRODUCTS,IL,תה ירוק עם יסמין T.T,גרמים,37.50,100 גרם,false,,23.90,0.6373,true,1,26070
7290001491096,false,תה ירוק בתוספת לימונית ולואיזה 50 שקיקים ויסוצקי,ויסוצקי,IL,תה ירוק בתוספת לימונ,גרמים,75.00,100 גרם,false,,47.90,0.6387,true,1,26071
7290001567555,false,פסטרמה מעודנת עם דבש 300 ג' יחיעם,מעדני יחיעם,IL,פסטרמה מעודנת עם דבש,גרמים,300.00,100 גרם,false,,24.90,0.0830,true,1,367779
7290001567708,false,נקנקיות וינר 400 ג' יחיעם,מעדני יחיעם,IL,נקניקיות עוף 400 גר`,גרמים,400.00,100 גרם,false,,11.40,0.0285,true,1,16474
7290001567760,false,פסטרמה של פעם 300 ג' יחיעם,מעדני יחיעם,IL,פסטרמה של פעם 300 גר,גרמים,300.00,100 גרם,false,,30.90,0.1030,true,1,16480
7290001567814,false,סלמי מעושן בסגנון איטלקי 300 ג' יחיעם,מעדני יחיעם,IL,סלמי מעושן בסגנון אי,גרמים,300.00,100 גרם,false,,28.90,0.0963,true,1,16485
7290001591710,false,המבורגר אנגוס 600 ג' טיבון ויל,טיבון ויל,IL,המבורגר אנגוס טיבון,גרמים,600.00,100 גרם,false,,24.90,0.0415,true,1,402250
7290001591734,false,מרגז נקניקיה בסגנון מרוקאי 500 ג' טיבון ויל,טיבון ויל,IL,נקניקיות מרגז בסגנון,גרמים,500.00,100 גרם,false,,24.90,0.0498,true,1,402252
7290001594230,false,"קינלי סודה בקבוק 250 מ""ל",החברה המרכזית לייצור,IL,סודה קינלי 250 מ'ל,מיליליטרים,250.00,"100 מ""ל",false,,3.90,0.0156,true,1,7131
7290001594377,false,פריגת משקה קל תפוזים,מבשלות בירה בינלאומי,IL,פריגת משקה תפוזים 50,מיליליטרים,500.00,"100 מ""ל",false,,7.50,0.0150,true,1,7603
7290001594858,false,"טובורג רד שישייה בקבוק 330 מ""ל",קרלסברג ישראל,IL,טובורג רד בקבוק פקדו,ליטר,1.98,ליטר,false,,44.90,22.6768,true,1,7615
7290001594865,false,"קרלסברג בירה בקבוק 6* 330 מ""ל",קרלסברג ישראל,IL,קרלסברג בירה בקבוק 6,ליטר,1.98,ליטר,false,,39.90,20.1515,true,1,7616
7290001670057,false,כפיות לבן 100 יחידות,הנמל אריזות ושיווק ב,IL,.סכום ח.פ.כפיות 100י,אין,0.00,יחידה,false,,13.90,0.0000,true,1,8324
7290001670064,false,סכינים חד פעמי לבן 100 יח',בי רייט,CN,סכינים 100יח,אין,0.00,יחידה,false,,13.90,0.0000,true,1,8325
7290001670071,false,כפות חד פעמי לבן 100 יח',הנמל אריזות ושיווק ב,IL,.סכום ח.פ.כפות 100יח,אין,0.00,יחידה,false,,13.90,0.0000,true,1,8326
7290001713150,false,סנט מוריץ מתז אקונומיקה Bleach קצף לימון 1 ליטר,"קומפלקס כימיקלים בע""",IL,אקונומיקה קצף ניקוי,ליטר,1.00,ליטר,false,,13.90,13.9000,true,1,140995
7290001713167,false,סנט מוריץ - מרסס קצף ניקוי 1 ליטר סניטרי אפור,"קומפלקס כימיקלים בע""",IL,קצף לניקוי כלים סניט,ליטר,1.00,ליטר,false,,13.90,13.9000,true,1,140996
7290001813454,false,עוגיות חיוכים חגיגה שוקו 900 ג',אפיפית נצרת תעשיות ב,IL,חיוכים חגיגה שוק 900,גרמים,900.00,100 גרם,false,,20.90,0.0232,true,1,68635
7290001817377,false,צ'יטוס חטיף איקס עיגול פיצה 60 גרם,"שטראוס פריטו ליי בע""",IL,ציטוס איקס עיגול 60ג,גרמים,60.00,100 גרם,false,,3.50,0.0583,true,1,25330
7290001817728,false,צ'יטוס חטיף כאפה קטשופ 55 גרם,"שטראוס פריטו ליי בע""",IL,ציטוס כאפה 55 גרם,גרמים,55.00,100 גרם,false,,3.50,0.0636,true,1,25332
7290001865439,false,פמלי לקשרי 1ליטר וניל טהור +משאבה,אף.סי תבליני בגליל ב,IL,סבון נוזלי וניל + מש,אין,0.00,יחידה,false,,11.90,0.0000,true,1,6400
7290001865453,false,פמלי לקשרי 1ליטר לבנדר ארומטי+משאבה,מיוצר עי קונדיטוריית,TR,סבון נוזלי לבנדר+ מש,אין,0.00,יחידה,false,,11.90,0.0000,true,1,6401
7290001867600,false,"תפו""א בייבי פרימיום",אראל תוצרת חקלאית בע,IL,"תפו""א בייבי פרימיום",קילוגרמים,1.00,"ק""ג",true,,7.90,7.9000,true,1,291404
7290001917527,false,פרש וואנס פדים להסרת איפור 80 יח' *3,על בד,IL,פדיות קוסמטיות פרש ו,אין,0.00,יחידה,false,,20.90,0.0000,true,1,6404
7290001990117,false,שומשום סוגת 100 גרם,האי נאם סי או אל.טי.,IL,שומשום 100 גרם,גרמים,100.00,100 גרם,false,,3.90,0.0390,true,1,19375
7290001990148,false,"סוכר גולדן קלאסי צנצנת 1ק""ג סוגת",האי נאם סי או אל.טי.,IL,סוכר גולדן קלאסי בצנ,אלף,1.00,"ק""ג",false,,13.90,13.9000,true,1,19376
7290001990261,false,"סוגת חומוס 1 ק""ג","סוגת תעשיות בע""מ",IL,"סוגת חומוס 1 ק""ג",אלף,1.00,"ק""ג",false,,15.90,15.9000,true,1,19377
7290001990278,false,"שעועית לבנה סוגת 1 ק""ג","סוגת תעשיות בע""מ",IL,סוגת שעועית לבנה 1 ק,אלף,1.00,"ק""ג",false,,19.90,19.9000,true,1,19378
7290001990391,false,אפונה יבשה 1קג סוגת,"סוגת תעשיות בע""מ",IL,"אפונה 1 ק""ג",אלף,1.00,"ק""ג",false,,12.90,12.9000,true,1,19380
7290001990407,false,"עדשים ירוקים 1 ק""ג סוגת","סוגת תעשיות בע""מ",IL,עדשים ירוקים 1 קג,אלף,1.00,"ק""ג",false,,15.90,15.9000,true,1,19381
7290001990414,false,"עדשים אדומים 1 ק""ג סוגת","סוגת תעשיות בע""מ",IL,סוגת עדשים אדומים 1,אלף,1.00,"ק""ג",false,,15.90,15.9000,true,1,19382
7290001990421,false,"פופקורן גרעינים סוגת 1 ק""ג","סוגת תעשיות בע""מ",IL,"סוגת פופקורן 1 ק""ג",אלף,1.00,"ק""ג",false,,11.90,11.9000,true,1,19383
7290002000266,false,מגע המשי שעווה תפוח למיקרוגל 500 ג',המאפיה של הרמן,IL,שעווה תפוח לחימום במ,גרמים,500.00,100 גרם,false,,19.90,0.0398,true,1,6407
7290002002857,false,מגע המשי נייר דבש 50 יחידות,"איטיליאן פוד, אס.פי.",IL,נייר להסרת שיער מגע,אין,0.00,יחידה,false,,21.90,0.0000,true,1,6418
7290002007234,false,אבקת סוכר 100 ג' הנמל,"מיוצר וארוז ע""י: ר.ס",IL,אבקת סוכר 100ג,גרמים,100.00,100 גרם,false,,2.50,0.0250,true,1,8352
7290002007487,false,צמר פלדה הנמל 100 גר,"איטיליאן פוד, אס.פי.",IL,צמר פלדה 100 גר',גרמים,100.00,100 גרם,false,,4.90,0.0490,true,1,8361
7290002007500,false,קיסמי שיניים במבוק בחבית 500 יח',הנמל אריזות ושיווק ב,CN,קיסמים חבית הנמל 500,יח',500.00,יח',false,,4.90,0.0098,true,1,8362
7290002007890,false,כוסות שתייה קרה 100 יח` 200 PP מל`,אריזות מדף - פלזית,IL,כוס שתיה קרה 100 יח,אין,0.00,יחידה,false,,12.90,0.0000,true,1,8371
7290002007982,false,מזלגות חד פעמי 100 י,הנמל אריזות ושיווק ב,IL,מזלגות חד פעמי 100 י,אין,0.00,יחידה,false,,13.90,0.0000,true,1,8374
7290002008149,false,מדליק פחם מוצק הנמל אריזת 40יח',מ.א.יצור ויבוא מטליו,IL,מדליק פחם מוצק 40 קו,גרמים,300.00,100 גרם,false,,6.90,0.0230,true,1,8384
7290002008187,false,קשים לשתיה מתקפלים 40 יח',"איטיליאן פוד, אס.פי.",CN,קש לשתיה מתקפל 40יח,אין,0.00,יחידה,false,,2.50,0.0000,true,1,8388
7290002008224,false,סוכריות לקישוט צבעונית הנמל 100 ג',ממתקי עלה בעמ,IL,קישוט לעוגה גליד.,גרמים,60.00,100 גרם,false,,6.90,0.1150,true,1,8390
7290002008347,false,קורנפלור 500 ג' הנמל,,,קורנפלור 500 גרם,גרמים,500.00,100 גרם,false,,6.90,0.0138,true,1,8395
7290002008507,false,נייר אפייה 50 יח' הנמל,הנמל אריזות ושיווק ב,IL,נייר אפיה 50יח,אין,0.00,יחידה,false,,10.90,0.0000,true,1,8400
7290002008651,false,קמח תפוח אדמה 500 ג' הנמל,ר.ס. חברה ליבוא וייצ,IL,קמח תפוח אדמה הנמל 5,גרמים,500.00,100 גרם,false,,6.90,0.0138,true,1,8404
7290002008743,false,סוכר וניל 10*10 ג' הנמל,"מיוצר וארוז ע""י: ר.ס",IL,סוכר וניל 10*10 גרם,גרמים,100.00,100 גרם,false,,3.50,0.0350,true,1,8405
7290002008750,false,אבקת אפיה הנמל מארז 10X10 ג',"מיוצר ע""י:ר.ס. חברה",IL,אבקת אפיה 10*10 גרם,גרמים,100.00,100 גרם,false,,3.50,0.0350,true,1,8406
7290002008989,false,קישקשים קשים לשתיה 225יח הנמל,הנמל אריזות ושיווק ב,CN,קישקשים 225 יח,אין,0.00,יחידה,false,,10.90,0.0000,true,1,8414
7290002026341,false,בטטה צ'יפס רגיל אריסטו קראנץ 500 ג',האי נאם סי או אל.טי.,CA,אריסטו קראנץ-ציפס בט,גרמים,500.00,100 גרם,false,,16.90,0.0338,true,1,134764
7290002026440,false,פרצלס בייגלה בראנץ אנד קראנץ 280 ג',מוצרי איכות אמריקאיי,IL,פרצלס קפוא 280 גרם,גרמים,280.00,100 גרם,false,,10.90,0.0389,true,1,15115
7290002026587,false,וופל בלגי פרווה בראנץ אנד קראנץ 8 יח',בראנץ' אנד קראנץ Brunch& Crunch,BE,בראנץ אנד קראנץ וופל,גרמים,28.00,100 גרם,false,,17.90,0.6393,true,1,200879
7290002043102,false,פריכיות 7 זרעי על אריזת חיסכון 200 גרם,מימונס אפיה,BG,פריכיות 7 זרעי על אר,גרמים,200.00,100 גרם,false,,17.30,0.0865,true,1,249610
7290002043188,false,ציפס אורז חום מלא צי'לי חריף אקסטרא 60 ג',מימונס אפיה,BG,אקסטרא צ'יפס אורז חו,גרמים,60.00,100 גרם,false,,8.90,0.1483,true,1,288301
7290002043225,false,ציפס אורז חום מלא פפריקה אקסטרא 60 ג',מימונס אפיה,BG,צ'יפס פפריקה אקסטרה,גרמים,60.00,100 גרם,false,,8.90,0.1483,true,1,249581
7290002043324,false,ציפס אורז חום מלא צי,,,צ'יפס מלח ים אקסטרה,גרמים,25.00,100 גרם,false,,5.10,0.2040,true,1,249772
7290002043379,false,ציפס אורז חום מלא עדשים שחורות 60 גרם,,BG,צ'יפס פרוטאין עדשים,גרמים,60.00,100 גרם,false,,8.90,0.1483,true,1,249982
7290002043782,false,ציפס אורז חום מלא טקסס ברביקיו אקסטרא 60 ג',מימונס אפיה,BG,צ'יפס טקסס ברבקיו אק,גרמים,60.00,100 גרם,false,,8.90,0.1483,true,1,249582
7290002043829,false,פריכיות מלח הימלאיה אריזת חיסכון 200 גרם,מימונס אפיה,BG,פריכיות מלח היהמלאיה,גרמים,200.00,100 גרם,false,,17.30,0.0865,true,1,249611
7290002043881,false,חטיף אורז אקסטרה שוקולד מריר תפוז 90 גרם,,,אקסטרה חטיף אורז חום,גרמים,90.00,100 גרם,false,,13.90,0.1544,true,1,488054
7290002053088,false,אטריות ביצים מס 8 200 גר,פ.פ.ח טאביט,PL,אטריות ביצים מס' 8 א,גרמים,210.00,100 גרם,false,,7.90,0.0376,true,1,4017
7290002053095,false,אטריות ביצים מס 10 200 ג',פ.פ.ח טאביט,PL,אטריות ביצים מס' 10,גרמים,200.00,100 גרם,false,,7.90,0.0395,true,1,4018
7290002053538,false,נודלס תאילנדי אורינטל 400 גר + 25% תוספת,פ.פ.ח. טאביה ספ זאו.או,PL,נודלס אוריינט 400 גר,גרמים,500.00,100 גרם,false,,14.90,0.0298,true,1,190840
7290002057031,false,זיתים מבוקע פיקנטי A2 יבנה 560 ג',קבוצת יבנה,IL,זיתים מבוקעים פיקנטי,גרמים,560.00,100 גרם,false,,9.90,0.0177,true,1,30134
7290002057123,false,זיתים ירוקים חרוזית מנזנילו A-2,קבוצת יבנה,IL,זיתים חרוזית ירוק קב,גרמים,275.00,100 גרם,false,,10.90,0.0396,true,1,30141
7290002057185,false,טבעות זיתים ירוקים 560 ג' יבנה,קבוצת יבנה,IL,טבעות זיתים ירוקים ק,גרמים,540.00,100 גרם,false,,9.90,0.0183,true,1,30145
7290002057352,false,מלפפון במלח 7-9 560 ג' יבנה,אף.סי תבליני בגליל ב,IL,מלפפונים במלח 7-9 ק,גרמים,560.00,100 גרם,false,,7.90,0.0141,true,1,30150
7290002057369,false,מלפפון במלח ‏12‏-‏10‏ 560 ג' יבנה,קבוצת יבנה,IL,מלפפון במלח 10-12 קב,גרמים,560.00,100 גרם,false,,8.90,0.0159,true,1,30151
7290002057376,false,מלפפון במלח ‏17‏-‏13‏ 560 ג' יבנה,קבוצת יבנה,IL,מלפפון במלח 13-17 קב,גרמים,560.00,100 גרם,false,,10.90,0.0195,true,1,30152
7290002057383,false,מלפפון במלח ‏25‏-‏18‏ 560 ג' יבנה,קבוצת יבנה,IL,מלפפון 18-25במלח קבו,גרמים,560.00,100 גרם,false,,12.90,0.0230,true,1,30153
7290002057437,false,שיפקונית קבוצת יבנה,קבוצת יבנה,IL,שיפקונית קבוצת יבנה,גרמים,560.00,100 גרם,false,,10.90,0.0195,true,1,266382
7290002057475,false,מלפפונים בחומץ 13-17 קטן A2 יבנה 540ג',קבוצת יבנה,IL,מלפפון בחומץ 13-17 ק,גרמים,560.00,100 גרם,false,,10.90,0.0195,true,1,30157
7290002057628,false,טבעות זיתים מושחר יבנה 540 גרם,קבוצת יבנה,IL,זיתים טבעות מושחר קב,גרמים,275.00,100 גרם,false,,9.90,0.0360,true,1,30161
7290002065555,false,לחמניה אנג'ל ארוכה שקית 6יח,מאפיית שלמה א. אנג'ל,IL,6 לחמניות רכות אנגל,גרמים,450.00,100 גרם,false,,11.90,0.0264,true,1,69369
7290002065616,false,לחם שיפון גרעינים 750 ג' אנג'ל,מאפיית שלמה א. אנג'ל,IL,שיפון גרעינים אנגל 7,גרמים,750.00,100 גרם,false,,14.90,0.0199,true,1,69370
7290002065623,false,לחם שיפון אנגל גרעיני כפרי,מאפיית שלמה א. אנג'ל,IL,לחם שיפון כפרי אנגל,גרמים,750.00,100 גרם,false,,14.90,0.0199,true,1,69371
7290002077725,false,סלומון נורווגי מצונן דלידג 100ג',וי קינג V King,IL,סלמון מעושן 100 גרם,גרמים,100.00,100 גרם,false,,22.90,0.2290,true,1,113613
7290002079033,false,לחם דגנים לייט פרוס 500 גר,מאפיית דוידוביץ ובני,IL,לחם דגנים לייט ללא ת,גרמים,500.00,100 גרם,false,,13.90,0.0278,true,1,491739
7290002079156,false,5 פיתות 500 גרם,מאפיית דוידוביץ,,5 פיתות 500 גרם,גרמים,500.00,100 גרם,false,,8.90,0.0178,true,1,497558
7290002079927,false,לחם דגנים מלא דוידוב,מאפיית אחדות חיפה(93,IL,לחם דגנים מלא דוידוב,גרמים,750.00,100 גרם,false,,14.90,0.0199,true,1,491916
7290002107071,false,צוריאל פטה עיזים מעודנת גביע 16% 200ג,מחלבת משק צוריאל,IL,צוריאל פטה עיזים מעו,גרמים,200.00,100 גרם,false,,26.20,0.1310,true,1,7137
7290002107798,false,גבינה בולגרית מעודנת 5% צוריאל 250ג',מחלבת משק צוריאל,IL,צוריאל בולגרית מעודנ,גרמים,250.00,100 גרם,false,,24.10,0.0964,true,1,7143
7290002107965,false,טבורוג גבינה לאפייה 5% צוריאל 500 ג',מחלבת משק צוריאל,IL,צוריאל טבורוג גבינה,גרמים,500.00,100 גרם,false,,26.90,0.0538,true,1,7144
7290002111139,false,"רסק תפו""ע לל""ס A2 פרי מבורך 550 גר'",זנלכל,IL,"רסק תפו""ע דיאט פרי מ",גרמים,560.00,100 גרם,false,,10.90,0.0195,true,1,9423
7290002111474,false,אפונה גדולה A2 פרי מבורך 600ג',זנלכל,IL,אפונת גדולה פרי מבור,גרמים,335.00,100 גרם,false,,8.90,0.0266,true,1,9427
7290002111511,false,"אפונה וגזר A2 פרי מבורך 550ג' בד""צ.",זנלכל,IL,אפונה וגזר פרי מבורך,גרמים,550.00,100 גרם,false,,8.90,0.0162,true,1,9429
7290002111634,false,חומוס פרי מבורך 550 גר A2,זנלכל,IL,חומוס שלם פרי מבורך,גרמים,550.00,100 גרם,false,,9.90,0.0180,true,1,9430
7290002111764,false,"שעועית לבנה ברוטב עגבניות A2 פ""מ עד""ח",זנלכל,IL,שעועית לבנה ברוטב עג,גרמים,580.00,100 גרם,false,,9.90,0.0171,true,1,9434
7290002111818,false,גרעיני תירס מתוק ואקום פרי מבורך 400ג',זנלכל,IL,גרעיני תירס מתוק פרי,גרמים,246.00,100 גרם,false,,6.90,0.0280,true,1,9435
7290002129455,false,פיצה איטלקית גדולה 4,,,פיצה איטלקית 450 ג,גרמים,450.00,100 גרם,false,,21.90,0.0487,true,1,108852
7290002129479,false,פיצה איטלקית דקה 320 ג' שלושת האופים,האי נאם סי או אל.טי.,IT,פיצה איטלקית דקה שלש,גרמים,320.00,100 גרם,false,,18.90,0.0591,true,1,465684
7290002130567,false,דבש טהור מפרחי בר בזכוכית 350 גרם,מכוורת יד מרדכי שטרא,IL,דבש טהור מפרחי בר בצ,גרמים,350.00,100 גרם,false,,20.90,0.0597,true,1,24069
7290002130574,false,דבש טהור מפרחי בר בזכוכית 500 ג' יד מרדכי,מכוורת יד מרדכי שטרא,IL,דבש טהור מפרחי בר בצ,גרמים,500.00,100 גרם,false,,30.10,0.0602,true,1,24070
7290002130581,false,"דבש טהור יד מרדכי 1 ק""ג",שטראוס גרופ,IL,דבש טהור מפרחי בר בצ,אלף,1.00,"ק""ג",false,,48.80,48.8000,true,1,24071
7290002190141,false,ממרח ריבת חלב קונדיטור,קרלו,IL,ריבת חלב קונדיטור 45,גרמים,450.00,100 גרם,false,,15.50,0.0344,true,1,26308
7290002195078,false,קבב כבש בלדי קפוא 400 ג',בלדי,IL,בלדי קבב כבש 400 גר,גרמים,400.00,100 גרם,false,,13.90,0.0348,true,1,120802
7290002195085,false,קבב מזרחי בלדי 400 ג'- 8 יח',יוליניבר,IL,קבב מזרחי 400 גר בלד,גרמים,400.00,100 גרם,false,,13.90,0.0348,true,1,120803
7290002204169,true,אגס נאשי מארז,,,אגס נאשי מארז,גרמים,500.00,100 גרם,false,,12.90,0.0258,true,1,471232
7290002253006,false,שום כתוש בצנצנת 200 גר דורות,עיצובים 2020 (3.8),IL,דורות שום כתוש טרי 2,גרמים,200.00,100 גרם,false,,17.90,0.0895,true,1,22082
7290002253105,false,מגשית קוביות שום טרי דורות 80 ג',עיצובים 2020 (3.8),IL,דורות מגשית קוביות ש,גרמים,80.00,100 גרם,false,,14.90,0.1863,true,1,22085
7290002253150,false,בזיליקום טרי קצוץ דורות 70 ג',עיצובים 2020 (3.8),IL,בזיליקום טרי קצוץ 70,גרמים,70.00,100 גרם,false,,11.50,0.1643,true,1,22086
7290002253167,false,מגשית פטרוזיליה דורות 70 גר,עיצובים 2020 (3.8),IL,פטרוזליה טרייה קצוצה,גרמים,70.00,100 גרם,false,,11.50,0.1643,true,1,22087
7290002253198,false,ג'ינג'ר טרי כתוש במגשית 70 ג' דורות,עיצובים 2020 (3.8),IL,דורות ג'ינג'ר טרי כת,גרמים,70.00,100 גרם,false,,12.30,0.1757,true,1,22090
7290002253235,false,דורות רוטב פסטו 160 גרם,עיצובים 2020 (3.8),IL,דורות רוטב פסטו 160,גרמים,160.00,100 גרם,false,,12.80,0.0800,true,1,22091
7290002255048,false,קובה למרק במילוי בשר,חטיפי אלקיים בעמ,IL,קובה למרק במילוי בשר,גרמים,800.00,100 גרם,false,,22.90,0.0286,true,1,117121
7290002255215,false,עלי סיגר מרובע 500גר,חטיפי אלקיים בעמ,IL,עלים לסיגר 500ג,גרמים,500.00,100 גרם,false,,10.90,0.0218,true,1,67147
7290002255475,false,פסטלים במילוי בשר בד,חטיפי אלקיים בעמ,IL,פסטלים במילוי בשר בד,גרמים,800.00,100 גרם,false,,22.90,0.0286,true,1,117131
7290002259664,false,רדיד אלומיניום דיימונד גדול 60X0.60מ',ריינולדס מוצרי צריכה,US,רדיד אלומניום 30*60.,מטרים,60.90,מטר,false,,57.90,0.9507,true,1,4431
7290002263562,false,"מיץ לימון משומר 200 מ""ל",,,מיץ לימון משומר תבלי,מיליליטרים,200.00,"100 מ""ל",false,,7.20,0.0360,true,1,221450
7290002263586,false,"מיץ לימון משומר 500 מ""ל",,,מיץ לימון משומר תבלי,מיליליטרים,500.00,"100 מ""ל",false,,11.40,0.0228,true,1,223339
7290002317005,false,זיתים טבעות מושחר 560ג A2 מטולה,שימורי מוטולה,IL,טבעות זיתים מושחרים,גרמים,560.00,100 גרם,false,,11.90,0.0213,true,1,25661
7290002317081,false,זיתים נטולי גלעין +20% 670ג A2 מטולה,שימורי מוטולה,IL,זיתים נטולי גלעין 20,גרמים,670.00,100 גרם,false,,11.90,0.0178,true,1,25663
7290002317128,false,מלפפון 560ג במלח 10-12 A2 מטולה,שימורי מוטולה,IL,מלפפון במלח 10-12 מו,גרמים,560.00,100 גרם,false,,11.90,0.0213,true,1,25665
7290002317135,false,מלפפון 560ג במלח 13-17 A2 מטולה,שימורי מוטולה,IL,מלפפון במלח 13-17 מו,גרמים,560.00,100 גרם,false,,11.90,0.0213,true,1,25666
7290002317265,false,מלפפון 650ג במלח +20% 7-9 A2 מטולה,שימורי מוטולה,IL,מלפפון במלח 20% 7-9,גרמים,670.00,100 גרם,false,,10.90,0.0163,true,1,25675
7290002317326,false,זיתים מנזולינו 12-15 +20% 670ג A2 מטולה,שימורי מוטולה,IL,זיתים מנזלינו 20% 12,גרמים,670.00,100 גרם,false,,11.90,0.0178,true,1,25680
7290002317609,false,כרוב כבוש 560ג A2 מטולה,שימורי מוטולה,IL,כרוב כבוש מוטולה 560,גרמים,560.00,100 גרם,false,,6.90,0.0123,true,1,25699
7290002317616,false,זיתים מרינט 17-19 560ג A2 מטולה,שימורי מוטולה,IL,זיתים חתוכים מרינט 1,גרמים,560.00,100 גרם,false,,11.90,0.0213,true,1,25700
7290002317661,false,זיתים מנזלינו גדול מ,שימורי מוטולה,IL,זיתים מנזלינו גדול מ,גרמים,560.00,100 גרם,false,,11.90,0.0213,true,1,25703
7290002317678,false,"זיתים נטולי גלעין צנצנת זכוכית 560 ג""ר",,,זיתים נטולי גלעין צנ,גרמים,560.00,100 גרם,false,,11.90,0.0213,true,1,25704
7290002317753,false,טבעות זיתים ירוקים ב,שימורי מוטולה,IL,טבעות זיתים ירוקים ב,גרמים,560.00,100 גרם,false,,11.90,0.0213,true,1,25707
7290002319023,false,סוכר וניל מיה עשיריו,"מיה תעשיות מזון בע""מ",IL,1/10 סוכר וניל,גרמים,100.00,100 גרם,false,,2.90,0.0290,true,1,52591
7290002319078,false,שומשום מיה 100 גרם,"מיה תעשיות מזון בע""מ",IL,שומשום 100ג,גרמים,100.00,100 גרם,false,,4.90,0.0490,true,1,52595
7290002319092,false,קמח תפוחי אדמה מיה 500 גר',מיה תעשיות מזון,IL,קמח תפוחי אדמה מיה 5,גרמים,500.00,100 גרם,false,,5.90,0.0118,true,1,15670
7290002319146,false,שעועית אדומה יבשה 500 ג',"מיה תעשיות מזון בע""מ",IL,שעועית אדומה מיה 500,גרמים,500.00,100 גרם,false,,11.80,0.0236,true,1,52599
7290002319610,false,שקדים טחונים 100 גר' מיה,מיה תעשיות מזון,IL,שקדים טחונים 100 גרם,גרמים,100.00,100 גרם,false,,15.80,0.1580,true,1,52623
7290002319771,false,"תמצית אפיה וניל 50מ""ל מיה","מיה תעשיות מזון בע""מ",IL,תמצית אפיה וניל,מיליליטרים,50.00,"100 מ""ל",false,,2.90,0.0580,true,1,52632
7290002327042,false,"בורקס תפו""א 800 גר' שלושת האופים קהילות",שלושת האופים,IL,"בורקס תפו""א 800 ג",גרמים,800.00,100 גרם,false,,22.90,0.0286,true,1,67861
7290002327059,false,"בצק עלים 1 ק""ג שלושת האופים קהילות",שלושת האופים,IL,בצק עלים 1 ק`ג,אלף,1.00,"ק""ג",false,,22.90,22.9000,true,1,18388
7290002327073,false,בורקס גבינה 800 גר' שלושת האופים קהילות,שלושת האופים,IL,בורקס גבינה 800 גרם,גרמים,800.00,100 גרם,false,,22.90,0.0286,true,1,18390
7290002331025,false,"מים מינרלים נביעות ספורט 500 מ""ל פקדון",נביעות טבע הגליל בעמ,IL,נביעות 1/2 ליטר ספור,מיליליטרים,500.00,"100 מ""ל",false,,4.90,0.0098,true,1,7147
7290002331094,false,"נביעות+ מים טעם ענבים 755מ""ל",נביעות טבע הגליל בעמ,IL,755מל מים מינרלים TO,מיליליטרים,755.00,"100 מ""ל",false,,5.50,0.0073,true,1,7148
7290002331360,false,"נביעות מים מינרליים טו גו מארז 500X6מ""ל",נביעות,IL,נביעות TO GO שישייה,ליטר,3.00,ליטר,false,,16.70,5.5667,true,1,7633
7290002331421,false,"מים אישי נביעות מארז שישייה* 755 מ""ל",נביעות,IL,נביעות 6*755מל,ליטר,4.53,ליטר,false,,20.40,4.5033,true,1,7152
7290002331483,false,שישיית מים נביעות בייב 330 מל,נביעות טבע הגליל בעמ,IL,נביעות בייבי 320*6 מ,ליטר,1.92,ליטר,false,,15.90,8.2813,true,1,7153
7290002344032,false,סחבות מיקרופייבר מא,,,סחבות מיקרופייבר מא,אין,0.00,יחידה,false,,14.90,0.0000,true,1,440569
7290002345015,false,סינטה דק דק אל גאוצ'ו 250ג' מינוט,"טיבון ויל אחזקות בע""",IL,סינטה דקדק 250 גרם,גרמים,250.00,100 גרם,false,,15.90,0.0636,true,1,108686
7290002345022,false,אנטריקוט דק דק אל גאצ'ו 250ג' מינוט,"טיבון ויל אחזקות בע""",IL,אנטריקוט דקדק 250 ג,גרמים,250.00,100 גרם,false,,15.90,0.0636,true,1,108687
7290002348238,false,אננס חתוך 820 ג' ויליגר,טיפקו,TH,לפתן אננס חתוך ויליג,גרמים,830.00,100 גרם,false,,7.90,0.0095,true,1,217809
7290002353836,false,סרדינים רוברט בשמן זית 115 גרם,קונסרבס פורטוגל נורט,PT,סרדינים רוברט בשמן ז,גרמים,120.00,100 גרם,false,,10.90,0.0908,true,1,18407
7290002360285,false,תה פומפדור חליטת צמחים קמומיל 20 שק,TEEKANNE- POMPADOU,DE,פומפדור חליטת קמומיל,גרמים,30.00,100 גרם,false,,17.90,0.5967,true,1,23434
7290002371526,false,סלסולי פסטרמה שום וצילי 120 גר טירת צבי,הנסיך- מפעל לייצור ט,IL,טירת צבי סלסולי פסטר,גרמים,120.00,100 גרם,false,,16.80,0.1400,true,1,26733
7290002371533,false,דקניקים סלסולי פסטרמה בדבש 120 ג' טירת צבי,הנסיך- מפעל לייצור ט,IL,טירת צבי סלסולי פסטר,גרמים,120.00,100 גרם,false,,16.80,0.1400,true,1,26734
7290002371540,false,דקניקים קורנדביף 120 ג' טירת צבי,הנסיך- מפעל לייצור ט,IL,טירת צבי קורנדביף דק,גרמים,120.00,100 גרם,false,,16.80,0.1400,true,1,26735
7290002371939,false,סרוולד בסגנון צרפתי דליקטיב 120 גרם,הנסיך- מפעל לייצור ט,IL,טירת צבי סרוולד צרפת,גרמים,120.00,100 גרם,false,,32.40,0.2700,true,1,26738
7290002374268,false,שמן חמניות מילומור 1 ליטר,שמן תעשיות,IL,שמן חמניות מילומור 1,ליטר,1.00,ליטר,false,,11.90,11.9000,true,1,31531
7290002374312,false,"שמן קנולה מילומור 1 ל' עד""ח","נארז ע""י : א.ג. גילר",IL,שמן קנולה מילומור 1,ליטר,1.00,ליטר,false,,11.90,11.9000,true,1,31532
7290002374640,false,שמן קנולה פלוס אומגה 3 1 ליטר עץ הזית,שמן תעשיות,IL,שמן קנולה פלוס אומגה,ליטר,1.00,ליטר,false,,17.90,17.9000,true,1,31534
7290002404583,false,"היוצר בראשית קברנה 750 מ""ל ^^^",יקב היוצר,,יין היוצר בראשית קבר,מיליליטרים,750.00,"100 מ""ל",false,,39.90,0.0532,true,1,12522
7290002404590,false,"יין מרלו הראשית 750 מ""ל היוצר",יקבי ארזה,IL,יין היוצר בראשית רזר,מיליליטרים,750.00,"100 מ""ל",false,,39.90,0.0532,true,1,12523
7290002404606,false,"יין היוצר בראשית שיראז 750 מ""ל",יקבי ארזה,IL,יין היוצר בראשית שיר,מיליליטרים,750.00,"100 מ""ל",false,,39.90,0.0532,true,1,12524
7290002404965,false,"יין מוריה 750 מ""ל",,,"מוריה 750 מ""ל",מיליליטרים,750.00,"100 מ""ל",false,,17.90,0.0239,true,1,12539
7290002407348,false,"שמן זית כתית מעולה 750 מ""ל ג'השאן",משק משפחת ג'השאן,IL,שמן זית כתית מעולה ג,מיליליטרים,750.00,"100 מ""ל",false,,30.90,0.0412,true,1,5860
7290002507277,false,קציצות דג דלידג 700 גר,אף.סי תבליני בגליל ב,IL,קציצות דג 700גר,גרמים,700.00,100 גרם,false,,29.90,0.0427,true,1,107752
7290002512257,false,מלוואח מופחת שומן רו,צנעני,IL,מלווח מופחת שומן 700,גרמים,700.00,100 גרם,false,,17.90,0.0256,true,1,2655
7290002515371,false,אל סבון קמיל בלו קלאסיק דר פישר 1 ל,"ד""ר פישר Dr fischer",IL,קמיל בלו משפחתי 1 לי,ליטר,1.00,ליטר,false,,27.90,27.9000,true,1,31285
7290002517269,false,תבלין פלפל שחור שלם 35ג',תות ממתקי איכות,IL,תבלין פלפל שחור שלם,גרמים,35.00,100 גרם,false,,10.20,0.2914,true,1,49605
7290002517337,false,תבלין אורגנו עלים 20 גר',"תבליני טעם וריח בע""מ",IL,תבלין אורגנו בשקית ט,גרמים,20.00,100 גרם,false,,6.80,0.3400,true,1,49609
7290002517375,false,תבלין בזיליקום 30 גר' שק',"תבליני טעם וריח בע""מ",IL,תבלין בזיליקום בשקית,גרמים,30.00,100 גרם,false,,6.80,0.2267,true,1,49610
7290002517726,false,תבלין מקלות קינמון 15ג',"תבליני טעם וריח בע""מ",IL,תבלין מקל קינמון טעם,גרמים,15.00,100 גרם,false,,7.40,0.4933,true,1,49624
7290002517733,false,תבלין קצח טעם וריח 4,תות ממתקי איכות,IL,תבלין קצח טעם וריח 4,גרמים,40.00,100 גרם,false,,7.40,0.1850,true,1,49625
7290002517863,false,תבלין ציפורן טחון 80ג',"תבליני טעם וריח בע""מ",IL,תבלין ציפורן טחון טע,גרמים,40.00,100 גרם,false,,9.40,0.2350,true,1,49634
7290002543237,false,קלוגס קורן פלקס 750 גרם,קלוגס קומפני אוף גרי,DE,קורנפלקס קלוגס 750 ג,גרמים,750.00,100 גרם,false,,16.90,0.0225,true,1,5957
7290002551003,false,טונה בשמן בודד 160 ג' סטארקיסט,סטארקיסט,,טונה סטארקיסט בשמן 1,גרמים,160.00,100 גרם,false,,7.90,0.0494,true,1,28426
7290002577508,false,פילה דג הרינג מלוח בשמן ובצל דלידג 240 ג',מיוצר על ידי קוד יצר,IL,פילה הרינג בשמן ובצל,גרמים,240.00,100 גרם,false,,25.90,0.1079,true,1,367816
7290002603504,false,פיצת השף מאיטליה CHEF שגב עגבניות ובצל סגול 200 גרם,סוילה אס.אר.אל,IT,פיצת השף מאיטליה CHE,גרמים,200.00,100 גרם,false,,18.90,0.0945,true,1,133305
7290002627210,false,"גפילטעפיש קציצות מדגי קרפיון וכסיף 560 גר' בעל""ז",האי נאם סי או אל.טי.,IL,גפילטע פיש בצנצנת דל,גרמים,560.00,100 גרם,false,,13.90,0.0248,true,1,203714
7290002651116,false,גחנון חמסי 1 קג לא א,מעדני הטלה,IL,"גחנון חמסי 1 ק""ג",אלף,1.00,"ק""ג",false,,19.90,19.9000,true,1,12860
7290002651123,false,חמסי מלווח 1 קילו,חמסי,IL,"מלווח חמסי 1 ק""ג",אלף,1.00,"ק""ג",false,,19.90,19.9000,true,1,12861
7290002674269,false,"אקווה פרש - משחת שיניים מנטה עדין 125 מ""ל",,,משחת שיניים א.פרש עד,מיליליטרים,125.00,"100 מ""ל",false,,8.50,0.0680,true,1,4435
7290002692393,false,שמן קנולה מועשר1 ליטר-עץ הזית,שמן תעשיות,IL,שמן קנולה מועשר עץ ה,ליטר,1.00,ליטר,false,,16.90,16.9000,true,1,31537
7290002692478,false,"שמן זית כתית מעולה קלאסי מעודן 750 מ""ל עץ הזית","מרקאולאו, ספרד.אבסה,",IT,שמן זית כתית מעולה מ,מיליליטרים,750.00,"100 מ""ל",false,,35.90,0.0479,true,1,31539
7290002692768,false,"תרסיס קנולה מופחת קלוריות 200 מ""ל עץ הזית",טרנסומס פוד איי בי,IL,תרסיס שמן קנולה עץ ה,מיליליטרים,200.00,"100 מ""ל",false,,19.90,0.0995,true,1,31546
7290002692775,false,"שמן תרסיס טעם חמאה 200 מ""ל לל""תוספת גז ""עץ הזית""",,IL,תרסיס שמן קנולה בטעם,מיליליטרים,200.00,"100 מ""ל",false,,19.90,0.0995,true,1,133877
7290002692782,false,"תרסיס שמן זית כתית מעולה עץ הזית 150 מ""ל",י.ב טכנולוגיות אריזה,IL,תרסיס שמן זית עץ הזי,מיליליטרים,200.00,"100 מ""ל",false,,19.90,0.0995,true,1,31548
7290002703068,false,צנצנת דבש עין חרוד 1,עין חרוד,IL,צנצנת דבש עין חרוד 1,אלף,1.00,"ק""ג",false,,45.90,45.9000,true,1,39242
7290002703310,false,צנצנת דבש עין חרוד 5,,,צנצנת דבש עין חרוד 5,גרמים,500.00,100 גרם,false,,23.90,0.0478,true,1,39248
7290002703358,false,צנצנת דבש עין חרוד 3,עין חרוד,IL,צנצנת דבש עין חרוד 3,גרמים,350.00,100 גרם,false,,18.90,0.0540,true,1,39249
7290002703402,false,דבש עין חרוד 400 גרם,,,דבש עין חרוד 400 גרם,גרמים,400.00,100 גרם,false,,19.90,0.0497,true,1,39250
7290002703426,false,דבש לחיץ מכוורת 250,,,דבש לחיץ מכוורת 250,גרמים,250.00,100 גרם,false,,13.90,0.0556,true,1,39251
7290002703655,false,סילאן 100% טבעי עין,,,סילאן 100% טבעי עין,גרמים,385.00,100 גרם,false,,13.90,0.0361,true,1,151338
7290002703679,false,סילאן 100% טבעי עין,,,סילאן 100% טבעי עין,גרמים,900.00,100 גרם,false,,21.00,0.0233,true,1,39253
7290002730811,false,"קולגייט משחת שיניים ג'ל משפחתי 100מ""ל",הנסיך- מפעל לייצור ט,PL,משחת שיניים גל משפחת,מיליליטרים,100.00,"100 מ""ל",false,,14.50,0.1450,true,1,23445
7290002730941,false,בלונס צמר גפן פרוס 100גר',הנסיך- מפעל לייצור ט,GR,צמר גפן פרוס בלונס 1,גרמים,100.00,100 גרם,false,,7.90,0.0790,true,1,23449
7290002730958,false,פלמוליב סבון מוצק? ירוק זית רביעייה * 100 ג',הנסיך- מפעל לייצור ט,TR,סבון מוצק ירוק זית פ,גרמים,400.00,100 גרם,false,,17.90,0.0447,true,1,23450
7290002735007,false,"בצק עלים 1 ק""ג ינון",,,"בצק עלים 1 ק""ג",אלף,1.00,"ק""ג",false,,14.90,14.9000,true,1,68410
7290002735014,false,מלוואח ארוז ינון 800 גר',ג'נרל מילס סאן אדריא,IL,ינון מלווח ארוז 800,גרמים,800.00,100 גרם,false,,14.90,0.0186,true,1,68411
7290002735274,false,ינון גחנון אפוי 600 גר,ג'נרל מילס סאן אדריא,IL,ינון גחנון אפוי 600,גרמים,600.00,100 גרם,false,,16.90,0.0282,true,1,68417
7290002752332,false,"סוכריות מנטוס פירות בגליל, 37.5 גרם",הדקלאים אגודת שיתופי,NL,מנטוס .סוכריות פירות,גרמים,37.50,100 גרם,false,,3.90,0.1040,true,1,13913
7290002753223,false,רביעייה סוכריות תפוז 4*16 ג' טיק טק,פררו,EC,טיק טק תפוז 4/1,גרמים,64.00,100 גרם,false,,11.50,0.1797,true,1,48736
7290002757139,false,מלוואח 700 גר' שלושת האופים קהילות,שלושת האופים,IL,שלושת האופים מלוואח,גרמים,700.00,100 גרם,false,,14.90,0.0213,true,1,18448
7290002757146,false,"קובה חמוסטה למרק שלושת האופים 1ק""ג",שלושת האופים,IL,שלושת האופים קובה חמ,אלף,1.00,"ק""ג",false,,16.90,16.9000,true,1,117667
7290002757511,false,דלידג קציצות דג לבישול 750 גר קהילות,האי נאם סי או אל.טי.,IL,דלידג קציצות דג לביש,גרמים,750.00,100 גרם,false,,35.90,0.0479,true,1,18451
7290002757535,false,בורקס פילו אצבעות גבינה 700 ג' שלושת האופים,שלושת האופים,IL,בורקס פילו אצבעות גב,גרמים,700.00,100 גרם,false,,21.90,0.0313,true,1,18453
7290002757665,false,קבב מזרחי טיבון ויל 400 ג',,,קבב מזרחי 400 גרם,גרמים,400.00,100 גרם,false,,12.90,0.0323,true,1,18455
7290002757672,false,המבורגר מזרחי טיבון ויל 400ג',,,המבורגר 400גרם נטו,גרמים,400.00,100 גרם,false,,12.90,0.0323,true,1,18456
7290002768043,false,"תיאדנט מי-פה ענק פלאוריד 150 מ""ל",טרופיקל דגיל תעשיות,IL,מי פה ענק תיאדנט 150,מיליליטרים,150.00,"100 מ""ל",false,,16.90,0.1127,true,1,32007
7290002768159,false,"בת אורן סבון קצף לאמבט 500 מ""ל",פארק תעשיות עמק חפרמ,IL,קצף אמבט בת אורן 500,מיליליטרים,500.00,"100 מ""ל",false,,17.90,0.0358,true,1,32009
7290002787891,false,בורקס מקלות פילו תרד 3.האופים 600 ג',שלושת האופים,IL,שלושת האופים מקלות ב,גרמים,600.00,100 גרם,false,,21.90,0.0365,true,1,67912
7290002793311,false,שירות והחלפה מילוי גז 60 סודהסטרים,סודה סטרים,IL,מילוי למכשיר 50,אין,0.00,יחידה,false,,60.00,0.0000,true,1,19550
7290002805151,false,סיף פנטסטיק לרצפות בניחוח סחלבים 4ל',יוניליוור ישראל טיפו,IL,סיף פנטסטיק לרצפות ב,ליטר,4.00,ליטר,false,,24.90,6.2250,true,1,11393
7290002814054,false,סנט מוריץ מתז אנטרטיק מתז 1 ליטר,"קומפלקס כימיקלים בע""",IL,אנטרקטיק במתז 1 ליטר,ליטר,1.00,ליטר,false,,13.90,13.9000,true,1,140997
7290002814160,false,מסיר שומנים קר סנט מ,,,מסיר שומנים קר סנט מ,אין,0.00,יחידה,false,,19.90,0.0000,true,1,133907
7290002814290,false,BLANCO קצף אקונומיקה מרוכז 1 ליטר בניחוח לימון,קומפלקס כימיקלים,IL,קצף מרוכז 1 ליטר בלנ,ליטר,1.00,ליטר,false,,11.90,11.9000,true,1,233539
7290002814603,false,"סנט מוריץ - מרסס מסיר שומנים קר מבושם לימון 750 מ""ל","קומפלקס כימיקלים בע""",IL,מסיר שומנים קר מבושם,מיליליטרים,750.00,"100 מ""ל",false,,14.90,0.0199,true,1,134766
7290002814870,false,"סנט מוריץ - מרסס מסיר שומנים קר מבושם לוונדר\פרחים 750 מ""ל",,IL,מסיר שומנים קר מבושם,מיליליטרים,750.00,"100 מ""ל",false,,14.90,0.0199,true,1,138368
7290002814887,false,עלמה מגבונים לחים לרצפה 10 יחידות,,IL,מגבונים לחים לרצפה 1,אין,0.00,יחידה,false,,8.90,0.0000,true,1,233608
7290002814917,false,סנט מוריץ שמפו רצפות בניחוח לבנדר 4 ליטר,קומפלקס כימיקלים,IL,סנט מוריץ ניקוי לרצפ,ליטר,4.00,ליטר,false,,15.80,3.9500,true,1,22292
7290002824183,false,גבינה לבנה 5% שומן 500 ג' שטראוס,מיוצר עי קונדיטוריית,IL,גבינה לבנה 5% סקי 50,גרמים,500.00,100 גרם,false,,9.50,0.0190,true,1,24767
7290002824466,false,יוגורט דנונה ביו 0% 200 גרם,"שטראוס בריאות בע""מ",IL,דנונה יוגורט ביו 0%,מיליליטרים,200.00,"100 מ""ל",false,,3.90,0.0195,true,1,24768
7290002824640,false,גבינה שטראוס 5% 250 ג',מיוצר עי קונדיטוריית,IL,גבינה 5% סקי 250 גרם,גרמים,250.00,100 גרם,false,,4.98,0.0199,true,1,24769
7290002825722,false,סלט כרוב אדום אחלה 5,מיוצר עי קונדיטוריית,IL,אחלה כרוב אדום 500ג,גרמים,500.00,100 גרם,false,,17.30,0.0346,true,1,24771
7290002830948,false,גבינה מון בלאן עיזים 120 גר,סלס קרית מלאכי ישראל,IL,מון בלאן גבינת עיזים,גרמים,120.00,100 גרם,false,,12.90,0.1075,true,1,18494
7290002868996,false,קוטג' 5% מועשר טרה 250ג' מהדרין,טרה,IL,טרה קוטג מועשר 5% 25,גרמים,250.00,100 גרם,false,,5.90,0.0236,true,1,7158
7290002871248,false,"בירה טובורג רד חוזר 500 מ""ל",מבשלות בירה בינלאומי,IL,בירה טובורג רד בקבוק,מיליליטרים,500.00,"100 מ""ל",false,,8.90,0.0178,true,1,7656
7290002871361,false,"קרלסברג בירה בק.חוזר 500 מ""ל",מבשלות בירה בינלאומי,IL,קרלסברג בירה בק.חוזר,מיליליטרים,500.00,"100 מ""ל",false,,8.90,0.0178,true,1,7657
7290002881018,false,מעדן תות שדה 100% 284 גרם,,,סן מורנו מעדן תות שד,גרמים,284.00,100 גרם,false,,12.90,0.0454,true,1,26310
7290002881032,false,מעדן אוכמניות כחולות 100% 284 גרם,,,סן מורנו מעדן אוכמני,גרמים,284.00,100 גרם,false,,12.90,0.0454,true,1,26312
7290002881216,false,רסק תפוחי עץ דיאט 708 גרם צנצנת,,,"רסק תפו""ע דיאט תפוחי",גרמים,700.00,100 גרם,false,,12.90,0.0184,true,1,26325
7290002881230,false,אננס חתוך תומר 825 גרם,"אניס פארם בע""מ",VN,אננס חתוך תומר 850 ג,גרמים,850.00,100 גרם,false,,9.90,0.0116,true,1,26326
7290002881247,false,אננס שלם פרוסות תומר,"אניס פארם בע""מ",VN,אננס שלם פרוסות תומר,גרמים,850.00,100 גרם,false,,9.90,0.0116,true,1,26327
7290002881254,false,קוקטייל פירות טרופי תומר 820 ג',סאן רייז,TH,קוקטייל טרופי תומר 8,גרמים,850.00,100 גרם,false,,10.90,0.0128,true,1,26328
7290002881261,false,"ליצ'י שלם 565 גרם ""תומר""",זהנגזהו אנגבה,CN,ליצי שלם תומר 565 גר,גרמים,565.00,100 גרם,false,,11.80,0.0209,true,1,26329
7290002881278,false,אפרסק חצאים תומר 820,,,אפרסק חצאים תומר 820,גרמים,820.00,100 גרם,false,,10.90,0.0133,true,1,26330
7290002881407,false,נודלס אטריות ביצים דק תומר 400ג',אופאל,CN,נודלס דק תומר 400 גר,גרמים,400.00,100 גרם,false,,8.90,0.0223,true,1,26335
7290002881414,false,תומר נודלס עבה 200 גרם,אופאל,CN,נודלס עבה תומר 400 ג,גרמים,400.00,100 גרם,false,,8.90,0.0223,true,1,26336
7290002881506,false,חמאת בוטנים תומר 510 ג',,,חמאת בוטנים 510 גרם,גרמים,510.00,100 גרם,false,,10.90,0.0214,true,1,26341
7290002881919,false,"פטריות שלמות 400 גרם רובין ""תומר""",,,פטריות 8 שלם תומר כש,גרמים,400.00,100 גרם,false,,7.90,0.0198,true,1,26359
7290002881940,false,סרדינים מרוקאי בשמן חמניות 125ג' תומר,,,סרדין מרוקאי בשמן תו,גרמים,125.00,100 גרם,false,,6.90,0.0552,true,1,26361
7290002881957,false,סרדינים מרוקאי חריף בשמן חמניות 125ג' תומר,,,סרדין מרוקאי חריף תו,גרמים,125.00,100 גרם,false,,6.90,0.0552,true,1,26362
7290002900566,false,פסטרמה ברביקיו דל שומן טירת צבי 360 ג',הנסיך- מפעל לייצור ט,IL,פסטרמה ברביקיו דל שו,גרמים,360.00,100 גרם,false,,29.90,0.0831,true,1,26739
7290002909880,false,"פולי סויה - אדממה - 400 גרם (בד""ץ עדה חרדית)",ZHEJIANG,CN,פולי סויה אדממה בלדי,גרמים,400.00,100 גרם,false,,11.90,0.0298,true,1,38623
7290002909989,false,"שעועית ירוקה חתוכה 800 גר' בד""ץ (ממותג)",,,שעועית ירוקה חתוכה ב,גרמים,800.00,100 גרם,false,,11.90,0.0149,true,1,466779
7290002921240,false,"שמפוזר מסיר כתים משטיחים קרבונה, 650 מ""ל",קרבונה Carbona,MX,שמפוזר מסיר כתים משט,מיליליטרים,650.00,"100 מ""ל",false,,34.00,0.0523,true,1,12088
7290002921349,false,דבק סופר גלו מארז זוגי,הנקל סוד,TR,סופר גלו 3 זוגי,אין,0.00,יחידה,false,,15.90,0.0000,true,1,12090
7290002922117,false,עוגיות אקלר פרמיום,אקלר,,מארז עוגיות אקלר 250,100 יח',250.00,100 יח',false,,24.90,0.0996,true,1,386510
7290002923466,false,טחון בקר 1 ק`ג,,,טחון בקר 1 ק`ג,אלף,1.00,"ק""ג",false,,24.90,24.9000,true,1,18500
7290002971955,false,קמח שטיבל חיטה לבן מנופה 1קג,טחנת קמח דגן-שטיבל,IL,קמח לבן 650 ללא צורך,אלף,1.00,"ק""ג",false,,9.90,9.9000,true,1,10043
7290002971986,false,קמח שיפון מלא 1 קג שטיבל ללא צורך בניפוי,טחנת קמח דגן-שטיבל,IL,קמח שיפון ללא צורך ב,אלף,1.00,"ק""ג",false,,9.90,9.9000,true,1,84387
7290002972006,false,"קמח שטיבל 405 ללא ניפוי 1 ק""ג",טחנת קמח דגן-שטיבל,IL,קמח בהיר 405 ללא צור,אלף,1.00,"ק""ג",false,,9.90,9.9000,true,1,10044
7290002972365,false,קמח תופח שטיבל 13 ללא צורך בניפוי 1 קג,מיוצר עי קונדיטוריית,IL,קמח תופח ללא צורך בנ,אלף,1.00,"ק""ג",false,,9.90,9.9000,true,1,10045
7290002972426,false,"קמח חיטה 80% ללא ניפוי שטיבל 1ק""ג",טחנת קמח דגן-שטיבל,IL,קמח מלא 80% ללא צורך,אלף,1.00,"ק""ג",false,,9.90,9.9000,true,1,67196
7290002973812,false,קמח כוסמין 80% ללא צ,"שטיבל בע""מ",IL,קמח כוסמין 80% ללא צ,אלף,1.00,"ק""ג",false,,16.90,16.9000,true,1,255728
7290002986652,false,גטניו פתי בר שוקו 470 גרם,"אחים גטניו בע""מ",,גטניו - פתיבר שוקו 4,גרמים,470.00,100 גרם,false,,9.90,0.0211,true,1,132789
7290002987963,false,"סלט חומוס אחלה 1 ק""ג",מיוצר עי קונדיטוריית,IL,אחלה חומוס 1קג,אלף,1.00,"ק""ג",false,,14.90,14.9000,true,1,24772
7290003009183,false,"סירופ דיאט תפוחים פריגת 750 מ""ל",סירופ - גבעת חיים,IL,סירופ דיאט תפוחים פר,מיליליטרים,750.00,"100 מ""ל",false,,22.90,0.0305,true,1,7165
7290003009312,false,בוטן קלוי קלית גת 200 ג',הדקלאים אגודת שיתופי,IL,בוטן קלוי 200 גרם,גרמים,200.00,100 גרם,false,,8.90,0.0445,true,1,13918
7290003009336,false,קבוקים מצופים קליית,הדקלאים אגודת שיתופי,IL,קבוקים מצופים 200 גר,גרמים,200.00,100 גרם,false,,6.90,0.0345,true,1,13920
7290003009596,false,"סירופ דיאט אשכוליות פריגת 750 מ""ל",סירופ - גבעת חיים,IL,סירופ דיאט אשכוליות,מיליליטרים,750.00,"100 מ""ל",false,,22.90,0.0305,true,1,7170
7290003009640,false,מיץ סחוט תפוזים 1 ל' פריגת,פריגת מצוננים,IL,פריגת סחוט מיץ תפוזי,ליטר,1.00,ליטר,false,,15.90,15.9000,true,1,7174
7290003015627,false,ריצפז פרש 2 ליטר אפרסק מרכז,"סנו מפעלי ברונוס בע""",IL,ריצפז פרש אפרסק 2 לי,ליטר,2.00,ליטר,false,,19.90,9.9500,true,1,32019
7290003015641,false,סנו ריצפז פרש 2 ליטר יסמין,סנו,IL,ריצפז פרש יסמין 2 לי,ליטר,2.00,ליטר,false,,19.90,9.9500,true,1,32021
7290003015672,false,סנו סופט מפיות צבעוניות חלקות 50 יח',חיי נייר,IL,סנו סופט מפיות צבעונ,אין,0.00,יחידה,false,,9.90,0.0000,true,1,32022
7290003026029,false,"ד""ר פישר - קמיל בלו סנסיטיב שמפו אלדמע 500 מ""ל","ד""ר פישר Dr fischer",IL,קמיל בלו סנסיטיב שמפ,גרמים,500.00,100 גרם,false,,18.90,0.0378,true,1,31286
7290003026036,false,"ד""ר פישר - קמיל בלו סנסיטיב אל סבון עדין לתינוק 1 ליטר","ד""ר פישר Dr fischer",IL,קמיל בלו סנסיטיב מוע,אין,0.00,יחידה,false,,33.90,0.0000,true,1,31287
7290003029181,false,משקה יטבתה שוקו' בקבוק 1ל מהדרין,שטראוס גרופ,IL,יטבתה שוקו בקבוק 1ל,ליטר,1.00,ליטר,false,,12.90,12.9000,true,1,24776
7290003029372,false,משקה חלב בננה בקבוק 1ל' יוטבתה,שטראוס גרופ,IL,יטבתה משקה חלב בננה,ליטר,1.00,ליטר,false,,12.90,12.9000,true,1,24779
7290003029389,false,"משקה חלב בננה פקק ספורט 250 מ""ל יוטבתה",שטראוס גרופ,IL,יטבתה משקה חלב בננה+,מיליליטרים,250.00,"100 מ""ל",false,,5.90,0.0236,true,1,24780
7290003029433,false,"משקה יטבתה שוקו פקק 250 מ""ל מהדרין",שטראוס גרופ,IL,יטבתה שוקו +פקק 250,מיליליטרים,250.00,"100 מ""ל",false,,5.90,0.0236,true,1,24781
7290003029532,false,מוקה בקבוק 1 ל' יוטבתה,שטראוס גרופ,IL,יטבתה מוקה 1ל,ליטר,1.00,ליטר,false,,12.90,12.9000,true,1,24783
7290003029792,false,"משקה יטבתה שוקו שקיות מהדרין מארז 225X8מ""ל",שטראוס גרופ,IL,יטבתה מהדרין שוקו שק,ליטר,1.80,ליטר,false,,21.90,12.1667,true,1,24785
7290003029815,false,חלב יוטבתה מועשר 3% בכד 2ל',שטראוס גרופ,IL,חלב מועשר בכד2 ליטר,ליטר,2.00,ליטר,false,,16.90,8.4500,true,1,24786
7290003029907,false,משקה יטבתה אייס קפה 1ליטר,שטראוס גרופ,IL,יטבתה אייס קפה 1ל,ליטר,1.00,ליטר,false,,12.90,12.9000,true,1,24788
7290003054190,false,מסטמכר לחם שיפון עם שלושה דגנים 500ג,מרום את קונפינו,DE,לחם שיפון 3 דגנים מס,גרמים,500.00,100 גרם,false,,14.90,0.0298,true,1,66895
7290003054657,false,חרדל דיזון אקסטרה פורטה 370 גרם,מרום את קונפינו,FR,חרדל דיג'ון אקסטרא פ,גרמים,370.00,100 גרם,false,,12.50,0.0338,true,1,29206
7290003072804,false,פסטרמה של פעם טירת צבי 200 ג',טירת- צבי,IL,טירת צבי פסטרמה של פ,גרמים,200.00,100 גרם,false,,19.90,0.0995,true,1,162612
7290003072859,false,רוסטביף טירת צבי 120 ג',הנסיך- מפעל לייצור ט,IL,רוסטביף טירת צבי 120,גרמים,120.00,100 גרם,false,,23.90,0.1992,true,1,212418
7290003102136,false,צמר גפן COTTON SOFT רפואי 100 גר' 3102136,הדקלאים אגודת שיתופי,TR,צמר גפן כוטון סופט 1,גרמים,100.00,100 גרם,false,,5.90,0.0590,true,1,876
7290003107148,false,"קמח לבן דגן 1 ק""ג",טחנות קמח דגן בעמ,IL,"קמח לבן דגן 1 ק""ג",אלף,1.00,"ק""ג",false,,4.50,4.5000,true,1,67198
7290003107216,false,קמח לבן בהיר ארוז,טחנות קמח דגן בעמ,IL,"קמח לבן דגן 1 ק""ג",אלף,1.00,"ק""ג",false,,6.90,6.9000,true,1,10050
7290003107223,false,"סולת לנדא ארוז 1 ק""ג",טחנות קמח דגן בעמ,IL,"סולת חיטה דגן 1 ק""ג",אלף,1.00,"ק""ג",false,,6.90,6.9000,true,1,10051
7290003107315,false,"סולת בד""צ ארוז 1 ק""ג",,,"סולת דגן 1 ק""ג",אלף,1.00,"ק""ג",false,,4.50,4.5000,true,1,10054
7290003107346,false,טחנת קמח דגן קמח 1 קג,,,קמח חיטה לבן דגן 1 ק,אלף,1.00,"ק""ג",false,,4.50,4.5000,true,1,10056
7290003126958,false,טופו גבינה גוש בואקום צוריאל 300 ג',א.י.ן תעשיות מזון בע,IL,צוריאל גבינה גוש טופ,גרמים,300.00,100 גרם,false,,13.90,0.0463,true,1,7182
7290003133123,false,לחם זהב עגול אוקראיני 750 ג',מאפיית דוידוביץ ובני,IL,לחם אוקראיני מיוחד ע,גרמים,750.00,100 גרם,false,,12.90,0.0172,true,1,119280
7290003141159,false,יוגטה מרשמלו תות וניל 180 גרם,סאדאט,IL,יוגטה מרשמלו 180 גר',גרמים,180.00,100 גרם,false,,8.90,0.0494,true,1,13924
7290003142422,false,גרעיני חמניה בשקית ללא מלח קליית גת 180 גרם,"ג'י אנד ג'י בע""מ",IL,גרעיני חמניה ללא מלח,גרמים,180.00,100 גרם,false,,6.90,0.0383,true,1,13930
7290003143146,false,ממרח תמרים קליית גת 450 גרם,הדקלאים אגודת שיתופי,IL,ממרח תמרים 450 גרם,גרמים,450.00,100 גרם,false,,6.90,0.0153,true,1,13942
7290003144419,false,סילאן טבעי קליית גת 710 גרם,ליימן מותגים,IL,סילאן טבעי קלית גת 7,גרמים,710.00,100 גרם,false,,29.90,0.0421,true,1,13971
7290003145751,false,קשיו קלוי קליית גת 200 גר,הדקלאים אגודת שיתופי,IL,קשיו קלוי 200 גרם,גרמים,200.00,100 גרם,false,,19.90,0.0995,true,1,14001
7290003145782,false,צנובר טבעי קליית גת,הדקלאים אגודת שיתופי,IL,צנובר טבעי 100 גרם,גרמים,100.00,100 גרם,false,,27.90,0.2790,true,1,14003
7290003145959,false,פקאן טבעי 150 גרם קליית גת,ליימן מותגים,IL,אגוז פקאן טבעי 150 ג,גרמים,150.00,100 גרם,false,,21.90,0.1460,true,1,14004
7290003185726,false,קבב מזרחי 500 גרם ט,טיבון ויל אחזקות בעמ,IL,קבב מזרחי 500 גרם,גרמים,500.00,100 גרם,false,,19.90,0.0398,true,1,18531
7290003189076,false,פיצרלה מגורדת אישית 500 גרם,צי תעשיות מזון יבנה,IL,פיצרלה חלבון צמחי,גרמים,500.00,100 גרם,false,,20.90,0.0418,true,1,20559
7290003189205,false,כפיר הצהובה הטובה לי,,,הצהובה הטובה לייט קל,גרמים,200.00,100 גרם,false,,14.90,0.0745,true,1,20564
7290003189267,false,צהובה טובה 5% קלאסית 200 גר,צי תעשיות מזון יבנה,IL,צהובה הטובה קלאסית כ,גרמים,200.00,100 גרם,false,,15.90,0.0795,true,1,20566
7290003217014,false,תנעמי פיתות מיזרחיות 5*100גר,יוניליוור גרמניה Gm,IL,5 פיתות מזרחיות תנעמ,גרמים,500.00,100 גרם,false,,7.90,0.0158,true,1,5121
7290003220403,false,מעדני המלך- קרקר מלוח 110 גרם,מגדנית הדר,IL,מעדני המלך קרקר עם מ,גרמים,110.00,100 גרם,false,,2.90,0.0264,true,1,48569
7290003220526,false,"WOK רוטב צ'ילי חריף 700 מ""ל",THAI PREEDA TRADING,,רוטב צ'ילי חריף 700,מיליליטרים,700.00,"100 מ""ל",false,,11.90,0.0170,true,1,48578
7290003220588,false,"רוטה צ'ילי מתוק ללא סוכר 700 מ""ל WOK",תאי פרידה אינדסטרי ב,TH,ווק רוטב צ'ילי מתוק,מיליליטרים,700.00,"100 מ""ל",false,,17.80,0.0254,true,1,367944
7290003220595,false,"ווק אורז לסושי 1 ק""ג WOK","מיה תעשיות מזון בע""מ",IL,אורז לסושי 1 ק'ג WOK,אלף,1.00,"ק""ג",false,,14.40,14.4000,true,1,367945
7290003220601,false,"רוטב WOK צ""ילי מתוק",THAI PREEDA TRADING,,WOK רוטב צ'ילי מתוק,מיליליטרים,300.00,"100 מ""ל",false,,10.90,0.0363,true,1,367946
7290003220649,false,שמן שומשום 100% טהור,הו צ'קינג הינג אוי פ,SG,שמן שומשום 100% טהור,מיליליטרים,150.00,"100 מ""ל",false,,13.90,0.0927,true,1,367948
7290003220717,false,ווק נורי סילבר 10 דפים WOK,ג'י וואן גלובול נאט,TH,אצות נורי סילוור 10,גרמים,22.00,100 גרם,false,,12.90,0.5864,true,1,367950
7290003220755,false,ווק רוטב סויה כהה 64,ליאנג סאנג האנד הואד,TH,ווק רוטב סויה כהה 64,מיליליטרים,640.00,"100 מ""ל",false,,15.90,0.0248,true,1,367953
7290003220830,false,ווק חומץ אורז יסמין,דיאמונד פריזרוד פודס,TH,חומץ אורז לסושי 500,מיליליטרים,500.00,"100 מ""ל",false,,18.70,0.0374,true,1,367954
7290003220977,false,עוגיות חצי ירח מצופה 175 נאפה מעדני מלך,מגדנית הדר,IL,מעדני מלך ירח חצי מצ,גרמים,175.00,100 גרם,false,,7.90,0.0451,true,1,289497
7290003229109,false,פסטרמה בפפריקה 400 גרםטירת צבי,הנסיך- מפעל לייצור ט,IL,א.מ .פסטרמה בפפריקה,גרמים,400.00,100 גרם,false,,29.90,0.0747,true,1,26748
7290003229116,false,פסטרמה בדבש 400 גרםטירת צבי,הנסיך- מפעל לייצור ט,IL,א.מ פסטרמה בדבש 400,גרמים,400.00,100 גרם,false,,29.90,0.0747,true,1,26749
7290003229123,false,פסטרמה על גחלים 400 גרםטירת צבי,הנסיך- מפעל לייצור ט,IL,א.מ. פסטרמה על גחלים,גרמים,400.00,100 גרם,false,,29.90,0.0747,true,1,26750
7290003229147,false,נקניק סלמי איטלקי טירת צבי 300 ג',הנסיך- מפעל לייצור ט,IL,סלמי בסגנון איטלקי 3,גרמים,300.00,100 גרם,false,,29.90,0.0997,true,1,26751
7290003229154,false,סלמי קוניאק מובחר טירת צבי 300 ג',הנסיך- מפעל לייצור ט,IL,א.מ. סלמי קוניאק מוב,גרמים,300.00,100 גרם,false,,29.90,0.0997,true,1,26752
7290003229192,false,כתף בקר מעושן טירת צבי 400 ג' צבי,טיב טירת צבי 2000,IL,א.מ. כתף בקר מעושן 4,גרמים,400.00,100 גרם,false,,35.90,0.0897,true,1,26754
7290003229215,false,פסטרמה איטלקית טירת צבי 360 ג',טירת- צבי,IL,פסטרמה איטלקית 360 ג,גרמים,360.00,100 גרם,false,,29.90,0.0831,true,1,113618
7290003251308,false,אציטון משובח 100מל,שוורץ,,"אציטון משובח 100 מ""",מיליליטרים,100.00,"100 מ""ל",false,,4.90,0.0490,true,1,23226
7290003268252,false,לחם חיטה מלא לילדים 750 ג' דגנית עין בר,יוניליוור גרמניה Gm,IL,לחם חיטה מלא ללא גרע,גרמים,750.00,100 גרם,false,,14.90,0.0199,true,1,5126
7290003268429,false,לחם ירוק מקמח מלא 750 ג' דגנית עין בר,מולינו ניקולי s.p.a,IL,לחם מקמח מלא דגנית 7,גרמים,750.00,100 גרם,false,,15.90,0.0212,true,1,5127
7290003287253,false,נקנקיות מרגז בלאדי 500 ג',קרלו,IL,מרגז קצביה ארוז 600,גרמים,600.00,100 גרם,false,,28.90,0.0482,true,1,113145
7290003287260,false,צ'וריסוס קצביה 600 ג' - 8 יח',בלדי,IL,צוריסוס קצביה ארוז 6,גרמים,600.00,100 גרם,false,,29.90,0.0498,true,1,113117
7290003318131,false,ופל קלאסיק אגוז 200 גרם מנעמים,מנעמים תעשיות מזון,IL,ופל אגוז מנעמים 200,גרמים,200.00,100 גרם,false,,4.30,0.0215,true,1,68754
7290003318155,false,וופל טעם לימון מנעמים 200 ג',מנעמים תעשיות מזון,IL,ופל לימון מנעמים 200,גרמים,250.00,100 גרם,false,,4.30,0.0172,true,1,26076
7290003318599,false,וופל וניל 200 גרם מנעמים,מנעמים תעשיות מזון,IL,ופל וניל מנעמים 200,גרמים,200.00,100 גרם,false,,4.30,0.0215,true,1,68755
7290003321155,false,יוגורט בר עם פקאן מצופה שוקולד 183 ג' דנונה,"שטראוס בריאות בע""מ",IL,דנונה קראנצ' ששבי פק,מיליליטרים,183.00,"100 מ""ל",false,,5.20,0.0284,true,1,24789
7290003321292,false,גבינה לבנה 9% שומן 250 ג' שטראוס,מיוצר עי קונדיטוריית,IL,גבינה 9% סקי 250 גרם,גרמים,250.00,100 גרם,false,,5.00,0.0200,true,1,24790
7290003332007,false,קפה נחלה סובחי 250ג,סובחי נחלה ובניו,,קפה נחלה סובחי 250ג,גרמים,250.00,100 גרם,false,,14.90,0.0596,true,1,37084
7290003332014,false,קפה נחלה אדום עם הל,קפה נחלה,IL,קפה נחלה סובחי 500 ג,גרמים,500.00,100 גרם,false,,28.90,0.0578,true,1,37085
7290003332045,false,קפה נחלה אדום ללא הל 250ג',קפה אל נחלה,,קפה נחלה סובחי 250 ג,גרמים,250.00,100 גרם,false,,14.90,0.0596,true,1,37087
7290003387205,false,דאו' ספיד סטיק בסיסי ירוק רגיל לגבר 63ג',הנסיך- מפעל לייצור ט,US,דאו' סטיק ירוק לגבר,גרמים,63.00,100 גרם,false,,21.90,0.3476,true,1,23451
7290003387410,false,בלונס פדים להסרת איפור שלישייה,SEPTONA S.A.,GR,מגבונים להסרת איפור,אין,0.00,יחידה,false,,23.90,0.0000,true,1,23453
7290003400500,false,חטיף הרשי ריזס נאטרייגיס 47 גרם,ליימן מותגים,US,חטיף קרמל עם בוטנים,גרמים,47.00,100 גרם,false,,4.90,0.1043,true,1,13698
7290003411566,false,צמרוני אזניים עץ הנמ,שוורצקוף& הנקל דיסלד,CN,צמרוני אוזניים עץ 20,אין,0.00,יחידה,false,,3.90,0.0000,true,1,8449
7290003411689,false,ליפתניות לבן 25 יחידות,הנמל אריזות ושיווק ב,IL,לפתניות 25 יח,אין,0.00,יחידה,false,,5.90,0.0000,true,1,8452
7290003411696,false,"מרקיות לבן ח""פ הנמל 25 יח'",פלסטכים תורכיה,IL,מרקיות חד פעמי 25 יח,אין,0.00,יחידה,false,,10.90,0.0000,true,1,8453
7290003411993,false,גפרורים הנמל 10 יחיד,"איטיליאן פוד, אס.פי.",SE,גפרורים 10 יחידות,אין,0.00,יחידה,false,,2.90,0.0000,true,1,8464
7290003427154,false,"שמן זית כתית מעולה מעודן זיתא 750 מ""ל",זיתא – י.ט.ב תעשיות,IL,שמן זית כתית מעולה ז,מיליליטרים,750.00,"100 מ""ל",false,,40.90,0.0545,true,1,26079
7290003438013,false,ממרח זיתים ירוקים אוליביה 190 גרם,אוליביה,IL,אוליביה ממרח זיתים א,גרמים,190.00,100 גרם,false,,14.90,0.0784,true,1,4059
7290003438020,false,ממרח עגבניות מיובשות אוליביה 190 גר,מיוצר עי קונדיטוריית,IL,אוליביה ממרח עגבניות,גרמים,190.00,100 גרם,false,,14.90,0.0784,true,1,4060
7290003438709,false,ממרח אולביה זיתים שחורים וירוקים 190 ג',גוד פוד פרודקטס S.p,IL,אוליביה ממרח זיתים ש,גרמים,190.00,100 גרם,false,,14.90,0.0784,true,1,4071
7290003438990,false,עיטורי עגבניות מיובשות וזיתים אוליביה 280 ג',אוליביה גורמה בעמ,IL,עיטורי עגבניות מיובש,גרמים,220.00,100 גרם,false,,20.00,0.0909,true,1,4075
7290003444009,false,חטיף הרשי ריזס שוקולד חלב 42 גר,ליימן מותגים,US,ריזס שוקולד חלב במיל,גרמים,42.00,100 גרם,false,,3.90,0.0929,true,1,13701
7290003450602,false,חרדל אמיתי צהוב בקבוק לחיץ 255 גר,היינץ צפון אמריקה מק,US,חרדל אמיתי צהוב בקבו,גרמים,255.00,100 גרם,false,,11.90,0.0467,true,1,29210
7290003461677,false,"חומוס אסלי שמיר 1 ק""ג","סלטי שמיר 2006 בע""מ",IL,"חומוס אסלי 1 ק""ג",אלף,1.00,"ק""ג",false,,11.90,11.9000,true,1,19834
7290003461868,false,"חציל במיונז אסלי שמיר 1 ק""ג","סלטי שמיר 2006 בע""מ",IL,"חציל במיונז 1ק""ג",אלף,1.00,"ק""ג",false,,10.90,10.9000,true,1,169499
7290003514007,false,מנה שקדי מרק מנה 400 גרם,מנה Mana,IL,שקדי מרק מנה 400 גרם,גרמים,400.00,100 גרם,false,,10.90,0.0273,true,1,23455
7290003521074,false,"ד""ר פישר - סרקל מרכך שיער לילדים 1 ליטר",הדקלאים אגודת שיתופי,IL,סרקל מרכך שיער לילדי,אין,0.00,יחידה,false,,31.90,0.0000,true,1,31295
7290003521197,false,"ד""ר פישר - סרקל תרסיס מתיר קשרים 340 מ""ל",פישר מעבדות פרמצבטיו,IL,סרקל מתיר קשרים 340,מיליליטרים,340.00,"100 מ""ל",false,,26.90,0.0791,true,1,31299
7290003525904,false,סלט טונה פיקנטי שלישיה * 160 ג',,,סלט טונה פיקנטי וילי,גרמים,480.00,100 גרם,false,,17.90,0.0373,true,1,18549
7290003527380,false,דובדובן ללא חרצן 680 ג',,,דובדבן ללא חרצן וילי,גרמים,680.00,100 גרם,false,,9.90,0.0146,true,1,18559
7290003570164,false,מינוט שווארמה פרגית 300 גרם,"בלדי בע""מ",IL,מינוט שוארמה פרגית 3,גרמים,300.00,100 גרם,false,,30.90,0.1030,true,1,122332
7290003578078,false,לפתן קוקטיל פירות טרופיים בסירופ 850 גרם,יוליניבר,CN,לפתן קוקטיל טרופי פי,גרמים,850.00,100 גרם,false,,10.90,0.0128,true,1,3562
7290003578108,false,חתיכות אננס בסירופ קל וילי פוד 850 גרם,טקרנג פינאפל אינדסטר,TH,אננס חתוך ויליפוד 85,גרמים,490.00,100 גרם,false,,9.90,0.0202,true,1,3564
7290003578313,false,דובדבנים חמוצים ללא חרצנים 680גר,דל מונטה היילס אס.אי,HR,דובדבנים חמוצים ללא,גרמים,350.00,100 גרם,false,,10.90,0.0311,true,1,3569
7290003578672,false,שמן חמניות מזוכך ויליפוד 1 ל',וילי פוד,TR,שמן חמניות 1 ליטר,ליטר,1.00,ליטר,false,,12.90,12.9000,true,1,3571
7290003598311,false,מינוט סטייק חלק ריאה 300 ג',בלדי,IL,מינוט סטייק 300 גר'/,גרמים,300.00,100 גרם,false,,35.90,0.1197,true,1,111182
7290003643004,false,"אורז בסמטי קלאסי 1 ק""ג סוגת",האי נאם סי או אל.טי.,IL,"סוגת אורז בסמטי 1 ק""",אלף,1.00,"ק""ג",false,,14.90,14.9000,true,1,19385
7290003643134,false,סוגת סוכר וניל 10 יח,גוד פוד פרודקטס S.p,IL,סוגת סוכר וניל 10 יח,גרמים,100.00,100 גרם,false,,2.90,0.0290,true,1,19387
7290003643325,false,קוסקוס בינוני 350 גרם סוגת,"אסיף תעשיות מזון בע""",IL,קוסקוס בינוני סוגת 3,גרמים,350.00,100 גרם,false,,5.90,0.0169,true,1,19394
7290003643387,false,"סוכר לבן בצנצנת 1 ק""ג סוגת",האי נאם סי או אל.טי.,IL,סוכר לבן בצנצנת סוגת,אלף,1.00,"ק""ג",false,,10.90,10.9000,true,1,19396
7290003643646,false,"סוכר דמררה קלאסי בצנצנת סוגת 1 ק""ג",האי נאם סי או אל.טי.,IL,סוכר דמררה בצנצנת חו,אלף,1.00,"ק""ג",false,,13.90,13.9000,true,1,19397
7290003643684,false,אפונה יבשה סוגת 500 גר',האי נאם סי או אל.טי.,IL,אפונה יבשה 500 גרם,גרמים,500.00,100 גרם,false,,6.90,0.0138,true,1,19398
7290003643714,false,סוגת חומוס 500 גרם,האי נאם סי או אל.טי.,IL,חומוס 500 גרם,גרמים,500.00,100 גרם,false,,8.90,0.0178,true,1,19400
7290003643738,false,סוגת חיטה 500 גרם,האי נאם סי או אל.טי.,IL,סוגת חיטה 500 גר,גרמים,500.00,100 גרם,false,,5.90,0.0118,true,1,19401
7290003643745,false,סוגת כוסמת 500 גרם,האי נאם סי או אל.טי.,IL,כוסמת 500 גרם,גרמים,500.00,100 גרם,false,,7.90,0.0158,true,1,19402
7290003643752,false,עדשים ירוקים יבש סוגת 500 גר',האי נאם סי או אל.טי.,IL,עדשים ירוקות 500 גרם,גרמים,500.00,100 גרם,false,,8.90,0.0178,true,1,19403
7290003643769,false,עדשים אדומים יבש סוגת 500 גר',"סוגת תעשיות בע""מ",IL,עדשים אדומות 500 גרם,גרמים,500.00,100 גרם,false,,8.90,0.0178,true,1,19404
7290003643776,false,"פופקורן גרעינים סוגת 500 ג' כשל""פ",האי נאם סי או אל.טי.,IL,סוגת פופקורן 500 גרם,גרמים,500.00,100 גרם,false,,5.90,0.0118,true,1,19405
7290003643783,false,קוקוס סוגת 100 גרם,האי נאם סי או אל.טי.,IL,קוקוס 100 גר,גרמים,100.00,100 גרם,false,,3.90,0.0390,true,1,19406
7290003643806,false,שעועית לבנה יבשה סוגת 500 ג',האי נאם סי או אל.טי.,IL,שעועית לבנה 500 גרם,גרמים,500.00,100 גרם,false,,11.90,0.0238,true,1,19407
7290003643813,false,שעועית אדומה יבשה סוגת 500 גר',האי נאם סי או אל.טי.,IL,שעועית אדומה 500 גרם,גרמים,500.00,100 גרם,false,,11.90,0.0238,true,1,19408
7290003681303,false,שעועית מעורבת יבשה מיה 500 גר',"מיה תעשיות מזון בע""מ",IL,שעועית מעורבת 500 גר,גרמים,500.00,100 גרם,false,,13.50,0.0270,true,1,52649
7290003681365,false,סוכריות קישוט לעוגה צבעוני 70 גר' מיה,"מיה תעשיות מזון בע""מ",IL,70 סוכריות קישוט לעו,גרמים,70.00,100 גרם,false,,5.90,0.0843,true,1,52652
7290003681532,false,דובדבנים מסוכרים 80 גר' מיה,מיה תעשיות מזון,IL,דובדבן מסוכר 80 גרם,גרמים,80.00,100 גרם,false,,7.90,0.0988,true,1,52653
7290003681693,false,חומוס לבן ענק יבש מיה 500 גר',"מיה תעשיות מזון בע""מ",IL,חומוס לבן ענק מיה 50,גרמים,500.00,100 גרם,false,,11.90,0.0238,true,1,52657
7290003681921,false,"סוכריות טופי פירות מיה 200 ג' בד""ץ'",מיה תעשיות מזון,IL,טופי מתוק מיה 200 גר,גרמים,200.00,100 גרם,false,,6.90,0.0345,true,1,15707
7290003706167,false,בצל ירוק ארוז,,,בצל ירוק ארוז,יח',1.00,יח',false,,5.90,5.9000,true,1,77750
7290003718627,false,"פול ירוק 400 ג' בית יוסף כשל""פ",,,פול ירוק בלדי 400 גר,גרמים,400.00,100 גרם,false,,11.90,0.0298,true,1,466733
7290003726141,false,גבינת טופו משק גאיה,ג'נרל מילס סאן אדריא,IL,טופו משק גאיה 300ג,גרמים,300.00,100 גרם,false,,13.70,0.0457,true,1,15453
7290003726615,false,טופו הבית משק ויילר,הדקלאים אגודת שיתופי,IL,טופו ויילר 300 גרם.,גרמים,300.00,100 גרם,false,,12.90,0.0430,true,1,141172
7290003726622,false,טופו פיקנטי 300 ג' משק ויילר,משק וואיילר,IL,טופו קשה בטעם פיקנטי,גרמים,300.00,100 גרם,false,,13.90,0.0463,true,1,391699
7290003726752,false,קציצות טופו ברוקולי קישוא אפונה 400 גר,משק ויילר,IL,קציצות טופו עם ברוקו,גרמים,400.00,100 גרם,false,,19.90,0.0497,true,1,379896
7290003726806,false,שניצל טופו עם ברוקול,משק ויילר,IL,שניצל טופו בטעם עוף,גרמים,420.00,100 גרם,false,,27.90,0.0664,true,1,463179
7290003726868,false,טופו חומוס בתוספת עגבניות מיובשות 300 ג' משק ויילר,משק וואיילר,IL,טופו חומוס עם עגבניו,גרמים,300.00,100 גרם,false,,13.90,0.0463,true,1,391700
7290003781652,false,צלפים במי מלח ויליפוד 350 ג',סוסיטס,TR,צלפים במלח ויליפוד 3,גרמים,350.00,100 גרם,false,,10.50,0.0300,true,1,3576
7290003781850,false,גבינת קשקבל פרוסות 200 גרם,וילי פוד,ES,גבינת קשקבל פרוסות 2,גרמים,200.00,100 גרם,false,,21.90,0.1095,true,1,345021
7290003864478,false,סרדינים בשמן צמחי ויליפוד 110ג' פתח קל,גולדן פרייז קאנינג א,TH,סרדין בשמן צמחי וילי,גרמים,110.00,100 גרם,false,,5.30,0.0482,true,1,3579
7290003864485,false,סרדינים ברוטב עגבנ יות ויליפוד 110ג' פתח קל,גולדן פרייז קאנינג א,TH,סרדינים ברוטב עגבניו,גרמים,120.00,100 גרם,false,,5.30,0.0442,true,1,3580
7290003864492,false,סרדינים בשמן צמחי חריף פתח קל ויליפוד 110ג',גולדן פרייז קאנינג א,TH,סרדין בשמן צמחי חריף,גרמים,120.00,100 גרם,false,,5.30,0.0442,true,1,3581
7290003882922,false,עלי גפן ממולאים באורז ויליפוד 400ג',הזה פלאקספו פוד קו ב,CN,עלי גפן ממולאים באור,גרמים,360.00,100 גרם,false,,9.90,0.0275,true,1,3586
7290003896141,false,חטיף ספרדי פיקנטי אלמנדוס 200 גרם,הדקלאים אגודת שיתופי,IL,אלמנדוס 200 גרם,גרמים,200.00,100 גרם,false,,11.90,0.0595,true,1,14009
7290003976607,false,גל אקונומיקה סמיכה לבנדר טאצ' לבנדר 4 ל',,,ג'ל אקונומיקה סמיכה,ליטר,4.00,ליטר,false,,13.90,3.4750,true,1,243811
7290003976997,false,ג'ל ניקוי כללי ורצפות בתוספת סודה טאצ 2 ל',,,ג'ל ניקוי כללי ורצפו,ליטר,2.00,ליטר,false,,18.90,9.4500,true,1,377178
7290003989096,false,חציל פיקנטי אחלה 500 גרם,מיוצר עי קונדיטוריית,IL,אחלה חציל פיקנטי 500,גרמים,500.00,100 גרם,false,,17.70,0.0354,true,1,24791
7290003989539,false,לורנצו רביולי במילוי גבינה,מיוצר עי קונדיטוריית,IL,EAT GOOD רביולי גבינ,גרמים,400.00,100 גרם,false,,21.90,0.0547,true,1,24792
7290003989553,false,"פסטה טורטליני פטריות, 400 גרם",מיוצר עי קונדיטוריית,IL,שטראוס טורטליני פטרי,גרמים,400.00,100 גרם,false,,21.90,0.0547,true,1,24793
7290004011277,false,"ריצ' לבישול והקרמה 220 מ""ל","אינסטנטה בע""מ",IL,שמנת לבישול על בסיס,מיליליטרים,220.00,"100 מ""ל",false,,8.90,0.0405,true,1,18571
7290004011284,false,ריצ בסיס להכנת קצפת 25% 212מל,ריצ' פרודקטס קורפריי,US,ריצ בסיס להכנת קצפת,מיליליטרים,212.00,"100 מ""ל",false,,8.90,0.0420,true,1,18572
7290004011338,false,"קצפת מתוקה מכונה 250 מ""ל ריץ'",האי נאם סי או אל.טי.,IT,ריצ קצפת במיכל 250מל,מיליליטרים,250.00,"100 מ""ל",false,,9.90,0.0396,true,1,18574
7290004011345,false,"קצפת ריצ` פרווה במיכל 250 מ""ל",האי נאם סי או אל.טי.,IT,קצפת ריץ במיכל פרווה,מיליליטרים,238.00,"100 מ""ל",false,,9.90,0.0416,true,1,18575
7290004011819,false,המבורגר ריב אנטריקוט אל גאוצו 360 גרם,האי נאם סי או אל.טי.,IL,אל גאוצו המבורגר ריב,גרמים,360.00,100 גרם,false,,26.90,0.0747,true,1,18584
7290004011826,false,מיני המבורגר ריב אנטריקוט,טיבון ויל אחזקות בעמ,IL,אל גאוצ'ו מיני המבור,גרמים,320.00,100 גרם,false,,26.90,0.0841,true,1,18585
7290004014407,false,סוכריות M&M בוטנים 46 ג',מרס נדרלנד,US,פינאטבאטר M&M עדשי ש,גרמים,46.00,100 גרם,false,,5.90,0.1283,true,1,14798
7290004023041,false,לחם שיפון מחמצת 750 גרם,המאפה של דר מרק בריא,IL,לחם שיפון מחמצת 750,גרמים,750.00,100 גרם,false,,13.90,0.0185,true,1,342963
7290004030018,false,"פריניב מיץ לימון סחוט פרי לתיבול 500 מ""ל",הנסיך- מפעל לייצור ט,IL,מיץ לימון סחוט פרי פ,מיליליטרים,500.00,"100 מ""ל",false,,7.90,0.0158,true,1,42834
7290004030216,false,פריניב נקטר חמוציות 1ליטר,פריניב בעמ,IL,פריניב נקטר חמוציות,ליטר,1.00,ליטר,false,,14.70,14.7000,true,1,42839
7290004030445,false,פריניב סחוט טבעי תפוזים 1ליטר,פריניב בעמ,IL,פרי ניב תפוז סחוט 1ל,ליטר,1.00,ליטר,false,,13.90,13.9000,true,1,42852
7290004030544,false,פריניב מיץ לימונדה לואיזה ולמון גראס 1 ליטר,פריניב,IL,לימונדה לואיזה ולמון,אין,0.00,יחידה,false,,13.90,0.0000,true,1,42853
7290004030612,false,פרי ניב מיץ קיוי אגס ללא תוספת סוכר 1ל,פריניב בעמ,IL,פרי ניב מיץ קיוי אגס,ליטר,1.00,ליטר,false,,14.90,14.9000,true,1,42856
7290004043108,false,חטיף שוקולד MַM אריז,,,M&M עדשי שוקולד 89 ג,גרמים,89.00,100 גרם,false,,7.50,0.0843,true,1,97248
7290004063016,false,מלח שולחן מעולה דק 1,האי נאם סי או אל.טי.,IL,"מלח שולחן סלית 1 ק""ג",אלף,1.00,"ק""ג",false,,1.90,1.9000,true,1,16357
7290004063115,false,"מלח מטבח עבה להמלחת בשר ובישול 1 ק""ג 1ק""ג",האי נאם סי או אל.טי.,IL,מלח מטבח גס לבישול כ,אלף,1.00,"ק""ג",false,,1.90,1.9000,true,1,16358
7290004064099,false,מטחנה מלח מהרי ההימלאיה 250 ג מלח הארץ,חברת מלח הארץ אילת ב,IL,מטחנה מלח מהרי ההימל,גרמים,250.00,100 גרם,false,,17.90,0.0716,true,1,26097
7290004064174,false,"תבלין מלח ההימלאיה דק בצנצנת 1 ק""ג",מלח הארץ אילת,IL,מלח ההימלאיה דק בצנצ,אלף,1.00,"ק""ג",false,,19.90,19.9000,true,1,96464
7290004064228,false,מלח במטחנה אקסטרא תבלינים שום ופלפל 125 גר',מלח הארץ אילת,IL,מטחנת מלח אקסטרא תבל,גרמים,125.00,100 גרם,false,,17.90,0.1432,true,1,129249
7290004064280,false,מלח מופחת נתרן בצנצנת מלח הארץ 600 גרם,חברת מלח הארץ אילת ב,IL,מלח מופחת נתרן בצנצנ,גרמים,600.00,100 גרם,false,,17.90,0.0298,true,1,141285
7290004064303,false,מלח אטלנטי בצנצנת מלח הארץ 800 גרם,מלח הארץ אילת,IL,מלח אטלנטי בצנצנת הא,גרמים,800.00,100 גרם,false,,19.90,0.0249,true,1,141287
7290004064358,false,"מלח דק זורם בקלות מלח הארץ קרטון 1 ק""ג",,IL,מלח דק זורם בקלות בק,אלף,1.00,"ק""ג",false,,5.20,5.2000,true,1,205790
7290004064365,false,"מלח דק מועשר ביוד מלח הארץ קרטון 1 ק""ג",,IL,מלח דק מועשר ביוד קר,אלף,1.00,"ק""ג",false,,6.30,6.3000,true,1,205791
7290004064372,false,מטחנת מלח אקסטרא תבלינים איטלקי 105 גר,מלח הארץ אילת,IL,מטחנת מלח אקסטרא תבל,גרמים,105.00,100 גרם,false,,17.90,0.1705,true,1,280373
7290004064389,false,מלח הימלאיה דק מלחייה 250 גרם,מלח הארץ אילת,IL,מלח הימלאיה דק מלחיי,גרמים,250.00,100 גרם,false,,11.90,0.0476,true,1,277391
7290004068011,false,יוגורט כבשים 5% בדלי,"מיוצר ע""י קוד יצרן M",IL,גד יוגורט כבשים 5% 6,מיליליטרים,600.00,"100 מ""ל",false,,20.20,0.0337,true,1,15454
7290004068028,false,"ציזיקי יוגורט לשתיה גד 500 מ""ל",מיוצר על ידי קוד יצר,IL,גד משקה צזיקי 2% 500,מיליליטרים,500.00,"100 מ""ל",false,,11.70,0.0234,true,1,15455
7290004068035,false,"איירן יוגורט לשתייה 3% גד 500 מ""ל","מיוצר ע""י קוד יצרן M",IL,גד משקה איירן בסגנון,גרמים,500.00,100 גרם,false,,9.90,0.0198,true,1,15456
7290004068172,false,"יוגורט עיזים בדלי 5% 600 מ""ל רובין",קוד יצרן MKN,IL,גד יוגורט עיזים 5% 6,מיליליטרים,600.00,"100 מ""ל",false,,20.20,0.0337,true,1,15457
7290004078225,false,"שטיפת פה קולגייט פלקס מינט ירוק 500מ""ל",קולגייט- פלמוליב,PL,מי פה פלקס סופט מינט,מיליליטרים,500.00,"100 מ""ל",false,,33.90,0.0678,true,1,23477
7290004078263,false,מקלות אוזניים פלסטיק 2* 200 יחידות,SEPTONA S.A,GR,צמרונים בקופסא זוג ב,אין,0.00,יחידה,false,,12.90,0.0000,true,1,23479
7290004078270,false,נוזל כלים פלמוליב צילינדר לימון 1 ליטר,יבואן ומשווק: ש. שסט,GR,פלמוליב לכלים לימון-,אין,0.00,יחידה,false,,14.90,0.0000,true,1,23480
7290004078690,false,"אגקס נוזל לניקוי אסלות מרענן 750 מ""ל",הנסיך- מפעל לייצור ט,FR,אגקס כלורון נוזל לני,מיליליטרים,750.00,"100 מ""ל",false,,15.90,0.0212,true,1,23482
7290004078942,false,ליידי ספיד סטיק - דאודורנט ג'ל לאישה 65 גרם,קולגייט פלמוליב,US,דיאודורנט ג'ל מרענן,גרמים,65.00,100 גרם,false,,18.90,0.2908,true,1,23483
7290004091217,false,"גודרס להברקת כלי כסף 125מ""ל",אס סי גונסון פורטוגל,PT,גודרס לכלי נחושת וכס,מיליליטרים,125.00,"100 מ""ל",false,,15.90,0.1272,true,1,6443
7290004119133,false,כד יוגורט תנובה 6.5% שומן 1.5 ליטר,מיוצר עי קונדיטוריית,IL,יוגורט כדים תנובה 7%,ליטר,1.50,ליטר,false,,18.70,12.4667,true,1,27413
7290004119225,false,יוגורט אננס 3% שומן 150 ג' יופלה,תנובה מרכז שיתופי לש,IL,יופלה אננס 3% 150מל,גרמים,150.00,100 גרם,false,,5.60,0.0373,true,1,27414
7290004119928,false,קרלו מעדן וניל רביעיות גביע 125 1.5%,מחלבת אלון תבור,IL,קרלו וניל 3% 125מל,מיליליטרים,125.00,"100 מ""ל",false,,3.50,0.0280,true,1,27419
7290004119973,false,קרלו מעדן שוקו רביעיה גביע 125 1.5%,תנובה מרכז שיתופי לש,IL,קרלו שוקולדה 3% 125מ,מיליליטרים,125.00,"100 מ""ל",false,,3.50,0.0280,true,1,27420
7290004120061,false,קרלו שוקולד וניל 125,תנובה מרכז שיתופי לש,IL,קרלו שוניל 3% 125מל,מיליליטרים,125.00,"100 מ""ל",false,,3.50,0.0280,true,1,27421
7290004120108,false,יופלה דיאט יוגורט דובדבן %0 גביע 150ג',תנובה מרכז שיתופי לש,IL,יופלה דיאט דובדבן 0%,מיליליטרים,150.00,"100 מ""ל",false,,5.60,0.0373,true,1,27424
7290004120566,false,גבינה בולגרית פיראוס 24% 250 גרם,תנובה,IL,פיראוס בולגרית 24% 2,גרמים,250.00,100 גרם,false,,23.90,0.0956,true,1,27442
7290004120573,false,גבינה בולגרית פיראוס 16% 250 גרם,תנובה מרכז שיתופי לש,IL,פיראוס בולגרית בקר 1,גרמים,250.00,100 גרם,false,,23.90,0.0956,true,1,27443
7290004120634,false,גבינה פיראוס בולגרית 5% 250 גרם,תנובה מרכז שיתופי לש,IL,פיראוס בולגרית 5% 25,גרמים,250.00,100 גרם,false,,23.90,0.0956,true,1,27444
7290004120832,false,חלב תנובה טרי 3% מהדרין כד 2 ל',תנובה מרכז שיתופי לש,IL,"חלב תנובה טרי 3% בד""",ליטר,2.00,ליטר,false,,12.46,6.2300,true,1,27446
7290004121488,false,יופלה דיאט אפרסק 0% גביע 150 ג',תנובה מרכז שיתופי לש,IL,יופלה דיאט אפרסק 0%,מיליליטרים,150.00,"100 מ""ל",false,,5.60,0.0373,true,1,27451
7290004121525,false,יופלה מאגדת פרי 4 תות 4 אפרסק 3% 8 יח'*150 ג',תנובה מרכז שיתופי לש,IL,יופלה אפרסק תות 3% 8,אלף,1.20,"ק""ג",false,,32.90,27.4167,true,1,27452
7290004121839,false,גבינת פטה כבשים 20% 250 ג' פיראוס,תנובה מרכז שיתופי לש,IL,פיראוס פטה כבשים 20%,גרמים,250.00,100 גרם,false,,29.50,0.1180,true,1,27457
7290004121853,false,גבינה בולגרית פיראוס 5% קוביות 200 גרם,תנובה מרכז שיתופי לש,IL,פיראוס בולגרית בקובי,גרמים,200.00,100 גרם,false,,21.90,0.1095,true,1,27458
7290004122119,false,פתיתי פרמזן לפסטה %23 100 ג' השף הלבן,פ.פ.ח. שאביט,IL,שף לבן פתיתי פרמזן ל,גרמים,100.00,100 גרם,false,,12.90,0.1290,true,1,27462
7290004122195,false,"גבינת גוש חלב פרוס 28%, כשרות מהדרין, 200 ג'",תנובה,IL,גוש חלב פרוס 28% 200,גרמים,200.00,100 גרם,false,,14.90,0.0745,true,1,27463
7290004122270,false,גבינה צהובה פרוס בקופסא %28 200 ג' עמק,תנובה מרכז שיתופי לש,IL,עמק פרוס סגירה חוזרת,גרמים,200.00,100 גרם,false,,17.50,0.0875,true,1,27464
7290004122348,false,גבינת עמק לייט פרוס בקופסא 200 גרם,תנובה מרכז שיתופי לש,IL,עמק לייט 9% 200ג,גרמים,200.00,100 גרם,false,,17.90,0.0895,true,1,27466
7290004122676,false,גבינת חמד לייט 5% פיראוס 250 ג',"תנובה,מחלבת טנא נוגה",IL,פיראוס חמד לייט 5% 2,גרמים,250.00,100 גרם,false,,20.90,0.0836,true,1,27470
7290004122683,false,חטיף גבינת אצבעות 28% 172 ג' עמק,תנובה מרכז שיתופי לש,IL,עמק אצבעות 172ג,גרמים,172.00,100 גרם,false,,17.70,0.1029,true,1,27471
7290004124205,false,יוגורט דיאט תות %0 שומן 150 ג' יופלה,תנובה מרכז שיתופי לש,IL,יופלה דיאט תות 0% 15,מיליליטרים,150.00,"100 מ""ל",false,,5.60,0.0373,true,1,27486
7290004125370,false,"שמנת חמוצה מופחתת שומן 9% 200 מ""ל",תנובה מרכז שיתופי לש,IL,תנובה שמנת מופחתת 9%,מיליליטרים,200.00,"100 מ""ל",false,,4.10,0.0205,true,1,27497
7290004125400,false,"שלי אשל 4.5% תנובה 200מ""ל מהדרין",פארייפאבה אגרואינדוס,IL,"אשל 4.5% בד""צ מהדרין",מיליליטרים,200.00,"100 מ""ל",false,,1.69,0.0084,true,1,27498
7290004125417,false,"שלי גיל 3% תנובה 200מ""ל מהדרין",תנובה מרכז שיתופי לש,IL,"גיל 3% בד""צ מהדרין",מיליליטרים,200.00,"100 מ""ל",false,,1.51,0.0076,true,1,27499
7290004125455,false,**תנובה שמנת אורגינל מהדרין 15% 200מל,תנובה מרכז שיתופי לש,IL,תנובה שמנת אורגינל מ,מיליליטרים,200.00,"100 מ""ל",false,,2.40,0.0120,true,1,27500
7290004125462,false,"שמנת אורגינל 15% מהדרין 500 מ""ל",תנובה מרכז שיתופי לש,IL,תנובה שמנת חמוצה 15%,מיליליטרים,500.00,"100 מ""ל",false,,6.00,0.0120,true,1,27501
7290004125509,false,"שמנת 15% חצי מנה 100 מ""ל תנובה",תנובה מרכז שיתופי לש,IL,תנובה שמנת חצי מנה 1,מיליליטרים,100.00,"100 מ""ל",false,,1.80,0.0180,true,1,27502
7290004125578,false,משקה סויה מעושר בסידן תנובה 1ל',תנובה מרכז שיתופי לש,IL,משקה סויה תנובה מועש,ליטר,1.00,ליטר,false,,12.50,12.5000,true,1,27503
7290004125585,false,משקה סויה וניל תנובה E אלטרנטיב,תנובה מרכז שיתופי לש,IL,סויה תנובה משקה סויה,ליטר,1.00,ליטר,false,,12.50,12.5000,true,1,27504
7290004125721,false,"שמנת לבישול 15% שומן 250 מ""ל תנובה",תנובה מרכז שיתופי לש,IL,שף לבן שמנת לבישול 1,מיליליטרים,250.00,"100 מ""ל",false,,8.90,0.0356,true,1,27507
7290004125738,false,שמנת מתוקה להקצפה32% 250מל עמיד השף הלבן,תנובה מרכז שיתופי לש,IL,שף לבן שמנת להקצפה 3,מיליליטרים,250.00,"100 מ""ל",false,,7.20,0.0288,true,1,27508
7290004125776,false,גבינה צהובה עמק 28% 400 גרם בקופסא,תנובה,IL,עמק גבינה קשה פרוסה,גרמים,400.00,100 גרם,false,,31.50,0.0788,true,1,27511
7290004126674,false,פרוסות גבינה חצי קשה 9% שומן 200 ג' עמק,תנובה מרכז שיתופי לש,IL,עמק טל לייט 9% 200ג,גרמים,200.00,100 גרם,false,,19.90,0.0995,true,1,27519
7290004126759,false,יופלה דיאט פירות יער %0 גביע 150 ג',תנובה בעמ,IL,יופלה דיאט פירות יער,מיליליטרים,150.00,"100 מ""ל",false,,5.60,0.0373,true,1,27520
7290004126872,false,משקאות חלב תנובה שוקו בקבוק 250מל,תנובה,IL,משקאות חלב תנובה שוק,מיליליטרים,250.00,"100 מ""ל",false,,5.90,0.0236,true,1,27521
7290004127077,false,קוטג' 3% שומן 250 ג' תנובה,מיוצר עי קונדיטוריית,IL,קוטג תנובה 3% 250 ג,גרמים,250.00,100 גרם,false,,5.70,0.0228,true,1,27522
7290004127329,false,קוטג' 5% תנובה 250ג' מהדרין,מיוצר עי קונדיטוריית,IL,קוטג' 5% תנובה מהדרי,גרמים,250.00,100 גרם,false,,5.70,0.0228,true,1,27524
7290004127336,false,קוטג' 9% תנובה 250 ג' הדרין,מיוצר עי קונדיטוריית,IL,קוטג' תנובה מהדרין 9,גרמים,250.00,100 גרם,false,,5.70,0.0228,true,1,27525
7290004127800,false,גבינה לבנה 5% שומן 500 ג' תנובה,מיוצר עי קונדיטוריית,IL,תנובה גבינה לבנה 5%,גרמים,500.00,100 גרם,false,,9.96,0.0199,true,1,27529
7290004127817,false,גבינה לבנה 9% שומן 500 ג' תנובה,מיוצר עי קונדיטוריית,IL,תנובה גבינה לבנה 9%,גרמים,500.00,100 גרם,false,,9.50,0.0190,true,1,27530
7290004127862,false,**תנובה גבינה למריחה מהדרין 5% 750ג,תנובה מרכז שיתופי לש,IL,תנובה גבינה למריחה מ,גרמים,750.00,100 גרם,false,,14.90,0.0199,true,1,27531
7290004128333,false,לאבנה על בסיס יוגורט %9 שומן 500 ג' פיראוס,תנובה,IL,פיראוס לאבנה גביע %9,גרמים,500.00,100 גרם,false,,19.90,0.0398,true,1,27541
7290004128340,false,קרם גבינת שמנת %5 בטעם טבעי 200 ג' תנובה,תנובה,IL,תנובה קרם גבינת שמנת,גרמים,200.00,100 גרם,false,,13.40,0.0670,true,1,27542
7290004128364,false,קרם גבינת שמנת 5% עם זיתים ירוקים 200 ג' תנובה,"תנובה, מחלבת תל יוסף",IL,תנובה קרם גבינת שמנת,גרמים,200.00,100 גרם,false,,13.40,0.0670,true,1,27543
7290004128432,false,פתיתים מיוחדים לפיצה על בסיס גבינה 500 ג',תנובה,IL,שף לבן פתיתי גבינה מ,גרמים,500.00,100 גרם,false,,22.70,0.0454,true,1,27544
7290004129101,false,גבינת שמנת 25% בטעם טבעי 225 ג' נפוליאון,תנובה מרכז שיתופי לש,IL,נפוליאון בטעם טבעי 2,גרמים,225.00,100 גרם,false,,15.50,0.0689,true,1,27547
7290004129156,false,גבינת שמנת25% עם שום שמיר 225 ג' נפוליאון,תנובה מרכז שיתופי לש,IL,נפוליאון שום שמיר 25,גרמים,225.00,100 גרם,false,,15.50,0.0689,true,1,27549
7290004129545,false,גבינה לבנה 3% שומן 250 ג' תנובה,מחלבת אלון תבור,IL,גבינת מהדרין 3% תנוב,גרמים,250.00,100 גרם,false,,5.00,0.0200,true,1,27550
7290004129736,false,יוגורט במתיקות מעודנת 1.5% שומן 200 ג' יופלה,תנובה מרכז שיתופי לש,IL,יופלה קרם יוגרט מעוד,מיליליטרים,200.00,"100 מ""ל",false,,4.90,0.0245,true,1,27552
7290004129767,false,יופלה לבן טבעי מאגדת 3% 8*150מל,מחלבת אלון תבור,IL,יופלה לבן מאגדת 3% 8,אלף,1.20,"ק""ג",false,,18.90,15.7500,true,1,27553
7290004130794,false,משקה סויה טבעי במתיקות מופחתת 1 ליטר,תנובה מרכז שיתופי לש,IL,סויה תנובה טבעי במתי,ליטר,1.00,ליטר,false,,12.00,12.0000,true,1,27560
7290004130916,false,יוגורט 3% פירות יער בשמנת 150 ג' יופלה,תנובה מרכז שיתופי לש,IL,יופלה בטעם פירות יער,גרמים,150.00,100 גרם,false,,5.60,0.0373,true,1,27562
7290004131074,false,**חלב תנובה טרי מהדרין קרטון 3% 1ל,תנובה מרכז שיתופי לש,IL,חלב תנובה הומוגני מה,ליטר,1.00,ליטר,false,,6.23,6.2300,true,1,27567
7290004131432,false,יוגורט ביו 3% שומן 200 ג' יופלה,מיוצר עי קונדיטוריית,IL,יופלה לבן 3% 200מל,מיליליטרים,200.00,"100 מ""ל",false,,4.50,0.0225,true,1,27574
7290004131456,false,יוגורט ביו 1.5% שומן 200 ג' יופלה,מיוצר עי קונדיטוריית,IL,יופלה לבן 1.5% 200מל,מיליליטרים,200.00,"100 מ""ל",false,,4.50,0.0225,true,1,27575
7290004131814,false,גבינה צפתית 5% מעודנת 200 ג' פיראוס,פארייפאבה אגרואינדוס,IL,פיראוס צפתית מעודנת,גרמים,200.00,100 גרם,false,,15.90,0.0795,true,1,27585
7290004132552,false,משקה סויה לייט בטעם טבעי טרי 1 ליטר,תנובה מרכז שיתופי לש,IL,סויה תנובה לייט בטעם,ליטר,1.00,ליטר,false,,12.00,12.0000,true,1,27594
7290004132712,false,חטיף אצבעות גבינת מוצרלה 20% 172 ג' עמק,תנובה מרכז שיתופי לש,IL,עמק אצבעות מוצרלה 20,גרמים,174.00,100 גרם,false,,17.70,0.1017,true,1,27598
7290004133511,false,יופלה מאגדת לבן 1.5% מעודן 8 יח' * 150 ג',מיוצר עי קונדיטוריית,IL,יופלה לבן מעודן 1.5%,ליטר,1.20,ליטר,false,,22.90,19.0833,true,1,27611
7290004134945,false,יוגורט מוקה 3% שומן 150 ג' יופלה,תנובה מרכז שיתופי לש,IL,יופלה מוקה 3% 150מל,גרמים,150.00,100 גרם,false,,5.60,0.0373,true,1,27626
7290004135225,false,מעדן תנובה דיאט שוקולדה 0% 150 גרם,תנובה מרכז שיתופי לש,IL,מעדן תנובה דיאט שוקו,מיליליטרים,150.00,"100 מ""ל",false,,4.50,0.0300,true,1,27637
7290004135614,false,גבינה בולגרית מעודנת 5% 250 ג' פיראוס,תנובה,IL,פיראוס בולגרית מעודנ,גרמים,250.00,100 גרם,false,,23.00,0.0920,true,1,27645
7290004136154,false,"משקה חלב אייס קפה תנובה בבקבוק 340 מ""ל",גוד פוד פרודקטס S.p,IL,משקאות חלב תנובה איי,מיליליטרים,340.00,"100 מ""ל",false,,7.90,0.0232,true,1,27653
7290004136598,false,מארז הפסקת אוכל עם קורנפלקס ומשקה חלב עמיד בטעם וניל,פארייפאבה אגרואינדוס,IL,מארז הפסקת אוכל חלב,גרמים,150.00,100 גרם,false,,10.30,0.0687,true,1,27661
7290004136857,false,גלי פטל תנובה 125 גר,תנובה מרכז שיתופי לש,IL,ג'לי תנובה פטל 125מל,מיליליטרים,125.00,"100 מ""ל",false,,2.90,0.0232,true,1,27663
7290004136864,false,ג'לי תנובה אננס עם חתיכות אננס 125מל,סוי מג'יק,IL,ג'לי תנובה אננס עם ח,מיליליטרים,125.00,"100 מ""ל",false,,2.90,0.0232,true,1,27664
7290004136871,false,ג'לי תנובה אפרסק עם חתיכות אפרסק 125מל,תנובה מרכז שיתופי לש,IL,ג'לי תנובה אפרסק עם,מיליליטרים,125.00,"100 מ""ל",false,,2.90,0.0232,true,1,27665
7290004137021,false,"שמנת לבישול 10% עמיד השף הלבן 250 מ""ל",תנובה מרכז שיתופי לש,IL,שף לבן שמנת לבישול 1,מיליליטרים,250.00,"100 מ""ל",false,,8.90,0.0356,true,1,27667
7290004137311,false,עמק לייט משפחתית 9% 400ג-ועדת מהדרין,תנובה,IL,עמק לייט משפחתית 9%,גרמים,400.00,100 גרם,false,,32.90,0.0822,true,1,27670
7290004137809,false,פיראוס לאבנה 5% גביע 250 גרם,"תנובה, מחלבת אלון תב",IL,פיראוס לאבנה 5% 250ג,גרמים,250.00,100 גרם,false,,13.90,0.0556,true,1,27673
7290004150112,false,חומוס מזרחי פיקנטי פרימיום 300 גרם,"סלטי שמיר 2006 בע""מ",IL,חומוס מזרחי 300 גרם,גרמים,300.00,100 גרם,false,,15.90,0.0530,true,1,461351
7290004150198,false,סלק מגורד פיקנטי פרימיום 300 גרם,"סלטי שמיר 2006 בע""מ",IL,סלק מגורד 300 גרם,גרמים,300.00,100 גרם,false,,15.90,0.0530,true,1,461359
7290004200244,false,פרסים רמה 3,,,פרסים רמה 3,אין,0.00,יחידה,false,,9.50,0.0000,true,1,35109
7290004219277,false,וילי פוד אנשובי ארוך בדץ 80ג,קונסרבאס פרדו,ES,פילה אנשובי אמיתי אר,גרמים,78.00,100 גרם,false,,12.90,0.1654,true,1,3588
7290004225285,false,גבינה בסגנון דנאבלו 100 ג',האי נאם סי או אל.טי.,DK,סגנון דנאבלו 100 גרם,גרמים,100.00,100 גרם,false,,10.90,0.1090,true,1,18590
7290004230081,false,קציצות עוף ברוטב עגבניות שגב 800 גרם,קרלו,IL,שגב קציצות עוף ברוטב,גרמים,800.00,100 גרם,false,,29.90,0.0374,true,1,18604
7290004230333,false,"מקלות בורקס פילו תפו""א שגב 600 גר",האי נאם סי או אל.טי.,IL,שגב מקלות בורקס פילו,גרמים,600.00,100 גרם,false,,21.90,0.0365,true,1,18618
7290004230340,false,מקלות בורקס פילו תרד ובצל שגב 600 ג,האי נאם סי או אל.טי.,IL,שגב מקלות בורקס פילו,גרמים,600.00,100 גרם,false,,21.90,0.0365,true,1,18619
7290004230371,false,מקלות בורקס פילו פיצה 600 גרם לנדא,שגמור,IL,שלושת האופים מקלות ב,גרמים,600.00,100 גרם,false,,21.90,0.0365,true,1,117704
7290004230944,false,מקלות פילו גבינה 600 גר' שלושת האופים לנדא,שלושת האופים,IL,מקלות בורקס פילו גבי,גרמים,600.00,100 גרם,false,,21.90,0.0365,true,1,18626
7290004323882,false,טחון הודו אדום 500 גרם,,,טחון הודו אדום 500 ג,גרמים,500.00,100 גרם,false,,12.90,0.0258,true,1,18641
7290004494148,false,יין דלתון מרלו 750 מל,"איי, בי, אינבוו",IL,מרלו 750 מל,מיליליטרים,750.00,"100 מ""ל",false,,60.90,0.0812,true,1,7947
7290004537241,false,אפונת גינה שדה בשקית,בסט מייסטר,IL,אפונת גינה קפואה 800,גרמים,800.00,100 גרם,false,,15.90,0.0199,true,1,105468
7290004537265,false,אפונה עדינה קפואה 60,,,אפונה עדינה קפואה 60,גרמים,600.00,100 גרם,false,,16.90,0.0282,true,1,104565
7290004537333,false,חומוס גרגירים 800 גר,,,חומוס גרגירים 800 גר,גרמים,800.00,100 גרם,false,,14.90,0.0186,true,1,138798
7290004537340,false,גזר גמדי 800גרם שדה,,,גזר גמדי 800גרם שדה,גרמים,800.00,100 גרם,false,,13.90,0.0174,true,1,104576
7290004584306,false,רבעיית גמדים בטעם תות בננה * 100 ג' שטראוס,מיוצר עי קונדיטוריית,IL,גמדים תות בננה 4*100,מיליליטרים,400.00,"100 מ""ל",false,,12.50,0.0313,true,1,24794
7290004584351,false,גבינה לבנה סימפוניה עם תוספות 200 ג' חמישית 200,"שטראוס בריאות בע""מ",IL,סימפוניה חמישית 200ג,גרמים,200.00,100 גרם,false,,12.50,0.0625,true,1,24795
7290004584528,false,יוגורט דנונה ביו טבעי 1.7% 200 גרם,מיוצר עי קונדיטוריית,IL,דנונה יוגורט טבעי 1.,מיליליטרים,200.00,"100 מ""ל",false,,3.90,0.0195,true,1,24796
7290004585907,false,דני ועדן וניל 1.5% 125ג' שטראוס,מיוצר עי קונדיטוריית,IL,דני וניל מהדרין 130מ,מיליליטרים,130.00,"100 מ""ל",false,,3.10,0.0238,true,1,24797
7290004603175,false,מלח הארץ מלחייה גס 500 גרם,תעשיות מלח לישראל,IL,מלח ים האדום גס הארץ,גרמים,500.00,100 גרם,false,,8.50,0.0170,true,1,26100
7290004658953,false,סובניון בלאן לבן יבש 750 מל,"כד בני דרום בע""מ",IL,יין P.C סוביניון ב,מיליליטרים,750.00,"100 מ""ל",false,,44.90,0.0599,true,1,502
7290004658960,false,יין ארמלד ריזלינג P.C לבן חצי יבש 750 מ,אגודת הכורמים הקואופ,IL,יין P.C אמרלד ריזל,מיליליטרים,750.00,"100 מ""ל",false,,44.90,0.0599,true,1,503
7290004731076,false,אל סבון אלוורה כיף 1 ל',טרופיקל דגיל תעשיות,IL,אלסבון אלוורה כיף 1,ליטר,1.00,ליטר,false,,14.90,14.9000,true,1,32043
7290004731083,false,כיף - סבון ידיים ג'ינסנג 1 ליטר,טרופיקל דגיל תעשיות,IL,אלסבון ג'נסנג כיף 1,ליטר,1.00,ליטר,false,,14.90,14.9000,true,1,32044
7290004731090,false,אל סבון קמומיל כיף 1 ל',קוסמופארם,IL,אלסבון קמומיל כיף 1,ליטר,1.00,ליטר,false,,14.90,14.9000,true,1,32045
7290004731410,false,סנו סושי כרית קרצוף ירוק שלישיה,סנו,IL,כרית קרצוף סנו סושי,אין,0.00,יחידה,false,,10.90,0.0000,true,1,32050
7290004731472,false,"אל סבון צבעוני כיף שלישיה* 500 מ""ל",טרופיקל דגיל תעשיות,IL,שלישיית אלסבון צבעונ,ליטר,1.50,ליטר,false,,20.90,13.9333,true,1,32051
7290004731519,false,"מרכך ומבשם מקסימה למייבש אולטרה פרש 750 מ""ל סנו",סנו,IL,סנו מקסימה למייבש סנ,מיליליטרים,750.00,"100 מ""ל",false,,18.90,0.0252,true,1,32052
7290004731670,false,"סנו דואופרש פצ'ולי לבנדר 300 מ""ל","סנו מפעלי ברונוס בע""",IL,דואופרש פצ'ולי לבנדר,מיליליטרים,300.00,"100 מ""ל",false,,12.90,0.0430,true,1,32056
7290004737900,false,חלב מרוכז ממותק 397 גרם ויליפוד,יו.איי.בי מאריג'אמפו,LT,וילי פוד חלב מרוכז מ,גרמים,397.00,100 גרם,false,,10.90,0.0275,true,1,3596
7290004762056,false,שקדי מרק חטיפים מן ה,,,שקדי מרק חטיפים מן ה,גרמים,400.00,100 גרם,false,,9.90,0.0248,true,1,472458
7290004762827,false,"קרוטונים למרק בטעם שום בצל, 250 גרם",,,קרוטונים למרק שקית,גרמים,250.00,100 גרם,false,,9.90,0.0396,true,1,495644
7290004944049,false,טחינה אסלי שמיר 400 ג',"סלטי שמיר 2006 בע""מ",IL,טחינה אסלי 400 גרם,גרמים,400.00,100 גרם,false,,10.90,0.0273,true,1,19844
7290004944056,false,חציל במיונז אסלי שמיר 400 ג',"סלטי שמיר 2006 בע""מ",IL,חציל במיונז 400גר,גרמים,400.00,100 גרם,false,,10.90,0.0273,true,1,19845
7290005008184,false,"פלמוליב - תחליב רחצה נטורלס שקדים 500 מ""ל",הנסיך- מפעל לייצור ט,TR,סבון נוזלי חלב שקדים,מיליליטרים,500.00,"100 מ""ל",false,,17.90,0.0358,true,1,23487
7290005008191,false,"פלמוליב סבון נוזלי בניחוח ארומה סגול, 500 מ""ל",הנסיך- מפעל לייצור ט,TR,סבון נוזלי ארומה סגו,מיליליטרים,500.00,"100 מ""ל",false,,17.90,0.0358,true,1,23488
7290005008481,false,ספיד סטיק - דאודורנט ג'ל לגבר ספורט 85 גרם,הנסיך- מפעל לייצור ט,BY,דאודורנט ג'ל ספורט ס,גרמים,85.00,100 גרם,false,,29.90,0.3518,true,1,23489
7290005084355,false,"סנסודיין - משחת שיניים דואל קר זהב 75 מ""ל",גלקסו סמית קליין,GB,משחת שיניים דואל קר,מיליליטרים,75.00,"100 מ""ל",false,,22.70,0.3027,true,1,4444
7290005095269,false,נרות חימום 50 יח' שק,,,נרות חימום 50 יח' שק,גרמים,500.00,100 גרם,false,,10.90,0.0218,true,1,495163
7290005174513,false,חציל במיונז 500 ג' אחלה,מיוצר עי קונדיטוריית,IL,חציל במיונז אחלה 500,גרמים,500.00,100 גרם,false,,17.90,0.0358,true,1,24798
7290005174551,false,סלט חומוס עם צנוברים 125 ג' אחלה,מיוצר עי קונדיטוריית,IL,אחלה חומוס 125ג,גרמים,125.00,100 גרם,false,,5.90,0.0472,true,1,24799
7290005174568,false,אחלה סלט חצילים יום 125 ג',"שטראוס גרופ בע""מ",IL,אחלה חציל במיונז 125,גרמים,125.00,100 גרם,false,,5.90,0.0472,true,1,24800
7290005174575,false,טחינה אחלה יום יום משובחת 125ג',מיוצר עי קונדיטוריית,IL,אחלה טחינה 125גר,גרמים,125.00,100 גרם,false,,5.90,0.0472,true,1,24801
7290005197758,false,עוגיות חיוכים שוקו שוקו 150ג',אפיפית נצרת תעשיות ב,IL,חיוכים של שוקו,גרמים,150.00,100 גרם,false,,5.50,0.0367,true,1,24084
7290005199288,false,גומי מאסט בטעם פטל לימון 28 ג' עלית,"שטראוס גרופ בע""מ",IL,מאסט פטל לימון 28 גר,גרמים,28.00,100 גרם,false,,4.70,0.1679,true,1,24087
7290005199738,false,גומי מאסט בטעם פפרמינט ריח פה נעים פליפטופ 28 ג' עלית,"שטראוס גרופ בע""מ",IL,מאסט ריח פה נעים 28ג,גרמים,28.00,100 גרם,false,,4.70,0.1679,true,1,24092
7290005200786,false,תפוצ'יפס שמנת ובצל 50 גרם,"שטראוס פריטו ליי בע""",IL,תפוציפס שמנת ובצל 50,גרמים,50.00,100 גרם,false,,4.30,0.0860,true,1,25336
7290005201455,false,קפה נמס ארומה קלאסי 200 גרם,"אינסטנטה בע""מ",IL,ארומה קפה נמס 200 גר,גרמים,200.00,100 גרם,false,,24.90,0.1245,true,1,24094
7290005201882,false,קפה טורקי עלית 200 גרם,הנסיך- מפעל לייצור ט,IL,טורקי עלית 200 גר',גרמים,200.00,100 גרם,false,,15.90,0.0795,true,1,24096
7290005287206,false,טונה סטארקיסט בשמן רביעיות 4*160 גר,"סטארקיסט פודור בע""מ",IL,טונה בשמן סטארקיסט ר,גרמים,640.00,100 גרם,false,,25.90,0.0405,true,1,28439
7290005287213,false,"טונה סטארקיסט בשמן רביעייה בד""צ",,,טונה בשמן סטארקיסט ב,גרמים,640.00,100 גרם,false,,25.90,0.0405,true,1,28440
7290005287251,false,טונה סטארקיסט במים רביעיות 4*160 גר,"סטארקיסט פודור בע""מ",IL,טונה במים סטארקיסט ר,גרמים,640.00,100 גרם,false,,25.90,0.0405,true,1,28442
7290005287930,false,"טונה במים רביעייה סטארקיסט בד""צ",,,טונה במים סטארקיסט ב,גרמים,640.00,100 גרם,false,,25.90,0.0405,true,1,28457
7290005296260,false,"אסטוניש ספריי רסס ונגב לניקוי כללי 750 מ""ל",אסטוניש Astonish,GB,אסטוניש רסס ונגב 750,מיליליטרים,750.00,"100 מ""ל",false,,14.90,0.0199,true,1,12097
7290005326387,false,עגבניות מיובשות בשמן זית אוליבייה 270ג',אוליביה,IL,עגבניות מיובשות בשמן,גרמים,280.00,100 גרם,false,,20.00,0.0714,true,1,4088
7290005326523,false,ממרח פסטו פטרוזיליה ונענע אוליביה 180 גר,אוליביה,IL,אוליביה ממרח פסטו פט,גרמים,180.00,100 גרם,false,,14.90,0.0828,true,1,4090
7290005384851,false,וילי פוד מיץ לימון בדץ 200מל,יורופוד,IT,מיץ לימון משומר וילי,מיליליטרים,200.00,"100 מ""ל",false,,4.90,0.0245,true,1,3601
7290005403989,false,במיה קפואה 600 גרם ש,,,במיה קפואה 600 גרם ש,גרמים,600.00,100 גרם,false,,12.90,0.0215,true,1,109520
7290005423086,false,"סנומוד באראסיד 150מ""ל",סנו מפעלי ברונוס בעמ,IL,מטהרי אויר סנומוד PA,מיליליטרים,150.00,"100 מ""ל",false,,12.90,0.0860,true,1,109832
7290005423567,false,מטליות לניקוי כללי בגליל 40 יח' סנו סושי,אסותא תעשיות אלבד בע,IL,סנו סושי מטלית לכל 3,אין,0.00,יחידה,false,,22.00,0.0000,true,1,32084
7290005423635,false,ריצפז נוזל לניקוי רצפות דוחה חרקים 2 ל',מיוצר עי קונדיטוריית,IL,נוזל לניקוי רצפות דו,ליטר,2.00,ליטר,false,,22.90,11.4500,true,1,32085
7290005423888,false,אלסבון כיף שלישיה מעורב,טרופיקל דגיל תעשיות,IL,שלישיית אלסבון מעורב,ליטר,1.50,ליטר,false,,20.90,13.9333,true,1,32089
7290005423918,false,סנו - מקסימה מרכך כביסה היפואלרגני אלוורה 4 ליטר,"סנו מפעלי ברונוס בע""",IL,מרכך כביסה סנו מקסימ,ליטר,4.00,ליטר,false,,24.90,6.2250,true,1,32090
7290005424311,false,קוטל חרקים זוחלים ומעופפים,מיוצר עי קונדיטוריית,IL,סנו K רב קוטל,מיליליטרים,475.00,"100 מ""ל",false,,21.90,0.0461,true,1,32094
7290005424403,false,"אל סבון כיף אצות ים קטיפתי 1ליטר,",טרופיקל דגיל תעשיות,IL,אל סבון אצות ים כיף,ליטר,1.00,ליטר,false,,14.90,14.9000,true,1,32095
7290005425127,false,"חיטוי משטחים 99.9% מתז לשומנים ואבנית 750 מ""ל","סנו מפעלי ברונוס בע""",IL,מתז 99.9% מנקה שומני,מיליליטרים,750.00,"100 מ""ל",false,,14.90,0.0199,true,1,368044
7290005425196,false,"סנו לכביסה מקסימה סנסיטיב 2.5 ק""ג",מיוצר עי קונדיטוריית,IL,אבקת כביסה סנו מקסימ,אלף,2.50,"ק""ג",false,,28.90,11.5600,true,1,32111
7290005425202,false,אבקת כביסה ביו מקסימה לכתמים קשים,"סנו מפעלי ברונוס בע""",IL,אבקת כביסה סנו מקסימ,אלף,2.50,"ק""ג",false,,28.90,11.5600,true,1,32112
7290005426193,false,ספוג הפלא אריזת סנו 6יח',טרופיקל דגיל תעשיות,IL,סנו סושי ספוג הפלא,אין,0.00,יחידה,false,,12.90,0.0000,true,1,32129
7290005426964,false,סנובון כחול בריח אפרסק 3 יח' * 55 ג',סנו,IL,סנובון כחול שלישיה ב,גרמים,165.00,100 גרם,false,,17.90,0.1085,true,1,32145
7290005426971,false,סנובון כחול בריח תפוח 3 יח' * 55 ג',סנו,IL,סנובון כחול שלישיה ב,גרמים,165.00,100 גרם,false,,17.90,0.1085,true,1,32146
7290005428845,false,סנו סושי מפיות צבעוני 100 יח,"חי מוצרי נייר בע""מ",IL,סנו סופט מפיות 33*33,אין,0.00,יחידה,false,,8.90,0.0000,true,1,32180
7290005429279,false,סנו מקסימה קומפקט קומפקט אפקט גאוול 6 ק,סנו,IL,אבקת כביסה סנו מקסימ,אלף,6.00,"ק""ג",false,,51.90,8.6500,true,1,32187
7290005429286,false,"אבקת כביסה מקסימה ביו 6 ק""ג סנו",סנו,IL,אבקת כביסה סנו מקסימ,אלף,6.00,"ק""ג",false,,51.90,8.6500,true,1,32188
7290005430602,false,סנו אוקסיגן מסיר כתמים קשים מרסס 750 מל,"סנו מפעלי ברונוס בע""",IL,סנו אוקסיג'ן מסיר כת,מיליליטרים,750.00,"100 מ""ל",false,,20.90,0.0279,true,1,32192
7290005430671,false,סנו פוליויקס 2 ליטר +קרמיקה,סנו מפעלי ברונו בעמ,IL,סנו פוליווקס קרמיקה,ליטר,2.00,ליטר,false,,22.90,11.4500,true,1,32197
7290005431159,false,תותים בקצפת לייט 80 ג' עדן,עדן קינוחים,IL,תותים בקצפת לייט 80,גרמים,80.00,100 גרם,false,,7.80,0.0975,true,1,359312
7290005431883,false,עדן מלבי חלבי 165 גר,עדן קינוחים Eden,IL,עדן מלבי חלבי 165 גר,גרמים,165.00,100 גרם,false,,7.80,0.0473,true,1,199502
7290005431906,false,עדן קדאיף 82 גרם,עדן קינוחים Eden,IL,עדן קדאיף 82 גרם,גרמים,82.00,100 גרם,false,,7.80,0.0951,true,1,199504
7290005431913,false,עוגת גבינה פירורים 92 גרם.,עדן קינוחים Eden,IL,קינוחי עדן עוגת גבינ,גרמים,92.00,100 גרם,false,,7.80,0.0848,true,1,199505
7290005431920,false,עוגת גבינה פירורים ללא תוספת סוכר,עדן קינוחים Eden,IL,עדן עוגת גבינה פירור,גרמים,78.00,100 גרם,false,,7.80,0.1000,true,1,199506
7290005431937,false,עוגת טירימיסו 82 גרם,עדן קינוחים Eden,IL,עדן טירמיסו 82 גרם,גרמים,82.00,100 גרם,false,,7.80,0.0951,true,1,199507
7290005477669,false,דרמפון-ס.נוזלי מועשר בלחות 1 ליטר,"אמיליה קוסמטיקס בע""מ",IL,סבון נוזלי מועשר בלח,אין,0.00,יחידה,false,,18.90,0.0000,true,1,32201
7290005559587,false,מאפה נקניקיה בבצק מעדנות 800ג',מיוצר עי קונדיטוריית,IL,מאפה נקניקיות 800גר,גרמים,800.00,100 גרם,false,,32.90,0.0411,true,1,38988
7290005559709,false,בורקס פיצה מעדנות 700 ג',"מעדנות בע""מ",IL,בורקס פיצה 700 גרם,גרמים,700.00,100 גרם,false,,27.90,0.0399,true,1,38990
7290005559907,false,פיצה משפחתית גבינה מעדנות 500 גר,מיוצר עי קונדיטוריית,IL,פיצה משפחתית גבינה 5,גרמים,500.00,100 גרם,false,,23.90,0.0478,true,1,38993
7290005559914,false,פיצה משפחתית זיתים מעדנות 550 גר,מיוצר עי קונדיטוריית,IL,פיצה משפחתית זיתים 5,גרמים,550.00,100 גרם,false,,23.90,0.0435,true,1,38994
7290005559990,false,בצק פילאס תורכי מעדנות 600 גרם,מיוצר עי קונדיטוריית,IL,בצק פילאס תורכי מעדנ,גרמים,600.00,100 גרם,false,,28.90,0.0482,true,1,38999
7290005591761,false,דבש טהור מפרחי בר בלחיץ 400 ג' יד מרדכי,מכוורת יד מרדכי שטרא,IL,דבש טהור מפרחי בר בל,גרמים,400.00,100 גרם,false,,26.90,0.0672,true,1,24097
7290005610011,false,תפוחי אדמה אדום ארוז,,,תפו`א אדום דוד משה,קילוגרמים,1.00,"ק""ג",true,,5.90,5.9000,true,1,137303
7290005610127,false,תפוח אדמה לבן דוד משה,אראל תוצרת חקלאית בע,IL,תפו`א גורמה לבן דוד,קילוגרמים,1.00,"ק""ג",true,,7.90,7.9000,true,1,55179
7290005610196,false,תפוח אדמה בייבי גורמ,אראל תוצרת חקלאית בע,IL,תפו`א בייבי גורמה,קילוגרמים,1.00,"ק""ג",true,,6.90,6.9000,true,1,140517
7290005838002,false,מעדן גבינה ויוגורט בטעם וניל 88 ג' דניאלה,"שטראוס בריאות בע""מ",IL,דניאלה מעדן גבינה 15,מיליליטרים,150.00,"100 מ""ל",false,,4.30,0.0287,true,1,24803
7290005838613,false,שטראוס גבינת וניל 3% 125ג,"שטראוס בריאות בע""מ",IL,גבינה וניל 3% סקי 12,גרמים,125.00,100 גרם,false,,4.10,0.0328,true,1,24804
7290005838972,false,גבינת יום יום 5% שטראוס 125ג',מיוצר עי קונדיטוריית,IL,גבינת יום יום 5% סקי,גרמים,125.00,100 גרם,false,,3.70,0.0296,true,1,24805
7290005839078,false,"דנונה יוגורט ביו 3% לבן מארז 150X8מ""ל",מיוצר עי קונדיטוריית,IL,דנונה ביו מארז חסכון,אלף,1.20,"ק""ג",false,,18.90,15.7500,true,1,24806
7290005839108,false,גבינה לבנה סימפוניה עם תוספות 200 ג'+זיתים 5%,"שטראוס בריאות בע""מ",IL,סימפוניה עם זיתים 5%,גרמים,200.00,100 גרם,false,,12.50,0.0625,true,1,24807
7290005839313,false,"מילקי טופ שוקולד מגולגל 170 מ""ל",מיוצר עי קונדיטוריית,IL,מילקי טופ מגולגלת 14,מיליליטרים,142.00,"100 מ""ל",false,,5.20,0.0366,true,1,24808
7290005896439,false,"בירה מכבי בקבוק חוזר 500 מ""ל","טמפו משקאות בע""מ",IL,מכבי בקבוק חוזר 500,מיליליטרים,500.00,"100 מ""ל",false,,6.90,0.0138,true,1,10242
7290005896453,false,"בירה מכבי 7.9% בקבוק חוזר 500מ""ל",טמפו משקאות בע''מ,IL,בירה מכבי 7.9 בקבוק,מיליליטרים,500.00,"100 מ""ל",false,,8.90,0.0178,true,1,117163
7290005896620,false,מים מוגז ' סאן בנדטו ' יחידה,אקווה מינרלה סאן בנד,IT,סאן בנדטו מים מינרלי,ליטר,1.50,ליטר,false,,5.50,3.6667,true,1,10243
7290005896637,false,מים סן בנדטו בודד 1.5 ליטר-,אקווה מינרלה סאן בנד,IT,סאן בנדטו 1.5 ליטר,ליטר,1.50,ליטר,false,,4.50,3.0000,true,1,10244
7290005901362,false,קבב רומני מעדני המנג,,,קבב רומני מעדני המנג,גרמים,400.00,100 גרם,false,,14.90,0.0373,true,1,138375
7290005938245,false,ממרח פסטו קלאסי פרסקו 220ג' מצונן,מיוצר עי פרסקו חצבה,IL,פרסקו ממרח מצונן פסט,גרמים,220.00,100 גרם,false,,19.90,0.0905,true,1,18651
7290005966033,false,"יין הר חרמון לבן 750 מ""ל",יקב רמת הגולן,IL,יקבי רמת הגולן הר חר,מיליליטרים,750.00,"100 מ""ל",false,,39.90,0.0532,true,1,114552
7290005992018,false,יוגורט עיזים 3% שומן 500 ג' גד,"מיוצר ע""י קוד יצרן M",IL,גד יוגורט עיזים 3% 5,מיליליטרים,500.00,"100 מ""ל",false,,14.90,0.0298,true,1,15461
7290005992575,false,בולגרית למריחה 5% 250 גרם - רבנות,מחלבות גד בעמ,IL,גד בולגרית למריחה 5%,גרמים,250.00,100 גרם,false,,19.20,0.0768,true,1,15464
7290005992735,false,לאבנה טבעית 5% 250 גר' - רבנות,הנסיך- מפעל לייצור ט,IL,גד לאבנה 5% 250ג,גרמים,250.00,100 גרם,false,,13.90,0.0556,true,1,15466
7290005996221,false,פסטרמה של פעם דק דק 120 גרם,מעדני יחיעם,IL,פסטרמה של פעם דק דק,גרמים,120.00,100 גרם,false,,11.40,0.0950,true,1,225076
7290005996238,false,פסטרמה בדבש דק דק 120 גרם,מעדני יחיעם,IL,פסטרמה בדבש דק דק יח,גרמים,120.00,100 גרם,false,,11.40,0.0950,true,1,225077
7290006065018,false,אמנון 7-9 80% דג קפו,,,אמנון 7-9 80% דג קפו,קילוגרמים,1.00,"ק""ג",true,,34.90,34.9000,true,1,432100
7290006065179,false,סטייק טונה קפוא בואק,,,סטייק טונה קפוא בואק,קילוגרמים,1.00,"ק""ג",true,,39.90,39.9000,true,1,278473
7290006065599,false,פילה בקלה מרלוזה ארג,,,פילה בקלה מרלוזה ארג,קילוגרמים,1.00,"ק""ג",true,,37.90,37.9000,true,1,321972
7290006185518,false,פנינה אל סבון נוזלי כחול פנינה 1 ל',סאסא קוסמטיקס,IL,אל סבון נוזלי כחול פ,אין,0.00,יחידה,false,,10.90,0.0000,true,1,20429
7290006199027,false,מאגדת גלידל וניל מצופה סורבה תות שדה [8],הגלידות של פלדמן,IL,גלידל מאגדת בטעם תות,גרמים,600.00,100 גרם,false,,34.90,0.0582,true,1,39654
7290006199218,false,מאגדת גלידל אייס מוקה 8 יח דיאט,הגלידות של פלדמן,IL,גלידל מאגדת בטעם איי,גרמים,400.00,100 גרם,false,,34.90,0.0872,true,1,39655
7290006229427,false,שישיית מים מינרלים סאן בנדטו 500 מל,טמפו 7.5%,,"סאן בנדטו 6*500 מ""ל",ליטר,3.00,ליטר,false,,13.90,4.6333,true,1,10250
7290006229588,false,בירה איגל לאגר פרימיום חזקה 6.3% 500 מל,"טמפו משקאות בע""מ",IL,איגל בירה פחית זהב 5,מיליליטרים,500.00,"100 מ""ל",false,,6.90,0.0138,true,1,122478
7290006235053,false,"ד""ר פישר - סרקל קרם רוזמרין מתיר קשרים 325 מ""ל * 2",,,מארז מיוחד זוג סרקל,ליטר,1.50,ליטר,false,,34.90,23.2667,true,1,31314
7290006241504,false,פריגת תפוזים קפוא 345 גרם,פריגת מצוננים,IL,קפוא תפוזים 340 גרם,גרמים,340.00,100 גרם,false,,13.90,0.0409,true,1,7193
7290006241511,false,"פריגת קפוא לימון נענע 280 מ""ל",היינץ צפון אמריקה מק,IL,קפוא לימון נענע 340,גרמים,340.00,100 גרם,false,,13.90,0.0409,true,1,7194
7290006241689,false,פריז לימון קפוא 340 גרם,היינץ צפון אמריקה מק,IL,קפוא לימון 340 גרם,גרמים,340.00,100 גרם,false,,13.90,0.0409,true,1,7198
7290006251107,false,תה ויסוצקי צ'אי מסאלה 25 יח',מולינו ניקולי s.p.a,IL,תה מסאלה ויסוצקי 2/2,גרמים,50.00,100 גרם,false,,21.90,0.4380,true,1,26101
7290006251275,false,תה ירוק סיני 25 שקיקים של 1.5 ג,HIQ FOOD PRODUCTS,IL,תה ירוק סיני,גרמים,37.50,100 גרם,false,,23.90,0.6373,true,1,26103
7290006251343,false,תה חליטה הגן הקסום פסיפלורה מנגו 25 שקיקים,HIQ FOOD PRODUCTS,IL,תה חליטה הגן הקסום פ,גרמים,62.50,100 גרם,false,,17.90,0.2864,true,1,26105
7290006251374,false,תה ירוק לימונית וגינגר 25 שקיקים ויסוצקי,ויסוצקי,IL,תה ירוק לימונית וג'י,גרמים,25.00,100 גרם,false,,23.90,0.9560,true,1,26106
7290006256089,false,גאטו נגרו קברנה סובי,יושלם,AR,גאטו נגרו קברנה סובי,מיליליטרים,750.00,"100 מ""ל",false,,39.90,0.0532,true,1,8034
7290006256102,false,יין גאטו נגרו מרלו 7,יושלם,AR,גאטו נגרו מרלו 750 מ,מיליליטרים,750.00,"100 מ""ל",false,,39.90,0.0532,true,1,8035
7290006256775,false,גאטו נגרו מלבק 750 מ,,,גאטו נגרו מלבק 750 מ,מיליליטרים,750.00,"100 מ""ל",false,,39.90,0.0532,true,1,8039
7290006265548,false,נבטים סינים מרינה ארוז 360ג',"מרינה פטריות הגליל בע""מ",IL,נבטים סינים,יח',1.00,יח',false,,6.90,6.9000,true,1,55753
7290006265890,false,נבטי גרעיני חמניה יח,"מרינה פטריות הגליל בע""מ",IL,נבטי חמניה יח,יח',1.00,יח',false,,8.90,8.9000,true,1,55754
7290006271174,false,מעדנות גחנון לאפייה בתנור 700גר,מיוצר עי קונדיטוריית,IL,גחנון לאפיה בתנור מע,גרמים,700.00,100 גרם,false,,19.90,0.0284,true,1,39000
7290006271181,false,מעדנות גחנון אפוי 750 גרם,מיוצר עי קונדיטוריית,IL,מעדנות גחנון אפוי 75,גרמים,750.00,100 גרם,false,,28.90,0.0385,true,1,39001
7290006271648,false,"מיני בורקס תפו""א מוזל מעדנות","מעדנות בע""מ",IL,מיני בורקס תפו`א 800,גרמים,800.00,100 גרם,false,,22.90,0.0286,true,1,69519
7290006271655,false,מיני בורקס גבינה מוזל מעדנות,מיוצר עי קונדיטוריית,IL,מיני בורקס גבינה 800,גרמים,800.00,100 גרם,false,,26.90,0.0336,true,1,69520
7290006272072,false,חטיפי פיצה בשקית מעדנות 650ג',"מעדנות בע""מ",IL,חטיפי פיצה מעדנות 65,גרמים,650.00,100 גרם,false,,33.90,0.0522,true,1,118768
7290006272430,false,בצק עלים חמאה מעדנות 600 ג',מיוצר עי קונדיטוריית,IL,בצק עלים חמאה 600 גר,גרמים,600.00,100 גרם,false,,30.90,0.0515,true,1,39011
7290006306302,false,רביולי במילוי גבינות פרמזן ריקוטה 400 ג' פסטה נונה,דורום תעשיות מזון ופ,IL,פסטה נונה ריביולי פר,גרמים,400.00,100 גרם,false,,29.50,0.0738,true,1,27715
7290006322111,false,לחמניות רחיים כהה קל,מאפיית דוידוביץ ובני,IL,6 לחמניות ריחיים מאפ,גרמים,450.00,100 גרם,false,,12.90,0.0287,true,1,492458
7290006322128,false,לחמניות קלות 6 יח בחבילה,מאפיית דוידוביץ ובני,IL,6 לחמניות קלות מאפיי,גרמים,450.00,100 גרם,false,,12.90,0.0287,true,1,492442
7290006374615,false,מזון מלכות מרוכז במיוחד 5.8% 340גר,שטראוס,IL,מזון מלכות מרוכז במי,גרמים,340.00,100 גרם,false,,42.50,0.1250,true,1,24100
7290006374738,false,קונפיטורת יד מרדכי תות 340 גרם,אף.סי תבליני בגליל ב,IL,קונפיטורת תות יד מור,גרמים,340.00,100 גרם,false,,13.90,0.0409,true,1,24104
7290006448064,false,כיכר גבינה כחולה מעד,,,כיכר גבינה כחולה מעד,קילוגרמים,1.00,"ק""ג",true,,130.00,130.0000,true,1,422793
7290006449955,false,מלפפון בייבי מארז,"מרינה פטריות הגליל בע""מ",IL,מלפפון בייבי,יח',1.00,יח',false,,9.90,9.9000,true,1,319870
7290006459510,false,נרות חנוכה רגיל 44 יח,,CN,נרות חנוכה שקד,גרמים,157.00,100 גרם,false,,2.90,0.0185,true,1,495561
7290006459527,false,נרות חנוכה לוקס לא נוטפים 45 יח,,CN,נרות חנוכה לוקס שקד,גרמים,330.00,100 גרם,false,,5.90,0.0179,true,1,495562
7290006492432,false,גבינת מוצרלה בייבי 18% 300 ג' גד,מחלבות גד בעמ,IL,גד בייבי מוצרלה 150ג,גרמים,170.00,100 גרם,false,,17.00,0.1000,true,1,15467
7290006492616,false,גבינה בולגרית פרוסות 5% 250 ג' גד,DSH עבור מחלבות גד ב,IL,גד בולגרית פרוסות 5%,גרמים,250.00,100 גרם,false,,29.90,0.1196,true,1,15469
7290006492630,false,גליל גד עז 22% 180 גרם - רבנות,מחלבות גד בעמ,IL,גד גבינת גליל גד עזי,גרמים,180.00,100 גרם,false,,24.50,0.1361,true,1,15470
7290006492685,false,לאבנה עיזים 5% 250 גרם - רובין,מחלבות גד בעמ,IL,גד לאבנה עזים 3% 250,גרמים,250.00,100 גרם,false,,20.40,0.0816,true,1,15472
7290006492852,false,גבינת עיזים למריחה 5% שומן 250 ג' גד,מחלבות גד,IL,גד גבינת עיזים למריח,גרמים,250.00,100 גרם,false,,19.30,0.0772,true,1,15473
7290006492913,false,ציזיקי לבנה למריחה בתוספת שום שמיר,מחלבות גד בעמ,IL,לאבנה ציזיקי גד 250,גרמים,250.00,100 גרם,false,,15.10,0.0604,true,1,15474
7290006494917,false,טוסו וופל קלאסי במילוי שוקולד 200 גרם,"איטיליאן פוד, אס.פי.",IL,טוסו וופל טעם שוקולד,גרמים,180.00,100 גרם,false,,12.50,0.0694,true,1,6471
7290006511157,false,"פטריות שלמות ויליפוד 400 גרם בד""ץ",אוקצ'מפס אס.איי אויי,PL,פטריות שלמות שמפיניו,גרמים,230.00,100 גרם,false,,7.90,0.0343,true,1,3605
7290006511751,false,פטריות שמפניון חתוך ויליפוד 290X3 ג' בד”צ,לוטס,NL,פטריות חתוכות ויליפו,גרמים,870.00,100 גרם,false,,13.00,0.0149,true,1,3608
7290006567048,false,קוסקוס ישראלי מפתול אסם 350ג',"מיוצר ע""י קוד יצרן K",IL,קוסקוס ישראלי בשקית,גרמים,350.00,100 גרם,false,,8.90,0.0254,true,1,21319
7290006618078,false,"אסטוניש מרסס ניקוי יסודי 750 מ""ל",אסטוניש Astonish,GB,אסטוניש מרסס ניקוי צ,מיליליטרים,750.00,"100 מ""ל",false,,14.90,0.0199,true,1,12107
7290006651730,false,"ד""ר פישר - אלכוג'ל מגבונים לשמירת היגייניית הידיים 20 יח'","ד""ר פישר Dr fischer",IL,20 אלכוויפס מגבונים,אין,0.00,יחידה,false,,16.90,0.0000,true,1,31330
7290006652027,false,מארז במבה יום הולדת 15X20 גרם,מיוצר עי קונדיטוריית,IL,במבה יום הולדת מאח.1,גרמים,300.00,100 גרם,false,,24.90,0.0830,true,1,21324
7290006653765,false,פסטה פרפקטו פטוציני 500ג' אסם,פסטה זארה,IL,פטוציני פרפקטו 500 ג,גרמים,500.00,100 גרם,false,,7.90,0.0158,true,1,21326
7290006653819,false,פתיתי קוסקוס דק 350 גרם,"מיוצר ע""י קוד יצרן K",IL,קוסקוס דק בשקית אסם,גרמים,350.00,100 גרם,false,,8.90,0.0254,true,1,21327
7290006664037,false,גמדים דגנים ארוחת בוקר מארז 100X4ג',"שטראוס בריאות בע""מ",IL,גמדים ארוחת בוקר 4*1,מיליליטרים,400.00,"100 מ""ל",false,,12.50,0.0313,true,1,24813
7290006664051,false,"אקטימל לבן מארז 100X14 מ""ל",מיוצר עי קונדיטוריית,IL,אקטימל טבעי 14*100מל,ליטר,1.40,ליטר,false,,33.90,24.2143,true,1,24814
7290006664310,false,גבינה לבנה 3% שומן 250 ג' שטראוס,מיוצר עי קונדיטוריית,IL,גבינה 3% סקי 250 גרם,גרמים,250.00,100 גרם,false,,5.00,0.0200,true,1,24817
7290006664402,false,גבינה 5% שומן 750 ג' שטראוס,מיוצר עי קונדיטוריית,IL,שטראוס גבינה 5% 750ג,גרמים,750.00,100 גרם,false,,14.25,0.0190,true,1,24819
7290006664532,false,יוגורט עם תות 3% שומן 150 ג' דנונה,מיוצר עי קונדיטוריית,IL,דנונה תות 3% 150מל,גרמים,150.00,100 גרם,false,,4.10,0.0273,true,1,24820
7290006664655,false,"אקטימל לבן טבעי מארז 100X8 מ""ל",מיוצר עי קונדיטוריית,IL,אקטימל טבעי 8*100מל,מיליליטרים,800.00,"100 מ""ל",false,,22.90,0.0286,true,1,24822
7290006664693,false,יוגורט עם אפרסק 3% שומן 150 ג' דנונה,מיוצר עי קונדיטוריית,IL,דנונה אפרסק 3% 150מל,גרמים,150.00,100 גרם,false,,4.10,0.0273,true,1,24823
7290006664990,false,דנונה ביו מארז חיסכון 1.5% 8 יח' *150 ג',מיוצר עי קונדיטוריית,IL,דנונה ביו מארז חיסכו,אלף,1.20,"ק""ג",false,,18.90,15.7500,true,1,24826
7290006681003,false,גלידה תות לימון סורבה 1.33 ל' קרמיסימו,"גלידת שטראוס בע""מ, ר",IL,קרמיסימו תות לימון ס,ליטר,1.33,ליטר,false,,21.90,16.4662,true,1,4811
7290006704016,false,בזיליקום ארוז יחידה,,,בזיליקום ארוז יחידה,יח',1.00,יח',false,,5.90,5.9000,true,1,55757
7290006704511,false,"תפו""א גמדי אדום למיקרו מרינה 750ג'","מרינה פטריות הגליל בע""מ",IL,תפוא ננסי מיקרוגל,גרמים,750.00,100 גרם,false,,6.90,0.0092,true,1,55772
7290006704771,false,עולש אנדיב,,,עולש אנדיב,יח',1.00,יח',false,,12.90,12.9000,true,1,55777
7290006737885,false,סביבונים לחנוכה מבחר 4 יח',,,מארז סביבונים 4 יח',אין,0.00,יחידה,false,,6.90,0.0000,true,1,101922
7290006739131,false,בצק גולמי פילו זוגלובק 500ג',מאפיית אריאל,IL,זוגלובק בצק פילו 500,גרמים,500.00,100 גרם,false,,17.90,0.0358,true,1,69818
7290006739292,false,נקניק פסטרמה פרגיות ציפוי תירס,,,פסטרמה תבור 330גר,גרמים,330.00,100 גרם,false,,33.90,0.1027,true,1,42736
7290006739346,false,נקניקיות פרגיות טרי 400 גרם זוגלובק,זוגלובק,IL,נקניקיות פרגיות טרי,גרמים,400.00,100 גרם,false,,19.90,0.0497,true,1,42737
7290006739407,false,שניצל תירס לייט 630 ג' זוגלובק,זוגלובק,IL,שניצל תירס לייט 630,גרמים,600.00,100 גרם,false,,30.90,0.0515,true,1,42739
7290006739421,false,סלמי מעושן איטלקי 300 ג' זוגלובק,זוגלובק,IL,סלמי מעושן איטלקי ז,גרמים,300.00,100 גרם,false,,32.00,0.1067,true,1,42741
7290006739445,false,שניצל תירס קלאסי 750 ג' זוגלובק,זוגלובק,IL,שניצל תירס קלאסי 750,גרמים,750.00,100 גרם,false,,24.90,0.0332,true,1,42742
7290006739544,false,כתף בקר 300 ג' זוגלובק,זוגלובק,IL,כתף בקר זוגלובק 300,גרמים,300.00,100 גרם,false,,35.90,0.1197,true,1,42743
7290006741363,false,"בורקס תפו""א זוגלובק בד""צ 800ג'",מאפיית אריאל וגידרון,IL,"זוגלובק בורקס תפו""א",גרמים,800.00,100 גרם,false,,16.90,0.0211,true,1,42758
7290006742292,false,פסטרמה הודו בדבש 330 ג' זוגלובק,זוגלובק,IL,פסטרממיה בדבש 1% 330,גרמים,330.00,100 גרם,false,,33.90,0.1027,true,1,42769
7290006742315,false,פסטרמה חזה הודו ברביקיו זוגלובק 330 ג',זוגלובק,IL,חזה הודו ברביקיו 1%,גרמים,330.00,100 גרם,false,,33.90,0.1027,true,1,42771
7290006764065,false,"בירה נשר מאלט בקבוק חוזר 500 מ""ל","טמפו משקאות בע""ם.",IL,נשר מאלט בקבוק פקדון,מיליליטרים,500.00,"100 מ""ל",false,,5.50,0.0110,true,1,10252
7290006764072,false,"גולדסטאר בירה בק חוזר 500 מ""ל","טמפו משקאות בע""מ",IL,גולדסטאר בירה בק חוז,מיליליטרים,500.00,"100 מ""ל",false,,7.90,0.0158,true,1,10253
7290006764096,false,"בירה איגל 500 מ""ל 3.8% בקבוק חוזר","טמפו משקאות בע""מ",IL,בירה איגל בקבוק 500,מיליליטרים,500.00,"100 מ""ל",false,,5.90,0.0118,true,1,92446
7290006764485,false,"בירה נשר מאלט שחורה מארז 330X6מ""ל",טמפו 7.5%,IL,נשר מאלט 6*330מל,ליטר,1.98,ליטר,false,,32.90,16.6162,true,1,10256
7290006764737,false,"בירה נשר מאלט דיאט 500 מ""ל חוזר","טמפו משקאות בע""ם.",IL,נשר מאלט דיאט בקבוק,מיליליטרים,500.00,"100 מ""ל",false,,5.50,0.0110,true,1,10261
7290006775016,false,עוגה מבית טוב 450 גרם תפוז,אחדות ביחר לטחינה חל,IL,עוגת תפוז מבית טוב 4,גרמים,450.00,100 גרם,false,,10.90,0.0242,true,1,667
7290006775030,false,"עוגה מבית טוב"" 450 גרם שוקו-ציפס",אחדות ביחר לטחינה חל,IL,עוגת שוקו-ציפס מבית,גרמים,450.00,100 גרם,false,,10.90,0.0242,true,1,669
7290006775047,false,"עוגה מבית טוב"" 450 גרם שוקולד",אחדות ביחר לטחינה חל,IL,עוגת שוקולד מבית טוב,גרמים,450.00,100 גרם,false,,10.90,0.0242,true,1,670
7290006775054,false,עוגת שיש אחווה 450 ג' אחוה,אחדות ביחר לטחינה חל,IL,עוגת שיש מבית טוב 45,גרמים,450.00,100 גרם,false,,10.90,0.0242,true,1,671
7290006775764,false,"עוגת שוקוצ'יפס לל""ס אחדות 400 גר'",אחדות ביחר לטחינה חל,IL,עוגת שוקוצ'יפס ללא ת,גרמים,400.00,100 גרם,false,,11.90,0.0298,true,1,685
7290006775795,false,"עוגת תפו""ע אחוה במילוי עדין 450'","אחדות ביח""ר לטחינה ח",IL,אחווה עוגת תפוע ממול,גרמים,450.00,100 גרם,false,,11.90,0.0264,true,1,66140
7290006784360,false,חלונית סנט מוריץ לניקוי חלונות 1 ליטר,"קומפלקס כימיקלים בע""",IL,סנט מוריץ חלונית 1 ל,ליטר,1.00,ליטר,false,,6.90,6.9000,true,1,22298
7290006784865,false,סנט מוריץ לניקוי משטחי מטבחים מרוכז ועוצמתי 1ל',קומפלקס כימיקלים,IL,ניקוי משטחי מטבח סנט,ליטר,1.00,ליטר,false,,11.90,11.9000,true,1,136007
7290006788405,false,"קרליין - נושם אקטיב דאודורנט רול און לאישה ברודו 75 מ""ל","אמיליה קוסמטיקס בע""מ",IL,דאו רול און נושם אקט,מיליליטרים,75.00,"100 מ""ל",false,,12.90,0.1720,true,1,32234
7290006788429,false,"קרליין - נושם סאן רייס דאודורנט רול און לאישה כתום 75 מ""ל","אמיליה קוסמטיקס בע""מ",IL,דאו' רולאון נושם סאנ,גרמים,75.00,100 גרם,false,,12.90,0.1720,true,1,32236
7290006788436,false,"קרליין - נושם פיור דאודורנט רול און לאישה ורוד 75 מ""ל",משווק: קוסמופארם בעמ,IL,דאו' רולאון נושם פיו,גרמים,75.00,100 גרם,false,,12.90,0.1720,true,1,32237
7290006788443,false,"קרליין - נושם אוקסיג'ן דאודורנט רול און לאישה סגול 75 מ""ל","אמיליה קוסמטיקס בע""מ",IL,דאו' רולאון נושם אוק,גרמים,75.00,100 גרם,false,,12.90,0.1720,true,1,32238
7290006788481,false,"קרליין - נושם סאן רייס דאודורנט ספריי לאישה כתום 200 מ""ל","אמיליה קוסמטיקס בע""מ",IL,דאו' תרסיס נושם כתום,מיליליטרים,200.00,"100 מ""ל",false,,12.90,0.0645,true,1,32242
7290006788504,false,"קרליין - נושם אוקסיג'ן דאודורנט ספריי לאישה סגול 200 מ""ל",מיוצר עי : אמיליה קו,IL,דאו' תרסיס נושם סגול,מיליליטרים,200.00,"100 מ""ל",false,,12.90,0.0645,true,1,32244
7290006805355,false,תערובת להכנת כדורי שוקולד פילסברי 500ג',הדקלאים אגודת שיתופי,IL,תערובת כדורי שוקולד,גרמים,500.00,100 גרם,false,,19.90,0.0398,true,1,14019
7290006805850,false,תערובת להכנת פנקייק פילסבורי 500 גר,הדקלאים אגודת שיתופי,IL,תערובת להכנת פנקייקס,גרמים,500.00,100 גרם,false,,19.90,0.0398,true,1,14020
7290006822192,false,מיץ חמוציות דיאט אושן ספריי 1 ליטר,מבשלות בירה בינלאומי,IL,אושן ספרי דיאט חמוצי,ליטר,1.00,ליטר,false,,12.90,12.9000,true,1,7711
7290006866363,false,אשכוליות אדומות טבעי סחוט 1 ל פרימור,"גניר (1992) בע""מ",IL,פרימור מיץ אשכולית א,ליטר,1.00,ליטר,false,,15.90,15.9000,true,1,24827
7290006866967,false,נקטר חמוציות פרימור 1ל',סטאר סנקס,IL,נקטר פרימור חמוציות,ליטר,1.00,ליטר,false,,9.50,9.5000,true,1,113599
7290006983152,false,קרוטונים מתובלים למרק 400 ג' אסם,עינת תעשיות מזון אגו,IL,קרוטונים מתובלים אסם,גרמים,400.00,100 גרם,false,,20.90,0.0522,true,1,21330
7290006983176,false,אוסם - לחמית שיפון 250 גרם,"אסם השקעות בע""מ",IL,לחמית שיפון אסם 250,גרמים,230.00,100 גרם,false,,9.90,0.0430,true,1,21331
7290006983206,false,תערובת להכנת פלפל קלי קלות 180 גרם,"אסם השקעות בע""מ",IL,תערובת פלאפל בקלי קל,גרמים,180.00,100 גרם,false,,11.90,0.0661,true,1,68198
7290006983763,false,עוגת הבית שוקולד 400 גרם אסם.,מיוצר עי קונדיטוריית,IL,עוגת הבית שוקולד 400,גרמים,400.00,100 גרם,false,,14.90,0.0373,true,1,21335
7290006983770,false,עוגת הבית שיש 400 ג' אסם,מיוצר עי קונדיטוריית,IL,עוגת הבית שיש 400גר,גרמים,400.00,100 גרם,false,,14.90,0.0373,true,1,21336
7290006983787,false,עוגת הבית שוקוציפס 400 גרם אסם,מיוצר עי קונדיטוריית,IL,עוגת הבית שוקוציפס 4,גרמים,400.00,100 גרם,false,,14.90,0.0373,true,1,21337
7290006983794,false,עוגת הבית תפוז 400 ג' אסם,מיוצר עי קונדיטוריית,IL,עוגת הבית תפוז 400גר,גרמים,400.00,100 גרם,false,,14.90,0.0373,true,1,21338
7290008101356,false,קריספ פאנקו זהוב 300 גרם,א.ל ייצור ושיווק תבל,IL,פירורי לחם פנקו זהוב,גרמים,300.00,100 גרם,false,,9.90,0.0330,true,1,427429
7290008104050,false,"פמינה - שטיפה אינטימית קלאסית 220 מ""ל",כצט נוביס סעמ,IL,סבון שטיפה אינטימית,מיליליטרים,220.00,"100 מ""ל",false,,26.90,0.1223,true,1,4465
7290008116541,false,"שטיפת פה ליסטרין קול מינט 500 מ""ל",ג'ונסון אנד ג'ונסון,IT,מי פה ליסטרין בטעם מ,מיליליטרים,500.00,"100 מ""ל",false,,23.90,0.0478,true,1,31620
7290008116565,false,ליסטרין מי פה פרשברו,ג'ונסון אנד ג'ונסון,IT,מי פה פרש ליסטרין 50,מיליליטרים,500.00,"100 מ""ל",false,,23.90,0.0478,true,1,31622
7290008154222,false,שניצלונים עוף טוב 700 גרם,מולינו ניקולי s.p.a,IL,שניצלונים עוף טוב 70,גרמים,700.00,100 גרם,false,,19.90,0.0284,true,1,22118
7290008268288,true,מארז תפוח קריפס פינק,,,מארז תפוח קריפס פינק,גרמים,900.00,100 גרם,false,,12.90,0.0143,true,1,504841
7290008268301,false,אוכמניות יחידה,מרינה,IL,אוכמניות,גרמים,120.00,100 גרם,false,,14.90,0.1242,true,1,141897
7290008268455,false,קיווי ישראלי ארוז 4,חקלאי,IL,קיווי ארוז בראשית,יח',1.00,יח',false,,12.90,12.9000,true,1,360766
7290008333115,false,אבקת ג'לטין טהור נטו 28 גרם,ג'ליק פיניור,IL,.ג'לטין טהור 28 גר,גרמים,28.00,100 גרם,false,,10.90,0.3893,true,1,18663
7290008343466,false,בצק פילו 500 גרם שלושת האופים,כלורוקס אוקלנד,IL,בצק פילו 500 גרם,גרמים,500.00,100 גרם,false,,21.90,0.0438,true,1,18680
7290008343558,false,"סיגרים בשר שלושת האופים 1 ק""ג",שלושת האופים,IL,סיגרים בשר 1 ק`ג שלו,אלף,1.00,"ק""ג",false,,16.90,16.9000,true,1,117709
7290008343619,false,"פסטלים תפו""א שלושת האופים 1 ק""ג",שלושת האופים,IL,פסטלים תפו`א שלושת ה,אלף,1.00,"ק""ג",false,,16.90,16.9000,true,1,117713
7290008343626,false,"כדורי פלאפל 1 ק""ג שלושת האופים",שלושת האופים,IL,כדורי פלאפל 1 ק`ג של,אלף,1.00,"ק""ג",false,,19.90,19.9000,true,1,117714
7290008344258,false,המבורגר מזרחי 400גרם,"טיבון ויל אחזקות בע""",IL,המבורגר מזרחי 400 ג',גרמים,400.00,100 גרם,false,,19.90,0.0497,true,1,18693
7290008344272,false,המבורגר 100% 400 ג' טיבון ויל,טיבון ויל אחזקות בעמ,IL,המבורגר 100% 400 ג'-,גרמים,400.00,100 גרם,false,,19.90,0.0497,true,1,18695
7290008345583,false,איקרה ביתית ורוד 300 גרם דלידג,כלורוקס אוקלנד,IL,300 איקרה ביתית ורוד,גרמים,300.00,100 גרם,false,,20.90,0.0697,true,1,18703
7290008347211,false,אצבעות דג מצופות נטו,אף.סי תבליני בגליל ב,IL,דלידג אצבעות דג 700,גרמים,700.00,100 גרם,false,,27.90,0.0399,true,1,18705
7290008409049,false,מאמא עוףמיני שניצלים בציפוי שומשום 500 ג,תנובה גליל שותפות מו,IL,מאמא עוף מיני דק שני,גרמים,500.00,100 גרם,false,,24.90,0.0498,true,1,118312
7290008409100,false,אצבעות שניצל בציפוי שומשום מאמא עוף 700 גרם,תנובה גליל שותפות מו,IL,אצבעות שניצל ציפוי ש,גרמים,700.00,100 גרם,false,,37.90,0.0541,true,1,28307
7290008409124,false,מאמא עוף קפוא שניצל ג'ונגל פריך 700 גרם,תנובה גליל שותפות מו,IL,מאמא עוף קפוא שניצל,גרמים,700.00,100 גרם,false,,37.90,0.0541,true,1,28308
7290008409216,false,מאמא עוף קפוא שניצל דק פריך 700 גרם,תנובה גליל,IL,מאמא עוף קפוא שניצל,גרמים,700.00,100 גרם,false,,40.90,0.0584,true,1,28309
7290008409315,false,מיני מיני דק שניצלונים בציפוי פריך מאמא עוף 500 ג',תנובה גליל,IL,מאמא עוף מיני דק שני,גרמים,500.00,100 גרם,false,,24.90,0.0498,true,1,28312
7290008409407,false,שניצל דק ציפס מאמא עוף 700 ג',תנובה גליל שותפות מו,IL,מאמא עוף שניצל דק צי,גרמים,700.00,100 גרם,false,,40.90,0.0584,true,1,28314
7290008409551,false,שניצל עוף אמיתי בציפוי מעודן 700 ג' מאמא עוף,תנובה גליל שותפות מו,IL,שניצל עוף אמיתי בציפ,גרמים,700.00,100 גרם,false,,39.90,0.0570,true,1,28320
7290008409582,false,שניצל אמיתי בציפוי ביתי מאמא עוף 700 ג',תנובה גליל שותפות מו,IL,שניצל אמיתי בציפוי ב,גרמים,700.00,100 גרם,false,,39.90,0.0570,true,1,28323
7290008409605,false,כוכבי עוף בציפוי מעודן מאמא עף 700 גרם,תנובה גליל שותפות מו,IL,כוכבי עוף בציפוי מעו,גרמים,700.00,100 גרם,false,,37.90,0.0541,true,1,28324
7290008409773,false,קציצות עוף ביתיות מאמא עוף 700 ג',תנובה גליל שותפות מו,IL,מאמא עוף קפוא קציצות,גרמים,700.00,100 גרם,false,,37.90,0.0541,true,1,28327
7290008415514,false,חומוס צבר עם חריף עגול 150ג',סלטי צבר,IL,צבר סלט חומוס עם חרי,גרמים,150.00,100 גרם,false,,6.50,0.0433,true,1,22122
7290008443616,false,"מרכך לשיער יבש אדום 750 מ""ל נקה 7","אמיליה קוסמטיקס בע""מ",IL,מרכך לשיער יבש אדום,מיליליטרים,750.00,"100 מ""ל",false,,12.90,0.0172,true,1,32313
7290008453868,false,מארז פרנה אוולית 4 י,מגוון שיווק והפצת מא,,פרנה מאמא רביעיה,אין,0.00,יחידה,false,,17.90,0.0000,true,1,118111
7290008461221,false,סרדינים רוברט בשמן חמניות 115 גרם,"רמירז, מטוסינוס",PT,סרדינים רוברט שמן חמ,גרמים,115.00,100 גרם,false,,7.90,0.0687,true,1,18710
7290008461238,false,סרדין רוברט בשמן חמניות ופלפל חריף 115 ג',"רמירז, מטוסינוס",PT,סרדינים רוברט בשמן ח,גרמים,115.00,100 גרם,false,,7.90,0.0687,true,1,18711
7290008462204,false,חרדל דיזיון מקורי 380 גרם,יוניליבר צרפת,FR,חרדל דיזון מקורי 380,גרמים,380.00,100 גרם,false,,19.90,0.0524,true,1,18713
7290008464208,false,"בקבוק בירה לבנה מכבי 330 מ""ל",טמפו משקאות בע''מ,IL,בירה מכבי 7.9% בקבוק,מיליליטרים,330.00,"100 מ""ל",false,,6.50,0.0197,true,1,328230
7290008464345,false,"בירה גולדסטאר בקבוק 330 מ""ל",טמפו משקאות בע''מ,IL,"גולדסטאר בירה ח""פ 33",אין,330.00,יחידה,false,,8.70,0.0264,true,1,10275
7290008464468,false,"בירה גולדסטאר פחית 500 מ""ל","טמפו משקות בע""מ",IL,"גולדסטאר פחית 500מ""ל",מיליליטרים,500.00,"100 מ""ל",false,,8.90,0.0178,true,1,10281
7290008464475,false,"בירה מכבי פחית 500 מ""ל","טמפו משקאות בע""מ",IL,"מכבי פחית 500מ""ל",מיליליטרים,500.00,"100 מ""ל",false,,7.90,0.0158,true,1,10282
7290008464505,false,סאן בנדטו בקבוק פלסטיק 500מל,אקווה מינרלה סאן בנד,IT,סן בנדטו 0.5ל. מים מ,מיליליטרים,500.00,"100 מ""ל",false,,3.90,0.0078,true,1,10283
7290008464611,false,"סודה טמפו בקבוק זכוכית 275 מ""ל",טמפו משקאות בעמ,IL,"מי סודה טמפו 275 מ""ל",מיליליטרים,275.00,"100 מ""ל",false,,3.50,0.0127,true,1,126574
7290008464673,false,"בירה גולדסטאר SLOWBREW פחית 10%, 500 מ""ל","טמפו משקאות בע""מ",IL,גולדסטאר SLOWBREW 10,מיליליטרים,500.00,"100 מ""ל",false,,9.90,0.0198,true,1,135963
7290008464697,false,"שישיית בירה מכבי 7.9% 330 מ""ל",טמפו,IL,מכבי 7.9% בקבוק 6* 3,ליטר,1.98,ליטר,false,,37.90,19.1414,true,1,10289
7290008464703,false,"שישיית בקבוקי מכבי 330 מ""ל",טמפו,IL,בירה מכבי מארז 6 *33,ליטר,1.98,ליטר,false,,36.90,18.6364,true,1,10290
7290008464734,false,"בירה גולדסטאר SLOW BREW מארז 330X6מ""ל",טמפו משקאות בע''מ,IL,גולדסטאר SLOW BREW 3,ליטר,1.98,ליטר,false,,45.90,23.1818,true,1,78054
7290008464741,false,"שישייית בירה גולדסטאר כהה 330X6 מ""ל",טמפו,IL,"גולדסטאר ח""פ בקבוק 6",ליטר,1.98,ליטר,false,,40.90,20.6566,true,1,10292
7290008464796,false,"בירה היינקין ח""פ בקבוק 330X6מ""ל",טמפו,IL,"הייניקן בקבוק ח""פ 6*",ליטר,1.98,ליטר,false,,46.90,23.6869,true,1,10295
7290008466639,false,רוגלך ירושלמי ברליס,,,רוגלך ירושלמי ברליס,גרמים,300.00,100 גרם,false,,20.90,0.0697,true,1,386665
7290008470766,false,מסטיק אורביט סטיקס פפרמינט שמינייה,ריגלי,FR,אורביט סטיקס בטעם פפ,אין,0.00,יחידה,false,,15.40,0.0000,true,1,48435
7290008589246,false,3 גביעי אחסון 1 ליטר,,,3 גביעי אחסון 1 ליטר,אין,0.00,יחידה,false,,6.90,0.0000,true,1,54116
7290008636926,false,קקאו הולנדי 500גרם מיה,מיה תעשיות מזון,IL,קקאו הולנדי 500גר. ב,גרמים,500.00,100 גרם,false,,17.90,0.0358,true,1,52676
7290008636933,false,אגוזי מלך גרוסים 100 גר' מיה,מיה תעשיות מזון,IL,אגוז מלך גרוסים 100,גרמים,100.00,100 גרם,false,,15.80,0.1580,true,1,52677
7290008636995,false,גרעיני דלעת קלופים 100 גר' מיה,מיה תעשיות מזון,IL,מיה גרעיני דלעת קלופ,גרמים,100.00,100 גרם,false,,9.10,0.0910,true,1,52683
7290008644112,false,סלט מטבוחה יום יום אחלה 125 ג',"שטראוס גרופ בע""מ",IL,אחלה מטבוחה 125ג,גרמים,125.00,100 גרם,false,,5.90,0.0472,true,1,24828
7290008644235,false,עלי בייבי 120 גר' שטראוס,שטראוס בריאות ירקות,IL,עלי בייבי 120 ג ירקו,גרמים,120.00,100 גרם,false,,10.50,0.0875,true,1,55792
7290008644945,false,סלט המושבה שטופים שט,שטראוס בריאות ירקות,IL,סלט המושבה 450 ג ירק,גרמים,450.00,100 גרם,false,,14.60,0.0324,true,1,24831
7290008670012,false,"יין רקאנטי קברנה סוביניון 2019 750 מ""ל",תות ממתקי איכות,IL,רקנאטי קברנה סובניו,מיליליטרים,750.00,"100 מ""ל",false,,55.90,0.0745,true,1,8040
7290008670029,false,"יין רקאנטי מרלו 2018 750 מ""ל",תות ממתקי איכות,IL,רקנאטי מרלו 750מל,מיליליטרים,750.00,"100 מ""ל",false,,55.90,0.0745,true,1,8041
7290008670142,false,"יין רקנאטי יסמין אדום 2019 750 מ""ל",יקב רקאנטי,IL,רקנאטי יסמין אדום 75,מיליליטרים,750.00,"100 מ""ל",false,,39.90,0.0532,true,1,8042
7290008670159,false,"יין רקנאטי יסמין לבן 750 מ""ל","יקבי רקנאטי בע""מ",IL,רקנאטי יסמין לבן 750,מיליליטרים,750.00,"100 מ""ל",false,,39.90,0.0532,true,1,8043
7290008670210,false,"יין רקאנטי סירה 2019 750 מ""ל",תות ממתקי איכות,IL,"רקנאטי שירז 750 מ""ל",ליטרים,750.00,100 ליטר,false,,55.90,0.0745,true,1,8044
7290008690713,false,פריגת אושן ספריי חמוציות 1ל',מבשלות בירה בינלאומי,IL,אושן ספרי חמוציות 1ל,ליטר,1.00,ליטר,false,,12.90,12.9000,true,1,7732
7290008693134,false,מעדן גבינה ויוגורט בטעם תות 5% שומן 88 ג' דניאלה,"שטראוס בריאות בע""מ",IL,דניאלה תות מעדן גבינ,מיליליטרים,150.00,"100 מ""ל",false,,4.30,0.0287,true,1,24833
7290008713900,false,לחם שיפון עגול 750 ג' אנג'ל,מאפיית אנג'ל אורנים,IL,לחם שיפון עגול אנגל,גרמים,750.00,100 גרם,false,,14.90,0.0199,true,1,69442
7290008713917,false,לחם שיפון כהה 750 ג' אנג'ל,מאפית אורנים,IL,לחם שיפון כהה אנגל 7,גרמים,750.00,100 גרם,false,,14.90,0.0199,true,1,69443
7290008745239,false,תפוציפס אקסטרא טבעי 50 גרם,"שטראוס פריטו ליי בע""",IL,תפוציפס קראנץ טבעי 5,גרמים,50.00,100 גרם,false,,4.30,0.0860,true,1,25339
7290008747547,false,תפוציפס קראנץ טבעי 200 גרם,"שטראוס פריטו ליי בע""",IL,תפוציפס קראנץ טבעי 2,גרמים,200.00,100 גרם,false,,11.90,0.0595,true,1,109821
7290008750264,false,מסטיק מאסט LL פליפ.דובדבן מגדים 28 גר,"שטראוס גרופ בע""מ",IL,מאסט דובדבן 28ג,גרמים,28.00,100 גרם,false,,4.70,0.1679,true,1,24114
7290008752244,false,תפוצ'יפס אקסטרא גריל 50 גרם,"שטראוס פריטו ליי בע""",IL,תפוציפס קראנץ גריל 5,גרמים,50.00,100 גרם,false,,4.30,0.0860,true,1,25347
7290008754415,false,גומי מאסט בטעם ספירמינט עדין פליפטופ 28 ג' עלית,"שטראוס גרופ בע""מ",IL,מאסט מנטה עדין 28 גר,גרמים,28.00,100 גרם,false,,4.70,0.1679,true,1,24123
7290008754422,false,גומי מאסט בטעם פפרמינט קלאסי פליפטופ 28 ג' עלית,"שטראוס גרופ בע""מ",IL,מאסט מנטה קלאסי 28ג,גרמים,28.00,100 גרם,false,,4.70,0.1679,true,1,24124
7290008757034,false,"שוופס סודה זכוכית 250 מ""ל",יפאורה תבורי בעמ,IL,"סודה שוופס 250 מ""ל ב",מיליליטרים,250.00,"100 מ""ל",false,,3.90,0.0156,true,1,12272
7290008757980,false,נקטר ספרינג רימונים קרטונית 1 ל',"יפאורה תבורי בע""מ",IL,ספרינג רימונים 1ל,ליטר,1.00,ליטר,false,,6.90,6.9000,true,1,12299
7290008775816,false,ערגליות שוקו חדש12*300גרם 2020,מיוצר עי קונדיטוריית,IL,ערגליות שוקולד 300 ג,גרמים,300.00,100 גרם,false,,11.90,0.0397,true,1,21347
7290008775823,false,ערגליות תות חדש12*300גרם 2020,מיוצר עי קונדיטוריית,IL,ערגליות תות שדה 300,גרמים,300.00,100 גרם,false,,11.90,0.0397,true,1,21348
7290008801010,false,"יין קברנה סוביניון מרלו פרייוט קולקשן 750 מ""ל",אגודת הכורמים הקאופו,IL,יין P.C קברנה סובי,מיליליטרים,750.00,"100 מ""ל",false,,44.90,0.0599,true,1,504
7290008801157,false,מרלו סלקטד כרמל מזרחי 750 מל,יקבי כרמל,IL,יין סלקטד מרלו 750 מ,מיליליטרים,750.00,"100 מ""ל",false,,32.90,0.0439,true,1,506
7290008801478,false,"יין טופז זהב 750 מ""ל",יקבי כרמל,IL,"טופז זהב 750 מ""ל",מיליליטרים,750.00,"100 מ""ל",false,,21.90,0.0292,true,1,511
7290008801522,false,יין קינג דויד קונקורד אדום מתוק 750 מל,אגודת הכורמים הקואופ,IL,יין קונקורד קינג דיו,מיליליטרים,750.00,"100 מ""ל",false,,23.90,0.0319,true,1,512
7290008801539,false,כרמל קינג דיוויד מתוק כרמל 750 מל,אגודת הכורמים הקואופ,IL,יין קונקורד קינג דיו,מיליליטרים,750.00,"100 מ""ל",false,,23.90,0.0319,true,1,513
7290008801546,false,"יין קינג דויד מוסקט מתוק לבן 750 מ""ל",אגודת הכורמים הקואופ,IL,יין קונקורד קינג דיו,מיליליטרים,750.00,"100 מ""ל",false,,23.90,0.0319,true,1,514
7290008801843,false,קברנה סוביניון אדום יבש 750 מל סלקטד,"כד בני דרום בע""מ",IL,יין סלקטד קברנה סובנ,מיליליטרים,750.00,"100 מ""ל",false,,32.90,0.0439,true,1,515
7290008801850,false,סלקטד אמרלד ריזלינג לבן חצי יבש 750 מל,אגודת הכורמים הקואופ,IL,יין סלקטד אמרלד ריזל,מיליליטרים,750.00,"100 מ""ל",false,,32.90,0.0439,true,1,516
7290008802291,false,"יין מרלו פרייוט קולקשן 750 מ""ל",אגודת הכורמים הקואופ,IL,"יין P.C מרלו 750מ""",מיליליטרים,750.00,"100 מ""ל",false,,44.90,0.0599,true,1,517
7290008802512,false,"יין וינו אדום יבש 750 מ""ל","כד בני דרום בע""מ",IL,יין וינו אדום יבש,מיליליטרים,750.00,"100 מ""ל",false,,23.90,0.0319,true,1,518
7290008802895,false,יין קברנה סוביניון פרייוט קולקשן,אגודת הכורמים הקאופו,IL,יין P.C קברנה סובי,מיליליטרים,750.00,"100 מ""ל",false,,44.90,0.0599,true,1,520
7290008805049,false,סלקטד זינפנדל כרמל מזרחי 750 מל,"כד בני דרום בע""מ",IL,יין סלקטד רוזה כרמל,מיליליטרים,750.00,"100 מ""ל",false,,32.90,0.0439,true,1,537
7290008805520,false,קברנה מרלו אדום יבש 750 מל סלקטד,"כד בני דרום בע""מ",IL,יין סלקטד קברנה סובנ,מיליליטרים,750.00,"100 מ""ל",false,,32.90,0.0439,true,1,539
7290008806961,false,גלידה שוקולד שבבי שוקולד פרה 1.33 ל' קרמיסימו,"גלידת שטראוס בע""מ, ר",IL,קרמיסימו שוקולד שבבי,ליטר,1.33,ליטר,false,,21.90,16.4662,true,1,4826
7290008849609,false,רוטב לעוף שום דבש אוליביה 330 גרם,אוליביה גורמה (1996),IL,רוטב שום דבש אוליבי,גרמים,330.00,100 גרם,false,,13.90,0.0421,true,1,4135
7290008849753,false,רוטב טריאקי אוליביה 300 גרם,מיוצר עי קונדיטוריית,IL,רוטב טריאקי עשיר אול,מיליליטרים,300.00,"100 מ""ל",false,,14.90,0.0497,true,1,4138
7290008909853,false,קוקה קולה זירו בקבוק 500מל,החברה המרכזית לייצור,IL,קוקה קולה זירו 500 מ,מיליליטרים,500.00,"100 מ""ל",false,,7.90,0.0158,true,1,7222
7290009018004,false,פיקדון בקבוק/פחית בו,,,פיקדון בקבוק/פחית בו,אין,0.00,יחידה,false,,0.30,0.0000,true,1,49
7290009018011,false,פיקדון בקבוק/פחיות ש,,,פיקדון בקבוק/פחיות ש,אין,0.00,יחידה,false,,1.80,0.0000,true,1,854
7290009018264,false,פיקדון בקבוק/פחית רב,,,פיקדון בקבוק/פחית רב,אין,0.00,יחידה,false,,1.20,0.0000,true,1,625
7290009174397,false,כריך א לעובד-כשר לפס,,,כריך עובד מגה,אין,0.00,יחידה,false,,1.50,0.0000,true,1,57382
7290009400107,false,סל נשיאה רב פעמי - ב,,,סל נשיאה רב פעמי - ב,אין,0.00,יחידה,false,,3.90,0.0000,true,1,338582
7290010002030,false,כמון טחון 100גרם יורדן,א.ל ייצור ושיווק תבל,IL,מימון כמון במיכל 100,גרמים,100.00,100 גרם,false,,12.90,0.1290,true,1,162
7290010002078,false,פלפל שחור טחון 100 גרם,א.ל ייצור ושיווק תבל,IL,מימון פלפל שחור טחון,גרמים,100.00,100 גרם,false,,15.20,0.1520,true,1,166
7290010002092,false,פלפל שחור גרוס דק 90 גר',,,מימון פלפל שחור גרוס,גרמים,90.00,100 גרם,false,,15.20,0.1689,true,1,168
7290010002108,false,פלפל שחור גרוס גס 90 גרם,א.ל ייצור ושיווק תבל,IL,מימון פלפל שחור גרוס,גרמים,90.00,100 גרם,false,,15.20,0.1689,true,1,169
7290010002146,false,פפריקה מרוקאית מתוקה 100 גרם,א.ל ייצור ושיווק תבל,IL,מימון פפריקה מרוקאית,גרמים,100.00,100 גרם,false,,12.90,0.1290,true,1,173
7290010002153,false,פפריקה מרוקאית חריפה 100 גרם,א.ל ייצור ושיווק תבל,IL,מימון פפריקה מרוקאית,גרמים,100.00,100 גרם,false,,12.90,0.1290,true,1,174
7290010002191,false,תבליני מימון מקלות קינמון,TLV צ'יף,IL,מימון מקלות קינמון ב,גרמים,70.00,100 גרם,false,,10.00,0.1429,true,1,175
7290010002214,false,צילי מקסיקני גרוס 70 גרם,TLV צ'יף,IL,מימון צילי גרוס 80 ג,גרמים,80.00,100 גרם,false,,12.90,0.1613,true,1,177
7290010002290,false,תערובת לשווארמה טורקית 100 גרם,א.ל ייצור ושיווק תבל,IL,מימון תערובת לשווארמ,גרמים,100.00,100 גרם,false,,12.90,0.1290,true,1,179
7290010002306,false,תערובת לקציצות 100 גרם,א.ל ייצור ושיווק תבל,IL,מימון תיבול לקציצות,גרמים,100.00,100 גרם,false,,12.90,0.1290,true,1,180
7290010002320,false,תבלין גריל עוף 100 גרם,א.ל ייצור ושיווק תבל,IL,מימון תיבול לגריל עו,גרמים,100.00,100 גרם,false,,12.90,0.1290,true,1,182
7290010002344,false,מימון תיבול לדג 100,,,מימון תיבול לדג 100,גרמים,100.00,100 גרם,false,,12.90,0.1290,true,1,184
7290010002368,false,תערובת חווג למרק 100 גרם,א.ל ייצור ושיווק תבל,IL,מימון תערובת חווג` ל,גרמים,100.00,100 גרם,false,,12.90,0.1290,true,1,186
7290010002375,false,מימון קארי 100 גרם,א.ל ייצור ושיווק תבל,IL,מימון קארי 100 גרם,גרמים,100.00,100 גרם,false,,12.90,0.1290,true,1,187
7290010002481,false,מימון שום טחון במיכל,,,מימון שום טחון במיכל,גרמים,100.00,100 גרם,false,,15.20,0.1520,true,1,195
7290010002696,false,אקסטרה ציפס אורז חום מלא שמנת בצל 60 גרם,,BG,אקסטרא צ'יפס אורז חו,גרמים,60.00,100 גרם,false,,8.90,0.1483,true,1,427461
7290010002726,false,מימון תיבול לפרגיות,א.ל ייצור ושיווק תבל,IL,מימון תיבול לפרגיות,גרמים,100.00,100 גרם,false,,12.90,0.1290,true,1,199
7290010003686,false,מימון עלי דפנה שקית,,,מימון עלי דפנה שקית,גרמים,20.00,100 גרם,false,,6.50,0.3250,true,1,206
7290010003693,false,פפריקה מתוקה 80 גרם שקית,TLV צ'יף,IL,מימון פפריקה מתוקה ש,גרמים,80.00,100 גרם,false,,6.50,0.0813,true,1,207
7290010003709,false,פלפל שחור טחון 50 גרם שקית,TLV צ'יף,IL,מימון פלפל שחור טחון,גרמים,50.00,100 גרם,false,,8.30,0.1660,true,1,208
7290010003754,false,מימון כמון טחון שקית,TLV צ'יף,IL,מימון כמון טחון שקית,גרמים,50.00,100 גרם,false,,6.50,0.1300,true,1,209
7290010003761,false,מימון כורכום טחון שק,א.ל ייצור ושיווק תבל,IL,מימון כורכום טחון שק,גרמים,80.00,100 גרם,false,,6.50,0.0813,true,1,210
7290010003778,false,תיבול לגריל עוף שקית 80 גרם,TLV צ'יף,IL,מימון תיבול לגריל עו,גרמים,80.00,100 גרם,false,,6.50,0.0813,true,1,211
7290010003808,false,זעתר ושומשום 80 גרם שקית,TLV צ'יף,IL,מימון זעתר ושומשום ש,גרמים,80.00,100 גרם,false,,6.50,0.0813,true,1,214
7290010003815,false,מימון פלפל שטה יבש 1,,,מימון פלפל שטה יבש 1,גרמים,150.00,100 גרם,false,,16.70,0.1113,true,1,215
7290010003846,false,מימון אורגנו שקית 20,,,מימון אורגנו שקית 20,גרמים,20.00,100 גרם,false,,6.50,0.3250,true,1,218
7290010003990,false,מימון פטרוזיליה שקית,,,מימון פטרוזיליה שקית,גרמים,20.00,100 גרם,false,,6.50,0.3250,true,1,221
7290010004348,false,מימון פ פריקה מתוקה,א.ל ייצור ושיווק תבל,IL,מימון פ פריקה מתוקה,גרמים,250.00,100 גרם,false,,23.00,0.0920,true,1,105540
7290010045006,false,עוגיות חמאה פריכות 200 גרם לחמי,קונדטוריות לחמי,IL,עוגיות חמאה פריכות ל,גרמים,200.00,100 גרם,false,,18.90,0.0945,true,1,26129
7290010045068,false,עוגיות הנסיכה 250 גרם לחמי,קונדטוריות לחמי,IL,עוגיות הנסיכה לחמי 2,גרמים,250.00,100 גרם,false,,18.90,0.0756,true,1,26133
7290010060597,false,סרקל שמפו לילדים 1.2,,,סרקל שמפו לילדים 1.2,ליטר,1.25,ליטר,false,,32.90,26.3200,true,1,382807
7290010065332,false,פרינוק - ג'וניור פתוחי עץ ובננה 190 גרם,פרוטה פודווין איי.אס,CZ,"פרינוק גוניור תפ""ע ב",גרמים,190.00,100 גרם,false,,6.90,0.0363,true,1,4158
7290010065745,false,ג`וניור פרינוק מחית לפתן פירות 190ג',פרוטה פודווין איי.אס,CZ,פרינוק ג'וניור לפתן,גרמים,190.00,100 גרם,false,,6.90,0.0363,true,1,4167
7290010066513,false,נתחי טונה בשמן צמחי רביעיה *158ג' פילטונה,תעשיות פילטונה,IL,נתחי טונה בשמן צמחי,גרמים,632.00,100 גרם,false,,23.90,0.0378,true,1,28378
7290010066575,false,נתחי טונה במים רביעיה *158ג' פילטונה,תעשיות פילטונה,IL,נתחי טונה במים פילטו,גרמים,632.00,100 גרם,false,,23.90,0.0378,true,1,28380
7290010066582,false,נתחי טונה בשמן קנולה רביעיה * 158 ג' פילטונה,תעשיות פילטונה,IL,נתחי טונה בשמן קנולה,גרמים,632.00,100 גרם,false,,23.90,0.0378,true,1,28381
7290010066599,false,מארז רביעיית טונה בשמן זית 4*160 גרם,תעשיות פילטונה,IL,נתחי טונה בשמן זית פ,גרמים,632.00,100 גרם,false,,29.90,0.0473,true,1,93248
7290010116980,false,אבקת שוקולית שקית עלית 850 ג',הנסיך- מפעל לייצור ט,IL,שוקולית 850 גרם,גרמים,850.00,100 גרם,false,,18.90,0.0222,true,1,24136
7290010117864,false,דוריטוס בטעם חריף אש 70 גרם,שטראוס פריטו ליי (מל,IL,דוריטוס חריף אש 70 ג,גרמים,70.00,100 גרם,false,,4.30,0.0614,true,1,25359
7290010118328,false,מארז תפוצ'יפס בטעם טבעי,שטראוס פריטו ליי (מל,IL,תפוצ'יפס טבעי 6*40 ג,גרמים,240.00,100 גרם,false,,13.90,0.0579,true,1,25363
7290010129027,false,עוגיות מרוקאיות 600 גרם,שיבולים א.ד.ל,IL,עוגיות מרוקאיות 600,גרמים,600.00,100 גרם,false,,20.90,0.0348,true,1,68379
7290010129300,false,עוגיות רייף מרוקאיות 350 גרם,שיבולים א.ד.ל,IL,עוגיות רייף מרוקאיות,גרמים,350.00,100 גרם,false,,19.90,0.0569,true,1,68389
7290010129720,false,עוגיות שמרים קינמון 400 גרם דולצה ויטה,שיבולים א.ד.ל,IL,עוגיות שמרים שניק קי,גרמים,400.00,100 גרם,false,,13.90,0.0348,true,1,141098
7290010129942,false,עוגיות שמרים 500 גרם דולצה ויטה,שיבולים א.ד.ל,IL,עוגת קראנץ' שמרים שו,גרמים,500.00,100 גרם,false,,14.90,0.0298,true,1,68394
7290010129959,false,עוגיות שמרים 400 גרם דולצה ויטה,שיבולים א.ד.ל,IL,עוגיות שמרים רוגלעך,גרמים,400.00,100 גרם,false,,13.90,0.0348,true,1,68395
7290010153510,false,בורגול יבש מיה 500 גר',"מיה תעשיות מזון בע""מ",IL,בורגול מיה 500 גרם,גרמים,500.00,100 גרם,false,,6.50,0.0130,true,1,15750
7290010153527,false,גריש מיה 500 גרם,"מיה תעשיות מזון בע""מ",IL,גריש 500 גרם,גרמים,500.00,100 גרם,false,,6.40,0.0128,true,1,15751
7290010153688,false,"חומץ טבעי מיה 1 ליטר בד""צ",פרידמן תעשיות חומץ ו,IL,חומץ טבעי מיה 1 ליטר,ליטר,1.00,ליטר,false,,6.90,6.9000,true,1,15759
7290010153770,false,ציפוי לשניצל פיקנטי מיה 500 גר',מיה תעשיות מזון,IL,ציפוי לשניצל פיקנטי,גרמים,500.00,100 גרם,false,,9.90,0.0198,true,1,15766
7290010153787,false,ציפוי לשניצל עם שום מיה 500 גר',מיה תעשיות מזון,IL,ציפוי לשניצל עם שום,גרמים,500.00,100 גרם,false,,9.90,0.0198,true,1,15767
7290010153794,false,ציפוי לשניצל עם עשבי תיבול מיה 500 גר',מיה תעשיות מזון,IL,ציפוי לשניצל עם עשבי,גרמים,500.00,100 גרם,false,,9.90,0.0198,true,1,15768
7290010153879,false,ריבת חלב מרוכזת בטעם שמנת מיה 400 גר',מיה תעשיות מזון בעמ,IL,ריבת חלב בטעם שמנת 4,גרמים,400.00,100 גרם,false,,12.50,0.0313,true,1,15776
7290010154012,false,לימון בלאדי - סלט לימון כבוש,תבליני יוחאי ביטון,IL,לימון כבוש 250 ביטון,גרמים,250.00,100 גרם,false,,14.90,0.0596,true,1,18717
7290010154241,false,סלט חזרת ריף ביטון 250 ג',תבליני יוחאי ביטון,IL,סלט חזרת ביטון 250 ג,גרמים,250.00,100 גרם,false,,14.90,0.0596,true,1,18720
7290010154265,false,פלפל צ'ומה חריף פיקנטי,תבליני יוחאי ביטון,IL,פלפל צ`ומה ביטון 250,גרמים,250.00,100 גרם,false,,14.90,0.0596,true,1,18721
7290010154418,false,סחוג אדום ביטון 130 גר',תבליני יוחאי ביטון,IL,יוחאי ביטון סחוג אדו,גרמים,130.00,100 גרם,false,,8.90,0.0685,true,1,18726
7290010154678,false,אריסה מרוקאית ביטון 250 ג' ביטון,תבליני יוחאי ביטון,IL,יוחאי ביטון אריסה מר,גרמים,250.00,100 גרם,false,,14.90,0.0596,true,1,120612
7290010154685,false,סלט שום כתוש 250 ג' ביטון יוחאי,תבליני יוחאי ביטון,IL,סלט שום כתוש 250 גר',גרמים,250.00,100 גרם,false,,14.90,0.0596,true,1,120613
7290010192007,false,פטרוזיליה,,,פטרוזיליה,יח',1.00,יח',false,,3.90,3.9000,true,1,55800
7290010192014,false,שמיר,,,שמיר,יח',1.00,יח',false,,3.90,3.9000,true,1,55801
7290010192021,false,כוסברה ארוז,,,כוסברה,יח',1.00,יח',false,,3.90,3.9000,true,1,55802
7290010192038,false,שורש פטרוזיליה ארוז,,,שורש פטרוזיליה ארוז,יח',1.00,יח',false,,5.90,5.9000,true,1,55803
7290010192045,false,נענע יחידה,חקלאי,IL,נענע יחידה,יח',1.00,יח',false,,3.90,3.9000,true,1,55804
7290010192052,false,סלרי עלים (אמריקאי),,,סלרי עלים (אמריקאי),יח',1.00,יח',false,,5.90,5.9000,true,1,55805
7290010192069,false,סלרי ראש ארוז,,,סלרי ראש ארוז,יח',1.00,יח',false,,5.90,5.9000,true,1,55806
7290010192083,false,מנגולד ארוז,,,מנגולד ארוז,יח',1.00,יח',false,,6.90,6.9000,true,1,55807
7290010195268,false,פופקורן פופסטאר חמישייה מופחת שומן טבעי,פופ סטאר,US,פופסטאר פופקורן מופח,גרמים,425.00,100 גרם,false,,17.90,0.0421,true,1,66958
7290010195275,false,פופקורן להכנה במיקרוגל בטעם חמאה מופחת שומן,פופ סטאר,US,פופסטאר פופקורן מופח,גרמים,425.00,100 גרם,false,,17.90,0.0421,true,1,66959
7290010237685,false,"הייניקן בירה צואר ארוך 330מ""ל",טמפו משקאות בע''מ,IL,היינקן בירה צואר ארו,מיליליטרים,330.00,"100 מ""ל",false,,10.90,0.0330,true,1,10309
7290010237777,false,בירה שנדי בתוספת משקה לימון ליים,טמפו משקאות בע''מ,IL,מכבי שנדי בקבוק בודד,מיליליטרים,330.00,"100 מ""ל",false,,6.50,0.0197,true,1,10313
7290010237890,false,"בירה הייניקן בקבוק 500 מ""ל חוזר",טמפו משקאות בע''מ,IL,הייניקן בירה בקבוק ח,מיליליטרים,500.00,"100 מ""ל",false,,9.90,0.0198,true,1,10317
7290010259823,false,מנת השף מרק עם נודלס טעם עוף בדץ 70ג,נמצ'או(תאילנד) בעמ,TH,נודלס בטעם עוף מנת ה,גרמים,70.00,100 גרם,false,,5.90,0.0843,true,1,3627
7290010259830,false,מרק עם נודלס סיני פיקנטי מנת השף 70 גר,נמצ'או(תאילנד) בעמ,TH,נודלס בטעם סיני פיקנ,גרמים,70.00,100 גרם,false,,5.90,0.0843,true,1,3628
7290010259847,false,מנת השף מרק עם נודלס טעם תירס בדץ 70ג,יוליניבר,TH,נודלס טעם תירס מנת ה,גרמים,70.00,100 גרם,false,,5.90,0.0843,true,1,66639
7290010259861,false,מנת השף מרק עם נודלס בטעם ירקות בדץ 70ג,יוליניבר,TH,נודלס בטעם ירקות מנת,גרמים,70.00,100 גרם,false,,5.90,0.0843,true,1,3631
7290010259977,false,שמן קנולה וילי פוד 1 ליטר,בונגי פולין אס.פי.זד,PL,שמן קנולה ויליפוד 1,ליטר,1.00,ליטר,false,,11.90,11.9000,true,1,3635
7290010259991,false,וילי פוד צנימים בדץ 250ג,וילי פוד,PT,"צנימים בד""ץ וילי פוד",גרמים,250.00,100 גרם,false,,8.50,0.0340,true,1,66641
7290010279227,false,"זיקוק 15 ס""מ 6 בשקית",,,זיקוק 15 ס`מ 6 יח`,אין,0.00,יחידה,false,,15.90,0.0000,true,1,35142
7290010328468,false,אחווה חטיפי מיני חלווה ב- 3 טעמים 18 יח,שוורצקוף& הנקל דיסלד,IL,חטיפי מיני חלבה בטעמ,גרמים,216.00,100 גרם,false,,10.90,0.0505,true,1,699
7290010429554,false,"שמן זית כתית מעולה יד מרדכי 2 קלאסי, 750 מ""ל",מכוורת יד מרדכי שטרא,IL,שמן זית כתית מעולה 2,מיליליטרים,750.00,"100 מ""ל",false,,38.90,0.0519,true,1,24141
7290010471669,false,יוגורט תות עם קורנפלקס מצופה שוקולד ללא גלוטן 3.9%,"שטראוס בריאות בע""מ",IL,דנונה קראנצ' יוגורט,מיליליטרים,175.00,"100 מ""ל",false,,5.20,0.0297,true,1,24834
7290010472390,false,מארז 8 יחידות מעדן דני בטעם שוקולד 1.5%,מיוצר עי קונדיטוריית,IL,מארז דני שוקולד 8*,מיליליטרים,1000.00,"100 מ""ל",false,,16.90,0.0169,true,1,24839
7290010513727,false,פירורי לחם קינגדאו פנקו 200 גר,קינגדאו גוניון פודס,CN,פנקו פרורי לחם יפניי,גרמים,200.00,100 גרם,false,,7.90,0.0395,true,1,22625
7290010548514,false,עשבי תיבול לבישול איטלקי,עיצובים 2020 (3.8),IL,דורות עשבי תיבול לבי,גרמים,70.00,100 גרם,false,,10.00,0.1429,true,1,22127
7290010627004,false,טחינה גולמית מסורתית ירושלים 500 ג',"בראשית ירושלים בע""מ",IL,טחינה ירושלים 500 גר,גרמים,500.00,100 גרם,false,,17.90,0.0358,true,1,26134
7290010627844,false,טחינה גולמית שומשום מלא ירושלים 500גרם,"בראשית ירושלים בע""מ",IL,טחינה ירושלים 500 מל,גרמים,500.00,100 גרם,false,,17.90,0.0358,true,1,26136
7290010632787,false,צימרוני אוזניים עץ 300יח',הדקלאים אגודת שיתופי,CN,צימרוני אוזניים עץ כ,אין,0.00,יחידה,false,,4.90,0.0000,true,1,945
7290010650019,false,עולש אנדיב בלגי חוות,חוות פטריות תקוע,IL,עולש אנדיב בלגי חוות,יח',1.00,יח',false,,13.90,13.9000,true,1,110245
7290010650033,false,בצלצלי שאלוט ארוז לי,חוות פטריות תקוע,IL,בצלצלי שאלוט,גרמים,350.00,100 גרם,false,,14.90,0.0426,true,1,55813
7290010650071,false,פטריות שי-טאקי מיובשות,חוות תקוע,,פטריות שיטאקי מיובש,גרמים,25.00,100 גרם,false,,9.90,0.3960,true,1,55817
7290010650354,false,שורש כורכום טרי ארוז,פסטה לנסי,IL,שורש כורכום טרי,יח',1.00,יח',false,,14.90,14.9000,true,1,55829
7290010690138,false,ברוקולי ארוז במגשית,חקלאי,IL,ברוקולי ארוז,יח',1.00,יח',false,,9.90,9.9000,true,1,55838
7290010690466,false,כרוב סיני,,,כרוב סיני,יח',1.00,יח',false,,8.90,8.9000,true,1,55847
7290010711031,false,מברשת אבק גדולה 1522,מ.א. ייצור ויבוא מטליות,,מברשת אבק גדולה 1522,אין,0.00,יחידה,false,,14.90,0.0000,true,1,14512
7290010711123,false,"ננס רביעיה ""שייני"" ח",מ.א ייצור ושיווק מטל,CN,"ננס רביעיה ""שייני"" ח",אין,0.00,יחידה,false,,7.90,0.0000,true,1,14516
7290010711208,false,שייני גליל מטליות צהוב 33 יח',נועם אורים תעשיות בע,IL,SHINY גליל מטליות 33,אין,0.00,יחידה,false,,19.00,0.0000,true,1,14519
7290010711253,false,מיקרופייבר ניקוי כלל,,,מיקרופייבר ניקוי כלל,אין,0.00,יחידה,false,,9.90,0.0000,true,1,14521
7290010711550,false,דלי שטיפה עם פיה ( 1,,,דלי שטיפה עם פיה ( 1,אין,0.00,יחידה,false,,11.90,0.0000,true,1,14533
7290010711901,false,שייני מיקרופייבר לרצפה,מ.א ייצור ושיווק מטל,CN,שייני מטליות מיקרופי,אין,0.00,יחידה,false,,17.90,0.0000,true,1,14539
7290010711918,false,שייני מטליות מיקרופייבר לניקוי כללי חמישיה,,,מ.א מטליות מיקרופייב,אין,0.00,יחידה,false,,10.90,0.0000,true,1,14540
7290010718627,false,פנינה - אל סבון נוזלי ירוק 1 ל',סאסא קוסמטיקס,IL,אל סבון נוזלי ירוק פ,אין,0.00,יחידה,false,,10.90,0.0000,true,1,20436
7290010718634,false,"פנינה רוזנבלום -אל סבון נוזלי לבן,1 ליטר",סאסא קוסמטיקס,IL,אל סבון נוזלי לבן פנ,אין,0.00,יחידה,false,,10.90,0.0000,true,1,20437
7290010748860,false,"ד""ר פישר - אפקטיב קר קרם ידיים אינטנסיב 150 מ""ל",פישר מעבדות פרמצבטיו,IL,קרם ידיים אינטנסיב א,מיליליטרים,150.00,"100 מ""ל",false,,16.90,0.1127,true,1,31348
7290010748884,false,קרם גוף אינטנסיב Intensive לעור יבש במיוחד,פישר מעבדות פרמצבטיו,IL,קרם גוף לעור יבש אפק,אין,700.00,יחידה,false,,33.90,0.0484,true,1,31350
7290010766697,false,רוטב שקשוקה אוליביה 415 גר,אוליביה,IL,אוליביה רוטב שקשוקה,גרמים,415.00,100 גרם,false,,14.90,0.0359,true,1,4182
7290010777099,false,פיתה עבודת יד אקספרס מארז 8 יח',מגוון שיווק והפצת מא,IL,8 פיתות במרקם מיוחד,גרמים,800.00,100 גרם,false,,12.50,0.0156,true,1,118113
7290010777150,false,פיתה חיטה מלאה בריבוע 8יח' שקית 800 גר',מגוון שיווק והפצת מא,IL,8 פיתות בריבוע חיטה,גרמים,500.00,100 גרם,false,,15.90,0.0318,true,1,118114
7290010777297,false,פיתה אקספרס מארז 12יח',מגוון שיווק והפצת מא,IL,10 פיתות ביס,אלף,1.00,"ק""ג",false,,15.90,15.9000,true,1,118118
7290010777358,false,מארז שמיניית פיתות 100% כוסמין מלא,מגוון שיווק והפצת מא,IL,8 פיתות כוסמין מלא 1,גרמים,400.00,100 גרם,false,,16.90,0.0422,true,1,118121
7290010777488,false,מארז פיתות 100% מחמצת קמח מלא 500 גרם,מאפיית ביכורים מזון,IL,פיתה מחמצת מקמח מלא,אין,0.00,יחידה,false,,16.90,0.0000,true,1,423023
7290010777525,false,פיתות 100% כוסמין דק 99 קל 6 יח,מאפיית ביכורים מזון,IL,פיתות קוסמין-פיתה אק,גרמים,50.00,100 גרם,false,,16.90,0.3380,true,1,423024
7290010838219,false,ממתיק על בסיס צמח הסטיביה - שקיות,תות ממתקי איכות,IL,סטיביה 100 שקיות,גרמים,100.00,100 גרם,false,,29.90,0.2990,true,1,6510
7290010838424,false,ג'ל לניקוי מתקדם בניחוח רענן - מארז זוג,"איטיליאן פוד, אס.פי.",NL,זוג ג'ל נוזל בניחוח,ליטר,1.50,ליטר,false,,18.90,12.6000,true,1,6511
7290010838431,false,ג'ל לניקוי מתקדם בניחוח ים - מארז זוג,מיוצר עי קונדיטוריית,NL,דאק ג'ל נוזל 750 זוג,ליטר,1.50,ליטר,false,,18.90,12.6000,true,1,6512
7290010849505,false,יין למברוסקו די לואיג'י רוסו דולצ'ה,פארייפאבה אגרואינדוס,IT,למברוסקו די לואיג'י,מיליליטרים,750.00,"100 מ""ל",false,,29.90,0.0399,true,1,7957
7290010883363,false,כפפות אלוורה רב שימושיות מרופדות קטן S,האי נאם סי או אל.טי.,CN,סנו סושי זוג כפפות א,אין,0.00,יחידה,false,,10.90,0.0000,true,1,32378
7290010931330,false,מטבוחה אחלה 500 גרם,מיוצר עי קונדיטוריית,IL,אחלה מטבוחה 500ג,גרמים,500.00,100 גרם,false,,17.60,0.0352,true,1,24842
7290010945146,false,קוטג' 3% מועשר בסידן טרה 250 ג' מהדרין,טרה,IL,טרה קוטג מועשר 3% 25,גרמים,250.00,100 גרם,false,,5.90,0.0236,true,1,7226
7290010945306,false,חלב 3% בקרטון 2 ל' טרה,טרה,IL,טרה חלב בקרטון 3% 2,ליטר,2.00,ליטר,false,,12.46,6.2300,true,1,7228
7290010945450,false,גבינה לבנה 3% 250 גר מועשר בסידן וויטמין,טרה,IL,טרה גבינה לבנה מהדרי,גרמים,250.00,100 גרם,false,,4.98,0.0199,true,1,7230
7290010945481,false,גבינה לבנה 5% שומן 500 ג' טרה,טרה,IL,טרה גבינה לבנה 5% 50,גרמים,500.00,100 גרם,false,,9.96,0.0199,true,1,7231
7290011017866,false,קוקה קולה קלאסי בפחית,החברה המרכזית לייצור,IL,קוקה קולה פחית סליק,מיליליטרים,330.00,"100 מ""ל",false,,5.50,0.0167,true,1,7791
7290011017873,false,"קוקה קולה זירו פחית 330 מ""ל",החברה המרכזית לייצור,IL,ZERO קולה פחית סליק,מיליליטרים,330.00,"100 מ""ל",false,,5.50,0.0167,true,1,7792
7290011018368,false,"שישיית בירה ויינשטפן 330 מ""ל","ויינשטפן, ת.ד 1155 פ",DE,ויינשטפן בירה לבנה 6,ליטר,1.98,ליטר,false,,71.70,36.2121,true,1,67014
7290011018443,false,"פנטה אורנג פחית סליק 330 מ""ל",החברה המרכזית לייצור,IL,פאנטה אורנג פחית סלי,מיליליטרים,330.00,"100 מ""ל",false,,5.50,0.0167,true,1,7815
7290011051433,false,שוופס מוגז עדין אפרסק 0.5 ליטר,,,שוופס מוגז עדין אפרס,מיליליטרים,500.00,"100 מ""ל",false,,7.20,0.0144,true,1,12309
7290011064099,false,טאפס פלפלוני שרי ממולאים במעדן גבינה,"ניצן מותגי מזון בע""מ",IL,נועם פלפלוני שרי ממו,גרמים,125.00,100 גרם,false,,21.90,0.1752,true,1,6793
7290011110000,false,חסה רומית שלמה,,,חסה רומית שלמה,גרמים,430.00,100 גרם,false,,9.90,0.0230,true,1,62335
7290011110024,false,חסה סלנובה,,,חסה סלנובה,יח',1.00,יח',false,,12.90,12.9000,true,1,129899
7290011110031,false,לבבות חסה,,,לבבות חסה,יח',1.00,יח',false,,10.90,10.9000,true,1,126999
7290011110048,false,פלפל סוויט בייט,,,פלפל סוויט בייט,גרמים,220.00,100 גרם,false,,9.90,0.0450,true,1,352167
7290011110055,false,פלפל רומרו מארז,,,פלפל רומרו מארז,יח',1.00,יח',false,,9.90,9.9000,true,1,352168
7290011110079,false,בזיליקום.,,,בזיליקום.,יח',1.00,יח',false,,6.90,6.9000,true,1,171741
7290011110093,false,מנגולד,,,מנגולד,גרם,250.00,גרם,false,,7.90,0.0316,true,1,127001
7290011110116,false,תרד ניו-זילנדי,,,תרד ניו-זילנדי,גרם,200.00,גרם,false,,9.90,0.0495,true,1,133942
7290011110123,false,עירית,,,עירית,יח',1.00,יח',false,,6.90,6.9000,true,1,154799
7290011110130,false,רוקולה,,,רוקולה,יח',1.00,יח',false,,9.90,9.9000,true,1,170019
7290011110215,false,מלפפון בייבי,,,מלפפון בייבי,גרמים,350.00,100 גרם,false,,9.90,0.0283,true,1,352169
7290011110390,false,חסה אייסברג -יגור,,,חסה אייסברג -יגור,יח',1.00,יח',false,,7.90,7.9000,true,1,236069
7290011115166,false,נקה 7 ארומה סבון נוזלי לבנדר 1 ל',טרופיקל דגיל תעשיות,IL,תחליב רחצה לבנדר נקה,אין,0.00,יחידה,false,,16.60,0.0000,true,1,32446
7290011115173,false,נקה 7 ארומה סבון נוזלי וניל 1 ל',טרופיקל דגיל תעשיות,IL,תחליב רחצה וניל שקד,אין,0.00,יחידה,false,,16.60,0.0000,true,1,32447
7290011115258,false,אל סבון מוצק מבושם בניחוח עדין קלאסיק - מארז רביעיה,"גליל כימיכלים בע""מ",IL,סבון מוצק ירוק נקה 7,גרמים,400.00,100 גרם,false,,12.90,0.0323,true,1,32451
7290011115289,false,אל סבון מוצק מבושם בניחוח עדין קלאסיק - מארז רביעיה,"גליל כימיכלים בע""מ",IL,סבון מוצק לילך נקה 7,גרמים,400.00,100 גרם,false,,12.90,0.0323,true,1,32454
7290011126209,false,תה הגן הקסום תפוח וקינמון - סיידר 25 שקיקים,HIQ FOOD PRODUCTS,IL,תה הגן הקסום תפוח וק,גרמים,55.00,100 גרם,false,,17.90,0.3255,true,1,26137
7290011126452,false,חליטת קמומיל ונענע 25 שקיקים גן קסום,HIQ FOOD PRODUCTS,IL,תה קמומיל ונענע 1.5ג,גרמים,37.50,100 גרם,false,,17.90,0.4773,true,1,26145
7290011126469,false,חליטת קמומיל ודבש 25 שקיקים גן קסום,HIQ FOOD PRODUCTS,IL,תה קמומיל ודבש 1.5גר,גרמים,37.50,100 גרם,false,,17.90,0.4773,true,1,26146
7290011126957,false,תה ירוק ויסוצקי ארל גריי 25 שקיקים,ויסוצקי ירוק,IL,תה ירוק ארל גריי T.T,גרמים,37.50,100 גרם,false,,23.90,0.6373,true,1,26154
7290011131050,false,גרנולה בתוספת פקאן וצימוקים,ויטליאה ניקולה דו,MK,גרנולה פקאן גרין 1 ק,אלף,1.00,"ק""ג",false,,28.60,28.6000,true,1,67658
7290011131371,false,מוזלי קראנצ'י שקדים ואגוזים,ויטליאה ניקולה דו,MK,מיזלי קראנצ' שקדים ג,אלף,1.00,"ק""ג",false,,28.90,28.9000,true,1,14806
7290011131395,false,"מיזלי קראנץ 30% פירות 1 ק""ג",ויטליאה ניקולה דו,MK,מיזלי קראנצ' 30% פיר,אלף,1.00,"ק""ג",false,,28.90,28.9000,true,1,14808
7290011132507,false,"סודה סן בנדטו מוגז עדין 500מ""ל",אקווה מינרלה סאן בנד,IT,סאן בנדטו מוגז עדין,מיליליטרים,500.00,"100 מ""ל",false,,6.50,0.0130,true,1,10325
7290011132583,false,"פפסי מקס ליים 500 מ""ל מארז שישייה","טמפו משקאות בע""מ",IL,פפסי מקס שישייה 500,ליטר,3.00,ליטר,false,,21.90,7.3000,true,1,294617
7290011133375,false,בירה שנדי בתוספת משקה אפרסק - שישייה,"טמפו משקאות בע""מ",IL,מכבי שנדי אפרסק בקבו,ליטר,1.98,ליטר,false,,37.90,19.1414,true,1,10333
7290011133634,false,"פפסי מקס פחית צרה מארז שישייה 330 מ""ל","טמפו משקאות בע""מ",IL,שישיית פחיות פפסי מק,ליטר,1.98,ליטר,false,,17.60,8.8889,true,1,202446
7290011148911,false,פלפלים מתוקים טינקרב,קוליוס,IL,פלפלים מתוקים טינקרב,גרמים,300.00,100 גרם,false,,9.90,0.0330,true,1,55869
7290011148942,false,שרי עגבניות - מיקס,,,שרי עגבניות - מיקס,יח',1.00,יח',false,,12.90,12.9000,true,1,62227
7290011174231,false,עוגת מוס גבינה אוכמניות 850 גר,קפולסקי אדל בעמ,IL,עוגת מוס גבינה עם או,גרמים,850.00,100 גרם,false,,65.90,0.0775,true,1,69954
7290011194215,false,מעדן גבינה ויוגורט בטעם בננה 5% שומן 88 ג' דניאלה,"שטראוס בריאות בע""מ",IL,"דניאלה בננה 150 מ""ל",מיליליטרים,150.00,"100 מ""ל",false,,4.30,0.0287,true,1,24843
7290011194246,false,קוטג שטראוס 5% עם סידן 250ג,מיוצר עי קונדיטוריית,IL,קוטג שטראוס 5% עם סי,גרמים,250.00,100 גרם,false,,6.00,0.0240,true,1,24844
7290011223038,false,עלים לקרמשניט - בונומי 300גרם,בונומי ס.פ.א,IT,בונומי עלים לקרמשניט,גרמים,300.00,100 גרם,false,,16.90,0.0563,true,1,6522
7290011223243,false,"טואלט דאק ג'ל לאסלה בניחוח לבנדר 55 מ""ל","איטיליאן פוד, אס.פי.",IT,דאק ג'ל אסלה ניחוח ל,מיליליטרים,55.00,"100 מ""ל",false,,9.90,0.1800,true,1,6532
7290011236649,false,נטיפי שוקולד ציפס 54% מוצקי קקאו 300 גרם,,,שוקולד צ'יפס בלגי שק,גרמים,300.00,100 גרם,false,,10.90,0.0363,true,1,5319
7290011239213,false,עמוס חטיפים מתוקים מ,ממתקי מחרום,,עמוס חטיפים מתוקים מ,גרמים,100.00,100 גרם,false,,5.90,0.0590,true,1,48455
7290011239404,false,עמוס חטיפים שונים אר,"בני ריאד מחרום בע""מ",IL,עמוס חטיפים שונים אר,גרמים,300.00,100 גרם,false,,15.90,0.0530,true,1,48456
7290011249748,false,רולים גלילי ופל במילוי קרם שוקולד 100 ג' עלמה,"גילרו בע""מ",IL,גילרו רולים שוקו 100,גרמים,100.00,100 גרם,false,,5.40,0.0540,true,1,48608
7290011249755,false,רולים גלילי ופל במילוי קרם אגוזים 100 ג' עלמה,"גילרו בע""מ",IL,רולים אגוז 100 גרם,גרמים,100.00,100 גרם,false,,5.40,0.0540,true,1,48609
7290011254018,false,שעועית מש מיה 500 גר',"מיה תעשיות מזון בע""מ",IL,שעועית מש 500 גרם,גרמים,500.00,100 גרם,false,,10.90,0.0218,true,1,15782
7290011254025,false,דוחן מיה 500 גרם,"מיה תעשיות מזון בע""מ",IL,דוחן 500 גרם,גרמים,500.00,100 גרם,false,,8.40,0.0168,true,1,15783
7290011254032,false,קינואה מיה 500 גרם,"מיה תעשיות מזון בע""מ",IL,קינואה 500 גרם,גרמים,500.00,100 גרם,false,,14.90,0.0298,true,1,15784
7290011254254,false,נטיפים צמקאו בטעם שוקולד,"מיה תעשיות מזון בע""מ",IL,שוקולד ציפס 300גר,גרמים,300.00,100 גרם,false,,9.80,0.0327,true,1,15804
7290011254766,false,"שעועית לוביה יבשה מיה 400 גר'בד""צ","מיה תעשיות מזון בע""מ",IL,שעועית לוביה 400 גרם,גרמים,400.00,100 גרם,false,,11.90,0.0298,true,1,15830
7290011254780,false,"שעועית ארגנטינאית יבשה מיה 1 ק""ג","מיה תעשיות מזון בע""מ",IL,מיה שעועית ארגנטינאי,אלף,1.00,"ק""ג",false,,19.90,19.9000,true,1,15832
7290011254810,false,סוכריות ג'לילנד דובונים פרי קיץ 125 גרם,מיה תעשיות מזון,IL,סוכריות ג'לי דובונים,גרמים,125.00,100 גרם,false,,6.50,0.0520,true,1,15834
7290011312381,false,פטריות חורש למנגל 320 ג',"מרינה פטריות הגליל בע""מ",IL,פורטבלה על אש מרינה,גרמים,300.00,100 גרם,false,,16.90,0.0563,true,1,55872
7290011378028,false,חלבה קלאסית בטעם וניל ללא תוספת סוכר,רושדי תעשיות מזון בע,IL,בארכה חלבה וניל ללא,גרמים,350.00,100 גרם,false,,17.10,0.0489,true,1,21357
7290011378257,false,חטיף חלבה בטעם וניל ללא תוספת סוכר בתוספת פיסטוק ופקאן,רושדי תעשיות מזון בע,IL,בארכה חטיף חלבה פקאן,גרמים,120.00,100 גרם,false,,13.50,0.1125,true,1,21360
7290011378769,false,בארכה - חטיף בקטנה חלבה וניל 20 גרם * 6,רושדי תעשיות מזון בע,IL,בארכה בקטנה מאגדת ונ,גרמים,120.00,100 גרם,false,,13.50,0.1125,true,1,21362
7290011379018,false,מארז משפחתי שמפיניון 500 ג' מרינה,מרינה פטריות,IL,פטריות צמד חמד,גרמים,500.00,100 גרם,false,,16.90,0.0338,true,1,55873
7290011438142,false,"משקה יטבתה אייס קפה בבקבוק אישי 350 מ""ל",שטראוס גרופ,IL,יטבתה אייס קפה בבקבו,מיליליטרים,350.00,"100 מ""ל",false,,6.90,0.0197,true,1,24850
7290011447281,false,מטרנה פרימיום חלבי שלב 2 700 גרם חיסכון,מטרנה תעשיות ש.מ,IL,מטרנה חלבי שלב 2 70,גרמים,700.00,100 גרם,false,,52.90,0.0756,true,1,21372
7290011473051,false,קוואקר עבה אורגני 500 גר,ארוז ע' תבואות,GB,קוואקר עבה אורגני תב,גרמים,500.00,100 גרם,false,,11.50,0.0230,true,1,62101
7290011473211,false,עדשים אדומים אורגני 500 גרם,אורז ע'י,CN,עדשים אדומות אורגני,גרמים,500.00,100 גרם,false,,13.90,0.0278,true,1,108536
7290011474386,false,קוואקר אורגני דק 500 גרם,תבואות,,קוואקר דק אורגני תבו,גרמים,500.00,100 גרם,false,,12.50,0.0250,true,1,62129
7290011474447,false,קוואקר עבה טבעי 500 גרם תבאות,תבואות,,שיבולת שועל עבה טבעי,גרמים,400.00,100 גרם,false,,6.90,0.0173,true,1,378110
7290011499051,false,פטה כבשים מסורתית 20% בגביע 250 גרם - רובין,MKN עבור מחלבות גד ב,IL,גד פטה כבשים גביע 20,גרמים,250.00,100 גרם,false,,29.90,0.1196,true,1,15475
7290011499105,false,בולגרית מסורתית 5% 250 גרם -רבנות,ג'נרל מילס סאן אדריא,IL,גד בולגרית 5% 250ג,גרמים,250.00,100 גרם,false,,25.60,0.1024,true,1,15476
7290011499112,false,בולגרית מסורתית 16% 250 גרם - רבנות,"מיוצר ע""י dsh",IL,גד בולגרית 16% 250ג,גרמים,250.00,100 גרם,false,,25.60,0.1024,true,1,15477
7290011499129,false,בולגרית מעודנת קוביות קטנות 5% 200 גרם - רבנות,קוד יצרן DSH,IL,גד בולגרית מעודנת קו,גרמים,200.00,100 גרם,false,,24.50,0.1225,true,1,15478
7290011499303,false,פטה עיזים מעודנת 5% בגביע 250 גרם - רבנות,ג'נרל מילס סאן אדריא,IL,פטה עיזים מעודנת 5%,גרמים,250.00,100 גרם,false,,34.10,0.1364,true,1,15482
7290011499327,false,גבינה בולגרית מעודנת 5% 250 גרם - רבנות,מיוצר על ידי DSH עבו,IL,גד בולגרית בקר מעודנ,גרמים,250.00,100 גרם,false,,25.60,0.1024,true,1,15484
7290011499341,false,קשקבל בוואקום 26% 200 גרם - רבנות,הנסיך- מפעל לייצור ט,IL,קשקבל מחלבות גד 200,גרמים,250.00,100 גרם,false,,37.60,0.1504,true,1,15486
7290011499358,false,פטה עיזים מסורתית 20% בגביע 200 גרם - רובין,מיוצר על ידי קוד יצר,IL,גד פטה עיזים 20% 200,גרמים,200.00,100 גרם,false,,29.80,0.1490,true,1,15487
7290011499365,false,גבינה חלומי נענע גד,"מחלבות גד בע""מ",IL,גד חלומי 24% 200ג,גרמים,200.00,100 גרם,false,,25.60,0.1280,true,1,15488
7290011499419,false,גבינה במרקם שמנת בטעם טבעי 5% ניו יורק,מחלבות גד,IL,גבינה במרקם שמנת 5%,גרמים,200.00,100 גרם,false,,12.90,0.0645,true,1,115386
7290011499525,false,גד לאבנה דרוזית 9% 500 ג',מחלבות גד בעמ,IL,גד לאבנה דרוזית 9% 5,גרמים,500.00,100 גרם,false,,22.60,0.0452,true,1,15493
7290011499624,false,שמנת 30% ניו יורק טבעי 200 גרם רבנות,מחלבות גד,IL,גד ניו יורק גבינת שמ,גרמים,200.00,100 גרם,false,,15.20,0.0760,true,1,15494
7290011499846,false,גבינת ריקוטה פרסקה 9% 300 ג' גד,מחלבות גד בעמ,IL,גד ריקוטה פרסקה 5% 3,גרמים,300.00,100 גרם,false,,19.50,0.0650,true,1,15507
7290011515683,false,מעדן קפוא אקסטרים Extreme בטעם וניל - 6 יח',תות תעשיות מזון (201,IL,אקסטרים וניל מאגדת 6,גרמים,432.00,100 גרם,false,,35.90,0.0831,true,1,17020
7290011515911,false,שלגונים מופחתי קלוריות בטעם ריבת חלב - 6 יח',גלידות נסטלה (נגה גל,IL,מאגדת לייט ריבת חלב,גרמים,312.00,100 גרם,false,,30.90,0.0990,true,1,17021
7290011518561,false,"אקטימל תות משפחתי מארז 14X100מ""ל",מיוצר עי קונדיטוריית,IL,אקטימל תות משפחתי 14,ליטר,1.40,ליטר,false,,32.90,23.5000,true,1,24855
7290011553456,false,קרוטונים למרק שקית,,,קרוטונים למרק שקית,גרמים,400.00,100 גרם,false,,14.90,0.0373,true,1,495661
7290011575007,false,"הפי מרסס שומר ברק למקלחון 750 מ""ל",דומל,DE,הפי-מרסס לאמבט חדש 7,מיליליטרים,750.00,"100 מ""ל",false,,23.70,0.0316,true,1,12125
7290011587093,false,תירס גמדי תומר 400 ג,איידונג יוזו,IL,תירס גמדי תומר 400 ג,גרמים,400.00,100 גרם,false,,6.90,0.0173,true,1,26411
7290011587123,false,קרם קוקוס תומר 400 מ,,IL,קרם קוקוס תומר 400 מ,מיליליטרים,400.00,"100 מ""ל",false,,9.90,0.0248,true,1,26412
7290011587451,false,גרנולה בתוספת פירות ואגוזים,ויטליה,IL,גרנולה + פירות ואגוז,גרמים,600.00,100 גרם,false,,14.90,0.0248,true,1,26424
7290011587468,false,מוזלי קראנצ'י בתוספת אגוזים,Vitalia nikola ltd,MK,מוזלי קראנצ + אגוז ת,גרמים,600.00,100 גרם,false,,14.90,0.0248,true,1,26425
7290011587833,false,חצאי עגבניות מיובשות מתובלות בשמן חמניות ועשבי תיבול,יושלם,,עגבניות מיובשות בשמן,גרמים,340.00,100 גרם,false,,14.90,0.0438,true,1,26438
7290011587857,false,עגבניות מיובשות בשמן חמניות ועשבי תיבול,יושלם,IL,עגבניות מיובשות מתוב,גרמים,250.00,100 גרם,false,,10.90,0.0436,true,1,26440
7290011593742,false,"שמן זית פיקואל 750 מ""ל סבא חביב",,,שמן זית פיקואל הסדרה,מיליליטרים,750.00,"100 מ""ל",false,,42.90,0.0572,true,1,480455
7290011598211,false,"סנו - אנטי קאלק מרסס ניקוי כללי 4 ב-1 700 מ""ל",מיוצר עי קונדיטוריית,IL,מנקה כללי אנטיקאלק 7,מיליליטרים,700.00,"100 מ""ל",false,,19.90,0.0284,true,1,32483
7290011598259,false,"סנו - פרש מילוי למטהר אוויר מאסק 250 מ""ל",סנו מפעלי ברונוס בעמ,IL,סנו פרש אוטומטיק מאס,מיליליטרים,250.00,"100 מ""ל",false,,14.90,0.0596,true,1,32484
7290011598372,false,מטלית מיקרופייבר פרופשיונל לרצפה סנו סושי,סנו מפעלי ברונוס.,CN,סנו סושי מטלית מיקרו,אין,0.00,יחידה,false,,13.90,0.0000,true,1,32486
7290011598402,false,סנו מקסימה מרכך כביסה וויט מילק 4 ליטר,סנו מקסימה,IL,מרכך כביסה סנו מקסימ,ליטר,4.00,ליטר,false,,23.90,5.9750,true,1,32487
7290011599836,false,משפר אפיה טבעי 100 ג' רובינפלד,,,משפר אפיה רובינפלד 1,גרמים,100.00,100 גרם,false,,10.90,0.1090,true,1,118885
7290011607180,false,"אבקת כביסה קולון 101 1.25 ק""ג",ריקט בנקיזר ( ניר אי,IL,"קולון 101 1.25 ק""ג",אלף,1.25,"ק""ג",false,,16.90,13.5200,true,1,22868
7290011607197,false,"אבקת כביסה קולון 101 5 ק""ג",רקיט בנקיזר,IL,"קולון 101 5 ק""ג",אלף,5.00,"ק""ג",false,,42.90,8.5800,true,1,22869
7290011615260,false,"טורטייה 20 ס""מ קוטר וילי פוד 540 גר",מוטלוקל גידה סאנאי ט,TR,"עלי טורטיה בד""ץ וילי",גרמים,540.00,100 גרם,false,,8.90,0.0165,true,1,116723
7290011615277,false,"עלי טורטיוה קמח חיטה 25ס""מ 12יח' ויליפוד 840 ג'",מוטלוקל גידה סאנאי ט,TR,"עלי טורטיה בד""ץ וילי",גרמים,840.00,100 גרם,false,,15.90,0.0189,true,1,66647
7290011622428,false,כתמטמינים-חטיף בריאות לתינוקות וילדים 45 ג',מיוצר עבור גולדן האר,IL,כתמטמינים-חטיף בריאו,גרמים,100.00,100 גרם,false,,6.90,0.0690,true,1,4201
7290011668587,false,חגיגת גרנולה טעם עשיר 500 גרם,בריא מהטבע פנינה רוזנבלום,IL,גרנולה בטעם עשיר פני,גרמים,500.00,100 גרם,false,,26.90,0.0538,true,1,20462
7290011668594,false,תוספת בריאה לסלט ברי,בריא מהטבע פנינה רוזנבלום,IL,פנינה תוספת בריאה לס,גרמים,550.00,100 גרם,false,,39.60,0.0720,true,1,20463
7290011765088,false,ג'ל גילוח לעור רגיל מנטול Cool,טרופיקל דגיל תעשיות,TR,ג'ל גילוח לעור רגיל,מיליליטרים,200.00,"100 מ""ל",false,,11.90,0.0595,true,1,32490
7290011765095,false,קרמה מן גל גילוח אלוורה ירוק 200 מל,טרופיקל דגיל תעשיות,TR,ג'ל גילוח לעור עדין,מיליליטרים,200.00,"100 מ""ל",false,,11.90,0.0595,true,1,32491
7290011765408,false,שמפו + מרכך בוב ספוג לסירוק קל מכיל רוזמרין,קוסמופארם בע''מ,IL,שמפו+מרכך כיף בוב ספ,מיליליטרים,750.00,"100 מ""ל",false,,12.90,0.0172,true,1,32505
7290011800840,false,טחינה בלאדי רפי כהן 400 ג' צבר,סלטי צבר,IL,צבר רפי כהן טחינה בל,גרמים,400.00,100 גרם,false,,16.90,0.0422,true,1,22139
7290011860271,false,ביסבול כדורי פירה בציפוי פריך,"תעשיות תפוגן בע""מ",IL,תפוגן ביס בול טבעי 7,גרמים,700.00,100 גרם,false,,17.90,0.0256,true,1,22141
7290011877088,false,"רדיד אלומיניום רוחב 30 ס""מ, 18 מיקרון - מארז זוג",בורסה פאזרי,TR,סנו סושי צמד רדידי א,מטרים,15.00,מטר,false,,17.90,1.1933,true,1,32510
7290011877095,false,"זוג רדיד אלומיניום עבה ורחב 45 ס""מ* 7.5 מטר",בורסה פאזרי,TR,סנו סושי צמד רדידי א,מטרים,15.00,מטר,false,,22.90,1.5267,true,1,32511
7290011877859,false,סנו אינסטלטור חדש פותח סתימות 200ג',מיוצר עי קונדיטוריית,IL,סנו אינסטלטור פותח ס,מיליליטרים,200.00,"100 מ""ל",false,,15.90,0.0795,true,1,32521
7290011912642,false,מי פה ליסטרין מנטה רענן,ליסטרין Listerine,IT,מי פה טאגד ליסטרין 5,מיליליטרים,500.00,"100 מ""ל",false,,23.90,0.0478,true,1,31645
7290011931162,false,סוכרלייט ממתיק נוזלי על בסיס סוכרלוז,אף.סי תבליני בגליל ב,IL,סוכרלייט נוזלי 220מל,מיליליטרים,220.00,"100 מ""ל",false,,30.90,0.1405,true,1,24152
7290011947309,false,זיתים מצוננים סורי מבוקע ולימון כבוש זיתא 230 ג',זיתא – י.ט.ב תעשיות,IL,זית סורי מבוקע עם לי,גרמים,215.00,100 גרם,false,,14.50,0.0674,true,1,26161
7290011947316,false,זיתא זיתי קלמטה בשמן זית כתית מעולה 215ג,זיתא - י.ט.ב תעשיות,IL,זיתי קלמטה זיתא 215,גרמים,215.00,100 גרם,false,,14.50,0.0674,true,1,26162
7290011947743,false,זיתים זיתא מיקס זית ירוק וזית קלמטה 215 גרם,זיתא - י.ט.ב תעשיות,IL,מיקס זית ירוק וזית ק,גרמים,215.00,100 גרם,false,,14.50,0.0674,true,1,192901
7290011947781,false,מיקס זית ירוק וזית קלמטה ללא גלעין עם שמן זית 190 ג',זיתא - י.ט.ב תעשיות,IL,מיקס זית ירוק קלמטה,גרמים,190.00,100 גרם,false,,15.90,0.0837,true,1,271509
7290011947798,false,זית קלמטה ללא גלעין עם שמן זית כתית 190 ג',זיתא - י.ט.ב תעשיות,IL,זית קלמטה ללא גלעין,גרמים,190.00,100 גרם,false,,15.90,0.0837,true,1,271510
7290011947903,false,מיקס זיתים יווני זיתא 215 ג',זיתא - י.ט.ב תעשיות,IL,זיתים מיקס ייווני זי,גרמים,215.00,100 גרם,false,,14.50,0.0674,true,1,337089
7290011964344,false,תבלין שום גבישי 120 ג',"תבליני טעם וריח בע""מ",IL,שום גבישי 120 גר' במ,גרמים,120.00,100 גרם,false,,10.90,0.0908,true,1,49640
7290011964658,false,תבלין מלח לימון טעם,"תבליני טעם וריח בע""מ",IL,תבלין מלח לימון טעם,גרמים,170.00,100 גרם,false,,11.90,0.0700,true,1,49653
7290012001994,false,חרדל דיז'ון גרעינים 350 ג' ריין דיזון,ריין דיז'ון reine dijon,FR,חרדל דיגון גרעינים 3,גרמים,350.00,100 גרם,false,,13.90,0.0397,true,1,5978
7290012019258,false,מחית תפוחי עץ רביעיה 4 * 113 ג' תומר,Cherry growers inc,US,"רסק תפו""ע מחית תפוחי",גרמים,452.00,100 גרם,false,,11.90,0.0263,true,1,26455
7290012019265,false,"רסק תפוֿֿֿֿ""ע פלסטיק דיאט 4יח'12X",Cherry growers inc,US,"מחית תפו""ע ללא סוכר",גרמים,452.00,100 גרם,false,,11.90,0.0263,true,1,26456
7290012022203,false,קליליות חיטה מלאה די,דילייט 2005,IL,קליליות חיטה מלאה די,גרמים,100.00,100 גרם,false,,13.90,0.1390,true,1,31083
7290012022227,false,קליליות חיטה טעם טבעי,דילייט 2005,IL,קליליות בטעם טבעי די,גרמים,60.00,100 גרם,false,,12.90,0.2150,true,1,31084
7290012022272,false,פריכיות קליליות קידס,דילייט 2005,IL,פריכיות קליליות קידס,אין,0.00,יחידה,false,,12.90,0.0000,true,1,33951
7290012025495,false,"שמיר טחינה אסלי 1 ק""ג","סלטי שמיר 2006 בע""מ",IL,"טחינה אסלי 1 ק""ג",אלף,1.00,"ק""ג",false,,13.90,13.9000,true,1,169504
7290012025839,false,מטבוחה שמיר אסלי 400 גרם,"סלטי שמיר 2006 בע""מ",IL,שמיר מטבוחה אסלי 400,גרמים,400.00,100 גרם,false,,10.90,0.0273,true,1,19874
7290012086113,false,עגבניות שרי צימן קופסא 500ג',מרינה,IL,עגבניות שרי,גרמים,500.00,100 גרם,false,,9.90,0.0198,true,1,55878
7290012116261,false,"500 מ""ל גל לניקוי ידיים סנו מדיק 500 מ""ל",גוד פוד פרודקטס S.p,IL,"סנו מדיק ג'ל 500 מ""ל",מיליליטרים,500.00,"100 מ""ל",false,,21.90,0.0438,true,1,212402
7290012116360,false,פוליויקס לטיפול ברצפות גרניט פורצלן וקרמיקה,"מפעלי סנו ברונוס בע""",IL,סנו פוליוקס גרניט פו,ליטר,2.00,ליטר,false,,22.90,11.4500,true,1,32535
7290012116537,false,"סנו מקסימה אבקת כביסה 2.5 ק""ג מאסק",טרופיקל דגיל תעשיות,IL,אבקת כביסה סנו מקסימ,אלף,2.50,"ק""ג",false,,28.90,11.5600,true,1,32536
7290012116612,false,אורביטול מברשת שיניים מארז 4 יח',ג'נרל מילס סאן אדריא,CN,מארז מברשות שיניים א,אין,0.00,יחידה,false,,15.20,0.0000,true,1,32540
7290012117435,false,"קרמה - שמפו וג'ל רחצה 2 ב-1 אלוורה 700 מ""ל",טרופיקל דגיל תעשיות,IL,שמפו וג'ל רחצה אלוור,מיליליטרים,700.00,"100 מ""ל",false,,19.90,0.0284,true,1,32564
7290012117534,false,סנו - מקסימה מרכך כביסה מרוכז קול 1 ליטר,"סנו מפעלי ברונוס בע""",IL,סנו מקסימה מרכך קומפ,אין,0.00,יחידה,false,,19.90,0.0000,true,1,32566
7290012117558,false,מרכך כביסה קומפקט מאסק ורוד סנו מקסימה 1 ל',"סנו מפעלי ברונוס בע""",IL,סנו מקסימה מרכך קומפ,אין,0.00,יחידה,false,,19.90,0.0000,true,1,32568
7290012117565,false,כפפות לטקס 100 יח' - S סנו סושי,סנו סושי,IL,סנו סושי 100 כפפות ל,אין,0.00,יחידה,false,,44.90,0.0000,true,1,32569
7290012117572,false,כפפות לטקס 100 יח' - M סנו סושי,סנו סושי,TH,M סנו סושי כפפות לטק,אין,0.00,יחידה,false,,44.90,0.0000,true,1,32570
7290012117589,false,כפפות לטקס 100 יח' - L סנו סושי,סנו סושי,TH,L סנו סושי כפפות לטק,אין,0.00,יחידה,false,,44.90,0.0000,true,1,32571
7290012117732,false,סנו - מקסימה מרכך כביסה קול שחור 4 ליטר,"סנו מפעלי ברונוס בע""",IL,מרכך כביסה סנו מקסימ,ליטר,4.00,ליטר,false,,23.90,5.9750,true,1,32573
7290012117916,false,סנו אינסטלאטור פותח סתימות נוזלי 1 ל',"סנו מפעלי ברונוס בע""",IL,סנו אינסטלאטור פותח,אין,0.00,יחידה,false,,30.90,0.0000,true,1,32579
7290012193163,false,סבון נוזלי פמלי לקשרי פריחת הדובדבן 1 ל,אף.סי תבליני בגליל ב,TR,אלסבון פרחי בר ורוד+,ליטר,1.00,ליטר,false,,11.90,11.9000,true,1,6578
7290012212154,false,מלפפון במלח קטן מוטו,מוטולה,IL,מלפפון במלח קטן בצנצ,גרמים,560.00,100 גרם,false,,13.90,0.0248,true,1,427779
7290012226021,false,סלמי מעושן פראג יבש 400 ג' זוגלובק,זוגלובק,IL,סלמי מעושן פראג יבש,גרמים,400.00,100 גרם,false,,23.90,0.0597,true,1,42778
7290012226120,false,מב זוגלובק קבנוס 135,זוגלובק,IL,זוגלובק קבנוס 135ג.,גרמים,135.00,100 גרם,false,,12.90,0.0956,true,1,42779
7290012226939,false,קבנוס עם צ'ילי חריף 135ג' זוגלובק,זוגלובק,IL,זוגלובק קבנוס בטעם צ,גרמים,135.00,100 גרם,false,,12.90,0.0956,true,1,42786
7290012227325,false,סלמי דק דק מעושן איטלקי 120 ג' זוגלובק,זוגלובק,IL,זוגלובק סלמי מעושן ד,גרמים,120.00,100 גרם,false,,14.90,0.1242,true,1,107701
7290012227912,false,קבנוס עודן 135 ג' זוגלובק,זוגלובק,IL,קבנוס מעודן זוגלובק,גרמים,135.00,100 גרם,false,,12.90,0.0956,true,1,42830
7290012227974,false,פסטרמה הודו בדבש טהור דק דק דק,זוגלובק,IL,זוגלובק פסטרמה בדבש,גרמים,120.00,100 גרם,false,,14.90,0.1242,true,1,107702
7290012227981,false,פסטרמה דק דק ברביקיו 120 ג' זוגלובק,זוגלובק,IL,פסטרמה ברביקיו זוגלו,גרמים,120.00,100 גרם,false,,14.90,0.1242,true,1,107703
7290012227998,false,פסטרמה דק דק חזה בקר 120 ג' זוגלובק,זוגלובק,IL,זוגלובק חזה בקר 12,גרמים,120.00,100 גרם,false,,14.90,0.1242,true,1,107704
7290012228124,false,קבנוס סטיקס עם נגיעות מלח ים סדרת ריינהולד'ס,זוגלובק,IL,קבנוס סטיקס 50 גר'.,גרמים,50.00,100 גרם,false,,11.90,0.2380,true,1,106791
7290012228261,false,נקנקיות קנקרס הודו ועוף ריינהולד'ס זוגלובק 300 ג',זוגלובק,IL,נקנקיות הודו קנקרס ר,גרמים,300.00,100 גרם,false,,21.90,0.0730,true,1,63693
7290012228278,false,נקנקיות בוקוורסט עוף ובקר ריינהולד'ס 310 ג' זוגלובק,זוגלובק,IL,נקנקיות בוקוורסט הוד,גרמים,300.00,100 גרם,false,,21.90,0.0730,true,1,63694
7290012228704,false,"ריינהולדס נקניקיות סוסג' ספרדית חריפה, 310 ג'",זוגלובק,IL,נקניקיות סוסג' ספרדי,גרמים,310.00,100 גרם,false,,21.90,0.0706,true,1,135306
7290012313141,false,מלפפון פרוס במלח A2 ק.יבנה 540ג',אף.סי תבליני בגליל ב,IL,פרוסות מלפפון במלח י,גרמים,540.00,100 גרם,false,,6.50,0.0120,true,1,52544
7290012313240,false,יבנה זיתים מיקס ירוק וקלמטה 560 גר',קבוצת יבנה,,מיקס זית ירוק וקלמטה,גרמים,560.00,100 גרם,false,,12.90,0.0230,true,1,266383
7290012367717,false,קרם ידיים וציפורניים Intensive relief לעור יבש ומגורה,פישר מעבדות פרמצבטיו,IL,קרם ידיים אפקטיב קר,מיליליטרים,150.00,"100 מ""ל",false,,16.90,0.1127,true,1,31382
7290012372100,false,"קמח חיטה מלא 80% 1 ק""ג רובינפלד",,,קמח חיטה 80% רובינפל,אלף,1.00,"ק""ג",false,,10.90,10.9000,true,1,118886
7290012372124,false,"קמח כוסמין 100% 1 ק""ג רובינפלד",,,קמח כוסמין 100% רובי,אלף,1.00,"ק""ג",false,,16.90,16.9000,true,1,118888
7290012372155,false,"קמח כוסמין 80% 1ק""ג רובינפלד",,,קמח כוסמין 80% רובינ,אלף,1.00,"ק""ג",false,,16.90,16.9000,true,1,118890
7290012372209,false,"קמח חיטה לבן 1 ק""ג רובינפלד",,,קמח חיטה לבן מנופה ר,אלף,1.00,"ק""ג",false,,7.90,7.9000,true,1,409062
7290012372247,false,"קמח כוסמין לבן 1 ק""ג רובינפלד",,,קמח כוסמין לבן רובינ,אלף,1.00,"ק""ג",false,,16.90,16.9000,true,1,409105
7290012413636,false,תה ירוק צאי מסאלה 25 שקיקים 1.5 גרם,ויסוצקי ירוק,IL,תה ירוק צ'אי T.Tשמינ,גרמים,37.50,100 גרם,false,,23.90,0.6373,true,1,26173
7290012413643,false,תה ירוק קמומיל 25 שקיקים ויסוצקי,ויסוצקי ירוק,IL,תה ירוק קמומיל T.Tשמ,גרמים,37.50,100 גרם,false,,23.90,0.6373,true,1,26174
7290012522581,false,טבעול שניצל תירס ללא גלוטן טבעול 664 גרם,עיצובים 2020 (4.8),IL,טבעול שניצל תירס ללא,גרמים,664.00,100 גרם,false,,30.90,0.0465,true,1,22150
7290012557699,false,סביבון אור בליסטר,,,בליסטר סביבון אור,אין,0.00,יחידה,false,,3.90,0.0000,true,1,130108
7290012561405,false,בצל חצי מטוגן דורות 180 גרם,עיצובים 2020 (3.8),IL,בצל חצי מטוגן דורות,גרמים,180.00,100 גרם,false,,12.50,0.0694,true,1,22154
7290012576607,false,"יין פרימייר אדום קברנה סובניון ומלבק 750 מ""ל","ברקן שיווק והפצה בע""",IL,ברקן יין פרמייר אדום,מיליליטרים,750.00,"100 מ""ל",false,,26.90,0.0359,true,1,10357
7290012576614,false,יין Premieur לבן חצי יבש אמרלד ריזלינג קולומברד,יקבי ברקן שיווק והפצ,IL,ברקן יין פרמייר לבן,מיליליטרים,750.00,"100 מ""ל",false,,26.90,0.0359,true,1,10358
7290012642586,false,ערמונים קלופים תומר 100 ג',Tangshan huiyuan foo,CN,ערמונים קלופים וקלוי,גרמים,100.00,100 גרם,false,,5.90,0.0590,true,1,26487
7290012642852,false,פלפל אדום על האש 520 גר,,IL,פלפל אדום קלוי על הא,גרמים,330.00,100 גרם,false,,12.90,0.0391,true,1,26497
7290012642876,false,פלפלונים מעורב צבעוני בחומץ חריף6X,יושלם,,פלפלונים מעורב כבושי,גרמים,530.00,100 גרם,false,,12.90,0.0243,true,1,26499
7290012645112,false,"יוגורט עיזים בדלי חלב הארץ 750מ""ל",מחלבות סוסיא,IL,יוגורט עיזים בדלי 75,מיליליטרים,750.00,"100 מ""ל",false,,21.90,0.0292,true,1,24865
7290012645174,false,גבינת עיזים 5% חלב הארץ 200 גרם,חלב הארץ,IL,גבינת עיזים 5% חלב ה,גרמים,200.00,100 גרם,false,,15.90,0.0795,true,1,425315
7290012645280,false,"יוגורט כבשים טבעי 2.8% בגביע חלב הארץ 150מ""ל",מחלבות סוסיא,IL,יוגורט כבשים בסגנון,מיליליטרים,150.00,"100 מ""ל",false,,6.90,0.0460,true,1,24870
7290012645297,false,סוסיא יוגורט עיזים ביו 2.8% ט.טבעי 150מל,מחלבות סוסיא,IL,סוסיא יוגורט עיזים ב,מיליליטרים,150.00,"100 מ""ל",false,,5.90,0.0393,true,1,24871
7290012645389,false,יוגורט עיזים טבעי חלב הארץ 1 ל',מחלבות סוסיא,IL,חלב הארץ יוגורט ביו,ליטר,1.00,ליטר,false,,23.90,23.9000,true,1,24874
7290012803055,false,סוכרלוז מרמולייט- 100שקיות אישיות,תות ממתקי איכות,IL,מרמולייט סוכרלוז 100,גרמים,100.00,100 גרם,false,,21.90,0.2190,true,1,6591
7290012803215,false,וופל בלגי בטעם שוקולד ללא תוספת סוכר,בטר אנד דיפרנט,IL,טוסו וופל בלגי שוקול,גרמים,200.00,100 גרם,false,,11.50,0.0575,true,1,6595
7290012803222,false,וופל בלגי בטעם לימון ללא תוספת סוכר,בטר אנד דיפרנט,IL,טוסו וופל בלגי לימון,גרמים,200.00,100 גרם,false,,11.50,0.0575,true,1,6596
7290012803321,false,מרמולייט סוכרלוז 200 שקיות אישיות,מרמולייט,IL,מרמולייט סוכרלוז 200,גרמים,200.00,100 גרם,false,,44.90,0.2245,true,1,6598
7290012803451,false,שוקולד מריר מעולה 62% ללא תוספת סוכר,טוסו tusso,TR,טוסו שוקלד מריר 62%,גרמים,100.00,100 גרם,false,,12.50,0.1250,true,1,6602
7290012803765,false,טבלאת שוקולד מריר 100 גרם -טוסו,אלטינמארקה גידה סאן,TR,טוסו שוקלד מריר 100ג,גרמים,100.00,100 גרם,false,,12.50,0.1250,true,1,6615
7290012803772,false,שוקולד חלב ללא תוספת סוכר,אלטינמארקה גידה סאן,TR,טוסו שוקלד חלב 100ג,גרמים,100.00,100 גרם,false,,12.50,0.1250,true,1,6616
7290012803789,false,שוקולד מריר עם אגוזים ללא תוספת סוכר,האי נאם סי או אל.טי.,TR,טוסו שוקלד מריר ואגו,גרמים,100.00,100 גרם,false,,12.50,0.1250,true,1,6617
7290012823237,false,"תחליב רחצה קרמה בריזת ים 700 מ""ל",קוסמופארם,IL,קרמה תחליב רחצה בריז,מיליליטרים,700.00,"100 מ""ל",false,,17.90,0.0256,true,1,240305
7290012823343,false,70מש.שיניים אורביטול לילדים סוכריות גלי,טרופיקל דגיל,IL,מ.שיניים אורביטול קי,מיליליטרים,70.00,"100 מ""ל",false,,8.90,0.1271,true,1,221697
7290012823374,false,מטליות לניקוי כללי אנטי קאלק,מיוצר עי קונדיטוריית,IL,מגבוני אנטי קאלק 50י,אין,0.00,יחידה,false,,12.90,0.0000,true,1,32613
7290012823381,false,מרכך כביסה מקסימה סנסיטיב מרוכז ורוד 1 ל' סנו,"סנו מפעלי ברונוס בע""",IL,סנו מקסימה סנסטיב מר,אין,0.00,יחידה,false,,19.90,0.0000,true,1,32614
7290012823398,false,מטליות חד פעמיות לניקוי הרצפה בניחוח מרכך כביסה 10יח' סנו,סנו מפעלי ברונו בעמ,IL,ריצפז מטליות לחות בנ,אין,0.00,יחידה,false,,12.90,0.0000,true,1,89507
7290012823558,false,סנו סושי מטליות לחות לריצפה ענק 10 יח,סנו מפעלי ברונוס בעמ,IL,סנו סושי מטליות ענק,אין,0.00,יחידה,false,,12.90,0.0000,true,1,32619
7290012823565,false,מטליות ענק לחות 10 יח לרצפה עם כריות הגנ,דינאמיק תעשיות,IL,פוליויקס פרקט מטליות,אין,0.00,יחידה,false,,16.90,0.0000,true,1,32620
7290012823947,false,"סנו - מרכך כביסה מרוכז פרפיום קריסטל נואר 750 מ""ל",מיוצר עי קונדיטוריית,IL,סנו מקסימה מרכך פרפי,מיליליטרים,750.00,"100 מ""ל",false,,19.90,0.0265,true,1,32639
7290012838026,false,עוגיות מלוחות עדי 35,,,עוגיות מלוחות עדי 35,גרמים,350.00,100 גרם,false,,16.90,0.0483,true,1,403725
7290012884986,false,תפוגן ציפס לתנור עד 4% שומן 1.5 קג,"תעשיות תפוגן בע""מ",IL,תפוגן ציפס לתנור עד,אלף,1.50,"ק""ג",false,,30.90,20.6000,true,1,22158
7290012901355,false,דודלס ארוחת אטריות עם גבינה 206 גרם,האי נאם סי או אל.טי.,US,דודלס ארוחת איטריות,גרמים,206.00,100 גרם,false,,11.90,0.0578,true,1,69713
7290012901973,false,שעועית אדומה גאלה 400 גרם,,IT,שעועית אדומה 400 גרם,גרמים,400.00,100 גרם,false,,10.90,0.0273,true,1,314324
7290012931055,false,מגב חלון פלסטיק 24 ס,,,מגב חלון פלסטיק ( 24,אין,0.00,יחידה,false,,7.90,0.0000,true,1,199630
7290012931062,false,אטבי הדור החדש SOFT BITE,מ.א ייצור ושיווק מטל,CN,אטבי הדור החדש 10יח,אין,0.00,יחידה,false,,7.90,0.0000,true,1,141022
7290012931116,false,מגב חד להב סיליקון,מ.א. ייצור ויבוא מטליות,,"מגב חד להב 40 ס""מ SH",אין,0.00,יחידה,false,,23.90,0.0000,true,1,14547
7290012936937,false,תבלינים בהרט בצנצנת 40 גרם,א.ל ייצור ושיווק תבל,IL,מימון בהרט 40 גרם,גרמים,50.00,100 גרם,false,,12.90,0.2580,true,1,270
7290012936944,false,תבלינים אגוז מוסקט טחון 40 גרם,,,מימון אגוז מוסקט טחו,גרמים,40.00,100 גרם,false,,15.20,0.3800,true,1,271
7290012938580,false,"סנסודיין משחת שיניים להלבנה עדינה 75 מ""ל",גלקסוסמית'קליין קונס,GB,משחת שיניים הלבנה עד,מיליליטרים,75.00,"100 מ""ל",false,,22.70,0.3027,true,1,4505
7290012938597,false,"סנסודיין משחת שיניים רפיד רליף 75 מ""ל","סמיתקליין ביצ'ם בע""מ",SK,משחת שיניים רפיד רלי,מיליליטרים,75.00,"100 מ""ל",false,,25.90,0.3453,true,1,4506
7290012962912,false,כפפות ניטריל סייף טא,,,כפפות ניטריל סייף טא,אין,0.00,יחידה,false,,29.90,0.0000,true,1,413336
7290012962929,false,כפפות ניטריל סייף טא,,,כפפות ניטריל סייף טא,אין,0.00,יחידה,false,,29.90,0.0000,true,1,413337
7290012962936,false,כפפות ניטריל סייף טא,,,כפפות ניטריל סייף טא,אין,0.00,יחידה,false,,29.90,0.0000,true,1,413338
7290012962943,false,כפפות ניטריל סייף טא,,,כפפות ניטריל סייף טא,אין,0.00,יחידה,false,,29.90,0.0000,true,1,413580
7290012983153,false,סילאן טבעי בקבוק לחיץ תמר כנרת 400 גר,מנדלז סי.אר. פרודקשן,IL,"סילאן טבעי 400 ג""ר",גרמים,400.00,100 גרם,false,,16.90,0.0422,true,1,250770
7290013027399,false,לחם קמח מלא קל בתוספת שיפון 750 ג' אנג'ל,מאפיית שלמה א. אנג'ל,IL,לחם 100 בתוספת שיפון,גרמים,750.00,100 גרם,false,,15.90,0.0212,true,1,69463
7290013083678,false,תרכובת מזון המשך לפעוטות שלב 2 Extra Care,מולינו ניקולי s.p.a,IL,מטרנה אקסטרה קר שלב,גרמים,700.00,100 גרם,false,,61.90,0.0884,true,1,21381
7290013083685,false,תרכובת מזון המשך לפעוטות שלב 3 Extra Care,מטרנה תעשיות ש.מ,IL,מטרנה אקסטרה קר שלב,גרמים,700.00,100 גרם,false,,61.90,0.0884,true,1,21382
7290013117212,false,בורקס פילו במילוי גבינה מעדנות 600 גר,מיוצר עי קונדיטוריית,IL,בורקס פילו גבינה מעד,גרמים,600.00,100 גרם,false,,22.90,0.0382,true,1,39018
7290013117243,false,בורקס פילו בולגרית מעדנות 600 ג',מיוצר עי קונדיטוריית,IL,בורקס פילו בולגרית מ,גרמים,600.00,100 גרם,false,,22.90,0.0382,true,1,39021
7290013117410,false,בצק פריך מרודד למאפים מתוקים 900 ג' מעדנות,מיוצר עי קונדיטוריית,IL,מעדנות בצק פריך מרוד,גרמים,900.00,100 גרם,false,,26.90,0.0299,true,1,39024
7290013117427,false,בצק פריך מרודד למאפים מלוחים 900 ג' מעדנות,מיוצר עי קונדיטוריית,IL,מעדנות בצק פריך מרוד,גרמים,900.00,100 גרם,false,,26.90,0.0299,true,1,39025
7290013121028,false,לחם לבן ללא גלוטן 500 גר קפוא,אביב קונדיטוריה מעול,IL,לחם לבן ללא גלוטן גר,גרמים,500.00,100 גרם,false,,19.90,0.0398,true,1,34278
7290013121127,false,לחמניות מיני ללא גלוטן 420 גר קפוא,אביב קונדיטוריה מעול,IL,לחמניות מיני ללא גלו,גרמים,480.00,100 גרם,false,,19.90,0.0415,true,1,34281
7290013121158,false,רביעיית לחמניות סנדויץ 460 גר קפוא,אביב קונדיטוריה מעול,IL,רביעיית לחמניות סנדב,גרמים,460.00,100 גרם,false,,19.90,0.0433,true,1,34283
7290013144140,false,תערובת להכנת סופגניות מימונס 600 ג',מיוצר עי קונדיטוריית,IL,מימונס תערובת לסופגנ,גרמים,600.00,100 גרם,false,,17.90,0.0298,true,1,67784
7290013144157,false,סחלב מיימונס 130 גרם,מיוצר עי קונדיטוריית,IL,מימונס סחלב 130 גרם,גרמים,130.00,100 גרם,false,,10.90,0.0838,true,1,16250
7290013144195,false,תערובת כדורי שוקולד מימונס 500 ג',מיוצר עי קונדיטוריית,IL,תערובת כדורי שוקולד,גרמים,500.00,100 גרם,false,,17.50,0.0350,true,1,16254
7290013144232,false,פודינג בטעם וניל מימונס 80 ג',מיוצר עי קונדיטוריית,IL,פודינג וניל מימונס 8,גרמים,80.00,100 גרם,false,,5.90,0.0738,true,1,16258
7290013144249,false,פודינג שוקולד מימונס 95 ג',א.ל ייצור ושיווק תבל,IL,פודינג שוקולד 95 גרם,גרמים,95.00,100 גרם,false,,5.90,0.0621,true,1,16259
7290013144270,false,קרם פטיסייר מימונס 100 ג',מיוצר עי קונדיטוריית,IL,קרם פטיסייר 100 גרם,גרמים,100.00,100 גרם,false,,10.90,0.1090,true,1,16261
7290013144317,false,גלילית וופל למילוי מימונס 18 יח',הגביע מוצרי וופלים ב,IL,ג`וני - גלילית וופל,גרמים,400.00,100 גרם,false,,23.90,0.0597,true,1,16263
7290013144393,false,"תמצית בטעם וניל מימונס 50 מ""ל",מיוצר עי קונדיטוריית,IL,תמצית בטעם וניל 50גר,גרמים,50.00,100 גרם,false,,4.90,0.0980,true,1,16269
7290013144409,false,"תמצית בטעם רום מימונס 50 מ""ל",מיוצר עי קונדיטוריית,IL,תמצית בטעם רום 50גר,מיליליטרים,50.00,"100 מ""ל",false,,4.90,0.0980,true,1,16270
7290013144539,false,צבע מאכל אדום מימונס 50 ג',מיוצר עי קונדיטוריית,IL,צבע מאכל אדום 50גר,גרמים,50.00,100 גרם,false,,5.20,0.1040,true,1,16276
7290013144560,false,צבע מאכל כחול מימונס 50 ג',מיוצר עי קונדיטוריית,IL,צבע מאכל כחול 50גר,גרמים,50.00,100 גרם,false,,5.20,0.1040,true,1,16278
7290013144614,false,"סירופ מייפל אמיתי 100% מימונס 236 מ""ל",הנסיך- מפעל לייצור ט,CA,סירופ מייפל אמיתי 10,מיליליטרים,236.00,"100 מ""ל",false,,43.80,0.1856,true,1,16279
7290013144768,false,סירופ בטעם שוקולד מימונס 500ג',מימונס אפיה,IL,מימונס סירופ בטעם שו,מיליליטרים,500.00,"100 מ""ל",false,,14.90,0.0298,true,1,16281
7290013144911,false,מימונס מיקס שוקולד צ'יפס מריר וחלב 250 גרם,,IL,מיקס שוקולד צ'יפס מר,גרמים,250.00,100 גרם,false,,15.90,0.0636,true,1,487304
7290013144980,false,תרסיס שמן קנולה מימונס 170 גרם,מולינו ניקולי s.p.a,FI,תרסיס שמן קונולה מימ,גרמים,170.00,100 גרם,false,,16.90,0.0994,true,1,16284
7290013145031,false,אגוזי לוז מסוכרים מימונס 100 ג',מיוצר עי קונדיטוריית,IL,מימונס ברס אגוזי לוז,גרמים,100.00,100 גרם,false,,13.90,0.1390,true,1,16288
7290013145062,false,"סירופ מייפל אמיתי 100% מימונס 187 מ""ל",,,סירופ מייפל אמיתי %1,מיליליטרים,187.00,"100 מ""ל",false,,30.90,0.1652,true,1,64186
7290013145093,false,שקד מולבן גרוס מימונס 100 ג',מימונס אפיה,IL,מימונס שקד מולבן גרו,גרמים,100.00,100 גרם,false,,13.90,0.1390,true,1,16292
7290013145116,false,שקד מולבן מקלות מימונס 100 גר',מימונס אפיה,IL,מימונס שקד מולבן מקל,גרמים,100.00,100 גרם,false,,13.90,0.1390,true,1,16294
7290013145123,false,שקד מולבן פרוס מימונס 100 גר',מימונס אפיה,IL,מימונס שקד מולבן פרו,גרמים,100.00,100 גרם,false,,13.90,0.1390,true,1,16295
7290013145130,false,שקד מולבן חצוי מימונס 100 גר',מימונס אפיה,IL,מימונס שקד מולבן חצו,גרמים,100.00,100 גרם,false,,13.90,0.1390,true,1,16296
7290013145161,false,פקאן מסוכר מימונס 100 ג',מימונס אפיה,IL,מימונס פקאן מסוכר 10,גרמים,100.00,100 גרם,false,,18.90,0.1890,true,1,16298
7290013145178,false,קוקוס טחון לבן מימונס 100 ג',מימונס אפיה,IL,קוקוס טחון לבן 100 ג,גרמים,100.00,100 גרם,false,,5.90,0.0590,true,1,16299
7290013145192,false,שומשום מימונס 100 ג',מימונס אפיה,IL,שומשום 100גר,גרמים,100.00,100 גרם,false,,6.90,0.0690,true,1,16300
7290013145215,false,שומשום מימונס 400 גרם,מיוצר עי קונדיטוריית,IL,שומשום 400גר,גרמים,400.00,100 גרם,false,,16.90,0.0422,true,1,16301
7290013145390,false,מימונס שוקולד צ'יפס מהדרין 250 גר,אינטרגטה תעשיות מזון,IL,מימונס שוקולד ציפס מ,גרמים,250.00,100 גרם,false,,9.90,0.0396,true,1,16304
7290013145406,false,שוקולד צ'יפס לבן מימונס 250 גר',אינטרגטה תעשיות מזון,IL,מימונס שוקולד ציפס ל,גרמים,250.00,100 גרם,false,,10.90,0.0436,true,1,16305
7290013145437,false,שוקולד מריר מעולה ציפס מימונס 250 ג',הנסיך- מפעל לייצור ט,IL,מימונס שוקולד ציפס 4,גרמים,250.00,100 גרם,false,,15.50,0.0620,true,1,16307
7290013145444,false,שוקולד מריר מעולה ציפס 66% מימונס 250 ג',המאפיה של הרמן,IL,מימונס שוקולד ציפס 6,גרמים,250.00,100 גרם,false,,16.90,0.0676,true,1,16308
7290013145451,false,אבקת קקאו מימונס 150 ג',מיוצר עי קונדיטוריית,IL,מימונס קקאו 150 גר,גרמים,150.00,100 גרם,false,,9.90,0.0660,true,1,16309
7290013145536,false,סוכריות בטעם שוקולד לקישוט מימונס 85 ג',,,סוכריות בטעם שוקולד,גרמים,90.00,100 גרם,false,,6.90,0.0767,true,1,16312
7290013145574,false,ערכה לקישוט מימונס 100 ג',א.ל ייצור ושיווק תבל,IL,ערכה לקישוט 100 גרם.,גרמים,100.00,100 גרם,false,,11.90,0.1190,true,1,16314
7290013145628,false,סוכריות צבעוניות לקישוט מימונס 200 ג',א.ל ייצור ושיווק תבל,IL,סוכריות צבעוניות לקי,גרמים,200.00,100 גרם,false,,9.90,0.0495,true,1,16316
7290013145826,false,פודניג בטעם וניל לבן במיוחד מימונס 80 ג',א.ל ייצור ושיווק תבל,IL,מימונס פודינג בטעם ו,גרמים,80.00,100 גרם,false,,5.90,0.0738,true,1,16329
7290013145840,false,סוכר וניל מימונס 10* 10 ג',מיוצר עי קונדיטוריית,IL,מימונס סוכר וניל 10*,גרמים,100.00,100 גרם,false,,3.50,0.0350,true,1,16331
7290013145857,false,אבקת אפייה 10 יח' בצלופן,מימונס אפיה,IL,אבקת אפיה 10* 10 גרם,גרמים,100.00,100 גרם,false,,3.50,0.0350,true,1,16332
7290013145901,false,סודה לשתיה מימונס 100 ג',מימונס אפיה,IL,סודה לשתיה 100 גרם,גרמים,100.00,100 גרם,false,,2.90,0.0290,true,1,16335
7290013145963,false,שמרים יבשים בוואקום מימונוס 125 ג',מימונס אפיה,CN,מימונס שמרים יבשים ב,גרמים,125.00,100 גרם,false,,5.90,0.0472,true,1,16340
7290013145970,false,קורנפלור מימונס בשקית 200 ג',א.ל ייצור ושיווק תבל,IL,מימונס קורנפלור 200,גרמים,200.00,100 גרם,false,,4.90,0.0245,true,1,16341
7290013146199,false,מלית קרם נוגט 350 גרם מימונס,הנסיך- מפעל לייצור ט,IL,מימונס קרם נוגט 350,גרמים,400.00,100 גרם,false,,16.90,0.0422,true,1,16349
7290013146243,false,פודינג בטעם וניל מימונס 320 גרם,,IL,פודינג בטעם וניל 320,גרמים,320.00,100 גרם,false,,18.90,0.0591,true,1,457828
7290013146304,false,קורנפלור 500 גרם מימונס.,,,מימונס קורנפלור 500,גרמים,500.00,100 גרם,false,,7.90,0.0158,true,1,95518
7290013146403,false,סירופ בטעם קרמל מלוח מימונס 500 גרם,TLV צ'יף,IL,סירופ בטעם קרמל מלוח,גרמים,500.00,100 גרם,false,,17.90,0.0358,true,1,206923
7290013146489,false,קונוסים מבצק עלים מימונס 120 ג',,,קונוסים מבצק עלים 12,גרמים,120.00,100 גרם,false,,15.90,0.1325,true,1,300490
7290013146656,false,כוכבים תכלת ירוק לבן לקישוט 60 גרם,"מימונס אפיה בע""מ",IL,כוכבים צבעוניים לקיש,אין,0.00,יחידה,false,,12.90,0.0000,true,1,221549
7290013146663,false,סוכריות קונפטי לקישוט מימונס 55 ג',"מימונס אפיה בע""מ",IL,קונפטי לקישוט צבעוני,גרמים,55.00,100 גרם,false,,12.90,0.2345,true,1,221550
7290013146762,false,מימונס קצפת 24% 200 גרם,,IL,קצפת לזילוף 24% שומן,גרמים,500.00,100 גרם,false,,7.90,0.0158,true,1,343817
7290013153418,false,פריגת סחוט לימונענע 1ל',פריגת מצוננים,IL,פריגת מצונן סחוט לימ,אין,0.00,יחידה,false,,15.90,0.0000,true,1,7259
7290013153432,false,"פריגת סחוט לימונענע 400 מ""ל",היינץ צפון אמריקה מק,IL,פריגת סחוט לימונענע,מיליליטרים,400.00,"100 מ""ל",false,,9.90,0.0248,true,1,7261
7290013153593,false,מיץ תפוזים מתקתק 1 ליטר,"גת גבעת חיים,",IL,פריגת סחוט תפוזים מת,ליטר,1.00,ליטר,false,,11.90,11.9000,true,1,80870
7290013156006,false,עוגיות כעכים לקפה מרוקאיות 200גר,,,עוגיות מרוקאיות גיק,גרמים,350.00,100 גרם,false,,18.90,0.0540,true,1,386646
7290013156822,false,עוגיות רייף גיקובס 3,,,עוגיות רייף גיקובס 3,גרמים,350.00,100 גרם,false,,18.90,0.0540,true,1,386647
7290013156846,false,עוגיות מלוחות גיקובס,,,עוגיות מלוחות גיקובס,גרמים,350.00,100 גרם,false,,18.90,0.0540,true,1,386630
7290013156921,false,עצבעות מתוקות ללא תו,,,"עוגיות מרוקאיות לל""",גרמים,350.00,100 גרם,false,,18.90,0.0540,true,1,386649
7290013203182,false,שרי מנומר -ליקופן,,,שרי מנומר -ליקופן,גרמים,200.00,100 גרם,false,,9.90,0.0495,true,1,55894
7290013268020,false,סנו - מקסימה מרכך כביסה מרוכז אולטרה פרש 1 ליטר,"סנו מפעלי ברונוס בע""",IL,סנו מקסימה אולטרא פר,אין,0.00,יחידה,false,,19.90,0.0000,true,1,32641
7290013268037,false,סנו מקסימה מרכך כביסה פצ''ולי מרוכז סגול 1 ל',סנו מקסימה,IL,סנו מקסימה פצ'ולי מר,אין,0.00,יחידה,false,,19.90,0.0000,true,1,32642
7290013268884,false,סנו ריצפז פרש 2 ליטר מאסק,מיוצר עי קונדיטוריית,IL,ריצפז פרש מאסק 2 ליט,ליטר,2.00,ליטר,false,,19.90,9.9500,true,1,32677
7290013268891,false,מסיר כתמים ג'ל אוקסיג'ן ללא אקונומיקה,"סנו מפעלי ברונוס בע""",IL,סנו אוקסיג'ן 3 ליטר,ליטר,3.00,ליטר,false,,31.90,10.6333,true,1,32678
7290013268938,false,סנובון סבון אסלה בניחוח מאסק - מארז 3 יח',סנו,IL,סנובון שלישיה מאסק 3,גרמים,195.00,100 גרם,false,,12.90,0.0662,true,1,32681
7290013268983,false,מרכך כביסה סופר מרוכז בבישום עוצמתי סנו מקסימה 1 ל',"סנו מפעלי ברונוס בע""",IL,מקסימה מרכך כביסה בב,אין,0.00,יחידה,false,,19.90,0.0000,true,1,309207
7290013268990,false,סנו - מקסימה מרכך כביסה מרוכז ביו 1 ליטר,"סנו מפעלי ברונוס בע""",IL,סנו מקסימה מרכך מרוכ,אין,0.00,יחידה,false,,19.90,0.0000,true,1,32682
7290013269003,false,מרכך כביסה סופר מרוכז בייבי לתינוקות ולעור רגיש,"סנו מפעלי ברונוס בע""",IL,סנו מקסימה קר בייבי,ליטר,1.00,ליטר,false,,20.90,20.9000,true,1,32683
7290013269263,false,ג'ל כביסה מרוכז מקסימה בבישום קריסטל נואר,סנו מפעלי ברונוס בעמ,IL,מקסימה גל כביסה קריס,ליטר,3.00,ליטר,false,,35.90,11.9667,true,1,32692
7290013269300,false,ניילון נצמד + לשימוש במיקרוגל,"מיוצר בהונג קונג, סי",CN,סנו סושי פלסטיק נצמד,מטרים,150.00,מטר,false,,24.90,0.1660,true,1,32694
7290013269621,false,ריצפז פרש לניקוי רצפות בניחוח מלון בוטיק,מיוצר עי קונדיטוריית,IL,ריצפז פרש הום בניחוח,ליטר,2.00,ליטר,false,,22.90,11.4500,true,1,132831
7290013269645,false,מטליות לחות לניקוי הרצפה בניחוח מאסק ריצפז פרש,סנו מפעלי ברונוס בעמ,IL,ריצפז פרש מטליות לחו,אין,0.00,יחידה,false,,12.90,0.0000,true,1,32701
7290013269652,false,פולייויקס גרניט פורצלן בניתוח מאסק 2 ל',סנו פוליויקס,IL,פוליויקס גרניט פורצל,ליטר,2.00,ליטר,false,,22.90,11.4500,true,1,32702
7290013269751,false,מטליות לחותריצפז פרש לניקוי ריצפה בניחות מלון בוטיק 10 יח' סנו,טרופיקל דגיל תעשיות,IL,ריצפז מטליות לחות לנ,אין,0.00,יחידה,false,,12.90,0.0000,true,1,135064
7290013269850,false,סנו - סושי נייר אפייה אקולוגי 50 יח',מולינו ניקולי s.p.a,IL,סנו סושי נייר אפיה א,אין,0.00,יחידה,false,,17.90,0.0000,true,1,32710
7290013276117,false,"בירה נגב אואזיס 330 מ""ל",בירה מלכה,IL,בירה נגב אואזיס חדש,מיליליטרים,330.00,"100 מ""ל",false,,14.90,0.0452,true,1,117052
7290013276124,false,"בירה נגב אמבר אייל 330 מ""ל","איי, בי, אינבוו",IL,בירה נגב אמבר אייל ח,מיליליטרים,330.00,"100 מ""ל",false,,14.90,0.0452,true,1,117053
7290013284310,false,רוטב פסטה לילדים 240 גרם פריניר,פריניר ( הדס 1987) ב,IL,רוטב לפסטה לילדים פר,גרמים,240.00,100 גרם,false,,5.90,0.0246,true,1,18754
7290013284662,false,רוטב פיצה פיתה לילדים 240 ג' פריניר,פריניר ( הדס 1987) ב,IL,רוטב פיצה פיתה פריני,גרמים,240.00,100 גרם,false,,5.90,0.0246,true,1,18762
7290013358356,false,מאסטר שף - פירורי לחם מוזהבים 320 גרם,מנה י.א בעמ,IL,מאסטר שף פירורי לחם,גרמים,350.00,100 גרם,false,,9.90,0.0283,true,1,23508
7290013358363,false,פירורי לחם פנקו מזוהבים מאסטר שף מנה 300 ג',קריניציה ויטמינה אס,IL,מאסטר שף פירורי לחם,גרמים,300.00,100 גרם,false,,10.50,0.0350,true,1,23509
7290013358370,false,פירורי לחם פנקו מוזהבים שום 300 גרם מנה,"מיוצר ע""י מנה י.א בע",IL,מאסטר שף פירורי לחם,גרמים,300.00,100 גרם,false,,10.50,0.0350,true,1,68545
7290013358417,false,מנה אסייאתי רוטב טריאקי 300 מל מאסטר שף,קריניציה ויטמינה אס,TH,מאסטר שף אסייאתי רוט,מיליליטרים,300.00,"100 מ""ל",false,,15.90,0.0530,true,1,23513
7290013358448,false,"קרוטונים לסלט אקסטרה ארוכים בתיבול שום, בצל ופטרוזיליה",עינת תעשיות מזון אגו,IL,מנה קרוטונים לסלט 4,גרמים,200.00,100 גרם,false,,13.90,0.0695,true,1,118132
7290013358493,false,מנה אסייאתי קרם קוקוס פחית 400 מל מ.שף,תאי קוקונט פבליק קומ,TH,מאסטר שף אסייאתי קרם,מיליליטרים,400.00,"100 מ""ל",false,,9.90,0.0248,true,1,23519
7290013358530,false,מאסטר שף אסייאתי רוטב צ'ילי מתוק 700 מל,קריניציה ויטמינה אס,TH,מאסטר שף רוטב צ'ילי,מיליליטרים,700.00,"100 מ""ל",false,,15.90,0.0227,true,1,23523
7290013358547,false,מאסטר שף אסייאתי רוטב צ'ילי חריף 700 מל,קי.אר.אס. ספייסי פוד,TH,מאסטר שף רוטב צ'ילי,מיליליטרים,700.00,"100 מ""ל",false,,15.90,0.0227,true,1,23524
7290013389077,false,"עלי טורטיה מקמח חיטה 25ס""מ 8יח' תומר 420 ג'",,IL,6 טורטיות חיטה תומר,גרמים,425.00,100 גרם,false,,8.90,0.0209,true,1,68820
7290013424921,false,קיווי פרוסות קפוא פי,בינזו לונגשינטיאנרן,PL,קיווי פרוס קפוא 500,גרמים,500.00,100 גרם,false,,13.90,0.0278,true,1,292473
7290013424952,false,אננס קפוא 500 ג' פילד גוד,סאפו דקלאק טריידינג,PL,אננס חתוך קפוא 500 ג,גרמים,500.00,100 גרם,false,,13.90,0.0278,true,1,292474
7290013430083,false,"בירה אלכסנדר בלונד בקבוק 330 מ""ל",מנדלז סי.אר. פרודקשן,IL,אלכסנדר בלונד בירה 3,מיליליטרים,330.00,"100 מ""ל",false,,13.20,0.0400,true,1,117465
7290013430304,false,בירה אלכסנדר גרין GREEN בירה ישראלית,מנדלז סי.אר. פרודקשן,IL,אלכסנדר גרין בירה 33,מיליליטרים,330.00,"100 מ""ל",false,,13.20,0.0400,true,1,281981
7290013472199,false,ערמונים קלופים וקלויים 105 גרם,בייג'גג פוינונג,CN,וילי פוד ערמונים 100,גרמים,100.00,100 גרם,false,,6.90,0.0690,true,1,74676
7290013531117,false,רוטב פסטה לילדים 240 גרם יכין,"זנלכל בע""מ",IL,רוטב לפסטה לילדים יכ,גרמים,260.00,100 גרם,false,,6.50,0.0250,true,1,9467
7290013531346,false,סירופ דיאט לימונענע יכין 1 ליטר,יכין,IL,סירופ דיאט לימונענע,ליטר,1.00,ליטר,false,,17.90,17.9000,true,1,9469
7290013531582,false,מארז זיתים ירוקים מגולענים יכין 200 גרם,קרלו,IL,זיתים חרוזית מגולעני,גרמים,600.00,100 גרם,false,,11.90,0.0198,true,1,9477
7290013531759,false,שעועית אפויה במים 550 ג' יכין,"זנלכל בע""מ",IL,שעועית אפויה במים יכ,גרמים,550.00,100 גרם,false,,10.90,0.0198,true,1,9485
7290013558800,false,עלי תרד 250 גרם,ל. פלמינגו ישראל,IL,עלי תרד,גרמים,500.00,100 גרם,false,,12.90,0.0258,true,1,52697
7290013558824,false,תבלין רוקולה /בזיליקום 100 גר,ל. פלמינגו ישראל,IL,תבלין טרי,גרמים,100.00,100 גרם,false,,8.90,0.0890,true,1,55904
7290013585233,false,"ספרייט זירו פחית סליק 330 מ""ל",קוקה קולה ישראל,IL,פחית סליק 330 מל ZER,מיליליטרים,330.00,"100 מ""ל",false,,5.50,0.0167,true,1,7846
7290013585257,false,ספרייט זירו בקבוק 500מל,החברה המרכזית לייצור,IL,ZERO ספרייט 0.5 ל,מיליליטרים,500.00,"100 מ""ל",false,,7.50,0.0150,true,1,7848
7290013585387,false,קוקה קולה זירו בקבוק,החברה המרכזית לייצור,IL,קולה זירו 1 ליטר,ליטר,1.00,ליטר,false,,7.90,7.9000,true,1,7857
7290013585394,false,קוקה-קולה 1 ליטר,החברה המרכזית לייצור,IL,קוקה קולה 1 ליטר,ליטר,1.00,ליטר,false,,7.90,7.9000,true,1,7858
7290013608260,false,פרימור מיץ רימונים 100% סחוט טרי 1ל',"גניר (1992) בע""מ",IL,פרימור מיץ רימונים ס,אין,0.00,יחידה,false,,22.90,0.0000,true,1,24878
7290013608864,false,פרימור משקה פירות הדר 1 ליטר בתוספת ויטמין C,"גניר (1992) בע""מ",IL,פרימור משקה פירות הד,ליטר,1.00,ליטר,false,,15.90,15.9000,true,1,240207
7290013652171,false,"ד""ר פישר - נטורל קר מגבונים להסרת איפור לעור שמן מעורב 30 יח' * 3","ד""ר פישר Dr fischer",IL,נטורל קר מגב.הסרת אי,אין,0.00,יחידה,false,,26.90,0.0000,true,1,31431
7290013677082,false,שעועית אדומה בוואקום מיה 500 גר',מיה תעשיות מזון בעמ,IL,שעועית אדומה בואקום,גרמים,500.00,100 גרם,false,,11.00,0.0220,true,1,15882
7290013677679,false,סודה לשתייה 80גרם שקית,מיה תעשיות מזון בעמ,IL,סודה לשתיה בשקית 80,גרמים,80.00,100 גרם,false,,4.90,0.0613,true,1,15920
7290013677839,false,"בורגול יבש מיה 1 ק""ג","מיה תעשיות מזון בע""מ",IL,בורגול 1 ק'ג,אלף,1.00,"ק""ג",false,,10.40,10.4000,true,1,15932
7290013702036,false,"שוופס וואטר אפרסק 500מ""ל",יפאורה תבורי בעמ,IL,שוופס אפרסק ווטר 0.5,מיליליטרים,500.00,"100 מ""ל",false,,5.90,0.0118,true,1,12362
7290013702388,false,"שוופס וואטר תפוח 500מ""ל",יפאורה תבורי בעמ,IL,שוופס תפוח ווטר 0.5,מיליליטרים,500.00,"100 מ""ל",false,,5.90,0.0118,true,1,12371
7290013724939,false,חמוציות בשוקולד מריר 140 גר שקדיה,"דין שיווק וקלייה בע""",IL,שקדיה חמוציות בשוק.מ,גרמים,140.00,100 גרם,false,,11.90,0.0850,true,1,5336
7290013724991,false,אגוזי לוז בשוקולד חלב 140 גר שקדיה,דין שיווק,IL,אגוזי לוז בציפוי שוק,גרמים,140.00,100 גרם,false,,11.90,0.0850,true,1,5342
7290013725837,false,חטיף שומשום בשוקולד חלב 160גר,שקדיה,,שומשום בציפוי שוקולד,גרמים,140.00,100 גרם,false,,10.90,0.0779,true,1,5346
7290013787392,false,רביולי גבינות קלאסי 330 גרם ריקו בית יוסף,יוניליוור גרמניה Gm,IL,רביולי גבינות קלאסי,גרמים,330.00,100 גרם,false,,28.90,0.0876,true,1,243758
7290013787408,false,רביולי בטטה 330 גרם ריקו בית יוסף,יוניליוור גרמניה Gm,IL,רביולי בטטה ריקו 330,גרמים,330.00,100 גרם,false,,28.90,0.0876,true,1,243759
7290013793102,false,ערכת נוזלי עטרת מלכו,,,ערכת נוזלי עטרת מלכו,אין,0.00,יחידה,false,,70.90,0.0000,true,1,108041
7290013793126,false,ערכת מוצק אור והדר,,,ערכת מוצק אור והדר,אין,0.00,יחידה,false,,60.90,0.0000,true,1,108043
7290013847867,false,מארז זוג טונה בשמן סויה 140 ג' סטארקיסט,טונה ויטנאם קו. אל.ט,IL,נתחי טונה בהירה בשמן,גרמים,140.00,100 גרם,false,,12.90,0.0921,true,1,491276
7290013848017,false,תרסיס ניקוי והברקת נירוסטה,"סנו מפעלי ברונוס בע""",IL,ניקוי והברקה נירוסטה,מיליליטרים,500.00,"100 מ""ל",false,,21.90,0.0438,true,1,127120
7290013848345,false,מארז מטליות לחיטוי וניקוי יסודי אנטיבקטריאלי 99.9%,סנו מפעלי ברונוס בעמ,IL,מטליות לחות לחיטוי י,אין,0.00,יחידה,false,,24.90,0.0000,true,1,137797
7290013848383,false,ג'ל רחצה לגבר 12 שעות של הגנה Active block,טרופיקל דגיל תעשיות,IL,ג'ל רחצה אנטי בלוק ק,מיליליטרים,700.00,"100 מ""ל",false,,19.90,0.0284,true,1,32720
7290013906052,false,נקניקיות פרגיות טירת צבי 300 גר',הנסיך- מפעל לייצור ט,IL,טירת צבי נקניקיות פר,גרמים,300.00,100 גרם,false,,12.90,0.0430,true,1,26760
7290013906205,false,פסטרמה עם שום וצילי טירת צבי 400 ג',הנסיך- מפעל לייצור ט,IL,טירת צבי פסטרמה שום,גרמים,400.00,100 גרם,false,,29.90,0.0747,true,1,26761
7290013906212,false,"נקנקיות וינר טירת 1 ק""ג טירת צבי",הנסיך- מפעל לייצור ט,IL,טירת צבי נקניקיות וי,אלף,1.00,"ק""ג",false,,30.90,30.9000,true,1,26762
7290013906441,false,קבנוס טירת צבי 120 גר,הנסיך- מפעל לייצור ט,IL,טירת צבי קבנוס 120 ג,גרמים,120.00,100 גרם,false,,10.90,0.0908,true,1,26775
7290013906458,false,קבנוס בטעם פיקנטי טירת צבי 120 גר,הנסיך- מפעל לייצור ט,IL,טירת צבי קבנוס פיקנט,גרמים,120.00,100 גרם,false,,9.90,0.0825,true,1,26776
7290013906489,false,חטיפי מיני קבנוס 120 ג' טירת צבי,הנסיך- מפעל לייצור ט,IL,טירת צבי חטיפי מיני,גרמים,120.00,100 גרם,false,,9.90,0.0825,true,1,26777
7290013906687,false,פסט' צמד כפרית ברביקיו ודבש 300X2ג' טירת צבי,הנסיך- מפעל לייצור ט,IL,טירת צבי צמד כפרית ב,גרמים,600.00,100 גרם,false,,28.90,0.0482,true,1,26781
7290013906694,false,נקניקיות שקית קילו וחצי טירת צבי,הנסיך- מפעל לייצור ט,IL,"נקניקיות עוף 1.5 ק""ג",קילוגרמים,1.50,"100 ק""ג",false,,35.90,23.9333,true,1,389774
7290013927200,false,עוגת שוקולד צ'יפס עשירה אחווה 400ג',אחדות ביחר לטחינה חל,IL,אחווה עוגת שוקולד צי,גרמים,400.00,100 גרם,false,,11.90,0.0298,true,1,116347
7290013927996,false,עוגת שמרים קראץ' בטעם שוקולד 400 גר',אחדות ביחר לטחינה חל,IL,עוגת שמרים קרנץ בטעם,גרמים,400.00,100 גרם,false,,10.90,0.0273,true,1,393368
7290014002197,false,חליטת קמומיל ולימונית 25 שק הגן הקסום,ויסוצקי,IL,תה חליטת קמומיל ולימ,גרמים,37.50,100 גרם,false,,17.90,0.4773,true,1,26184
7290014002203,false,תה ויסוצקי חליטת לימונית ולואיזה 20יח',HIQ FOOD PRODUCTS,IL,תה חליטת לימונית ולו,גרמים,37.50,100 גרם,false,,17.90,0.4773,true,1,26185
7290014002944,false,גן קסום חליטת פירות וצמחים חמדת שקד 25 שקיקים,HIQ FOOD PRODUCTS,IL,תה גן קסום חליטת חמא,גרמים,62.50,100 גרם,false,,17.90,0.2864,true,1,26200
7290014002982,false,תה ירוק לימונית לואיזה בתוספת עלי סטיביה 25 שקיקים,ויסוצקי ירוק,IL,תה ירוק לימונית סטיב,גרמים,37.50,100 גרם,false,,23.90,0.6373,true,1,26201
7290014046016,false,פסטרמה של פעם דל שומן 2% רכיבים טבעיים,מעדני יחיעם,IL,יחיעם פסטרמה הודו 10,גרמים,250.00,100 גרם,false,,30.90,0.1236,true,1,16486
7290014046436,false,נשנושי קבנוס 125 ג' יחיעם,מעדני יחיעם,IL,נשנושי קבנוס 125 ג,גרמים,125.00,100 גרם,false,,12.90,0.1032,true,1,16490
7290014046474,false,"נקניקיות עוף 1.5 ק""ג יחיעם",מעדני יחיעם,IL,יחיעם נקניקיות עוף 1,אלף,1.50,"ק""ג",false,,33.60,22.4000,true,1,16492
7290014046757,false,סלמי תה מעדני יחיעם,מעדני יחיעם,IL,סלמי תה `שרולה` 300,גרמים,300.00,100 גרם,false,,24.90,0.0830,true,1,16504
7290014059085,false,"משחת שיניים סנסודיין 75 מ""ל פרימיום לשיקום והגנה","סמית קליין ביצ'ם בע""",GB,משחה לשיקום והגנה סנ,מיליליטרים,75.00,"100 מ""ל",false,,25.90,0.3453,true,1,4525
7290014059436,false,"משחת שיניים סנסודיין 75 מ""ל פרימיום לשיקום והגנה מלבינה 75 מ""ל","סמית קליין ביצ'ם בע""",GB,משחת שיניים לשיקום ס,מיליליטרים,75.00,"100 מ""ל",false,,25.90,0.3453,true,1,4531
7290014066359,false,לנדוור-קפסולות אספרסו בלנסד(06) - 10יח'12X יח,האחים פלם הגפן,IL,לנדוור קפה אספרסו בל,אין,0.00,יחידה,false,,16.90,0.0000,true,1,137156
7290014066366,false,לנדוור-קפסולות אספרסו ריסטרטו(08) - 10יח'12X יח,קפה לנדוור,IL,לנדוור קפה אספרסו רי,אין,0.00,יחידה,false,,16.90,0.0000,true,1,137157
7290014066373,false,לנדוור-קפסולות אספרסו קלאסיק(09) - 10יח'12X יח,קפה לנדוור,IL,לנדוור קפה אספרסו קל,אין,0.00,יחידה,false,,16.90,0.0000,true,1,137158
7290014066380,false,לנדוור-קפסולות אספרסו סופרימו(10) - 10יח'12X יח,קפה לנדוור,IL,לנדוור קפה אספרסו סו,אין,0.00,יחידה,false,,16.90,0.0000,true,1,137159
7290014066526,false,לנדוור-קפסולות אספרסו תערובת הבית(11) - 10יח'12X יח,קפה לנדוור,IL,לנדוור קפסולות אספרס,אין,0.00,יחידה,false,,16.90,0.0000,true,1,220929
7290014079076,false,נבטי אלפלפא יח,"מרינה פטריות הגליל בע""מ",IL,נבטי אלפלפא,יח',1.00,יח',false,,6.90,6.9000,true,1,55921
7290014083479,false,גבינת גאודה פרוסות 150 גרם 29% שומן,ג.וילי פוד אינטרנשיו,IL,סיי צ'יז גבינה גאודה,גרמים,150.00,100 גרם,false,,10.90,0.0727,true,1,3688
7290014083806,false,עוגיות בטעם חמאה 350 גרם בפח,דן קייק,PT,וילי פוד עוגיות בטעם,גרמים,350.00,100 גרם,false,,13.90,0.0397,true,1,3695
7290014094383,false,משמש מיובש בקופסא 33,"דין שיווק וקליה בע""מ",,שקדיה משמש מיובש 250,גרמים,250.00,100 גרם,false,,23.90,0.0956,true,1,5364
7290014094406,false,צימוק לבן 250 גרם ששון הקולה,"דין שיווק וקלייה בע""",US,צימוק בהיר בקופסא 2,גרמים,250.00,100 גרם,false,,16.90,0.0676,true,1,5366
7290014094864,false,פיסטוק קלוי 170 גר עם קליפה ששון הקולה,דין שיווק,IL,פיסטוק קלוי 170 גרם,גרמים,170.00,100 גרם,false,,16.90,0.0994,true,1,5393
7290014095861,false,שיבולת שועל דקה 500 גרם קוואקר,"דין שיווק וקלייה בע""",IL,שיבולת שועל דקה קווא,גרמים,500.00,100 גרם,false,,6.90,0.0138,true,1,5401
7290014095960,false,שיבולת שועל עבה 500 גרם קוואקר,"דין שיווק וקלייה בע""",IL,שיבולת שועל עבה קווא,גרמים,500.00,100 גרם,false,,6.90,0.0138,true,1,5404
7290014204027,false,פנינה רוזנבלום-שמפו יומי ורוד 750,א.ל ארמן,IL,פנינה שמפו יומי 750,מיליליטרים,750.00,"100 מ""ל",false,,10.90,0.0145,true,1,20468
7290014204683,false,סבון סגול משאבה 1 ל' פנינה,יהודה אריאל,IL,פנינה סבון נוזלי משא,אין,0.00,יחידה,false,,13.90,0.0000,true,1,20487
7290014204690,false,פנינה סבון נוזלי ורוד משאבה 1 ליטר,יהודה אריאל,IL,סבון נוזלי משאבה ורו,אין,0.00,יחידה,false,,13.90,0.0000,true,1,20488
7290014217003,false,תבלין פפריקה מעושנת מיכל 90ג',"תבליני טעם וריח בע""מ",IL,תבלין פפריקה מעושנת,גרמים,90.00,100 גרם,false,,11.30,0.1256,true,1,49660
7290014217065,false,תבלין אורגנו עלים 30 גר',"תבליני טעם וריח בע""מ",IL,טעם וריח אורגנו מיכל,גרמים,30.00,100 גרם,false,,10.10,0.3367,true,1,49666
7290014217157,false,תערובת תיבול טוסקנה מיכל 120 גר,"תבליני טעם וריח בע""מ",IL,תבלין תערובת תיבול ט,גרמים,120.00,100 גרם,false,,11.80,0.0983,true,1,49671
7290014217164,false,תבלין פטרוזיליה מיכל גדול 20 ג',"תבליני טעם וריח בע""מ",IL,תבלין פטרויליה טעם ו,גרמים,20.00,100 גרם,false,,10.80,0.5400,true,1,49672
7290014217348,false,צ'ילי כתוש חריף (פלפל קיינה),"תבליני טעם וריח בע""מ",IL,תבליני טעם וריח צילי,גרמים,70.00,100 גרם,false,,10.80,0.1543,true,1,49679
7290014217355,false,תבלין אבקת קרי מיכל 100ג',"תבליני טעם וריח בע""מ",IL,תבלין אבקת קרי טעם ו,גרמים,100.00,100 גרם,false,,11.80,0.1180,true,1,49680
7290014217522,false,תערובת ללחם שום טעם וריח 100 ג',"תבליני טעם וריח בע""מ",IL,תבלין תערובת לחם שום,גרמים,100.00,100 גרם,false,,11.90,0.1190,true,1,128820
7290014218932,false,חטיפי פיצה בתוספת זיתים 710 ג' מעדנות,מיוצר עי קונדיטוריית,IL,חטיפי פיצה בתוספת זי,גרמים,710.00,100 גרם,false,,35.90,0.0506,true,1,140306
7290014256620,false,"יין מבעבע קריניאנו באזז יקבי כרמל 750 מ""ל",יקבי כרמל Carmel Winery,IL,יין באזז קריניאנו 75,מיליליטרים,750.00,"100 מ""ל",false,,31.90,0.0425,true,1,559
7290014256637,false,"יין מבעבע מוסקטו באזז יקבי כרמל 750 מ""ל",יקבי כרמל Carmel Winery,IL,יין באזז מוסקטו 750מ,מיליליטרים,750.00,"100 מ""ל",false,,31.90,0.0425,true,1,560
7290014258716,false,תרכובת מזון צמחי על בסיס חלבון סויה מגיל לידה,מטרנה תעשיות ש.מ,IL,מטרנה צמחי 700 גר',גרמים,700.00,100 גרם,false,,53.90,0.0770,true,1,21394
7290014258730,false,תרכובת מזון צמחי לתינוקות מגיל 12 חודשים ואילך,מטרנה,IL,מטרנה צמחי מגיל שנה,גרמים,700.00,100 גרם,false,,70.90,0.1013,true,1,21396
7290014325036,false,סוכריות ג'לי עטופות שמחות 600גרם,מיה תעשיות מזון בעמ,IL,ג'לי שמחות 600 גרם,גרמים,600.00,100 גרם,false,,20.90,0.0348,true,1,15937
7290014325043,false,"פודינג וניל 1 ק""ג שקית",מיה תעשיות מזון בעמ,IL,מיה פודינג וניל 1 ק`,אלף,1.00,"ק""ג",false,,19.90,19.9000,true,1,15938
7290014397200,false,מברשת שיניים סופט - מארז שלישיה,אורביטול Orbitol,CN,מארז מברשות שיניים א,אין,0.00,יחידה,false,,11.90,0.0000,true,1,32759
7290014397279,false,שקיות מזון נשלפות XL גדולות במיוחד,"אשפלסט תעשיות בע""מ",IL,סנו סושי שקיות מזון,אין,0.00,יחידה,false,,14.90,0.0000,true,1,32761
7290014397286,false,מרכך כביסה מקסימה מרוכז חלב ודבש 1 ל' סנו,סנו מקסימה,IL,סנו מקסימה קר מרכך מ,ליטר,1.00,ליטר,false,,19.90,19.9000,true,1,32762
7290014397453,false,סנו אוקסיגן גל מסיר כתמים כביסה לבנה 3 ל,סנו אוקסיג'ן,IL,סנו אוקסיג'ן לכביסה,ליטר,3.00,ליטר,false,,31.90,10.6333,true,1,32766
7290014397514,false,"סנו פרש הום מבשם כותנה מלטפת 350מ""ל","סנו מפעלי ברונוס בע""",IL,סנו פרש הום כותנה מל,מיליליטרים,350.00,"100 מ""ל",false,,12.90,0.0369,true,1,32769
7290014397767,false,סנו ריצפז פרש הום 2 ליטר בניחוח כותנה-מרכז,"סנו מפעלי ברונוס בע""",IL,ריצפז פרש הום כותנה,ליטר,2.00,ליטר,false,,22.90,11.4500,true,1,32788
7290014397781,false,סנו ריצפז פרש הום 2 ליטר בניחוח סבון,סנו פרש Fresh,IL,ריצפז פרש הום סבון מ,ליטר,2.00,ליטר,false,,22.90,11.4500,true,1,32790
7290014435704,false,סלמון מעושן 100גר' שמיר,שבעת הימים - שמיר,IL,סלמון מעושן סלטי שמי,גרמים,100.00,100 גרם,false,,23.90,0.2390,true,1,19895
7290014435803,false,מטיאס הולנדי (פרובנציאל) עם בצל בשמן 180 גרם,שבעת הימים - שמיר,IL,מטיאס הולנדי פרובנצי,גרמים,180.00,100 גרם,false,,18.90,0.1050,true,1,19897
7290014435810,false,הרינג כבוש ובצל במרינת חמוץ מתוק שמיר 180 ג',שבעת הימים - שמיר,IL,הרינג כבוש עם בצל במ,גרמים,180.00,100 גרם,false,,18.90,0.1050,true,1,19898
7290014435827,false,פילה מקרל מעושן בשמן ויטהול 180 גר,שבעת הימים - שמיר,IL,פילה מקרל מעושן בשמן,גרמים,180.00,100 גרם,false,,24.90,0.1383,true,1,19899
7290014435889,false,סלט מטיאס עם מיונז 180 גרם,שבעת הימים - שמיר,IL,סלט מטיאס עם מיונז 1,גרמים,180.00,100 גרם,false,,18.90,0.1050,true,1,19903
7290014455245,false,גבינת גרנה פדנו משולש 29% 200 גרם בית יוסף,מחלבת סוציאלה מנטובה,IT,גד גרנה פדנו משולש כ,גרמים,200.00,100 גרם,false,,27.30,0.1365,true,1,15511
7290014455252,false,גבינה קשה מגורדת גרנה פדנו 29% שומן,מחלבות גד,IT,גד גרנה פדנו מגורד כ,גרמים,100.00,100 גרם,false,,13.80,0.1380,true,1,15512
7290014455320,false,גבינה כדורי מוצרלה פרסקה גד 100ג',מחלבות גד בעמ,IL,גד כדור מוצרלה פרסקה,גרמים,100.00,100 גרם,false,,11.70,0.1170,true,1,15515
7290014455467,false,ירח מתוק מעדן חלב 2% ושיבולת שועל גד 150ג',מחלבות גד,IL,גד מעדן שיבולת שועל,מיליליטרים,150.00,"100 מ""ל",false,,7.00,0.0467,true,1,15520
7290014459137,false,"צ'יפס תפוגן סטייק 1.5 ק""ג","תעשיות תפוגן בע""מ",IL,תפוגן סטייק ציפס 1.5,אלף,1.50,"ק""ג",false,,26.90,17.9333,true,1,22169
7290014459472,false,"צ'יפס קפוא תפוגן 2 ק""ג כשל""פ","תעשיות תפוגן בע""מ",IL,תפוגן צ`יפס קלאסי 2,אלף,2.00,"ק""ג",false,,29.90,14.9500,true,1,22175
7290014466128,false,"יין הר חרמון אינדיגו 750 מ""ל",מיוצר וממולא על ידי,IL,יקבי רמת הגולן הר חר,מיליליטרים,750.00,"100 מ""ל",false,,39.90,0.0532,true,1,48870
7290014466463,false,"יין הר חרמון מסקטו עברית 750 מ""ל",יקב רמת הגולן,IL,יקבי רמת הגולן הר חר,מיליליטרים,750.00,"100 מ""ל",false,,39.90,0.0532,true,1,48880
7290014471412,false,"מוזלי בוטנים אגוזים ושקדים 1 ק""ג - 412 ירוק שקדיה","דין שיווק וקלייה בע""",IL,מוזלי בוטנים אגוזים,אלף,1.00,"ק""ג",false,,19.90,19.9000,true,1,5405
7290014471429,false,"מוזלי עם פירות 1 ק""ג - 429 סגול שקדיה","דין שיווק וקלייה בע""",IL,מוזלי פירות עם פירות,אלף,1.00,"ק""ג",false,,19.90,19.9000,true,1,116848
7290014471443,false,"גרנולה צימוקים אגוזים ושקדים1 ק""ג חדש - 443 כתום שקדיה (כתום)","דין שיווק וקלייה בע""",IL,גרנולה צימוקים אגוזי,אלף,1.00,"ק""ג",false,,19.90,19.9000,true,1,116850
7290014472136,false,גרעין שחור קלוי ששון הקולה 150 ג',"דין שיווק וקלייה בע""",IL,גרעין שחור קלוי 150,גרמים,150.00,100 גרם,false,,4.90,0.0327,true,1,5417
7290014472471,false,גרעינים שחור ענק 200גר' פרימיום,דין שיווק,IL,גרעין שחור ענק 200 ג,גרמים,200.00,100 גרם,false,,6.90,0.0345,true,1,5427
7290014472495,false,קשיו קלוי ענק 250 גר פרימיום ששון הקולה,דין שיווק,IL,קשיו קלוי ענק פרימיו,גרמים,250.00,100 גרם,false,,21.90,0.0876,true,1,5429
7290014525290,false,חטיף מרבה סלים דליס קריספי תות 125 גר,סלים דליס Slim Delis,NL,חטיף מרבה קריספי תות,גרמים,125.00,100 גרם,false,,13.90,0.1112,true,1,23558
7290014525313,false,חטיף מרבה סלים דליס קריספי שוקולד 125 ג,סלים דליס Slim Delis,NL,חטיף מרבה קריספי שוק,גרמים,125.00,100 גרם,false,,13.90,0.1112,true,1,23560
7290014636545,false,שלישית מגבות מטבח ג'קרד,,,שלישית מגבות מטבח פס,אין,0.00,יחידה,false,,19.90,0.0000,true,1,390677
7290014636675,false,מגבת גוף חלקה 550 גר,,,מגבת גוף מנהטן 70*13,אין,0.00,יחידה,false,,34.90,0.0000,true,1,122714
7290014636842,false,כרית ממורי ויסקו,,,כרית ויסקו,אין,0.00,יחידה,false,,89.90,0.0000,true,1,394330
7290014636903,false,כרבולית קורל מינק 170*130,,,כרבולית מינק 130/170,אין,0.00,יחידה,false,,49.90,0.0000,true,1,482801
7290014673014,false,תבליני מימון פלפל אנ,,,תבליני מימון פלפל אנ,גרמים,90.00,100 גרם,false,,15.20,0.1689,true,1,272
7290014731264,false,כוסות לשתייה קרה 100 יחי',,,כוסות לשתיה קרה חד פ,יח',100.00,יח',false,,7.90,0.0790,true,1,30231
7290014731271,false,כוסות שתיה קרה 80 יח,,,כוסות שתיה קרה 80 יח,אין,0.00,יחידה,false,,6.90,0.0000,true,1,441389
7290014749245,false,ספיישל רצועות שניצל שומשום עוף טוב 600 גרם,מוצרי עוף טוב (2001),IL,רצועות שניצל שומשום,גרמים,600.00,100 גרם,false,,40.90,0.0682,true,1,221595
7290014749764,false,שניצל עוף ביתי עדין עוף טוב 700 גרם,מוצרי עוף טוב (2001),IL,שניצל עוף ביתי כזה ע,גרמים,700.00,100 גרם,false,,45.90,0.0656,true,1,221599
7290014749887,false,עוף טוב שניצל עוף דק ענק קריספי קלאסי,מולינו ניקולי s.p.a,IL,שניצל עוף דקיק ענקיס,גרמים,720.00,100 גרם,false,,40.90,0.0568,true,1,297571
7290014758100,false,מאגדת יוגורט ביו 3% שומן 8 יח' *150ג' תנובה,מיוצר עי קונדיטוריית,IL,יוגורט תנובה 3% 8*15,אלף,1.20,"ק""ג",false,,17.90,14.9167,true,1,27739
7290014758117,false,מאגדת יוגורט ביו 1.5% שומן 8 יח' *150 ג' תנובה,מיוצר עי קונדיטוריית,IL,יוגורט תנובה 1.5% 8*,אלף,1.20,"ק""ג",false,,17.90,14.9167,true,1,27740
7290014758162,false,חלב עיזים מלא 3.6% קרטון 1 ל' תנובה,תנובה מרכז שיתופי לש,IL,חלב תנובה עיזים מלא,ליטר,1.00,ליטר,false,,16.70,16.7000,true,1,27742
7290014758681,false,קוטג' תנובה 1% גביע 250 ג',מיוצר עי קונדיטוריית,IL,קוטג תנובה 1% 250ג,גרמים,250.00,100 גרם,false,,5.70,0.0228,true,1,27761
7290014759084,false,גבינת שמנת 16% בטעם טבעי 225 ג' נפוליאון,תנובה מרכז שיתופי לש,IL,נפוליאון 16% 225גר,גרמים,225.00,100 גרם,false,,15.50,0.0689,true,1,27764
7290014759237,false,כד יוגורט תנובה 6.5% שומן 3 ליטר,,,יוגורט כדים תנובה בי,ליטר,3.00,ליטר,false,,32.40,10.8000,true,1,62188
7290014759534,false,גבינה בולגרית למריחה טבעי 5% 200 ג' פיראוס,"תנובה, מחלבת תל יוסף",IL,פיראוס בולגרית למריח,גרמים,200.00,100 גרם,false,,15.90,0.0795,true,1,27771
7290014759909,false,פטה עיזים 5% פיראוס גביע 250 גרם,"תנובה, מחלבת טנא נוג",IL,פיראוס פטה עזים פירא,גרמים,250.00,100 גרם,false,,29.40,0.1176,true,1,27779
7290014759978,false,"גבינת קצקבל פלח גלעד 27%, 200 ג'",תנובה,IL,גבינות תנובה קצקבל פ,גרמים,200.00,100 גרם,false,,27.90,0.1395,true,1,27781
7290014759985,false,"גבינת פרמזן גבע 23% פלח, 200 ג'",תנובה,IL,גבינה קשה מחלב בקר 2,גרמים,200.00,100 גרם,false,,26.90,0.1345,true,1,27782
7290014759992,false,גבינת רוקפור גליל פלח 140 ג' תנובה,"תנובה, מחלבת תל יוסף",IL,גבינות תנובה רוקפור,גרמים,140.00,100 גרם,false,,18.90,0.1350,true,1,27783
7290014760134,false,מעדן סויה בטעם וניל אלטרנטיב,תנובה Alternative,IL,גביע מעדן סויה בטעם,גרמים,125.00,100 גרם,false,,4.50,0.0360,true,1,110958
7290014760141,false,משקה שקדים תנובה E אלטרנטיב,תנובה Alternative,IL,תנובה משקה שקדים טרי,אין,0.00,יחידה,false,,14.90,0.0000,true,1,27785
7290014760448,false,גבינה צהובה גלבוע 400 גרם 22% שומן תנובה,מחלבת בית יצחק,IL,גלבוע 22% 400 גרם,גרמים,400.00,100 גרם,false,,26.10,0.0653,true,1,27792
7290014760912,false,פרוסות גבינה 28% שומן 400 ג' גוש חלב,תנובה מרכז שיתופי לש,IL,גוש חלב 28% מהדרין 4,גרמים,400.00,100 גרם,false,,27.90,0.0697,true,1,27806
7290014761056,false,מעדן שוקולד חלב מעולה 123 ג' יולו,מיוצר עי קונדיטוריית,IL,יולו שוקולד חלב מעול,גרמים,122.00,100 גרם,false,,5.10,0.0418,true,1,27810
7290014761063,false,מעדן שוקולד מריר מעולה 123 ג' יולו,מיוצר עי קונדיטוריית,IL,יולו שוקולד מריר מעו,גרמים,122.00,100 גרם,false,,5.10,0.0418,true,1,27811
7290014761070,false,מעדן שוקולד לבן מעולה 123 ג' יולו,מיוצר עי קונדיטוריית,IL,יולו שוקולד לבן מעול,גרמים,122.00,100 גרם,false,,5.10,0.0418,true,1,27812
7290014761193,false,יוגורט עם פירות יער 1.5% שומן 125 ג' פרילי,תנובה מרכז שיתופי לש,IL,פרילי פירות יער 1.5%,גרמים,125.00,100 גרם,false,,4.10,0.0328,true,1,27815
7290014761414,false,יולו מעדן שכבות שוקולד חלב ולבן 123 גר,מיוצר עי קונדיטוריית,IL,יולו מעדן שכבות שוקו,גרמים,122.00,100 גרם,false,,5.10,0.0418,true,1,27829
7290014761612,false,YOLO מעדן שכבות שוקולד מריר ולבן מעולה,מיוצר עי קונדיטוריית,IL,יולו שכבות שוקולד מר,גרמים,122.00,100 גרם,false,,5.10,0.0418,true,1,27836
7290014762756,false,נפוליאון גבינת שמנת עם בצל 16% שומן,הרדוף חלב,IL,נפוליאון 16% עם בצל,גרמים,225.00,100 גרם,false,,15.50,0.0689,true,1,27884
7290014762800,false,מעדן סויה שוקולד גביע 125 גרם אלטרנטיב,תנובה מרכז שיתופי לש,IL,גביע מעדן סויה בטעם,גרמים,125.00,100 גרם,false,,4.50,0.0360,true,1,91720
7290014762831,false,גבינת שמנת חלפיניו 24% שומן 225 ג' נפוליאון,תנובה מרכז שיתופי לש,IL,גבינת שמנת נפוליאון,גרמים,225.00,100 גרם,false,,15.50,0.0689,true,1,27886
7290014762909,false,פתיתי מוצרלה 20% שומן 200 ג' השף הלבן,"תנובה, מחלבת תל יוסף",IL,פתיתי מוצרלה 200 גר`,גרמים,200.00,100 גרם,false,,16.90,0.0845,true,1,27892
7290014763098,false,קרם גבינת שמנת 5% עם פלפל שום ובצל 200 ג' תנובה,תנובה,IL,קרם גבינת שמנת 5% טו,גרמים,200.00,100 גרם,false,,13.40,0.0670,true,1,27897
7290014763272,false,יוגורט סויה BIO לשתייה תות ובננה אלטרנטיב,תות תעשיות מזון (201,IL,משקה סויה ביו עם תות,מיליליטרים,250.00,"100 מ""ל",false,,6.20,0.0248,true,1,27905
7290014855434,false,מגבונים בייביסיטר פרפורמנס מבושם רביעיה,בייביסיטר Babysitter,IL,בייביסיטר פרפורמנס מ,אין,0.00,יחידה,false,,17.90,0.0000,true,1,31704
7290014855458,false,מגבוני בייביסיטר פרפורמנס ללא בישום מארז 72X4יח',בייביסיטר Babysitter,IL,מגבוני בייבי פרפורמנ,אין,0.00,יחידה,false,,17.90,0.0000,true,1,31705
7290014860070,false,"מקלוני אורז ללא גלוטן 5 מ""מ 454גר' (אור)",ניינטי נודל קו,TH,"מקלוני אורז 5 מ""מ לל",גרמים,454.00,100 גרם,false,,10.90,0.0240,true,1,119413
7290014860094,false,"מקלות אורז ללא גלוטן 3 מ""מ 454 גרם",ניינטי נודל קו,TH,"מקלוני אורז 3 מ""מ לל",גרמים,454.00,100 גרם,false,,9.90,0.0218,true,1,15253
7290014860247,false,שבבי אורז מרובעים ללא גלוטן 227 גרם,ליאן תאי רייס,TH,שבבי אורז מרובעים לל,גרמים,227.00,100 גרם,false,,9.90,0.0436,true,1,412877
7290014860988,false,מזרח ומערב יבוא חלב,theppadungporn cocon,TH,שימורי קרם קוקוס 17%,מיליליטרים,400.00,"100 מ""ל",false,,9.90,0.0248,true,1,15254
7290014901247,false,"סטייל שמפו 0חר החלקה מועשר בקרטין, 750 מ""ל",א.ל. ארמן ייצור תמרו,IL,שמפו קרטין סטייל 750,מיליליטרים,750.00,"100 מ""ל",false,,26.50,0.0353,true,1,4549
7290014901308,false,"סנסודיין משחת שיניים להגנה מלאה 75 מ""ל - סדרת פרמיום","סמית קליין ביצ'ם בע""",GB,משחת שיניים הגנה מלא,מיליליטרים,75.00,"100 מ""ל",false,,25.90,0.3453,true,1,4553
7290014901896,false,"מי פה סנסודיין מנטה מרענן 500 מ""ל",גלקסוסמיתקליין,GB,מי פה סנסודיין 500 מ,מיליליטרים,500.00,"100 מ""ל",false,,35.90,0.0718,true,1,4568
7290014905689,false,"נוזל כלים הפי מרוכז 24% תפוח 750 מ""ל",פרח,IL,הפי לכלים ירוק תפוח,מיליליטרים,750.00,"100 מ""ל",false,,9.90,0.0132,true,1,12184
7290014905733,false,"הפי פרפקט לניקוי שמשות 750 מ""ל",יוליניבר,TR,הפי מרסס לניקוי חלונ,מיליליטרים,750.00,"100 מ""ל",false,,9.90,0.0132,true,1,12187
7290014910461,false,"ערק יודה 700 מ""ל כשל",,IL,"ערק יודה 700 מ""ל כשל",מיליליטרים,700.00,"100 מ""ל",false,,65.90,0.0941,true,1,132858
7290014910515,false,שימורי שפרוטים מעושנים בשמן צמחי 250 גר,,,שפרוטים מעושנים רויא,גרמים,250.00,100 גרם,false,,12.90,0.0516,true,1,107411
7290014931008,false,פטרוזיליה עם השורש,מהשורש לאורך חיים,IL,פטרוזיליה עם שורש,יח',1.00,יח',false,,7.90,7.9000,true,1,52701
7290014931015,false,כוסברה עם השורש,מהשורש לאורך חיים,IL,כוסברה עם שורש,יח',1.00,יח',false,,7.90,7.9000,true,1,55930
7290014931053,false,בזיליקום עם השורש,מהשורש לאורך חיים,IL,בזיליקום עם שורש,יח',1.00,יח',false,,7.90,7.9000,true,1,55931
7290014931077,false,עירית עם השורש,תעשיות תמרוקים שיק 1,IL,עירית עם שורש,יח',1.00,יח',false,,7.90,7.9000,true,1,52703
7290014931091,false,קורנית- טימין ארוז,מהשורש לאורך חיים,IL,טימין עם שורש,יח',1.00,יח',false,,7.90,7.9000,true,1,55933
7290014931107,false,נענע עם השורש,מהשורש לאורך חיים,IL,נענע עם שורש,יח',1.00,יח',false,,7.90,7.9000,true,1,77252
7290014931206,false,שורש גרגיר נחלים,מהשורש לאורך חיים,IL,גרגר הנחלים,יח',1.00,יח',false,,9.90,9.9000,true,1,55934
7290014940901,false,לחם פשוט מלא 750 ג' אנג'ל,מאפית אנגל,IL,לחם פשוט מלא אנגל 75,גרמים,750.00,100 גרם,false,,15.90,0.0212,true,1,69478
7290014945210,false,צמרוני עץ 300 יח בשק,,,צמרוני עץ 300 יח בשק,יח',300.00,יח',false,,3.50,0.0117,true,1,256118
7290015009027,false,חומץ בלסמי חומציות 6,אקובינל,ES,חומץ בלסמי חומציות 6,מיליליטרים,500.00,"100 מ""ל",false,,23.90,0.0478,true,1,73891
7290015009287,false,חומץ בלסמי לבן דניאל,,,חומץ בלסמי לבן דניאל,מיליליטרים,500.00,"100 מ""ל",false,,22.90,0.0458,true,1,426286
7290015009447,false,זיתים שחורים מזן קלמטה 440 גרם,,GR,זיתים שחורים מזן קלמ,גרמים,440.00,100 גרם,false,,20.90,0.0475,true,1,421314
7290015009560,false,רוטב חריף מפלפל קאיי,,,רוטב חריף מפלפל קאיי,גרמים,148.00,100 גרם,false,,20.90,0.1412,true,1,439270
7290015009584,false,רוטב חריף מפלפל חלפי,,,רוטב חריף מפלפל חלפי,גרמים,148.00,100 גרם,false,,20.90,0.1412,true,1,439272
7290015009638,false,"רוטב צילי מתוק ופסיפלורה 355 מ""ל",קאמוק,CR,רוטב צ'ילי מתוק עם פ,גרמים,355.00,100 גרם,false,,25.90,0.0730,true,1,439304
7290015009645,false,רוטב פלפל הבנרו עם ח,,,רוטב פלפל הבנרו עם ח,גרמים,355.00,100 גרם,false,,25.90,0.0730,true,1,439305
7290015014168,false,עלי בייבי 150 גרם,,,עלי בייבי,גרמים,120.00,100 גרם,false,,7.90,0.0658,true,1,93136
7290015014182,false,קיסר בנספק,,,לבבות חסה,יח',1.00,יח',false,,9.90,9.9000,true,1,94233
7290015014465,false,רוזמרין (בוסתן),,,רוזמרין (בוסתן),יח',1.00,יח',false,,6.90,6.9000,true,1,93324
7290015014472,false,קורנית(בוסתן),,,קורנית(בוסתן),יח',1.00,יח',false,,4.90,4.9000,true,1,93436
7290015014663,false,שיבה,,,שיבה,יח',1.00,יח',false,,6.90,6.9000,true,1,1805
7290015025942,false,"פנג'ל ק. ידיים קלאסי עם שמן שקדים 80מ""ל",מיוצר עי קונדיטוריית,IL,קרם ידיים מועשר בשמן,מיליליטרים,80.00,"100 מ""ל",false,,8.80,0.1100,true,1,6694
7290015033084,false,קוסקוס חיטה בינוני ד,,,קוסקוס חיטה בינוני ד,גרמים,350.00,100 גרם,false,,5.90,0.0169,true,1,495850
7290015033299,false,פרורי לחם קלאסי שקית,,,פרורי לחם קלאסי שקית,גרמים,400.00,100 גרם,false,,5.00,0.0125,true,1,495566
7290015039246,false,נתחי טונה בשמן צמחי רביעיה * 160 ג' וילי פוד,וילי פוד,TH,טונה בהירה בשמן וילי,גרמים,640.00,100 גרם,false,,24.60,0.0384,true,1,3730
7290015039338,false,נתחי טונה במי מלח רביעיה * 160 ג' וילי פוד,וילי פוד,TH,טונה במי מלח ויליפוד,גרמים,640.00,100 גרם,false,,24.60,0.0384,true,1,3733
7290015129145,false,אטריות קונג'אק בתוספת טפיוקה בצורת ספגטי,הוויזאי וואנגייה פוד,CN,סקיני פסטה קונג'אק ב,גרמים,270.00,100 גרם,false,,11.90,0.0441,true,1,50550
7290015129220,false,איטריות קונגאק ללא גלוטן 270 גרם skinny,אף.סי תבליני בגליל ב,CN,סקיני פסטה קונג'אק ב,גרמים,270.00,100 גרם,false,,11.90,0.0441,true,1,390888
7290015129251,false,איטריות קונגאק ללא גלוטן 270 גרם skinny,אף.סי תבליני בגליל ב,CN,סקיני - פסטה פטוצ'ינ,גרמים,270.00,100 גרם,false,,11.90,0.0441,true,1,260053
7290015150088,false,מחית עגבניות גראנד איטליה 700 גרם,שוורצקוף& הנקל דיסלד,IT,מחית עגבניות בלה איט,גרמים,700.00,100 גרם,false,,12.90,0.0184,true,1,26223
7290015150118,false,עגבניות חתוכות דק בלה איטליה 3*400 ג',אמיליאנה קונסרב ס.פ.,IL,עגבניות חתוכות דק בל,גרמים,400.00,100 גרם,false,,19.90,0.0497,true,1,26226
7290015150200,false,עגבניות חתוכות דק 400 גרם,HIQ FOOD PRODUCTS,IT,עגבניות חתוכות דק ו,גרמים,400.00,100 גרם,false,,6.90,0.0173,true,1,26227
7290015150903,false,תה ירוק גן קסום קינמון ודבש 25 שק*1.5 גר,ויסוצקי ירוק,IL,תה ירוק קינמון ודבש,גרמים,37.50,100 גרם,false,,23.90,0.6373,true,1,26241
7290015155830,false,מחית תפוחי עץ ובננה חטיפטף ללא תוספת סוכר,פרוטה פודווין איי.אס,CZ,פאוץ' פרינוק מחית תפ,גרמים,120.00,100 גרם,false,,5.90,0.0492,true,1,106199
7290015156776,false,מחית פירות טרופיים חטיפטף ללא תוספת סוכר,פרוטה פודווין איי.אס,CZ,פאוץ' פרינוק פירות ט,גרמים,120.00,100 גרם,false,,5.90,0.0492,true,1,122527
7290015156790,false,מחית לפתן פירות חטיפטף ללא תוספת סוכר,פרוטה פודווין איי.אס,CZ,פאוץ' פרינוק לפתן פי,גרמים,120.00,100 גרם,false,,5.90,0.0492,true,1,122528
7290015164856,false,רוטב קארי אדומה 400 גרם SUREE כשר,טאפאדונגפורן קוקינט,TH,מחית אדומה על בסיס ק,גרמים,400.00,100 גרם,false,,19.90,0.0497,true,1,15257
7290015178198,false,ממרח אוליביה - חצילים שרופים 180 גרם,אוליביה,IL,אוליביה ממרח חצילים,גרמים,180.00,100 גרם,false,,12.90,0.0717,true,1,265240
7290015178228,false,מאזטים - ארטישוק בסלסת עגבניות מיובשות,אוליביה,IL,מאזטים - ארטישוק בסל,אין,180.00,יחידה,false,,12.90,0.0717,true,1,309117
7290015178273,false,רוטב מרינדה לעוף בגריל אוליביה 270 גר,אוליביה,IL,רוטב מרינדה לעוף בגר,גרמים,320.00,100 גרם,false,,13.90,0.0434,true,1,490412
7290015193559,false,מעדני המלך אובלטים מלוחים 300 גרם,אם החיטה,IL,אובלטים מלח 300 גר',גרמים,300.00,100 גרם,false,,10.90,0.0363,true,1,72325
7290015193566,false,מעדני המלך אובלטים שומשום 300 גרם,אם החיטה,IL,אובלטים שומשום 300 ג,גרמים,300.00,100 גרם,false,,10.90,0.0363,true,1,72326
7290015193634,false,אובלטים דקיקים קימל מעדני המלך 300 גר',אם החיטה,IL,אובלטים קימל 300 גרם,גרמים,300.00,100 גרם,false,,10.90,0.0363,true,1,105314
7290015193832,false,קרקר עם שומשום ארומה 300 גרם,פפושדו,IL,ארומה קרקר עם שומשום,גרמים,300.00,100 גרם,false,,9.80,0.0327,true,1,141162
7290015193849,false,קרקר עם מלח ארומה 300 גרם,פפושדו,IL,ארומה קרקר עם מלח 30,גרמים,300.00,100 גרם,false,,9.80,0.0327,true,1,141163
7290015282000,false,איקרא אדומה SEVEN SEAS 200 גרם,שבעת הימים - שמיר,IL,איקרה אדומה סלטי שמי,גרמים,200.00,100 גרם,false,,13.90,0.0695,true,1,19906
7290015282024,false,איקרא לבנה SEVEN SEAS 200 גרם,שבעת הימים - שמיר,IL,איקרה לבנה סלטי שמיר,גרמים,200.00,100 גרם,false,,13.90,0.0695,true,1,19908
7290015282581,false,חומוס שמיר אבו גוש עם חריף 200 גר',"סלטי שמיר 2006 בע""מ",IL,חומוס אבו גוש עם חרי,גרמים,200.00,100 גרם,false,,10.90,0.0545,true,1,79315
7290015282598,false,חומוס שמיר מסעדות 200 גר',"סלטי שמיר 2006 בע""מ",IL,חומוס מסעדות,גרמים,200.00,100 גרם,false,,10.90,0.0545,true,1,79316
7290015282604,false,טחינה שמיר מיוחדת גורמה 200ג',"סלטי שמיר 2006 בע""מ",IL,טחינה מיוחדת,גרמים,200.00,100 גרם,false,,10.90,0.0545,true,1,79317
7290015282628,false,חציל שמיר בטעם כבד 200 גר',"סלטי שמיר 2006 בע""מ",IL,חציל בטעם כבד סלטי ש,גרמים,200.00,100 גרם,false,,12.90,0.0645,true,1,79318
7290015282635,false,חומוס שמיר מסבחה 200 גר',"סלטי שמיר 2006 בע""מ",IL,חומוס מסבחה,גרמים,200.00,100 גרם,false,,10.90,0.0545,true,1,79319
7290015282642,false,חומוס שמיר אבו גוש 200 גר',"סלטי שמיר 2006 בע""מ",IL,חומוס אבו גוש,גרמים,200.00,100 גרם,false,,10.90,0.0545,true,1,79320
7290015282673,false,חציל שמיר במיונז ביתי 200 גורמה גר',"סלטי שמיר 2006 בע""מ",IL,חציל במיונז ביתי,גרמים,200.00,100 גרם,false,,10.90,0.0545,true,1,79321
7290015282680,false,קישוא בטעם כבד שמיר 200 גר',"סלטי שמיר 2006 בע""מ",IL,קישוא בטעם כבד סלטי,גרמים,200.00,100 גרם,false,,12.90,0.0645,true,1,79322
7290015282697,false,כרוב אדום שמיר גורמה 200גר,"סלטי שמיר 2006 בע""מ",IL,סלט כרוב אדום 200ג ש,גרמים,200.00,100 גרם,false,,12.90,0.0645,true,1,79323
7290015282710,false,קוביות סלק שמיר 200 גר',"סלטי שמיר 2006 בע""מ",IL,קוביות סלק סלטי שמיר,גרמים,200.00,100 גרם,false,,10.90,0.0545,true,1,79324
7290015282796,false,"סלט תפו""א שמיר במיונז 200ג'","סלטי שמיר 2006 בע""מ",IL,סלט תפוח אדמה 200 ג,גרמים,200.00,100 גרם,false,,12.90,0.0645,true,1,79331
7290015324007,false,תבלין פלפל שחור גרוס 80 ג',"תבליני טעם וריח בע""מ",IL,טעם וריח פלפל שחור ג,גרמים,80.00,100 גרם,false,,14.90,0.1863,true,1,49684
7290015324014,false,תבלין פלפל שחור טחון 80 ג',"תבליני טעם וריח בע""מ",IL,טעם וריח פלפל שחור ט,גרמים,80.00,100 גרם,false,,14.90,0.1863,true,1,49685
7290015324038,false,פפריקה מרוקאית מתוקה בשמן,"תבליני טעם וריח בע""מ",IL,טעם וריח פפריקה בשמן,גרמים,80.00,100 גרם,false,,7.90,0.0988,true,1,49686
7290015324052,false,תבלין פפריקה מתוקה 80 ג',"תבליני טעם וריח בע""מ",IL,טעם וריח פפריקה מתוק,גרמים,80.00,100 גרם,false,,7.90,0.0988,true,1,49688
7290015324069,false,תערובת תיבול גריל עוף,"תבליני טעם וריח בע""מ",IL,טעם וריח גריל עוף שק,גרמים,80.00,100 גרם,false,,7.90,0.0988,true,1,49689
7290015324076,false,טעם וריח זעתר שקית 8,"תבליני טעם וריח בע""מ",IL,טעם וריח זעתר שקית 8,גרמים,80.00,100 גרם,false,,6.00,0.0750,true,1,49690
7290015324083,false,טעם וריח מלח לימון ש,"תבליני טעם וריח בע""מ",IL,טעם וריח מלח לימון ש,גרמים,80.00,100 גרם,false,,7.90,0.0988,true,1,49691
7290015324090,false,תבלין כמון טחון 80 ג',"תבליני טעם וריח בע""מ",IL,טעם וריח כמון שקית 8,גרמים,80.00,100 גרם,false,,7.90,0.0988,true,1,49692
7290015324106,false,תבלין כורכום טחון 80 גר',"תבליני טעם וריח בע""מ",IL,טעם וריח כורכום שקית,גרמים,80.00,100 גרם,false,,7.90,0.0988,true,1,49693
7290015324113,false,טעם וריח בהרט שקית 8,"תבליני טעם וריח בע""מ",IL,טעם וריח בהרט שקית 8,גרמים,80.00,100 גרם,false,,6.00,0.0750,true,1,49694
7290015324120,false,טעם וריח שום גבישי ב,"תבליני טעם וריח בע""מ",IL,טעם וריח שום גבישי ב,גרמים,80.00,100 גרם,false,,10.10,0.1262,true,1,49695
7290015324151,false,תבלין חוויאג למרק ב,"תבליני טעם וריח בע""מ",IL,תבלין חוויאג למרק ב,גרמים,80.00,100 גרם,false,,6.00,0.0750,true,1,49696
7290015324717,false,"מחית שום `טעם וריח, 210 גרם",ליני קאטייאמה פודסטא,CN,מחית שום 210 גרם,גרמים,210.00,100 גרם,false,,13.90,0.0662,true,1,419347
7290015324748,false,"מחית שום וג`ינגר `טעם וריח', 210 גרם",ליני קאטייאמה פודסטא,CN,מחית שום וג'ינג'ר 21,גרמים,210.00,100 גרם,false,,13.90,0.0662,true,1,419380
7290015328531,false,להבונים 50 יח' 3 שעו,,,להבונים 50 יח' 3 שעו,אין,0.00,יחידה,false,,10.90,0.0000,true,1,113668
7290015328715,false,האשפתון 65*52 50 יח',,,האשפתון 65*52 50 יח',יח',50.00,יח',false,,11.90,0.2380,true,1,128026
7290015328791,false,נרות חנוכה צבעוניים 50 יח',,,נרות חנוכה צבעוניים,אין,0.00,יחידה,false,,4.90,0.0000,true,1,131009
7290015328838,false,קיסמי עץ לירון קרביץ,,,קיסמי עץ לירון קרביץ,אין,0.00,יחידה,false,,3.90,0.0000,true,1,134814
7290015347273,false,נטיפי שוקולד אמיתי לאפיה 250 גר',מיה,IL,נטיפי שוקולד מריר לא,גרמים,250.00,100 גרם,false,,9.90,0.0396,true,1,15963
7290015347457,false,קינואה שחורה יבשה מיה 400 גר',,,קינואה שחורה 400 גרם,גרמים,400.00,100 גרם,false,,16.90,0.0422,true,1,15975
7290015348096,false,"אמיליאנו למברוסקו רוזה 750 מ""ל",,IL,למברוסקו אמיליאנו רו,מיליליטרים,750.00,"100 מ""ל",false,,24.90,0.0332,true,1,10366
7290015350150,false,"יין אדום חצי יבש סגל 750 מ""ל",כרמי צבי - אחים סגל,IL,סגל אדום חצי יבש 750,מיליליטרים,750.00,"100 מ""ל",false,,22.90,0.0305,true,1,243409
7290015366359,false,ספירה מכשיר 9 שעות + נוזל 45 לילות,זובלה הולדינגס ס.פ.א,IT,ספירה מכשיר נוזל 8 ש,אין,0.00,יחידה,false,,31.90,0.0000,true,1,4580
7290015395045,false,קינואה 400 גרם חתם סופר,"שקדיה גבע תעשיות בע""",IL,קינואה שקדיה 400 גרם,גרמים,400.00,100 גרם,false,,13.90,0.0348,true,1,5456
7290015572033,false,שרי צהוב,,,שרי צהוב,יח',1.00,יח',false,,9.90,9.9000,true,1,101347
7290015603218,false,איטריות בתוספת עגבניות 454 גרם,פוגקן לונגהי אנלידה,CN,אטריות עם עגבניות מז,גרמים,454.00,100 גרם,false,,10.90,0.0240,true,1,15263
7290015603225,false,איטריות בתוספת גזר 454 גרם,פוגקן לונגהי אנלידה,CN,אטריות עם גזר מזרח ו,גרמים,454.00,100 גרם,false,,10.90,0.0240,true,1,15264
7290015603522,false,נוזל אגוזי קוקוס 5-7% 400 מל,אסי אטיק גרו אינדוסט,TH,נוזל אגוזי קוקוס 5-7,מיליליטרים,400.00,"100 מ""ל",false,,6.90,0.0173,true,1,15266
7290015603546,false,"שימורי קרם קוקוס 17-19% 400 מ""ל (ASIATIC)(כ)",אסי אטיק גרו אינדוסט,TH,שימורי קרם קוקוס 17-,מיליליטרים,400.00,"100 מ""ל",false,,8.90,0.0223,true,1,15267
7290015603591,false,גינגר כבוש וורוד 160 גרם,ננטונג הידה אקוטיק פ,CN,ג'ינג'ר ורוד כבוש לל,גרמים,160.00,100 גרם,false,,8.90,0.0556,true,1,461572
7290015603638,false,אורז קלרוז מזרח ומער,מינה פונג גרין אגריק,VN,אורז עגול קלרוז לסוש,אלף,1.00,"ק""ג",false,,11.90,11.9000,true,1,59518
7290015644297,false,אנג'ל הלחמניה המלאה 6יח 450 ג',מאפיית שלמה א. אנג'ל,IL,6 לחמניות פשוט מלא א,אין,0.00,יחידה,false,,11.90,0.0000,true,1,78717
7290015644426,false,לחם צרפתי חיטה מלאה ודגנים 600 ג',"איטיליאן פוד, אס.פי.",IL,לחם מחמצת חיטה מלאה,גרמים,600.00,100 גרם,false,,18.90,0.0315,true,1,69481
7290015644433,false,לחם צרפתי שיפון 100% 600 ג',מאפית אנגל,IL,לחם מחמצת 100% שיפון,גרמים,600.00,100 גרם,false,,18.90,0.0315,true,1,69482
7290015652070,false,קשיו קלוי 150 גרם ששון הקולה,דין שיווק,IL,קשיו קלוי 150 גרם שש,גרמים,150.00,100 גרם,false,,12.90,0.0860,true,1,62139
7290015652087,false,תערובת פיצוחים 150 גרם ששון הקולה,דין שיווק,IL,תערובת פיצוחים 150גר,גרמים,150.00,100 גרם,false,,11.90,0.0793,true,1,65430
7290015652254,false,גרעיני חמניה קלויים 400 גרם ששון הקלה,דין שיווק,IL,גרעיני חמניה קלויים,גרמים,400.00,100 גרם,false,,10.00,0.0250,true,1,5475
7290015652261,false,בוטנים קלויים 300 גרם ששון הקולה,"דין שיווק וקלייה בע""",IL,בוטנים קלויים ששון ה,גרמים,300.00,100 גרם,false,,10.00,0.0333,true,1,113595
7290015652278,false,תערובת פיצוחים 250 גרם ששון הקולה,"דין שיווק וקלייה בע""",IL,תערובת פיצוחים ששון,גרמים,250.00,100 גרם,false,,20.00,0.0800,true,1,65151
7290015652285,false,אגוזים קלופים 250 גרם ששון הקולה,דין שיווק,IL,אגוזים קלופים 250 גר,גרמים,250.00,100 גרם,false,,20.00,0.0800,true,1,5478
7290015652292,false,קבוקים עם שומשום 400 גרם ששון הקלה,"דין שיווק וקלייה בע""",IL,קבוקים עם שומשום ששו,גרמים,400.00,100 גרם,false,,10.00,0.0250,true,1,116864
7290015652308,false,מנצס 300 גרם ששון הקולה,,,מנצ'ס ששון הקולה 300,גרמים,300.00,100 גרם,false,,10.00,0.0333,true,1,116865
7290015652315,false,חמוציות מסוכרות 300 גרם ששון הקולה,"דין שיווק וקלייה בע""",IL,חמוציות מסוכרות ששון,גרמים,300.00,100 גרם,false,,10.00,0.0333,true,1,113597
7290015652322,false,בוטנים אמריקאיים מצופים 400 גר ששון הקלה,"דין שיווק וקלייה בע""",IL,בוטנים אמריקאים מצופ,גרמים,400.00,100 גרם,false,,10.00,0.0250,true,1,116866
7290015652407,false,פיסטוק קלוי 250 גר דין שיווק,ינגאון גידה סאנאבי,IL,פיסטוק קלוי ששון הקו,גרמים,250.00,100 גרם,false,,20.00,0.0800,true,1,5489
7290015733229,false,תרכובת מזון לתינוקות חלבי שלב 2 אקסטרה קר מהדרין,מטרנה,IL,מטרנה אקסטרה קר מהדר,גרמים,700.00,100 גרם,false,,64.90,0.0927,true,1,124650
7290015733977,false,תרכובת מזון קומפורט על בסיס חלבי דל לקטוז,מטרנה,IL,מטרנה קומפורט 700 גר,גרמים,700.00,100 גרם,false,,64.90,0.0927,true,1,283407
7290015766005,false,עגבניות שרי וויטני,אראל תוצרת חקלאית בע,IL,שרי וויטני יחידה,גרמים,500.00,100 גרם,false,,9.90,0.0198,true,1,124166
7290015766029,false,עגבניות שרי כתומות 4,אראל תוצרת חקלאית בע,IL,שרי כתום יח',גרמים,460.00,100 גרם,false,,9.90,0.0215,true,1,189166
7290015781114,false,"יין אימפרשן מרלו 750 מ""ל",יקב טפרברג 1870 בעמ,IL,אימפרשן מרלו,מיליליטרים,750.00,"100 מ""ל",false,,49.90,0.0665,true,1,12488
7290015781152,false,יין רוזה אימפרשן יקב,יקב טפרברג,IL,אימפרשן יין רוזה,מיליליטרים,750.00,"100 מ""ל",false,,49.90,0.0665,true,1,12492
7290015781169,false,"יין קברנה סוביניון - חצי יבש אימפרשן 750מ""ל",יקב טפרברג 1870 בעמ,IL,אימפרשן אדום חצי יבש,מיליליטרים,750.00,"100 מ""ל",false,,49.90,0.0665,true,1,12493
7290015858106,false,ממרח פסטו ביתי 180 ג' עללחם,"מדשא תעשיות מזון בע""",IL,ממרח פסטו ביתי עללחם,גרמים,180.00,100 גרם,false,,16.90,0.0939,true,1,139977
7290015858113,false,ממרח עגבניות מיובשות עללחם 180 גרם,"מדשא תעשיות מזון בע""",IL,ממרח עגבניות מיובשות,גרמים,180.00,100 גרם,false,,16.90,0.0939,true,1,139978
7290015858144,false,ממרח ארטישוק עללחם 180 גרם,זאביק יצור ושיווק מז,IL,ממרח ארטישוק עללחם 1,גרמים,180.00,100 גרם,false,,16.90,0.0939,true,1,139979
7290015858175,false,ממרח פלפלים קלויים עללחם 180 גרם,זאביק יצור ושיווק מז,IL,ממרח פלפלים קלויים ע,גרמים,180.00,100 גרם,false,,16.90,0.0939,true,1,139980
7290015858229,false,טפנד זיתי קלמטה עללחם 180 גרם,"מדשא תעשיות מזון בע""",IL,ממרח טפנד זיתי קלמטה,גרמים,180.00,100 גרם,false,,16.90,0.0939,true,1,139982
7290015858243,false,ממרח צימיצורי עללחם 180 גרם,זאביק יצור ושיווק מז,IL,ממרח צימיצורי עללחם,גרמים,180.00,100 גרם,false,,16.90,0.0939,true,1,139983
7290015865722,false,קונפיטורת תות שדה ענ,ענבי ציון,IL,קונפיטורה לייט תות ש,גרמים,400.00,100 גרם,false,,20.90,0.0522,true,1,369370
7290015865746,false,קונפיטורה לייט פירות,,,קונפיטורה לייט פירות,גרמים,400.00,100 גרם,false,,20.90,0.0522,true,1,369372
7290015872096,false,חומוס שמיר אסלי 700 גר',"סלטי שמיר 2006 בע""מ",IL,חומוס אסלי שמיר 700,גרמים,700.00,100 גרם,false,,8.90,0.0127,true,1,19931
7290015951869,false,יקבי רמת הגולן הר חר,מיוצר וממולא על ידי,IL,יקבי רמת הגולן הר חר,מיליליטרים,750.00,"100 מ""ל",false,,39.90,0.0532,true,1,122482
7290015968782,false,פדים להסרת איפור במא,,CN,פדים להסרת איפור במא,אין,0.00,יחידה,false,,17.90,0.0000,true,1,106797
7290016006025,false,שוופס סודה 0.50 ליטר בקבוק,יפאורה תבורי בעמ,IL,שוופס סודה 500מל,מיליליטרים,500.00,"100 מ""ל",false,,3.90,0.0078,true,1,12428
7290016006322,false,מי עדן בקבוק 1 ליטר,מופק ממקור בזלתי עדן,IL,מי עדן 1 ליטר,ליטר,1.00,ליטר,false,,2.90,2.9000,true,1,12436
7290016006339,false,מים מינרלים - מארז רביעייה,מופק ממקור בזלתי עדן,IL,מי עדן רביעייה 1 ליט,ליטר,4.00,ליטר,false,,10.90,2.7250,true,1,12437
7290016006346,false,שישיית שרינק 500 מל שוופס סודה,יפאורה תבורי בעמ,IL,שוופס סודה שישייה 0.,ליטר,3.00,ליטר,false,,14.90,4.9667,true,1,12438
7290016087147,false,רוטב עגבניות לפיצה מרגריטה 240 ג' פריניר,פריניר,IL,רוטב עגבניות מתובל ל,גרמים,240.00,100 גרם,false,,5.90,0.0246,true,1,83804
7290016087222,false,רוטב עגבניות מרוכז לשקשוקה פריניר 230 גר,פריניר ( הדס 1987) ב,IL,ברוטב עגבניות מרוכז,גרמים,240.00,100 גרם,false,,5.90,0.0246,true,1,96092
7290016087239,false,רוטב עגבניות מרוכז לשקשוקה פיקנט 230 ג' פריניר,פרי ניב,IL,רוטב עגבניות לשקשוקה,גרמים,240.00,100 גרם,false,,5.90,0.0246,true,1,96232
7290016094695,false,אלכוג'ל לשמירה על הייגיינת הידיים 70% אלכוהול,פישר מעבדות פרמצבטיו,IL,אלכוגל לידיים 500 מ,מיליליטרים,500.00,"100 מ""ל",false,,21.90,0.0438,true,1,269493
7290016096217,false,רביעיית נתחי טונה קט,,,רביעיית נתחי טונה קט,גרמים,560.00,100 גרם,false,,22.90,0.0409,true,1,88338
7290016096491,false,נתחי טונה בהירה בשמן צמחי שלישיה *80ג' פילטונה,תעשיות פילטונה,IL,נתחי טונה בשמן צמחי,גרמים,240.00,100 גרם,false,,11.90,0.0496,true,1,121909
7290016096675,false,טונה בשמן זית פילטונ,,,טונה בשמן זית פילטונ,גרמים,240.00,100 גרם,false,,17.90,0.0746,true,1,126251
7290016096811,false,רביעיית ממרח טונה פילטונה 160 גר'*4,תעשיות פילטונה,IL,ממרח טונה פילטונה רב,גרמים,160.00,100 גרם,false,,19.90,0.1244,true,1,264056
7290016096934,false,מארז זוגות סלט טונה 2*160 ג' פילטונה,תעשיות פילטונה,IL,סלט טונה 2 יח' פילטו,גרמים,320.00,100 גרם,false,,12.90,0.0403,true,1,304235
7290016104271,false,ריבת חלב פוליבה 340 גר,,,ריבת חלב 340 גר`,גרמים,340.00,100 גרם,false,,12.90,0.0379,true,1,14315
7290016104868,false,סירופ מייפל פוליבה 700 גר',,,סירופ בטעם מייפל 700,גרמים,700.00,100 גרם,false,,12.90,0.0184,true,1,74400
7290016125337,false,סט לגבינה קלאסי,,,סט לגבינה קלאסי,אין,0.00,יחידה,false,,39.90,0.0000,true,1,121320
7290016136111,false,תערובת להכנת מאפים ללא גלוטן 500 G FREE,אשבל -מזון פונקציונל,IL,תערובת קמח להכנת לחם,גרמים,500.00,100 גרם,false,,17.80,0.0356,true,1,65136
7290016144000,false,"קמח חיטה מלאה נפלאות 80% 1 ק""ג","קמח מלכים בע""מ",IL,קמח חיטה 80% נפלאות,אלף,1.00,"ק""ג",false,,9.90,9.9000,true,1,119363
7290016144017,false,"קמח מלא נפלאות 100% ללא ניפוי 1 ק""ג",קמח מלכים,IL,קמח חיטה מלאה 100% נ,אלף,1.00,"ק""ג",false,,9.90,9.9000,true,1,119364
7290016144024,false,"קמח כוסמין מלא נפלאות 100% 1 ק""ג","קמח מלכים בע""מ",IL,קמח כוסמין מלא 100%,אלף,1.00,"ק""ג",false,,14.90,14.9000,true,1,119409
7290016144031,false,"קמח לבן מנופה נפלאות 1 ק""ג",קמח מלכים,IL,קמח נפלאות חיטה לבן,אלף,1.00,"ק""ג",false,,6.90,6.9000,true,1,119410
7290016144048,false,"קמח כוסמין לבן נפלאות 1 ק""ג","קמח מלכים בע""מ",IL,קמח כוסמין לבן נפלאו,אלף,1.00,"ק""ג",false,,16.90,16.9000,true,1,137187
7290016144055,false,"קמח כוסמין נפלאות 80% 1 ק""ג",קמח מלכים,IL,קמח כוסמין 80% נפלאו,אלף,1.00,"ק""ג",false,,14.90,14.9000,true,1,141025
7290016150117,false,סלק אדום מבושל 500 ג' בוואקום,חקלאי,IL,מעדן סלק בוואקום 500,גרמים,500.00,100 גרם,false,,5.90,0.0118,true,1,98095
7290016150711,false,AVEL נוזל קוקוס תאיל,,,AVEL נוזל קוקוס תאיל,מיליליטרים,400.00,"100 מ""ל",false,,5.90,0.0148,true,1,132870
7290016162233,false,עוגיות ממולאות פרימיום סוגים שונים 200 גר',,,עוגיות דיזרט פרימיום,גרמים,200.00,100 גרם,false,,21.90,0.1095,true,1,69961
7290016162264,false,עוגת גבינה רנססנס 450 גר',קפולסקי שיווק וקמעונ,IL,עוגת גבינה רנסנס 450,גרמים,450.00,100 גרם,false,,41.90,0.0931,true,1,43600
7290016197488,false,מטליות מיקרופייבר למשטחים ניקול 3יח',UFO INC,CN,מטלית קסם לשיש מארז,אין,0.00,יחידה,false,,11.90,0.0000,true,1,9842
7290016197495,false,ניקול זוג מטליות הקסם מיקרופייבר לרצפה,חוגלה קימברלי,CN,מטלית קסם לרצפה מארז,אין,0.00,יחידה,false,,24.90,0.0000,true,1,9843
7290016197839,false,ניקול השקית החזקה 20 יח' XL,אשפלסט תעשיות בעמ,IL,ניקול השקית החזקה XL,אין,0.00,יחידה,false,,28.90,0.0000,true,1,9849
7290016197877,false,ניקול שקיות לפחי מטבח קטנים 60 יח' M,,,שקית לפחי מטבח קטנים,אין,0.00,יחידה,false,,25.90,0.0000,true,1,9851
7290016217735,false,חציל על האש סלטי שמי,"סלטי שמיר 2006 בע""מ",IL,חציל על האש סלטי שמי,גרמים,200.00,100 גרם,false,,10.90,0.0545,true,1,79332
7290016217742,false,חציל על אש בטחינה 200 גר,"סלטי שמיר 2006 בע""מ",IL,חציל בטחינה סלטי שמי,גרמים,200.00,100 גרם,false,,10.90,0.0545,true,1,79333
7290016217759,false,חצילים בסגנון מרוקאי,"סלטי שמיר 2006 בע""מ",IL,חצילים בסגנון מרוקאי,גרמים,200.00,100 גרם,false,,12.90,0.0645,true,1,79334
7290016217988,false,גרבדלקס סלמון כבוש 100 גרם,"סלטי שמיר 2006 בע""מ",IL,דגים גרבדלקס 100גר,גרמים,100.00,100 גרם,false,,23.90,0.2390,true,1,79337
7290016233384,false,גפילטע פיש 7 קציצות 540 גרם תומר,דג טעים ירושלים,IL,גפילטא פיש 7 קציצות,גרמים,555.00,100 גרם,false,,16.90,0.0305,true,1,90888
7290016246018,false,בארכה מיקס פינוקיות חלבה 10*20 גרם.,רושדי תעשיות מזון בע,IL,בארכה מיקס פינוקיות,גרמים,200.00,100 גרם,false,,13.90,0.0695,true,1,21405
7290016246025,false,בארכה מיקס פינוקיות חלווה ללא סוכר 10*20ג,רושדי תעשיות מזון בע,IL,בארכה פנוקיות חלבה ל,גרמים,200.00,100 גרם,false,,13.90,0.0695,true,1,21406
7290016246445,false,טחינה גולמית מעודנת שמשום מלא בארכה 310ג',רושדי תעשיות מזון,IL,בארכה טחינה גולמית מ,גרמים,310.00,100 גרם,false,,12.90,0.0416,true,1,133875
7290016246490,false,בארכה חלבה קלאסית 400 גרם,,IL,בארכה חלבה קלאסית 40,גרמים,400.00,100 גרם,false,,10.90,0.0273,true,1,135969
7290016277630,false,צנובר 150 גרם ששון - קופסא,,,צנובר טבעי 150 גרם ש,גרמים,150.00,100 גרם,false,,30.90,0.2060,true,1,255964
7290016304404,false,לחם קוביות 100% כוסמין 600 גרם,מאפיית דוידוביץ ובני,IL,לחם מלא כוסמין 100%,גרמים,600.00,100 גרם,false,,14.90,0.0248,true,1,491868
7290016304596,false,לחמניות לסנדביץ 75 גרם,מאפית דוידוביץ ובניו,IL,10 לחמניות לסנדוויץ,גרמים,750.00,100 גרם,false,,17.90,0.0239,true,1,492754
7290016319187,false,טוסו עוגיות סנדוויץ שוקו במילוי קרם שוקולד *זוג* 300 גרם,בטר אנד דיפרנט,IL,עוגיות סנדוויץ שוקו,גרמים,300.00,100 גרם,false,,16.90,0.0563,true,1,259582
7290016319309,false,סבון נוזלי מאסק קלאסי+משאבה פמלי 1 ל,הנסיך- מפעל לייצור ט,TR,אל סבון מאסק+משאבה פ,ליטר,1.00,ליטר,false,,11.90,11.9000,true,1,6711
7290016320343,false,"דאק נוזל ג'ל לניקוי מתקדם בניחות לבנדר זוג * 750 מ""ל",טואלט דאק Toilet Duck,NL,דאק ג'ל נוזל לניקוי,ליטר,1.50,ליטר,false,,18.90,12.6000,true,1,104252
7290016321661,false,מגבונים פרש וואנס סנסיטיב קר רביעייה,עלבד משואות יצחק,IL,מגבוני פרש וואנס רבי,אין,0.00,יחידה,false,,20.90,0.0000,true,1,142162
7290016321678,false,מגבונים לחים בניחוח מרענן עם תמציות קמומיל ואלוורה,עלבד משואות יצחק,IL,פרשוואנס רביעייה נטו,אין,0.00,יחידה,false,,20.90,0.0000,true,1,142163
7290016329278,false,רביעייה מגבוני קמיל בלו 64 יח',"ד""ר פישר Dr fischer",IL,מגבוני קמיל 64 יח` מ,אין,0.00,יחידה,false,,21.90,0.0000,true,1,31250
7290016334036,false,עירית (בוסתן),,,עירית (בוסתן),יח',1.00,יח',false,,6.90,6.9000,true,1,1807
7290016334166,false,לוף רגיל ארוז ליח,,,לוף רגיל ארוז ליח,יח',1.00,יח',false,,7.90,7.9000,true,1,93325
7290016334500,false,לבבות חסה זוגות בשקי,,,לבבות חסה זוגות בשקי,יח',1.00,יח',false,,9.90,9.9000,true,1,93338
7290016334654,false,תרד ניו-זילנדי,,,תרד ניו-זילנדי,גרמים,300.00,100 גרם,false,,12.90,0.0430,true,1,208336
7290016334784,false,ג'ינג'ר ארוז 200 גרם,,,ג'ינג'ר ארוז 200 גרם,יח',1.00,יח',false,,11.90,11.9000,true,1,60028
7290016334883,false,שרי תמר יח',,,שרי תמר יח',יח',1.00,יח',false,,9.90,9.9000,true,1,143813
7290016370300,false,זית קלמטה שלם צנצנת יבנה,קוזט אס.איי.פיין פוצ,GR,זית קלמטה שלם בצנצנת,גרמים,560.00,100 גרם,false,,14.90,0.0266,true,1,266206
7290016370959,false,חציל קלוי פירה בצנצנת ‏580‏ ג' יבנה,תאי פרזידנט פוד פאבל,GR,חציל קלוי על האש בצנ,גרמים,580.00,100 גרם,false,,12.90,0.0222,true,1,85439
7290016372342,false,עגבניות חתוך קוביות גראנד איטליה מארז 400X3ג',גרנד איטליה Grand Italia,IT,עגבניות חתוכות לקובי,גרמים,400.00,100 גרם,false,,19.90,0.0497,true,1,96470
7290016372489,false,ויסוצקי חליטת ג'ינג'ר ולימון סודות הצמחים 25 שקיקים,HIQ FOOD PRODUCTS,IL,סודות הצמחים ג'ינג'ר,גרמים,30.00,100 גרם,false,,17.90,0.5967,true,1,97170
7290016372496,false,חליטת פירות וצמחים בטעם ג'ינג'ר ודבש -אפקט הג'ינג'ר,ויסוצקי,IL,סודות הצמחים ג'ינג'ר,גרמים,30.00,100 גרם,false,,17.90,0.5967,true,1,97171
7290016437645,false,תחתוני חיתולים האגיס פרידום דריי (5),קימברלי קלארק צ'כיה,CZ,האגיס פרידום דריי 32,אין,0.00,יחידה,false,,48.90,0.0000,true,1,72145
7290016437652,false,תחתוני חיתולים האגיס פרידום דריי (6),קימברלי קלארק צ'כיה,CZ,האגיס פרידום דריי 26,אין,0.00,יחידה,false,,48.90,0.0000,true,1,72146
7290016440652,false,תערובת פרוסות ירקות,,,תערובת פרוסות ירקות,גרמים,500.00,100 גרם,false,,20.90,0.0418,true,1,343699
7290016440911,false,מלפפונים ביתיים כבושים,מעדני עופר,,מלפפונים ביתיים כבוש,גרמים,500.00,100 גרם,false,,20.90,0.0418,true,1,343684
7290016509304,false,סוד סבון לאסלה 4 כדוריותבניחוח לבנדר 50 ג',הנקל סוד,HU,סוד סבון אסלה 4 כדור,גרמים,50.00,100 גרם,false,,9.90,0.1980,true,1,84464
7290016509786,false,פרסיל - ג'ל כביסה ירוק 2.50 ליטר,פרסיל Persil,IL,פרסיל ג'ל 2.5 ליטר י,ליטר,2.50,ליטר,false,,36.90,14.7600,true,1,123718
7290016509809,false,ג'ל מרוכז לכביסה קולור 2.5 ל' פרסיל,פרסיל Persil,IL,פרסיל ג'ל 2.5 ליטר ק,ליטר,2.50,ליטר,false,,36.90,14.7600,true,1,123720
7290016509823,false,ג'ל לכביסה לבנה וצבעונית בניחוח רענן,פרסיל Persil,IL,פרסיל ג'ל 2.5 ליטר ב,ליטר,2.50,ליטר,false,,36.90,14.7600,true,1,123722
7290016509830,false,ג'ל כביסה לבגדי תינוקות ובעלי עור רגיש Sensitive,פרסיל Persil,IL,פרסיל ג'ל 2.5 ליטר ב,ליטר,2.50,ליטר,false,,36.90,14.7600,true,1,123723
7290016509847,false,ג'ל כביסה לבגדים שחורים וכהים,פרסיל Persil,IL,פרסיל ג'ל 2.5 ליטר ב,ליטר,2.50,ליטר,false,,36.90,14.7600,true,1,131618
7290016510232,false,"תחליב רחצה הוואי יוגורט קוקוס 700 מ""ל",תאי פרזידנט פוד פאבל,IL,תחליב רחצה יוגורט קו,מיליליטרים,700.00,"100 מ""ל",false,,10.90,0.0156,true,1,124619
7290016510287,false,"תחליב רחצה הוואי דבש אירוס זהוב 700 מ""ל",תאי פרזידנט פוד פאבל,IL,תחליב רחצה קרם דבש ה,מיליליטרים,700.00,"100 מ""ל",false,,10.90,0.0156,true,1,124623
7290016513684,false,כיסונים כפרי במילוי בשר הודו 750 גרם,,,כיסונים כפריים במילו,גרמים,0.75,100 גרם,false,,29.90,39.8667,true,1,453202
7290016513981,false,קרפלך במילוי תפוח אד,,,קרפלך במילוי תפוח אד,גרמים,0.60,100 גרם,false,,17.90,29.8333,true,1,453417
7290016564006,false,מבריק הפלא ספוג להסרת כתמים ושומנים 3 יח,,,מבריקל הפלא,אין,0.00,יחידה,false,,10.90,0.0000,true,1,59725
7290016621341,false,אל סבון היגייני לניקוי יסודי קמיל Clean & Moisture,"ד""ר פישר Dr fischer",IL,אל סבון ניקיון ולחות,ליטר,1.00,ליטר,false,,16.90,16.9000,true,1,73092
7290016667707,false,"דפי אורז 22 ס""מ 270 גרם",,,"דפי אורז 22 ס""מ 270",גרמים,270.00,100 גרם,false,,12.90,0.0478,true,1,209608
7290016682243,false,פריניב אשכולית אדומה סחוט 100% 1 ליטר,פריניב,IL,פרי ניב מיץ אשכולית,ליטר,2.00,ליטר,false,,16.90,8.4500,true,1,133258
7290016682328,false,מיץ תפוזים סחוט פרי ניב 2 ליטר-,פריניב,IL,פרי ניב מיץ תפוזים ט,ליטר,2.00,ליטר,false,,20.60,10.3000,true,1,355580
7290016682359,false,מיץ תפוזים שמוטי פרי ניב 2 ליטר-,פרי ניב,IL,פרי ניב מיץ 100% טבע,ליטר,2.00,ליטר,false,,26.60,13.3000,true,1,355596
7290016682373,false,משקה קל לימונדה בלאדי 2 ליטר פריניב,פריניב,IL,פרי ניב סחוט לימונדה,ליטר,2.00,ליטר,false,,18.80,9.4000,true,1,355611
7290016682441,false,100% מיץ תפוזים מיוצר מרכז טבעי,פרי ניב,IL,פריניב מיץ תפוזים סח,ליטר,1.00,ליטר,false,,13.90,13.9000,true,1,379435
7290016693546,false,"סדרת עונות קברנה 750 מ""ל",יקבי ארזה,IL,יין עונות קברנה 750,מיליליטרים,750.00,"100 מ""ל",false,,33.90,0.0452,true,1,136866
7290016717044,false,באזז בטעם מנגו מבעבע,יקבי כרמל,IL,"יין באזז מנגו 750 מ""",מיליליטרים,750.00,"100 מ""ל",false,,31.90,0.0425,true,1,136858
7290016717631,false,יין מוסקטו בעל חוזק אלכוהול נמוך פרייבט קולקשן,אגודת הכורמים הקואופ,IL,יין P.C מוסקטו יין,מיליליטרים,750.00,"100 מ""ל",false,,44.90,0.0599,true,1,120176
7290016717754,false,"יין ישן נושן יקבי כרמל 750 מ""ל ^^^",אגודת הכורמים הקואופ,IL,"ישן נושן 750מ""ל.",מיליליטרים,750.00,"100 מ""ל",false,,20.90,0.0279,true,1,115254
7290016866643,false,משחת שיניים פרודונטקס אקסטרה פרש,פרודונטקס Parodontax,SK,מש.שיניים פרש פרודונ,מיליליטרים,75.00,"100 מ""ל",false,,32.90,0.4387,true,1,123541
7290016866650,false,"פרודונטקס - משחת שיניים אוריג'ינל 75 מ""ל",פרודונטקס Parodontax,SK,מש.שיניים אוריגינל פ,מיליליטרים,75.00,"100 מ""ל",false,,32.90,0.4387,true,1,123542
7290016866667,false,"פרודונטקס - משחת שיניים ללא פלאוריד 75 מ""ל",פרודונטקס Parodontax,SK,מש.שיניים פלאוריד פר,מיליליטרים,75.00,"100 מ""ל",false,,32.90,0.4387,true,1,123543
7290016866674,false,"פרודונטקס - משחת שיניים מלבינה 75 מ""ל",פרודונטקס Parodontax,SK,"מש.שיניים מ""לבינה פר",מיליליטרים,75.00,"100 מ""ל",false,,32.90,0.4387,true,1,123544
7290016867008,false,לחם מחמצת כוסמין 750 גרם,המאפה של דר מרק,IL,לחם כוסמין מחמצת 700,גרמים,700.00,100 גרם,false,,17.90,0.0256,true,1,342944
7290016867046,false,פיתות קלות כוסמין במתיקות מעודנת 6 יח',המאפה של דר מרק בריא,IL,פיתות קלות כוסמין במ,גרמים,303.00,100 גרם,false,,14.90,0.0492,true,1,342994
7290016867053,false,לחם קל כוסמין בתוספת מחמצת 450 גרם,המאפה של דר מרק בריא,IL,לחם קל כוסמין בתוספת,גרמים,450.00,100 גרם,false,,18.90,0.0420,true,1,342945
7290016867114,false,לחם כוסמין קל מלא 500 גר',המאפה של דר מרק בריא,IL,לחם כוסמין קל מלא 50,גרמים,500.00,100 גרם,false,,17.90,0.0358,true,1,342946
7290016867145,false,פיתות קלות קמח מלא 360ג',,,פיתות קלות קמח מלא 3,גרמים,360.00,100 גרם,false,,13.90,0.0386,true,1,343014
7290016867152,false,פיתות קלות כוסמין 5 יחידות 330 גר,המאפה של דר מרק בריא,IL,פיתות קלות כוסמין 29,גרמים,292.00,100 גרם,false,,13.90,0.0476,true,1,342997
7290016867176,false,"לחמניות קלות כוסמין שומשום 6יח' ד""ר מרק",המאפה של דר מרק,IL,לחמניות ק. כוסמין שו,גרמים,300.00,100 גרם,false,,13.90,0.0463,true,1,342998
7290016867237,false,לחם קל כוסמין במתיקות מעודנת 400ג',המאפה של דר מרק בריא,IL,לחם קל כוסמין במתיקו,גרמים,400.00,100 גרם,false,,18.90,0.0472,true,1,342947
7290016867251,false,לחם קל שיפון 450 גרם,,,לחם קל שיפון 450 גרם,גרמים,450.00,100 גרם,false,,14.90,0.0331,true,1,342948
7290016948035,false,מטריה הפוכה,,,מטריה הפוכה,אין,0.00,יחידה,false,,29.90,0.0000,true,1,377543
7290016967074,false,לחם חיטה מלאה עם גרעינים ודגנים,מאפיית שלמה א. אנג'ל,IL,חיטה מלאה אנגל 750 ג,גרמים,750.00,100 גרם,false,,17.90,0.0239,true,1,69316
7290016967456,false,לחם צרפתי מחמצת 100% כוסמין 600 ג' אנג'ל,מאפיית שלמה א.אנג'ל,IL,לחם מחמצת כוסמין אנג,גרמים,600.00,100 גרם,false,,18.90,0.0315,true,1,118738
7290016998191,false,מיקס עלי ביבי 120 גר,,,מיקס עלי ביבי 120 גר,גרמים,120.00,100 גרם,false,,8.90,0.0742,true,1,296326
7290016998207,false,לקט קסם השדה 350 גרם,,,לקט קסם השדה 350 גר,גרמים,350.00,100 גרם,false,,10.90,0.0311,true,1,296327
7290016998221,false,מיקס צבעי הטבע 350 ג,,,מיקס צבעי הטבע 350 ג,גרמים,350.00,100 גרם,false,,10.90,0.0311,true,1,295963
7290016998238,false,כרוב לבן קצוץ 400 גר,,,כרוב לבן קצוץ 400 גר,גרמים,400.00,100 גרם,false,,8.90,0.0223,true,1,296329
7290016998269,false,לקט קולסלאו 400 גר,,,לקט קולסלאו 400 גר,גרמים,400.00,100 גרם,false,,7.90,0.0198,true,1,296332
7290016998276,false,גזר חתוך דק 250 גר,,,גזר חתוך דק 250 גר,גרמים,250.00,100 גרם,false,,6.90,0.0276,true,1,296333
7290016998320,false,לבבות קיסר נטורזה,נטורזה,IL,לבבות קיסר מארז,יח',1.00,יח',false,,11.90,11.9000,true,1,296338
7290017023199,false,"שוופס מוגז פירות תות ליים פחית 330 מ""ל",,,פחית שוופס גזוז בטעם,מיליליטרים,0.00,"100 מ""ל",false,,5.20,0.0000,true,1,360181
7290017023212,false,"שוויפס מוגז פירות תפוח מארז רביעייה* 330 מ""ל",יפאורה תבורי,IL,רביעיית משקה שוופס ב,ליטר,1.32,ליטר,false,,13.90,10.5303,true,1,120447
7290017023663,false,"שוופס מיץ פירות לימונייד פחית מארז 330X4מ""ל",יפאורה תבורי,IL,רביעיית משקה שוופס ל,ליטר,1.32,ליטר,false,,13.90,10.5303,true,1,127570
7290017023854,false,מי סודה בקבוקים אישיים - מארז 4 יח',יפאורה תבורי בעמ,IL,"שוופס סודה 250 מ""ל ר",ליטר,1.00,ליטר,false,,12.90,12.9000,true,1,135832
7290017058573,false,תומר פרוסות פלפל חלפיניו בחומץ 340 גרם,אינדיה אגרו אקספורט,IN,פרוסות פלפל חלפיניו,גרמים,340.00,100 גרם,false,,9.90,0.0291,true,1,137851
7290017062693,false,מרכך כביסה מרוכז לבן 1*5 ליטר טאצ,סאסאטק,IL,מרכך כביסה מרוכז טאצ,ליטר,1.00,ליטר,false,,13.90,13.9000,true,1,265895
7290017062723,false,מרכך כביסה מרוכז ירוק 1*5 ליטר טאצ,סאסאטק,IL,מרכך כביסה מרוכז טאצ,ליטר,1.00,ליטר,false,,13.90,13.9000,true,1,265896
7290017062730,false,"נ.כלים 36% לבנדר טאצ' +משאבה 750 מ""ל",,,נוזל כלים לבנדר 36%,מיליליטרים,750.00,"100 מ""ל",false,,9.90,0.0132,true,1,257115
7290017062747,false,"נ.כלים 36% תפוח טאצ' +משאבה 750 מ""ל",,,נוזל כלים תפוח 36% 7,מיליליטרים,750.00,"100 מ""ל",false,,9.90,0.0132,true,1,257116
7290017065007,false,פרוסות גבינה מוצרלה חצי קשה 22% שומן 200 ג' גד,מחלבות גד בעמ,IL,מוצרלה פרוסה חצי קש,גרמים,200.00,100 גרם,false,,21.30,0.1065,true,1,75727
7290017065137,false,ריקוטה למריחה 5% טבעית 200 גרם - רובין,האי נאם סי או אל.טי.,IL,גבינה ריקוטה למריחה,גרמים,200.00,100 גרם,false,,11.90,0.0595,true,1,107025
7290017065144,false,גבינת ריקוטה למריחה 5% בזיליקום 200ג' גד,האי נאם סי או אל.טי.,IL,גבינה ריקוטה למריחה,גרמים,200.00,100 גרם,false,,11.90,0.0595,true,1,107026
7290017065212,false,גבינת קרם מסקרפונה מחלבות גד 250 גר,מיוצר עי קוד יצרן ED,IL,קרם מסקרפונה להקצפה,גרמים,250.00,100 גרם,false,,23.60,0.0944,true,1,120576
7290017065236,false,גבינה בולגרית מעודנת 24% גד 250 ג',הנסיך- מפעל לייצור ט,IL,בולגרית מעודנת 24% 2,גרמים,250.00,100 גרם,false,,25.60,0.1024,true,1,120584
7290017065380,false,גבינת גרנה פדנו שבבים 29%,מחלבות גד,IT,גרנה פדנו שבבים 100,גרמים,100.00,100 גרם,false,,15.60,0.1560,true,1,140263
7290017065434,false,פרוסות גבינה גאודה הולנדית חצי קשה 200 גרם בית יוסף,מחלבות גד בעמ,IL,גד פרוסות גאודה 200,גרמים,200.00,100 גרם,false,,24.00,0.1200,true,1,140265
7290017065441,false,גבינה גאודה עיזים פרוסה הולנדית 200 גר',מחלבות גד,IL,גד פרוסות גאודה עיזי,גרמים,200.00,100 גרם,false,,39.30,0.1965,true,1,140266
7290017065526,false,קוואטרו פורמאג'י 4 גבינות מגוררות 26%,מחלבות גד בעמ,IL,גד קוואטרו פורמאג'י,גרמים,300.00,100 גרם,false,,33.10,0.1103,true,1,140271
7290017065663,false,פטה עיזים מעודנת 16% 250 גרם,ג'נרל מילס סאן אדריא,IL,גבינת פטה עיזים מעוד,גרמים,250.00,100 גרם,false,,34.10,0.1364,true,1,263071
7290017065731,false,גבינת שמנת 30% ניו יורק +כמהין 200 גרם רבנות,פ.פ.ח. שאביט,IL,גבינת שמנת ניו יורק,גרמים,200.00,100 גרם,false,,15.20,0.0760,true,1,291927
7290017065786,false,גבינת צ'דר אנגלית גד 210 ג',מחלבות גד,IL,גבינה אנגלית קשה צ'ד,גרמים,210.00,100 גרם,false,,25.10,0.1195,true,1,377437
7290017068374,false,שמרים בוואקום 500 גרם,angle yeast co ltd,IL,מיה שמרים בוואקום 50,גרמים,500.00,100 גרם,false,,10.90,0.0218,true,1,142370
7290017068978,false,שיבולת שועל מלאה להכנה מהירה 500 גר',מיה,IL,שיבולת שועל מלאה להכ,אלף,1.00,"ק""ג",false,,11.90,11.9000,true,1,436805
7290017088075,false,בייביסיטר - חיתולי סטנדרט מידה 4+ - 40 יח',בייביסיטר Babysitter,IL,חיתולי ביייביסיטר סט,יח',40.00,יח',false,,37.90,0.9475,true,1,440467
7290017088082,false,בייביסיטר - חיתולי סטנדרט מידה 5 - 36 יח',בייביסיטר Babysitter,IL,חיתולי ביייביסיטר סט,יח',36.00,יח',false,,37.90,1.0528,true,1,440468
7290017088099,false,בייביסיטר - חיתולי סטנדרט מידה 6 - 30 יח',בייביסיטר Babysitter,IL,חיתולי ביייביסיטר סט,יח',34.00,יח',false,,37.90,1.1147,true,1,440469
7290017088112,false,חיתולי בייביסיטר נוחות 4 36 יח,די.פי.אל תעשיות מוצר,IL,ביייביסיטר נוחות מיד,יח',36.00,יח',false,,34.90,0.9694,true,1,121335
7290017088631,false,מגבוני תולי רביעייה ללא בישום 72X4 יח',DPL,IL,מגבון Tooly רביעייה,אין,0.00,יחידה,false,,11.90,0.0000,true,1,220134
7290017088693,false,קוויק מגבונים לניקוי וחיטוי רצפות בניחוח לוונדר 10 יחי',,IL,מגבונים לניקוי וחיטו,יח',10.00,יח',false,,11.90,1.1900,true,1,208248
7290017088839,false,BREEZE תחבושות לבריחת שתן אקסטרה פלוס (8 יח'),בריז Breeze,IT,תחבושות Breeze לבריח,יח',12.00,יח',false,,19.90,1.6583,true,1,300827
7290017088846,false,BREEZE תחבושות לבריחת שתן מקסי (8 יח'),בריז Breeze,IT,תחבושות Breeze לבריח,יח',12.00,יח',false,,19.90,1.6583,true,1,300828
7290017088914,false,מגבונים בייביסיטר מבושם 66X6 יח',,,מגבונים מבושם בייביס,אין,0.00,יחידה,false,,17.90,0.0000,true,1,251036
7290017088969,false,חיתולי בייביסיטר ניו בורן מידה 1 42 יח',TZMOSA,PL,חיתולי בייביסיטר NB,אין,0.00,יחידה,false,,30.90,0.0000,true,1,348857
7290017094199,false,סלט קוביות חציל ברוטב 200 גר',"סלטי שמיר 2006 בע""מ",IL,מעדן חצילים 200 גרם,גרמים,200.00,100 גרם,false,,10.90,0.0545,true,1,288200
7290017094830,false,סלט גזר ברוטב פיקנטי אסלי שמיר 400 ג',"סלטי שמיר 2006 בע""מ",IL,סלט גזר ברוטב פיקנטי,גרמים,400.00,100 גרם,false,,12.90,0.0323,true,1,168621
7290017094847,false,סלט תפוחי אדמה אסלי שמיר 400 ג',"סלטי שמיר 2006 בע""מ",IL,סלט תפוח אדמה אסלי 4,גרמים,400.00,100 גרם,false,,10.90,0.0273,true,1,168622
7290017094861,false,חומוס עם רוטב מסבחה אסלי שמיר 400 ג',"סלטי שמיר 2006 בע""מ",IL,חומוס עם רוטב מסבחה,גרמים,400.00,100 גרם,false,,10.90,0.0273,true,1,168545
7290017105048,false,שלישייה שימורי טבעות זיתים יכין 200 גר,,IL,טבעות ירוקים זיתים י,גרמים,200.00,100 גרם,false,,11.90,0.0595,true,1,223182
7290017105062,false,גרגירי חומוס שלם יכין הקטניה הטובה 200 ג,היינץ צפון אמריקה מק,IL,חומוס 6OZ יכין 200 ג,גרמים,200.00,100 גרם,false,,4.90,0.0245,true,1,103284
7290017105079,false,שעועית ברוטב עגבניות 200 גרם יכין,היינץ צפון אמריקה מק,IL,שעועית אפויה 6OZ יכי,גרמים,200.00,100 גרם,false,,4.90,0.0245,true,1,103285
7290017105086,false,שימורי יכין שעועית צילי 200 גר,"זנלכל בע""מ",IL,שעועית צ'ילי 6OZ יכי,גרמים,200.00,100 גרם,false,,4.90,0.0245,true,1,103286
7290017105116,false,שימורי יכין תורמוס 200 גר,"זנלכל בע""מ",IL,תורמוס 6OZ יכין 200,גרמים,200.00,100 גרם,false,,4.90,0.0245,true,1,103289
7290017105123,false,שימורי פול יכין הקטניה הטובה 200 גר,היינץ צפון אמריקה מק,IL,פול מצרי 6OZ יכין 20,גרמים,200.00,100 גרם,false,,4.90,0.0245,true,1,103290
7290017105468,false,מארז שלישייה אפונה קטנה יכין 3*200 גר,קשקמט קונסרב הונגריה,IL,אפונה יכין 3*120 גרם,גרמים,360.00,100 גרם,false,,14.90,0.0414,true,1,206906
7290017105550,false,רביעיית רסק עגבניות 100% יכין 4X100 גרם,היינץ צפון אמריקה מק,IL,מאגדת רסק עגבניות יכ,גרמים,400.00,100 גרם,false,,11.90,0.0298,true,1,206535
7290017105895,false,גרגרי חומוס להכנת חומוס 550 גרם יכין,זנלכל,IL,גרגרי חומוס מסעדות י,גרמים,550.00,100 גרם,false,,10.90,0.0198,true,1,234854
7290017121093,false,אריסה חריפה עללחם 250 גרם,"מדשא תעשיות מזון בע""",IL,ממרח אריסה חריפה עלל,גרמים,250.00,100 גרם,false,,14.90,0.0596,true,1,139985
7290017140308,false,קמח שקדים שי של הטבע,אופק מן הטבע,IL,קמח שקדים שי של הטבע,גרמים,500.00,100 גרם,false,,26.20,0.0524,true,1,382250
7290017142005,false,"שמן קוקוס אורגני עץ הזית צנצנת 320מ""ל",אקספלונקה,LK,שמן קוקוס אורגני כתי,מיליליטרים,320.00,"100 מ""ל",false,,31.90,0.0997,true,1,83215
7290017142111,false,פתיתי טונה בשמן זית טו גו עץ הזית 85 גרם,שמן תעשיות,TH,פתיתי טונה בהירה בשמ,גרמים,85.00,100 גרם,false,,10.90,0.1282,true,1,122110
7290017142128,false,"שמן זית כתית מעולה קלאסי עץ הזית 750 מ""ל",שמן תעשיות,IL,שמן זית כתית מעולה ק,מיליליטרים,750.00,"100 מ""ל",false,,35.90,0.0479,true,1,108730
7290017142159,false,מארז נתחי טונה בהירה בשמן זית 3*80 ג' עץ הזית,הנסיך- מפעל לייצור ט,TH,נתחי טונה בהירה בשמן,גרמים,240.00,100 גרם,false,,24.90,0.1037,true,1,122111
7290017142234,false,פתיתי טונה בשמן זית טעם מעושן טו גו 85 ג,שמן תעשיות,TH,פתיתי טונה בהירה בשמ,גרמים,85.00,100 גרם,false,,10.90,0.1282,true,1,155968
7290017142289,false,"תרסיס שמן חמניות לל""ת גז עץ הזית 200מ""ל",שמן תעשיות,IL,תרסיס שמן חמניות עץ,מיליליטרים,200.00,"100 מ""ל",false,,19.90,0.0995,true,1,133878
7290017142388,false,שמן חמניות אומגה 3 פלוס 1 ליטר עץ הזית,שמן תעשיות,IL,שמן חמניות פלוס אומג,ליטר,1.00,ליטר,false,,16.90,16.9000,true,1,151366
7290017142395,false,טונה עם פסטה בשמן זית 160 גרם עץ הזית,,TH,פסטה עם טונה בשמן זי,גרמים,160.00,100 גרם,false,,14.90,0.0931,true,1,193034
7290017142401,false,קינואה לבנה ואדומה עם טונה בשמן זית 160 גרם,ג'נרל מילס סאן אדריא,TH,קינואה לבנה ואדומה ע,גרמים,160.00,100 גרם,false,,14.90,0.0931,true,1,253450
7290017142500,false,תרסיס שמן זית כתית מעולה בטעם שום 150מל,קומטמפ קומפניה פורטו,IT,תרסיס שמן זית כתית ב,מיליליטרים,150.00,"100 מ""ל",false,,19.90,0.1327,true,1,442273
7290017142609,false,תרסיס שמן זית כתית ב,קונפניה,IT,תרסיס שמן זית כתית ב,מיליליטרים,150.00,"100 מ""ל",false,,19.90,0.1327,true,1,442274
7290017142623,false,תרסיס שמן זית כתית מעולה בטעם צ'ילי 150 מל',קונפניה,IT,תרסיס שמן זית כתית ב,מיליליטרים,150.00,"100 מ""ל",false,,19.90,0.1327,true,1,442275
7290017217307,false,נרות חימום ריחניים בניחות ורדים 50יח',,,נרות חימום ריחניים ב,אין,0.00,יחידה,false,,13.90,0.0000,true,1,445990
7290017232218,false,לחם קלאסי מופחת פחמימות איטסיין 430 גרם,,,לחם eatsane קלאסי דו,גרמים,430.00,100 גרם,false,,24.90,0.0579,true,1,492106
7290017239200,false,סלמון נורווגי מעושן,,,סלמון נורווגי מעושן,גרמים,100.00,100 גרם,false,,14.90,0.1490,true,1,293712
7290017266725,false,מארז וופל במילוי קרם בטעם שוקולד 12 גרם*40 יח',"גילרו בע""מ",IL,חטיף וופל קראנצ' במ,גרמים,480.00,100 גרם,false,,17.90,0.0373,true,1,259418
7290017275413,false,מיני קצפיות בטעם וניל אחוה 140 גרם,אחדות ביחר לטחינה חל,IL,מיני קצפיות בטעם וני,גרמים,140.00,100 גרם,false,,9.90,0.0707,true,1,398621
7290017304885,false,לחם שיפון מחיטה מלאה ללא תוספת סוכר 750 ג' אנג'ל,מאפית אנגל,IL,לחם שיפון וחיטה מלאה,גרמים,750.00,100 גרם,false,,17.90,0.0239,true,1,150129
7290017440309,false,"ד""ר פישר - קידס שמפו ויטמינים 750 מ""ל","ד""ר פישר Dr fischer",IL,"ד""ר פישר שמפו קידס 7",מיליליטרים,750.00,"100 מ""ל",false,,17.90,0.0239,true,1,159193
7290017440965,false,אל סבון היגייני לניקוי יסודי ולהזנת העור clean & nourish,"ד""ר פישר Dr fischer",IL,אל סבון ניקיון ולחות,ליטר,1.00,ליטר,false,,16.90,16.9000,true,1,140901
7290017457628,false,גל כביסה סוד טוטאל כחול 2.5 ליטר,הנקל סוד,IL,ג'ל כביסה סוד כחול,ליטר,2.50,ליטר,false,,25.90,10.3600,true,1,226875
7290017457727,false,"סוד - מרכך כביסה מרוכז פרש סקיי 900 מ""ל",הנקל סוד,IL,מרכך כביסה מרוכז סוד,מיליליטרים,900.00,"100 מ""ל",false,,13.90,0.0154,true,1,139042
7290017457871,false,גל כביסה סוד טוטל ירוק 4 ל,הנקל סוד,IL,ג'ל כביסה סוד ירוק 4,ליטר,4.00,ליטר,false,,36.90,9.2250,true,1,226876
7290017457925,false,סוד מרכך כביסה מרוכז פרש קונטרול ורוד,הנקל סוד,IL,מרכך כביסה מרוכז סוד,מיליליטרים,900.00,"100 מ""ל",false,,13.90,0.0154,true,1,257417
7290017457932,false,סוד מרכך כביסה מרוכז פרש קונטרול כחול,הנקל סוד,IL,מרכך כביסה מרוכז סוד,מיליליטרים,900.00,"100 מ""ל",false,,13.90,0.0154,true,1,257418
7290017477169,false,קשיו קלוי 250 גרם ששון הקולה,ששון,IL,קשיו קלוי ששון הקולה,גרמים,250.00,100 גרם,false,,20.00,0.0800,true,1,122476
7290017495552,false,מטאטא גב עץ,,,מטאטא גב עץ,אין,0.00,יחידה,false,,16.90,0.0000,true,1,278877
7290017513485,false,מחית עגבניות רוסטיקה בלה איטליה 680 ג',היצרן: ס.פ. פודנצנו,IT,מחית עגבניות רוסטיקה,גרמים,680.00,100 גרם,false,,12.90,0.0190,true,1,193002
7290017513867,false,תה ירוק לימונית ולואיזה בתוספת ויטמינים D+C,ויסוצקי,IL,תה ירוק לימונית לואי,גרמים,37.50,100 גרם,false,,23.90,0.6373,true,1,254685
7290017589565,false,"יין קלאסיק גוורצטרמינר 750 מ""ל ברקן",יקבי ברקן שיווק והפצ,IL,"קלאסיק גוורץ 750 מ""ל",מיליליטרים,750.00,"100 מ""ל",false,,35.50,0.0473,true,1,136863
7290017599229,false,ממתיק סוכרלוז 200 טבליות סוכרזית,ביסקול,IL,סוכרזית סוכרלוז 200,גרמים,17.00,100 גרם,false,,24.90,1.4647,true,1,382070
7290017599267,false,סוכרלוז 120 שקיות ממתיק שולחני,סוכרזית Sucrazit,IL,סוכרזית סוכרלוז ממתי,גרמים,120.00,100 גרם,false,,24.90,0.2075,true,1,464517
7290017599274,false,סוכרזית סטיוויה 120 שקיות,ביסקול בע''מ,IL,סוכרזית סטיוויה ממת,גרמים,120.00,100 גרם,false,,24.90,0.2075,true,1,462821
7290017617084,false,סטארקיסט מיקס טוגו טונה עם שעועית 185 גרם,דרדנל אוננטאס גידה,TR,סטארקיסט מיקס 185 גר,גרמים,185.00,100 גרם,false,,13.90,0.0751,true,1,394921
7290017617091,false,סטארקיסט מיקס טוגו טונה עם פתיתים 185 גרם,דרדנל אוננטאס גידה,TR,סטארקיסט מיקס 185 גר,גרמים,185.00,100 גרם,false,,13.90,0.0751,true,1,355317
7290017637679,false,מרכך שימר 500 מל מיקי בוגנים,מיקי בוגנים,,מרכך SHIMMER להדגשת,מיליליטרים,500.00,"100 מ""ל",false,,25.90,0.0518,true,1,424067
7290017647425,false,יין גמלא קברנה סוביניון 2019 750 מל,יקב רמת הגולן,,יין גמלא קברנה סובינ,מיליליטרים,750.00,"100 מ""ל",false,,68.50,0.0913,true,1,237275
7290017677804,false,"רוטב סויה קיקומן 444 מ""ל",קיקומן פודז אינק,US,קיקומן רוטב סויה ללא,מיליליטרים,444.00,"100 מ""ל",false,,21.90,0.0493,true,1,141586
7290017682099,false,מקל טיטניום 1.3 מטר,,,מקל טיטניום 1.3 מטר,אין,0.00,יחידה,false,,5.90,0.0000,true,1,196605
7290017682617,false,"מגב 40 ס""מ עם תפס להצמדה סחבה",,,מגב קלינג CLING עם ת,אין,0.00,יחידה,false,,15.90,0.0000,true,1,199241
7290017715346,false,זית שחור טאסוס 400 גרם,,TR,זית שחור טאסוס תומר,גרמים,400.00,100 גרם,false,,16.90,0.0422,true,1,185493
7290017715834,false,A2 זית נובו מבוקע ג.מאוד תומר 560 גרם,עדן,IL,זית נובו מבוקע ג.מאו,גרמים,560.00,100 גרם,false,,11.50,0.0205,true,1,221665
7290017724003,false,עוגיות גרסיני אקלר 2,אקלר,IL,עוגיות גרסיני אקלר 2,גרמים,250.00,100 גרם,false,,24.90,0.0996,true,1,386589
7290017724034,false,עוגיות סנדוויץ ריבה,אקלר,IL,עוגיות סנדוויץ ריבה,גרמים,250.00,100 גרם,false,,24.90,0.0996,true,1,386477
7290017724072,false,עוגיות רולדה שוקו/תמ,אקלר,IL,עוגיות רולדה שוקו/תמ,גרמים,200.00,100 גרם,false,,24.90,0.1245,true,1,386526
7290017724089,false,עוגיות ואן גוך אקלר,,,עוגיות ואן גוך אקלר,גרמים,200.00,100 גרם,false,,24.90,0.1245,true,1,386480
7290017724119,false,עוגיות אוזניים אקלר,אקלר,IL,עוגיות אוזניים אקלר,גרמים,200.00,100 גרם,false,,24.90,0.1245,true,1,386590
7290017724126,false,עוגיות טחינה אקלר 25,אקלר,IL,עוגיות טחינה אקלר 25,גרמים,250.00,100 גרם,false,,24.90,0.0996,true,1,386529
7290017724164,false,עוגיות אוזניים ללא ת,אקלר,IL,"עוגיות אוזניים לל""תס",גרמים,200.00,100 גרם,false,,24.90,0.1245,true,1,386608
7290017724171,false,עוגיות סנדביץ ריבה ל,אקלר,IL,עוגיות סנדוויץ ריבה,גרמים,250.00,100 גרם,false,,24.90,0.0996,true,1,386609
7290017724263,false,עוגיות בטהובן ללא תו,אקלר,IL,"עוגיות בטהובן לל""תס",גרמים,300.00,100 גרם,false,,24.90,0.0830,true,1,411039
7290017724270,false,עוגיות אשכול בריאות,אקלר,IL,עוגיות אשכול בריאות,גרמים,200.00,100 גרם,false,,24.90,0.1245,true,1,386613
7290017724287,false,עוגיות אצבעות פקאן ל,אקלר,IL,עוגיות אצבעות פקאן ל,גרמים,250.00,100 גרם,false,,24.90,0.0996,true,1,386614
7290017724300,false,עוגיות גרנולה אקלר 2,אקלר,IL,עוגיות גרנולה אקלר 2,גרמים,200.00,100 גרם,false,,24.90,0.1245,true,1,386592
7290017746128,false,מארז 10 פיתות ביס לבן,,,פיתות ביס 10 יח' מאפ,גרמים,500.00,100 גרם,false,,12.90,0.0258,true,1,492660
7290017746135,false,מארז 10 פיתות ביס כוסמין,,,10 מיני פיתות כוסמין,גרמים,500.00,100 גרם,false,,13.90,0.0278,true,1,492817
7290017746241,false,לחם לבן בסגנון ניו יורק 500 גרם,,IL,לחם לבן מיוחד בסגנון,גרמים,500.00,100 גרם,false,,14.90,0.0298,true,1,492073
7290017812052,false,יין שיראז קברנה סוביניון אקסלנס Excellence,יקבי כרמל Carmel Winery,IL,אקסלנס שיראז קברנה ס,מיליליטרים,750.00,"100 מ""ל",false,,28.90,0.0385,true,1,133995
7290017812069,false,יין אמרלד ריזלינג שרדונה אקסלנס Excellence,יקבי כרמל Carmel Winery,IL,אקסלנס ריזלינג שרדונ,מיליליטרים,750.00,"100 מ""ל",false,,28.90,0.0385,true,1,133996
7290017812380,false,תירוש מיץ ענבים אדום,,,תירוש מיץ ענבים אדום,מיליליטרים,750.00,"100 מ""ל",false,,12.90,0.0172,true,1,156929
7290017812571,false,יין תירוש אדום 100%ה טבעי 1 ליטר,יקבי כרמל Carmel Winery,IL,תירוש מיץ ענבים אדום,ליטר,1.00,ליטר,false,,22.90,22.9000,true,1,209642
7290017812588,false,יין תירוש לבן 100%ה טבעי 1 ליטר,יקבי כרמל Carmel Winery,IL,תירוש מיץ ענבים לבן,ליטר,1.00,ליטר,false,,22.90,22.9000,true,1,209657
7290017812595,false,"יין ישן נושן יקבי כרמל 750 מ""ל ^^^",יקבי כרמל Carmel Winery,IL,יין ישן נושן לייט 75,מיליליטרים,750.00,"100 מ""ל",false,,20.90,0.0279,true,1,226017
7290017812618,false,מיץ ענבים תירוש רוזה 1 ליטר.,יקבי כרמל,IL,מיץ ענבים רוזה תירוש,ליטר,1.00,ליטר,false,,22.90,22.9000,true,1,226018
7290017812663,false,"כרמל תירוש לבן מבעבע 750 מ""ל",מנדלז סי.אר. פרודקשן,IL,תירוש לבן מבעבע יקבי,מיליליטרים,750.00,"100 מ""ל",false,,21.90,0.0292,true,1,323760
7290017812847,false,"יין סלקטד פרנץ' גוורצטרמינר 750 מ""ל","כד בני דרום בע""מ",IL,סלקטד פרנץ קולומברד,מיליליטרים,750.00,"100 מ""ל",false,,32.90,0.0439,true,1,269449
7290017812861,false,"יין וינו לבן יבש 750 מ""ל",יקבי כרמל,IL,יין וינו לבן יבש יקב,מיליליטרים,750.00,"100 מ""ל",false,,23.90,0.0319,true,1,323702
7290017864556,false,בייבי תרד 250 גר שקי,,,בייבי תרד,גרמים,150.00,100 גרם,false,,9.90,0.0660,true,1,228420
7290017864594,false,שיני שום בצנצנת,,,שיני שום צנצנת,גרמים,140.00,100 גרם,false,,9.90,0.0707,true,1,228421
7290017871967,false,ג'לי אננס טוסו ללא ס,אשבל,IL,ג'ילי בטעם אננס 25 ג,גרמים,25.00,100 גרם,false,,10.90,0.4360,true,1,259612
7290017871974,false,טוסו ג'לי בטעם תות ש,אשבל,IL,ג'ילי בטעם תות שדה 2,גרמים,25.00,100 גרם,false,,10.90,0.4360,true,1,259613
7290017872001,false,"קרם החתלה פרשוואנס שמן זית ופרופוליס 100 סמ""ק",,IL,משחת החתלה פרשוואנס,מיליליטרים,100.00,"100 מ""ל",false,,13.90,0.1390,true,1,220878
7290017872049,false,"פמלי אל סבון בניחוח לוונדר ארומטי- שלישייה 500 מ""ל",אברנסל קוסמטיקס,TR,פמלי אל סבון שלישייה,ליטר,1.50,ליטר,false,,16.90,11.2667,true,1,227606
7290017872070,false,מארז מגבונים לחים בניחוח מרענן פרש וואנס שלישייה,ווטנאפס,IL,פרשוואנס מגבונים מאר,אין,0.00,יחידה,false,,13.90,0.0000,true,1,434889
7290017872179,false,עוגיות טחינה ללא תוספת סוכר,היינץ צפון אמריקה מק,IL,עוגיות טחינה טוסו 20,גרמים,200.00,100 גרם,false,,15.90,0.0795,true,1,225056
7290017872193,false,טוסו עוגיות שקדים וקינמון ללא סוכר 200 גרם,היינץ צפון אמריקה מק,IL,עוגיות שקדים וקינמון,גרמים,200.00,100 גרם,false,,15.90,0.0795,true,1,226825
7290017872865,false,בייביביס חטיפי דגנים אפויים לתינוקות בטעם גזר ועגבנייה,,IL,חטיפי דגנים אפויים ל,גרמים,40.00,100 גרם,false,,13.90,0.3475,true,1,393221
7290017872872,false,בייביביס חטיפי דגנים אפויים לתינוקות בטעם גזר וסלק,,IL,חטיפי דגנים אפויים ל,גרמים,40.00,100 גרם,false,,13.90,0.3475,true,1,393222
7290017873008,false,שקיות להקפאה גלילונית 275 יח',"אשפלסט תעשיות בע""מ",IL,גלילונית שקיות רב שי,אין,0.00,יחידה,false,,16.90,0.0000,true,1,362139
7290017873039,false,מארז זוג שקיות לסנדוויץ גלילונית 2*160 יח',"קינג באג בע""מ",TH,גלילונית שקיות אוכל,אין,0.00,יחידה,false,,13.00,0.0000,true,1,362155
7290017873183,false,"סבון ידיים בניחות אשכולית אדומה 500 מ""ל יהלום",,TR,תחליב רחצה לטיפוח עו,מיליליטרים,500.00,"100 מ""ל",false,,10.90,0.0218,true,1,406952
7290017888095,false,"רביעיית פחיות שוופס מוגז עדין פירות יער 330 מ""ל.",יפאורה תבורי,IL,רביעיית מ.עדין שוופס,ליטר,1.32,ליטר,false,,11.90,9.0152,true,1,140692
7290017888729,false,שוופס סודה בקבוק 1 ל',"יפאורה תבורי בע""מ",IL,שוופס סודה 1 ליטר,ליטר,1.00,ליטר,false,,4.50,4.5000,true,1,221529
7290017894058,false,דגש תערובת להכנת לחם 500 גרם,"אף סי, תבליני הגליל",IL,דגש - תערובת להכנת ל,גרמים,500.00,100 גרם,false,,17.90,0.0358,true,1,260397
7290017894065,false,דגש תערובת קמח רב תכליתי 500 גרם,"אף, סי תבליני הגליל",IL,דגש - תערובת רב תכלי,גרמים,500.00,100 גרם,false,,17.90,0.0358,true,1,260398
7290017917450,false,קמיל בלו סנסיטיב אל סבון ושמפו לתינוק קמומיל ואלוורה,"ד""ר פישר Dr fischer",IL,קמיל בלו סנסטיב אל ס,אין,0.00,יחידה,false,,33.90,0.0000,true,1,149436
7290017917467,false,קמיל בלו סנסטי בשיבולת שועל אל סבון טיפולי לתינוק,"ד""ר פישר Dr fischer",IL,קמיל בלו אל סבון שיב,אין,0.00,יחידה,false,,33.90,0.0000,true,1,149437
7290017928043,false,מאיר בייגל גריסיני קראנץ' מלח 175 ג',מאיר בייגל,IL,גריסיני קראנץ' מלח מ,גרמים,175.00,100 גרם,false,,11.90,0.0680,true,1,205143
7290017928098,false,מאיר בייגל שטוחלה מלח 330 גר',מאיר בייגל,IL,בייגלה שטוח מלח מאיר,גרמים,330.00,100 גרם,false,,11.90,0.0361,true,1,345139
7290017928463,false,מאיר בייגל -סמאש-שבורים בטעם דבש חרדל ובצל 300 גרם,מאיר בייגל,BG,שברי בייגלה דבש חרדל,גרמים,300.00,100 גרם,false,,13.90,0.0463,true,1,275148
7290017928524,false,בייגלה שטוח ניגובים מלח 330 ג' מאיר בייגל,מאיר בייגל,IL,בייגלה שטוח ניגובים,גרמים,300.00,100 גרם,false,,11.90,0.0397,true,1,349248
7290017928616,false,מאיר בייגל שטוחהלה שומשום 300 גר',מאיר בייגל,IL,שטוחלה שומשום מאיר ב,גרמים,300.00,100 גרם,false,,11.90,0.0397,true,1,205154
7290017928661,false,מאיר בייגל -סמאש-שבורים בטעם צ'דר 300 גרם,מאיר בייגל,BG,שברי בייגלה בטעם צ'ד,גרמים,300.00,100 גרם,false,,13.90,0.0463,true,1,275292
7290017928685,false,בייגלה שמיניות עם מלח 400גרם -חדש,מאיר בייגל,IL,בייגלה שמיניות עם מל,גרמים,400.00,100 גרם,false,,11.90,0.0298,true,1,345096
7290017928746,false,פירורי בייגלה מאיר בייגל 200 גר,,,פירורי בייגלה מאיר ב,גרמים,200.00,100 גרם,false,,7.90,0.0395,true,1,398324
7290017928821,false,מאיר בייגל מקלות גריסיני קלאסי 200 ג',מאיר בייגל,IL,מקלות גריסיני קלאסי,גרמים,200.00,100 גרם,false,,11.90,0.0595,true,1,205159
7290017941226,false,מזלגות 40 יח' עבה במ,,,מזלגות 40 יח' עבה במ,אין,0.00,יחידה,false,,8.90,0.0000,true,1,281119
7290017941233,false,סכינים 40 יח' עבה במ,,,סכינים 40 יח' עבה במ,אין,0.00,יחידה,false,,8.90,0.0000,true,1,281102
7290017941264,false,מזלגות 40 יח' עבה במ,,,מזלגות 40 יח' עבה במ,אין,0.00,יחידה,false,,8.90,0.0000,true,1,281105
7290017941271,false,סכינים 40 יח' עבה אי,,,סכינים 40 יח' עבה אי,אין,0.00,יחידה,false,,8.90,0.0000,true,1,278432
7290017941288,false,נר נשמה 24 שעות,,,נר נשמה 24 שעות,אין,0.00,יחידה,false,,2.50,0.0000,true,1,318562
7290017941301,false,נר נשמה 48 שעות בזכו,,,נר נשמה 48 שעות בזכו,אין,0.00,יחידה,false,,5.90,0.0000,true,1,318563
7290017941332,false,נרונים 66 יח' 6 שעות,,,נרונים 66 יח' 6 שעות,אין,0.00,יחידה,false,,26.90,0.0000,true,1,330199
7290017941356,false,נר שבת 72 יח',,,נר שבת 72 יח',אין,0.00,יחידה,false,,34.90,0.0000,true,1,330201
7290017941370,false,להבונים 50 יח' 3 שעו,,,להבונים 50 יח' 3 שעו,אין,0.00,יחידה,false,,10.90,0.0000,true,1,318580
7290017941400,false,כוסות 4OZ אספרסו 50,,,כוסות 4OZ אספרסו 50,אין,0.00,יחידה,false,,10.90,0.0000,true,1,307561
7290017941455,false,כוסות 9oz לשתיה חמה,,,כוסות 9oz לשתיה חמה,אין,0.00,יחידה,false,,14.90,0.0000,true,1,295734
7290017941523,false,שקיות זיפר L לאחסון-,,,שקיות זיפר L לאחסון-,אין,0.00,יחידה,false,,8.90,0.0000,true,1,304139
7290017941660,false,מארז תבניות לחלה עבו,,,מארז תבניות לחלה עבו,אין,0.00,יחידה,false,,14.90,0.0000,true,1,280567
7290017941691,false,מפת שולחן מהודרת 270,,,מפת שולחן מהודרת 270,אין,0.00,יחידה,false,,9.90,0.0000,true,1,318596
7290017941707,false,WIZ זוג מפות ארוח 180*120,,,זוג מפות אירוח 120*1,אין,0.00,יחידה,false,,8.90,0.0000,true,1,318597
7290017941714,false,שקיות רב שימושיות זו,,,שקיות רב שימושיות זו,אין,0.00,יחידה,false,,9.90,0.0000,true,1,310436
7290017941783,false,מארז צלחות מהודר 20+,,,מארז צלחות מהודר 20+,אין,0.00,יחידה,false,,58.90,0.0000,true,1,277403
7290017941820,false,כוסות שתיה קרה כחול,,,כוסות שתיה קרה כחול,אין,0.00,יחידה,false,,14.90,0.0000,true,1,273350
7290017941851,false,מגש איכותי מרובע 9*1,,,מגש איכותי מרובע 9*1,אין,0.00,יחידה,false,,7.90,0.0000,true,1,273366
7290017941929,false,"שיפודי יקטורי 18 ס""מ",,,"שיפודי יקטורי 18 ס""מ",אין,0.00,יחידה,false,,7.90,0.0000,true,1,283242
7290017941943,false,שיפודי במבוק עובי 3,,,שיפודי במבוק עובי 3,אין,0.00,יחידה,false,,3.50,0.0000,true,1,283243
7290017941967,false,שקיות אוכל XL 300 י,,,שקיות אוכל XL 300 י,אין,0.00,יחידה,false,,9.90,0.0000,true,1,310438
7290017941981,false,כוסות 12OZ לשתייה חמ,,,כוסות 12OZ לשתייה חמ,אין,0.00,יחידה,false,,17.90,0.0000,true,1,404777
7290017941998,false,שיפודים רחבים לקבב 9,,,שיפודים רחבים לקבב 9,אין,0.00,יחידה,false,,6.90,0.0000,true,1,283244
7290017946368,false,סוד סבון 4 כדוריות לאסלה אוקיינוס 3*50 ג,הנקל סוד,RS,סוד כדוריות לאסלה P.,גרמים,150.00,100 גרם,false,,21.90,0.1460,true,1,268931
7290017946764,false,מנקה מכונת כביסה 150 גר K2R,הנקל Henkel,,מנקה מכונת כביסה,גרמים,150.00,100 גרם,false,,21.90,0.1460,true,1,268932
7290017946979,false,ג'ל מרוכז לכביסה מנטרל ריחות 2.4 ל' פרסיל,פרסיל Persil,IL,פרסיל ג'ל פרימיום 2.,ליטר,2.40,ליטר,false,,36.90,15.3750,true,1,273411
7290017947105,false,לחם בסגנון אמריקה 500 גר',מאפיית שלמה א. אנג'ל,IL,לחם בסגנון אמריקה אנ,גרמים,500.00,100 גרם,false,,15.90,0.0318,true,1,206927
7290017947464,false,מארז 8 פיתות מקמח כוסמין מלא 400ג',"איטיליאן פוד, אס.פי.",IL,שמיניית פיתות כוסמין,גרמים,400.00,100 גרם,false,,17.90,0.0447,true,1,248151
7290017947495,false,לחמניות כוסמין 450 ג' אנג'ל,"איטיליאן פוד, אס.פי.",IL,6 לחמניות כוסמין אנג,גרמים,450.00,100 גרם,false,,16.90,0.0376,true,1,263269
7290017947891,false,לחם כוסמין וחיטה מלאה 750 ג' אנג'ל,מאפיית שלמה א. אנג'ל,IL,לחם כוסמין וחיטה מלא,גרמים,750.00,100 גרם,false,,17.90,0.0239,true,1,205776
7290017947921,true,מארז לחמניות המבורגר,,,מארז לחמניות המבורגר,גרמים,450.00,100 גרם,false,,15.90,0.0353,true,1,222866
7290017947938,false,מיני לחמניות המבורגר בסגנון אמריקה 400 ג' אנג'ל,מאפיית שלמה א. אנג'ל,IL,8 לחמניות המבורגר בס,גרמים,4000.00,100 גרם,false,,15.90,0.0040,true,1,263791
7290017974255,false,קרפלך גבינה מתוקה 600 גרם,,,קרפלך במילוי גבינה מ,גרמים,0.60,100 גרם,false,,25.90,43.1667,true,1,453449
7290018023495,false,טחינה גולמית 500ג' סבא חביב,מ.א ושות',IL,טחינה גולמית סבא חבי,גרמים,500.00,100 גרם,false,,14.90,0.0298,true,1,443252
7290018043196,false,פראוד - חטיף חלבון בטעם שוקולד לבן עוגיות 60 גרם,הרת'סייד פוד סולושיי,NL,חטיף חלבון בטעם שוקו,גרמים,60.00,100 גרם,false,,13.90,0.2317,true,1,408939
7290018043844,false,חטיף חלבון בוטנים קרמל קראנץ 60 ג' פראוד,פראוד PROUD,NL,חטיף חלבון בטעם בוטנ,גרמים,60.00,100 גרם,false,,13.90,0.2317,true,1,408940
7290018045084,false,דגנים במילוי קרם בטעם בראוניז 480 ג' BON & BON,monday,DE,דגנים במילוי קרם ברא,גרמים,480.00,100 גרם,false,,23.90,0.0498,true,1,376141
7290018045312,false,זוג ספוגי ניקוי סקראב דדי,,US,ספוגים SCOUR DADDY,אין,0.00,יחידה,false,,18.90,0.0000,true,1,488770
7290018045497,false,בון בון דגנים במילוי קרם שוקולד 480 גרם,monday,DE,דגנים במילוי קרם שוק,גרמים,480.00,100 גרם,false,,23.90,0.0498,true,1,376124
7290018045503,false,דגני בוקר הלו קיטי לבבות 311 גר MONDAY,מונדיי Monday,DE,דגני חיטה ואורז בטעם,גרמים,311.00,100 גרם,false,,25.90,0.0833,true,1,497872
7290018045893,false,בון בון דגנים במילוי קרם נוגט 480 גרם,monday,DE,דגנים במילוי קרם נוג,גרמים,480.00,100 גרם,false,,23.90,0.0498,true,1,376126
7290018091616,false,מקלות פילו גבינה מעדנות 450 ג',מיוצר עי קונדיטוריית,IL,מקלות פילו גבינה 450,גרמים,450.00,100 גרם,false,,17.90,0.0398,true,1,233469
7290018091876,false,"מאפה פילו גבינה, 320 גרם מעדנות","מעדנות בע""מ",IL,מאפה פילו גבינה 320,גרמים,320.00,100 גרם,false,,23.90,0.0747,true,1,416018
7290018098578,false,המבורגר 230 גר BEEF FREE,כל טוב,IL,המבורגר 230 גרם BEEF,גרמים,230.00,100 גרם,false,,22.90,0.0996,true,1,436821
7290018098585,false,קציצות 300 גר BEEF FREE,כל טוב,IL,קציצות 300 גרם BEEF,גרמים,300.00,100 גרם,false,,22.90,0.0763,true,1,436836
7290018098592,false,שווארמה 300 גר BEEF FREE,כל טוב,IL,שווארמה 300 גרם BEEF,גרמים,300.00,100 גרם,false,,22.90,0.0763,true,1,436852
7290018132388,false,מטרנה גולד שלב 2 תרכובת מזון על בסיס חלבי,מטרנה,IL,מטרנה גולד בדץ שלב 2,גרמים,700.00,100 גרם,false,,75.90,0.1084,true,1,444556
7290018156087,false,"ד""ר פישר - סרקל אקטיב שמפו 450 מ""ל",,,שמפו אקטיב סרקל 450,מיליליטרים,450.00,"100 מ""ל",false,,35.90,0.0798,true,1,269378
7290018156124,false,"אל סבון קמיל צבעוני ד""ר פישר שלישיה* 500 מ""ל","ד""ר פישר",IL,"אל סבון קמיל 500 מ""ל",ליטר,1.50,ליטר,false,,21.90,14.6000,true,1,269510
7290018165010,false,"יין רזרב גולד גוורצטרמינר 750 מ""ל ברקן",יקבי ברקן שיווק והפצ,IL,יין רזרב גוורצטרמינר,מיליליטרים,750.00,"100 מ""ל",false,,49.90,0.0665,true,1,204334
7290018213247,false,מטליות לחות לרצפה בנ,,,מטליות לרצפה בניחוח,יח',10.00,יח',false,,9.90,0.9900,true,1,226626
7290018225226,false,מייבש שיער מקצועי,,,מייבש שיער מקצועי,אין,0.00,יחידה,false,,79.90,0.0000,true,1,237984
7290018236086,false,נקניקיות עוף במליחות,עיצובים 2020 (4.9),,ע.ט. נקניקיות עוף 12,אלף,1.00,"ק""ג",false,,28.90,28.9000,true,1,309059
7290018237281,false,עוף טוב נקניק סלמי ירדן 550 גר',עיצובים 2020 (4.9),IL,נקניק סלמי ירדן עוף,גרמים,550.00,100 גרם,false,,22.90,0.0416,true,1,341969
7290018237373,false,עוף טוב פסטרמה צרובה על הגריל נתח שלם 8*300 גרם,"עוף טוב (שאן) בע""מ",IL,פסטרמה צרובה על הגרי,גרמים,300.00,100 גרם,false,,28.90,0.0963,true,1,317682
7290018237922,false,עוף טוב שניצלונים ציפוי צ'יפס 700 גרם,עיצובים 2020 (4.9),IL,שניצלונים ציפוי ציפס,גרמים,700.00,100 גרם,false,,21.90,0.0313,true,1,442027
7290018237939,false,שניצלונים ציפוי שומשום עוף טוב 700 גרם,עיצובים 2020 (4.9),IL,שניצלונים ציפוי שומש,גרמים,700.00,100 גרם,false,,21.90,0.0313,true,1,442042
7290018249086,false,ממרח חלבה פיסטוק סוו,,,סוויטאנגו ממרח בטעם,גרמים,350.00,100 גרם,false,,33.90,0.0969,true,1,497966
7290018249222,false,סוויטנגו אבקת ממתיק 100 גרם,מתבל תעשיות מזון,IL,אבקה כמו סוכר 100 גר,אלף,100.00,"ק""ג",false,,14.90,0.1490,true,1,231349
7290018249802,false,ממתיק סוויטאנגו צנצנת 280 גרם,סוויטאנגו Sweetango,IL,כמו סוכר באריזת צנצנ,אלף,280.00,"ק""ג",false,,28.90,0.1032,true,1,231350
7290018249994,false,סוויטאנגו תחליף סוכר ממתיק 700 גר',מתבל תעשיות מזון,IL,סוויטאנגו ממתיק אריז,גרמים,700.00,100 גרם,false,,57.90,0.0827,true,1,490288
7290018294192,false,"יין בלנד היינן אדום יבש 750 מ""ל p.c",יקבי כרמל,IL,יין בלנד היינן פרייב,מיליליטרים,750.00,"100 מ""ל",false,,44.90,0.0599,true,1,413078
7290018294352,false,"ארק יקבי כרמל 700 מ""",יקבי כרמל Carmel Winery,IL,"ארק יקבי כרמל 700 מ""",מיליליטרים,700.00,"100 מ""ל",false,,60.20,0.0860,true,1,391991
7290018294918,false,מונלייט מוסקטו רוזה מתוק מבעבע 750מל,יקבי כרמל Carmel Winery,IL,יין מונלייט סמוק מבע,מיליליטרים,750.00,"100 מ""ל",false,,34.90,0.0465,true,1,443798
7290018333259,false,טופי בטעם תות כרמית 50 גרם,,,כרמית טופי בטעם תות,גרמים,50.00,100 גרם,false,,1.70,0.0340,true,1,256753
7290018344101,false,חטיף חלבון בטעם קקאו וקפה 50 ג' VEG PROTEIN,טבע ירוק,IL,חטיף חלבון קקאו וקפה,גרמים,50.00,100 גרם,false,,10.90,0.2180,true,1,349955
7290018359112,false,יכין פאסאטה מחית עגבניות איטלקיות 690 ג',זנלכל,IL,פאסאטה מחית עגבניות,גרמים,690.00,100 גרם,false,,9.90,0.0143,true,1,279147
7290018359129,false,יכין פולפה עגבניות חתוכות מקולפות דק 690 ג',אמיליאנה קונסרב,IT,פאסאטה מחית עגבניות,גרמים,690.00,100 גרם,false,,9.90,0.0143,true,1,279148
7290018359334,false,רכז עגבניות טבעי פריכוז שף יכין 580 גרם,זנלכל,IL,רכז עגבניות טבעי פרי,גרמים,580.00,100 גרם,false,,10.90,0.0188,true,1,253327
7290018359495,false,תירס מהשדה בלי תוספת סוכר יכין 550 גרם,היינץ צפון אמריקה מק,IL,תירס מהשדה בלי תוספת,גרמים,550.00,100 גרם,false,,10.90,0.0198,true,1,253367
7290018359686,false,חומוס ענק יכין 550 גרם,היינץ צפון אמריקה מק,IL,חומוס ענק יכין 550 ג,גרמים,550.00,100 גרם,false,,9.90,0.0180,true,1,333984
7290018359716,false,רוטב עגבניות פיצה טוסקנה 240 גרם יכין,"זנלכל בע""מ",IL,רוטב פיצה טוסקנה יכי,גרמים,240.00,100 גרם,false,,6.50,0.0271,true,1,288759
7290018359853,false,עדשים שחורות יכין 400 גרם,"זנלכל בע""מ",IL,עדשים שחורות יכין 40,גרמים,400.00,100 גרם,false,,8.90,0.0223,true,1,333985
7290018359884,false,פולפה ליקופן טבעית יכין 400 גר*2,יכין,IL,פולפה ליקופן טבעית י,גרמים,800.00,100 גרם,false,,17.90,0.0224,true,1,380614
7290018359945,false,חאריפה רוטב פיקנטי מפלפלים וירקות 400גר,יכין,IL,חאריפה - רוטב פיקנטי,גרמים,400.00,100 גרם,false,,13.90,0.0348,true,1,439800
7290018359952,false,רוטב עגבניות לפסטה יכין 400 גרם,יכין,IL,רוטב עגבניות לפסטה י,גרמים,400.00,100 גרם,false,,13.90,0.0348,true,1,439801
7290018359969,false,רוטב עגבניות לפיצה יכין 400 גרם,יכין,IL,רוטב עגבניות לפיצה י,גרמים,400.00,100 גרם,false,,13.90,0.0348,true,1,439802
7290018400470,false,כרישה חתוכה מוקפאת 600 גרם סנפרוסט,"סנפרוסט בע""מ",IL,כרישה חתוכה קפואה סנ,גרמים,600.00,100 גרם,false,,14.90,0.0248,true,1,454456
7290018400807,false,טברנה יוונית סנפרוסט 800 גרם,"סנפרוסט בע""מ",IL,טברנה יוונית סנפרוסט,גרמים,600.00,100 גרם,false,,26.90,0.0448,true,1,252062
7290018440223,false,חווית הצ'אי- מסאלה עוצמתי,ויסוצקי,IL,חווית הצ'אי- מסאלה ע,גרמים,50.00,100 גרם,false,,23.90,0.4780,true,1,353514
7290018440247,false,צ'אי שקדים 25 שק' ויסוצקי,ויסוצקי,IL,חווית הצ'אי- שקדים 2,גרמים,50.00,100 גרם,false,,23.90,0.4780,true,1,353516
7290018440254,false,צ'אי קרמל מלוח 25 שק' ויסוצקי,ויסוצקי,IL,חווית הצ'אי- קרמל מל,גרמים,50.00,100 גרם,false,,23.90,0.4780,true,1,353531
7290018440407,false,תה ירוק מאטה קקאו לוז 25 שק' ויסוצקי,ויסוצקי,IL,תה ירוק מאטה בטעם קק,גרמים,37.50,100 גרם,false,,23.90,0.6373,true,1,357285
7290018440438,false,טונה קאלוו איזי פליפ בשמן 65 גר*3,קאלבו קונסרבס ס.ל.ו,ES,טונה easy flip בשמן,גרמים,195.00,100 גרם,false,,26.90,0.1379,true,1,445848
7290018440445,false,טונה קאלוו בשמן זית 160 גר,קאלבו קונסרבס ס.ל.ו,ES,נתחי טונה בהירה בשמן,גרמים,160.00,100 גרם,false,,17.90,0.1119,true,1,434454
7290018440513,false,סלט קליפורנייה קאלוו עם טונה 150 גר,קאלבו קונסרבס ס.ל.ו,ES,סלט טונה עם ירקות בס,גרמים,150.00,100 גרם,false,,15.90,0.1060,true,1,445803
7290018443040,false,נבטים סיניים (בוסתן,,,נבטים סיניים (בוסתן,גרמים,300.00,100 גרם,false,,7.90,0.0263,true,1,327479
7290018443064,false,נבטי אלפלפא (בוסתן),,,נבטי אלפלפא (בוסתן),גרמים,150.00,100 גרם,false,,6.90,0.0460,true,1,327481
7290018443231,false,פרחי כרובית 400 גר -,,,פרחי כרובית 400 גר -,גרמים,400.00,100 גרם,false,,11.90,0.0298,true,1,423969
7290018443835,false,עגבניות שרי לובלו ב,,,עגבניות שרי לובלו ב,גרמים,500.00,100 גרם,false,,12.90,0.0258,true,1,397979
7290018468401,false,פסטרמה צמחונית בטעם גריל 100 גר טירת צבי,טיב טירת צבי 2000,IL,פסטרמה צמחונית בטעם,גרמים,120.00,100 גרם,false,,15.90,0.1325,true,1,477468
7290018468418,false,פסטרמה צמחונית בטעם מפולפל 100 ג טירת צב,טיב טירת צבי 2000,IL,פסטרמה צמחונית מפולפ,גרמים,120.00,100 גרם,false,,15.90,0.1325,true,1,477469
7290018468425,false,נקניק טבעוני בטעם פקנטי 100 גרם טירת צבי,טיב טירת צבי 2000,IL,נקניק טבעוני בטעם מע,גרמים,100.00,100 גרם,false,,15.90,0.1590,true,1,477470
7290018471029,false,"סודה בטעם לימון - מארז 6 בקבוקים 500 מ""ל",יפאורה תבורי בעמ,IL,שוופס סודה לימון שיש,ליטר,3.00,ליטר,false,,14.90,4.9667,true,1,257277
7290018471210,false,קרטונית נקטר ספרינג תפוח סברס 1 ליטר,יפאורה תבורי,IL,קרטונית אגס תפוח וסב,ליטר,1.00,ליטר,false,,6.90,6.9000,true,1,286212
7290018471401,false,משקה פרוט& ווג' אננס בננה כורכום 1 ליטר,פרוט אנד וג' Fruit & Veg,IL,פרוט ווג אננס בננה כ,ליטר,1.00,ליטר,false,,13.90,13.9000,true,1,285059
7290018471449,false,קרטונית ספרינג שייק בננה תמר תפוז 1 ליטר,"יפאורה תבורי בע""מ",IL,ספרינג שייק בננה תמ,ליטר,1.00,ליטר,false,,13.50,13.5000,true,1,311775
7290018471470,false,תפוזינה נקטר תפוז פסיפלורה קרטונית 1 ליטר,"יפאורה תבורי בע""מ",IL,נקטר תפוזינה ENJOY ב,ליטר,1.00,ליטר,false,,6.90,6.9000,true,1,299981
7290018471487,false,תפוזינה נקטר תפוז אננס קרטונית 1 ליטר,"יפאורה תבורי בע""מ",IL,נקטר תפוזינה ENJOY ב,ליטר,1.00,ליטר,false,,6.90,6.9000,true,1,299982
7290018471494,false,תפוזינה משקה תפוז גזר קרטונית 1 ליטר,"יפאורה תבורי בע""מ",IL,נקטר תפוזינה ENJOY ב,ליטר,1.00,ליטר,false,,6.90,6.9000,true,1,299966
7290018471623,false,שוופס טוניק אשכוליות ליצ'י 1 ליטר,"יפאורה תבורי בע""מ",IL,שוופס טוניק אשכוליות,ליטר,1.00,ליטר,false,,9.10,9.1000,true,1,302496
7290018471630,false,שוופס טוניק מלפפון ליים 1 ליטר,"יפאורה תבורי בע""מ",IL,שוופס טוניק מלפפון ל,ליטר,1.00,ליטר,false,,9.10,9.1000,true,1,302497
7290018471692,false,ספרינג שייק בננה אננס קוקוס פירות יער קרטונית 1 ליטר,"יפאורה תבורי בע""מ",IL,ספרינג שייק בננה אננ,ליטר,1.00,ליטר,false,,13.50,13.5000,true,1,311776
7290018471906,false,שוופס מוגז פירות לימונדה ורודה 1.5 ליטר פיקדון,"יפאורה תבורי בע""מ",IL,שוופס מוגז לימונדה ו,ליטר,1.50,ליטר,false,,9.50,6.3333,true,1,356786
7290018471913,false,שוופס מוגז פירות תפוחים 1.5 ליטר-,"יפאורה תבורי בע""מ",IL,שוופס פרוטס תפוחים 1,ליטר,1.50,ליטר,false,,9.50,6.3333,true,1,356787
7290018471937,false,שוופס מוגז פירות תות ליים 1.5 ליטר פיקדון,"יפאורה תבורי בע""מ",IL,שוופס מוגז פירות תות,ליטר,1.50,ליטר,false,,9.50,6.3333,true,1,356803
7290018471944,false,שוופס מוגז פירות לימונייד 1.5 ליטר פיקדון,"יפאורה תבורי בע""מ",IL,שוופס מוגז למונייד 1,ליטר,1.50,ליטר,false,,9.50,6.3333,true,1,356804
7290018471951,false,שוופס מוגז פירות אשכולית אדומה 1.5 ליטר פיקדון,"יפאורה תבורי בע""מ",IL,שוופס פרוטס אשכולית,ליטר,1.50,ליטר,false,,9.50,6.3333,true,1,356805
7290018493144,false,"ד""ר פישר אל סבון נוזלי לידיים קמיל ש ארגן 1 ל'",,IL,אל סבון ארגאן סגול,ליטר,1.00,ליטר,false,,16.90,16.9000,true,1,274125
7290018500231,false,"לחם וויקאנד אנג`ל, 750 גרם",מאפיית אנג'ל,IL,לחם וויקאנד אנג'ל 75,גרמים,750.00,100 גרם,false,,19.90,0.0265,true,1,434439
7290018500361,false,לחם אנג'ל אחיד פרוס 900 גר',מאפיית שלמה א. אנג'ל,IL,לחם אחיד פרוס מאפיית,גרמים,900.00,100 גרם,false,,8.32,0.0092,true,1,441404
7290018500385,true,חלה רגילה אנגל 650 ג,,,חלה רגילה אנגל 650 ג,גרמים,650.00,100 גרם,false,,6.50,0.0100,true,1,463225
7290018540329,false,שקית פיתה פיתה בלדי 800 ג' אנג'ל,מאפיית שלמה א. אנג'ל,IL,פיתה פיתה אנגל 880 ג,יח',10.00,יח',false,,13.90,1.3900,true,1,277417
7290018540817,false,לחם מחמצת כוסמין ארטיזנל 500 גרם,מאפיית אורנים,IL,לחם ארטיזנל כוסמין א,גרמים,500.00,100 גרם,false,,19.90,0.0398,true,1,406082
7290018540824,false,לחם מחמצת כפרי ארטיזנל 500 גרם,מאפיית אורנים,IL,לחם מחמצת כפרי artis,גרמים,500.00,100 גרם,false,,19.90,0.0398,true,1,406083
7290018540831,false,לחם מחמצת חיטה מלאה וגרעינים 500 ג' ארטיזנל,מאפיית אורנים,IL,לחם מחמצת חיטה מלאה,גרמים,500.00,100 גרם,false,,19.90,0.0398,true,1,406427
7290018564677,false,ממרח ארטישוק שף הטבע,,,ממרח ארטישוק שף הטבע,גרמים,200.00,100 גרם,false,,12.90,0.0645,true,1,398601
7290018564707,false,ממרח פלפל קלוי שף הט,,,ממרח פלפל קלוי שף הט,גרמים,200.00,100 גרם,false,,12.90,0.0645,true,1,398604
7290018571415,false,מיה לקקנים מולטיקולור תות בננה 220 גרם,,IL,לקקנים מולטיקולור תו,גרמים,220.00,100 גרם,false,,9.90,0.0450,true,1,386731
7290018571705,false,"אורז יסמין 1 ק""ג מיה.",,IL,"אורז יסמין 1 ק""ג",אלף,1.00,"ק""ג",false,,12.90,12.9000,true,1,436759
7290018571729,false,"אורז ריזוטו עגול 1 ק""ג מיה.",,IL,אורז ריזווטו עגול 1,אלף,1.00,"ק""ג",false,,9.90,9.9000,true,1,436789
7290018571743,false,"אורז מלא מיה 1 ק""ג",,IL,"אורז מלא 1 ק""ג",אלף,1.00,"ק""ג",false,,9.90,9.9000,true,1,436790
7290018626016,false,צלחות וינטג' גדולות,,,צלחות וינטג' גדולות,אין,0.00,יחידה,false,,18.90,0.0000,true,1,292406
7290018626061,false,צלחות גדולות 9 שקוף,,,צלחות גדולות 9 שקוף,אין,0.00,יחידה,false,,21.90,0.0000,true,1,280568
7290018626085,false,לפתניות 4.5 שקוף 50,,,לפתניות 4.5 שקוף 50,אין,0.00,יחידה,false,,9.90,0.0000,true,1,280570
7290018626108,false,קערות אובליות שקוף 5,,,קערות אובליות שקוף 5,אין,0.00,יחידה,false,,11.90,0.0000,true,1,280572
7290018626252,false,תבנית פאי גדולה + מכ,,,תבנית פאי גדולה + מכ,אין,0.00,יחידה,false,,12.90,0.0000,true,1,286372
7290018626269,false,תבנית מהודרת אינגליש,,,תבנית מהודרת אינגליש,אין,0.00,יחידה,false,,12.90,0.0000,true,1,286373
7290018626306,false,פיצה מרגריטה פיטריות,,,פיצה מרגריטה פיטריות,גרמים,400.00,100 גרם,false,,12.90,0.0323,true,1,327775
7290018626399,false,אובלים וינטג' 10 יח',,,אובלים וינטג' 10 יח',אין,0.00,יחידה,false,,10.90,0.0000,true,1,293434
7290018626580,false,צימרונים לאוזנים 100,,,צימרונים לאוזנים 100,אין,0.00,יחידה,false,,2.90,0.0000,true,1,324074
7290018626597,false,צימרונים לאוזנים איכ,,,צימרונים לאוזנים איכ,אין,0.00,יחידה,false,,4.90,0.0000,true,1,324075
7290018626603,false,צימרונים לאוזנים לתי,,,צימרונים לאוזנים לתי,אין,0.00,יחידה,false,,4.90,0.0000,true,1,324090
7290018626610,false,צימרונים לאוזנים מאר,,,צימרונים לאוזנים מאר,אין,0.00,יחידה,false,,9.90,0.0000,true,1,324091
7290018626627,false,מארז תבניות מאפינס 7,,,מארז תבניות מאפינס 7,אין,0.00,יחידה,false,,15.90,0.0000,true,1,374643
7290018626641,false,מארז תבניות רוסטר גד,,,מארז תבניות רוסטר גד,אין,0.00,יחידה,false,,15.90,0.0000,true,1,374673
7290018626825,false,מגש איכותי עגול בינו,,,מגש איכותי עגול בינו,אין,0.00,יחידה,false,,9.90,0.0000,true,1,346089
7290018626894,false,כוסות P.P יהלום כסף,,,כוסות P.P יהלום כסף,אין,0.00,יחידה,false,,10.90,0.0000,true,1,324147
7290018626900,false,מפיות תלת שכבתיות 20,,,מפיות תלת שכבתיות 20,אין,0.00,יחידה,false,,5.90,0.0000,true,1,341096
7290018626917,false,מפיות תלת שכבתיות 20,,,מפיות תלת שכבתיות 20,אין,0.00,יחידה,false,,5.90,0.0000,true,1,341111
7290018626948,false,מפיות תלת שכבתיות 20,,,מפיות תלת שכבתיות 20,אין,0.00,יחידה,false,,5.90,0.0000,true,1,341113
7290018626955,false,מפיות תלת שכבתיות 20,,,מפיות תלת שכבתיות 20,אין,0.00,יחידה,false,,5.90,0.0000,true,1,341114
7290018652657,false,מאגדת לייט יוגורט ומנגו 52X6 גרם,גלידות נסטלה,IL,מאגדת מנגו-יוגורט לי,גרמים,312.00,100 גרם,false,,30.90,0.0990,true,1,424188
7290018703311,false,חטיף חלבון קרם עוגיות קראנץ 60 ג' פראוד,v.s.i,NL,חטיף חלבון בטעם קרם,גרמים,60.00,100 גרם,false,,13.90,0.2317,true,1,411271
7290018720103,false,וופל שוקו ללא סוכר 250 ג' מעדני מלך,"גילרו בע""מ",IL,אפיפיות בטעם שוקו לל,גרמים,250.00,100 גרם,false,,7.90,0.0316,true,1,353560
7290018720219,false,פצפוצי אורז ללא סוכר 250 ג' מעדני מלך,,IL,פיצפוצי אורז ללא סוכ,גרמים,250.00,100 גרם,false,,13.90,0.0556,true,1,451207
7290018777268,false,חטיף חלבון בננה קקאו טבע ירוק 50 גרם,טבע ירוק,IL,חטיף חלבון קקאו בננה,גרמים,50.00,100 גרם,false,,10.90,0.2180,true,1,368393
7290018792841,false,אבקת קקאו טבעי גאנה 150 גר,אברמוביץ עזר קקאו וש,IL,אבקת קקאו דל שומן 15,גרמים,150.00,100 גרם,false,,10.90,0.0727,true,1,473402
7290018818305,false,פיצה אובליינה 260 גר,,,פיצה אובליינה 260 גר,גרמים,260.00,100 גרם,false,,14.90,0.0573,true,1,426607
7290018835005,false,אקסטרה צ'יפס אורז חום פלפל 60 גרם,,BG,אקסטרא צ'יפס אורז חו,גרמים,60.00,100 גרם,false,,8.90,0.1483,true,1,427462
7290018860984,false,אטריות ביצים דקות 400 גרם,xiamen zhongshi impo,CN,אטריות ביצים דקות מז,גרמים,400.00,100 גרם,false,,9.90,0.0248,true,1,462368
7290018886205,false,סכינים עבות 50 יח',,,סכינים עבות 50 יח',אין,0.00,יחידה,false,,10.90,0.0000,true,1,324109
7290018886229,false,מזלגות עבות 50 יח',,,מזלגות עבות 50 יח',אין,0.00,יחידה,false,,10.90,0.0000,true,1,324111
7290018886236,false,כפות עבות 50 יח' שק,,,כפות עבות 50 יח' שק,אין,0.00,יחידה,false,,10.90,0.0000,true,1,324112
7290018886267,false,מגש איכותי מחולק ל 4,,,מגש איכותי מחולק ל 4,אין,0.00,יחידה,false,,9.90,0.0000,true,1,372233
7290018886304,false,פת דגנים סגנון שוודי,סונקו,PL,פת דגנים סגנון שוודי,גרמים,340.00,100 גרם,false,,11.90,0.0350,true,1,345255
7290018886311,false,פת דגנים סגנון שוודי,,,פת דגנים סגנון שוודי,גרמים,170.00,100 גרם,false,,7.90,0.0465,true,1,345238
7290018886328,false,פת דגנים שיפון מאפים,סונקו,PL,פת דגנים שיפון 340 ג,גרמים,340.00,100 גרם,false,,11.90,0.0350,true,1,346800
7290018886335,false,פת דגנים שיפון 170 ג,,,פת דגנים שיפון 170 ג,גרמים,170.00,100 גרם,false,,7.90,0.0465,true,1,345239
7290018886342,false,פת דגנים 7 דגנים 340,סונקו,PL,פת דגנים 7 דגנים 340,גרמים,340.00,100 גרם,false,,11.90,0.0350,true,1,346801
7290018886441,false,כפות מהודרות שקוף 10,,,כפות מהודרות שקוף 10,אין,0.00,יחידה,false,,7.90,0.0000,true,1,372114
7290018886601,false,כוסות דמוי שיש 40 יח,,,כוסות דמוי שיש 40 יח,אין,0.00,יחידה,false,,9.90,0.0000,true,1,324128
7290018886625,false,כוסות דמוי שיש 40 יח,,,כוסות דמוי שיש 40 יח,אין,0.00,יחידה,false,,9.90,0.0000,true,1,324130
7290018886632,false,כוסות דמוי שיש 40 יח,,,כוסות דמוי שיש 40 יח,אין,0.00,יחידה,false,,9.90,0.0000,true,1,324131
7290018886670,false,כוס קינוח מרובעת מדו,,,כוס קינוח מרובעת מדו,אין,0.00,יחידה,false,,11.90,0.0000,true,1,372327
7290018886731,false,כוס קינוח לב 12 יחיד,,,כוס קינוח לב 12 יחיד,אין,0.00,יחידה,false,,13.90,0.0000,true,1,372266
7290018886861,false,קערת סלט בועות טורקי,,,קערת סלט בועות טורקי,אין,0.00,יחידה,false,,10.90,0.0000,true,1,346156
7290018886922,false,סכינים מוכספים 20 י,,,סכינים מוכספים 20 י,אין,0.00,יחידה,false,,9.90,0.0000,true,1,346190
7290018886939,false,מזלגות מוכספים 20 י,,,מזלגות מוכספים 20 י,אין,0.00,יחידה,false,,9.90,0.0000,true,1,346191
7290018886946,false,כפות מוכספים 20 יח',,,כפות מוכספים 20 יח',אין,0.00,יחידה,false,,9.90,0.0000,true,1,346192
7290018886953,false,כפיות מוכספים 20 יח,,,כפיות מוכספים 20 יח,אין,0.00,יחידה,false,,9.90,0.0000,true,1,346193
7290018893005,false,"חטיפי בייגלה אפוי בטעם חרדל ודבש, 160 גרם",צ'וקטה Chocketa,RO,בייגלה שטוח בתוספת ח,גרמים,200.00,100 גרם,false,,7.90,0.0395,true,1,369615
7290018893104,false,צ'וקטה ביסקוויט מצופה שוקולד מריר 100 גרם,צ'וקטה Chocketa,,צ'וקטה עוגיות מצופות,גרמים,100.00,100 גרם,false,,7.90,0.0790,true,1,419411
7290018893142,false,צ'וקטה גריסיני בתוספת שמן זית 120 גרם,צ'וקטה Chocketa,US,צ'וקטה גריסיני שמן ז,גרמים,120.00,100 גרם,false,,8.90,0.0742,true,1,443311
7290018893456,false,צ'וקטה מארז עוגות אישיות במילוי קרם ובציפוי שוקולד 10*30ג,פרדי קונדטוריה אס.פי,IT,צ'וקטה עוגות אישיות,אין,300.00,יחידה,false,,14.90,0.0497,true,1,328456
7290018893647,false,צ'וקטה עוגיות סנדביץ מצופות 150 גרם חלב נוכרי,צ'וקטה Chocketa,BE,עוגיות סנדויץ' מצופו,גרמים,150.00,100 גרם,false,,10.00,0.0667,true,1,378125
7290018893654,false,חטיפי בייגלה דקיקים ופריכים מלח צ'וקטה 200 ג',צ'וקטה Chocketa,RO,צ'וקטה חטיף בייגלה ב,גרמים,200.00,100 גרם,false,,7.90,0.0395,true,1,346661
7290018893852,false,חטיפי בייגלה דקיקים ופריכים שומשום צ'וקטה 200 ג',צ'וקטה Chocketa,RO,צ'וקטה חטיף בייגלה ב,גרמים,200.00,100 גרם,false,,7.90,0.0395,true,1,346662
7290018893906,false,עוגיות סנדוויץ' במילוי קרם בטעם וניל,צ'וקטה Chocketa,ES,צ'וקטה עוגיות סנדביץ,גרמים,250.00,100 גרם,false,,7.90,0.0316,true,1,419413
7290018893937,false,לוקיטוס סוכריות ג'לי בטעמי פירות 300 גרם,לאבדס,GR,לוקיטוס סוכריות ג'לי,גרמים,300.00,100 גרם,false,,9.90,0.0330,true,1,488260
7290018894002,false,בלקוני וופל קוביות קקאו 250 גרם חלבי OU,בלקוני Balconi,IT,בלקוני קוביות וופל ק,גרמים,250.00,100 גרם,false,,12.90,0.0516,true,1,433568
7290018894019,false,עוגות אישיות במילוי קרם חלבי ובציפוי קרם קקאו,בלקוני Balconi,IT,עוגות אישיות מיקס מק,גרמים,350.00,100 גרם,false,,15.90,0.0454,true,1,423493
7290018894200,false,בלקוני וופל קוביות ויל 250 גרם חלבי OU,בלקוני Balconi,IT,בלקוני קוביות וופל ו,גרמים,250.00,100 גרם,false,,12.90,0.0516,true,1,433569
7290018894217,false,עוגות אישיות במילוי קרם קקאו ובציפוי קרם קקאו,בלקוני Balconi,IT,עוגות אישיות מיקס מק,גרמים,350.00,100 גרם,false,,15.90,0.0454,true,1,423508
7290018894408,false,קוביות וופל במילוי קרם אגוזי לוז - חלבי,בלקוני Balconi,IT,בלקוני קוביות וופל א,גרמים,250.00,100 גרם,false,,12.90,0.0516,true,1,433570
7290018894804,false,וופלים במילוי קרם אגוזי לוז - חלבי,בלקוני Balconi,IT,וופל במילוי קרם אגוז,גרמים,175.00,100 גרם,false,,8.90,0.0509,true,1,423540
7290018921067,false,"ד""ר פישר - אפקטיב קר תחליב רחצה שמן שקדים 700 מ""ל","ד""ר פישר Dr fischer",IL,תחליב רחצה לגוף מועש,מיליליטרים,700.00,"100 מ""ל",false,,17.90,0.0256,true,1,370275
7290018921166,false,"אל סבון נוזלי ניקוי יסודי ד""ר פישר 1 ל""",,IL,אל סבון ניקיון ולחות,ליטר,1.00,ליטר,false,,16.90,16.9000,true,1,349174
7290018921456,false,"ד""ר פישר - אפקטיב קר תחליב רחצה שמן כותנה 700 מ""ל","ד""ר פישר Dr fischer",IL,תחליב רחצה לגוף מועש,מיליליטרים,700.00,"100 מ""ל",false,,17.90,0.0256,true,1,370292
7290018925065,false,מיץ פרימור תפוזים סחוט 2 ליטר-,"גניר (1992) בע""מ",IL,פרימור מיץ תפוזים סח,ליטר,2.00,ליטר,false,,27.90,13.9500,true,1,363938
7290018925089,false,"מיץ פרימור תפו""ע צלול סחוט 2 ליטר-","גניר (1992) בע""מ",IL,פרימור מיץ תפוחים צל,ליטר,2.00,ליטר,false,,27.90,13.9500,true,1,363939
7290018925096,false,משקה קל תפוזים 1.5 ל' פרימור,פרימור,IL,פרימור משקה קל תפוזי,ליטר,1.50,ליטר,false,,10.50,7.0000,true,1,356185
7290018925102,false,משקה קל ענבים 1.5 ל' פרימור,פרימור,IL,פרימור משקה קל ענבים,ליטר,1.50,ליטר,false,,10.50,7.0000,true,1,356203
7290018925126,false,משקה קל תפוחי עץ 1.5ל' פרימור,פרימור,IL,פרימור משקה קל תפוחי,ליטר,1.50,ליטר,false,,10.50,7.0000,true,1,356186
7290018925133,false,משקה קל מנגו 1.5ל' פרימור,פרימור,IL,פרימור משקה קל מנגו,ליטר,1.50,ליטר,false,,10.50,7.0000,true,1,356248
7290018925140,false,משקה קל אשכוליות 1.5ל' פרימור,פרימור,IL,פרימור משקה קל אשכול,ליטר,1.50,ליטר,false,,10.50,7.0000,true,1,356187
7290018925157,false,משקה קל לימונים 1.5ל' פרימור,פרימור,IL,פרימור משקה קל לימונ,ליטר,1.50,ליטר,false,,10.50,7.0000,true,1,356204
7290018925164,false,משקה קל תות-בננה 1.5ל' פרימור,פרימור,IL,פרימור משקה קל תות ב,ליטר,1.50,ליטר,false,,10.50,7.0000,true,1,356188
7290018925409,false,"מיץ לימון ואננס 400 מ""ל פרימור","גניר בע""מ",IL,משקה קל לימון אננס פ,מיליליטרים,400.00,"100 מ""ל",false,,7.90,0.0197,true,1,454408
7290018925416,false,"מיץ לימון ופסיפלורה 400 מ""ל פרימור","גניר בע""מ",IL,משקה קל לימון פסיפלו,מיליליטרים,400.00,"100 מ""ל",false,,7.90,0.0197,true,1,454409
7290018929209,false,ניילון לכיסוי מזון 30 יח' SHINY,,,Fresh Cover ניילון ל,אין,0.00,יחידה,false,,8.90,0.0000,true,1,455132
7290018989005,false,שלישיית פולפה עגבניות טבעי יכין 400X3 גרם,זנלכל,IL,פולפה טבעית יכין 3*,אלף,1.20,"ק""ג",false,,17.90,14.9167,true,1,380629
7290018989081,false,חומוס הבית להכנת חומוס טרי יכין 400 גר,זנלכל,IL,חומוס הבית יכין 400,גרמים,400.00,100 גרם,false,,9.90,0.0248,true,1,438646
7290018989128,false,סירופ בטעם ענבים יכין 1 ליטר,זנלכל,IL,סירופ בטעם ענבים יכי,אין,0.00,יחידה,false,,20.90,0.0000,true,1,439877
7290018989135,false,סירופ בטעם פטל יכין 1 ליטר,זנלכל,IL,סירופ בטעם פטל יכין,אין,0.00,יחידה,false,,20.90,0.0000,true,1,440450
7290019014010,false,טאצ' נוזל רצפות לגונה 4 ליטר,,,נוזל רצפות לגונה טאצ,ליטר,4.00,ליטר,false,,13.90,3.4750,true,1,377114
7290019014065,false,טאצ' נוזל רצפות 2 ליטר ערפילי שחר,,,נוזל רצפות ערפילי שח,ליטר,2.00,ליטר,false,,18.90,9.4500,true,1,377131
7290019031000,false,WIZ מארז חמישיית ניי,,,WIZ מארז חמישיית ניי,אין,0.00,יחידה,false,,11.90,0.0000,true,1,374731
7290019031048,false,להבונים ריחניים וניל,,,להבונים ריחניים וניל,אין,0.00,יחידה,false,,12.90,0.0000,true,1,410570
7290019031062,false,תבנית R-2 מלבנית 7 י,,,תבנית R-2 מלבנית 7 י,אין,0.00,יחידה,false,,9.90,0.0000,true,1,398289
7290019031079,false,תבנית R-29 מרובעת קט,,,תבנית R-29 מרובעת קט,אין,0.00,יחידה,false,,9.90,0.0000,true,1,398290
7290019031086,false,תבנית R-31 גדולה 7 י,,,תבנית R-31 גדולה 7 י,אין,0.00,יחידה,false,,9.90,0.0000,true,1,398291
7290019031093,false,תבנית R-64 בינונית 7,,,תבנית R-64 בינונית 7,אין,0.00,יחידה,false,,9.90,0.0000,true,1,398292
7290019031109,false,תבנית R-88 אינגליש 1,,,תבנית R-88 אינגליש 1,אין,0.00,יחידה,false,,9.90,0.0000,true,1,398293
7290019031116,false,תבנית R-99 ענקית 3 י,,,תבנית R-99 ענקית 3 י,אין,0.00,יחידה,false,,9.90,0.0000,true,1,398294
7290019031123,false,WIZ תבניות אלומיניום עגול 5 יח חזקות,,,תבנית אלומינים A-14,אין,0.00,יחידה,false,,9.90,0.0000,true,1,398295
7290019031130,false,WIZ תבניות מאפינס אל,,,WIZ תבניות מאפינס אל,אין,0.00,יחידה,false,,16.90,0.0000,true,1,424511
7290019031178,false,כפפות לטקס 100 יח' S,,,כפפות לטקס 100 יח' S,אין,0.00,יחידה,false,,32.90,0.0000,true,1,389046
7290019031239,false,כוסות 16OZ לשתייה חמ,,,כוסות 16OZ לשתייה חמ,אין,0.00,יחידה,false,,15.90,0.0000,true,1,404747
7290019031314,false,קערות אובליות לבנות,,,קערות אובליות לבנות,אין,0.00,יחידה,false,,7.90,0.0000,true,1,393126
7290019031321,false,"מרקיות 7"" לבנות 25 י",,,"מרקיות 7"" לבנות 25 י",אין,0.00,יחידה,false,,10.90,0.0000,true,1,393127
7290019031338,false,"צלחות קטנות 7"" לבנות",,,"צלחות קטנות 7"" לבנות",אין,0.00,יחידה,false,,9.90,0.0000,true,1,393128
7290019031345,false,צלחות גדולות 9 לבן 2,,,צלחות גדולות 9 לבן 2,אין,0.00,יחידה,false,,12.90,0.0000,true,1,378203
7290019031352,false,"צלחות ענקיות 10"" לבנ",,,"צלחות ענקיות 10"" לבנ",אין,0.00,יחידה,false,,24.90,0.0000,true,1,393129
7290019031369,false,"צלחות גדולות 9"" קרם",,,"צלחות גדולות 9"" קרם",אין,0.00,יחידה,false,,15.90,0.0000,true,1,393130
7290019031376,false,סבון ידיים אוקיינוס,,,סבון ידיים אוקיינוס,ליטרים,1.00,100 ליטר,false,,10.90,10.9000,true,1,393079
7290019031383,false,סבון ידיים מאסק 1 לי,,,סבון ידיים מאסק 1 לי,ליטרים,1.00,100 ליטר,false,,10.90,10.9000,true,1,393080
7290019031390,false,סבון ידיים אביבי 1 ל,,,סבון ידיים אביבי 1 ל,ליטרים,1.00,100 ליטר,false,,10.90,10.9000,true,1,393081
7290019031406,false,רביעיית מגבונים לחים,,,רביעיית מגבונים לחים,אין,0.00,יחידה,false,,9.90,0.0000,true,1,404646
7290019031420,false,אל סבון נוזלי שלישיי,,,אל סבון נוזלי שלישיי,מיליליטרים,500.00,"100 מ""ל",false,,11.90,0.0238,true,1,404588
7290019031437,false,אשפתון 65X75 XL חזק,,,אשפתון 65X75 XL חזק,אין,0.00,יחידה,false,,20.90,0.0000,true,1,417573
7290019031444,false,אשפתון 65X54 XL חזקו,,,אשפתון 65X54 XL חזקו,אין,0.00,יחידה,false,,19.90,0.0000,true,1,417574
7290019031475,false,WIZ צלחות מתכלות גדו,,,WIZ צלחות מתכלות גדו,אין,0.00,יחידה,false,,10.90,0.0000,true,1,453280
7290019031543,false,שמן זית כתית מעולה א,,,שמן זית כתית מעולה א,מיליליטרים,750.00,"100 מ""ל",false,,30.90,0.0412,true,1,404545
7290019031581,false,מארז 10 גביעיים + מכ,,,מארז 10 גביעיים + מכ,ליטר,500.00,ליטר,false,,10.90,0.0218,true,1,399068
7290019031628,false,מטליות מיקרופייבר לר,,,מטליות מיקרופייבר לר,אין,0.00,יחידה,false,,13.90,0.0000,true,1,453337
7290019031642,false,WIZ צלחות ענקיות שקו,,,WIZ צלחות ענקיות שקו,אין,0.00,יחידה,false,,24.90,0.0000,true,1,453317
7290019031666,false,WIZ צלחות קטנות שקופ,,,WIZ צלחות קטנות שקופ,אין,0.00,יחידה,false,,10.90,0.0000,true,1,453319
7290019031673,false,"WIZ מרקיות שקופות 7""",,,"WIZ מרקיות שקופות 7""",אין,0.00,יחידה,false,,10.90,0.0000,true,1,453320
7290019031697,false,WIZ לפתניות שקופות 2,,,WIZ לפתניות שקופות 2,אין,0.00,יחידה,false,,6.90,0.0000,true,1,453338
7290019031710,false,מגשי דקל מלבניים 5 י,,,מגשי דקל מלבניים 5 י,אין,0.00,יחידה,false,,14.90,0.0000,true,1,471865
7290019031833,false,"WIZ צלחות לבנות 9"" מ",,,"WIZ צלחות לבנות 9"" מ",אין,0.00,יחידה,false,,37.90,0.0000,true,1,471962
7290019056027,false,שוופס מוגז פירות תפוחים ללא סוכר 1.5 ליטר פיקדון,"יפאורה תבורי בע""מ",IL,שוופס מוגז פירות תפו,ליטר,1.50,ליטר,false,,8.90,5.9333,true,1,356820
7290019056034,false,שוופס מוגז פירות אננס ללא סוכר 1.5 ליטר פיקדון,יפאורה תבורי,IL,שוופס מוגז פירות אננ,ליטר,1.50,ליטר,false,,8.90,5.9333,true,1,356821
7290019056041,false,שוופס מוגז פירות לימונייד ללא סוכר 1.5 ליטר פיקדון,יפאורה תבורי,IL,שוופס מוגז פירות ללא,ליטר,1.50,ליטר,false,,8.90,5.9333,true,1,356822
7290019056065,false,שוופס מוגז עדין פירות יער 1.5 ליטר פיקדון,"יפאורה תבורי בע""מ",IL,שוופס מוגז עדין פירו,ליטר,1.50,ליטר,false,,8.90,5.9333,true,1,356487
7290019056072,false,שוופס מוגז עדין אננס 1.5 ליטר פיקדון,יפאורה תבורי בעמ,IL,שוופס מוגז עדין אננס,ליטר,1.50,ליטר,false,,8.90,5.9333,true,1,356503
7290019056089,false,שוופס מוגז עדין ענבי ריזלינג 1.5 ליטר פיקדון,"יפאורה תבורי בע""מ",IL,שוופס מוגז עדין טעם,ליטר,1.50,ליטר,false,,8.90,5.9333,true,1,356504
7290019056119,false,שוופס סודה 1.5 ליטר פיקדון,"יפאורה תבורי בע""מ",IL,שוופס סודה 1.5ליטר,ליטר,1.50,ליטר,false,,4.50,3.0000,true,1,356370
7290019056126,false,שוופס סודה לימון 1.5 ליטר בק' בודד פיקדון,"יפאורה תבורי בע""מ",IL,שוופס סודה לימון 1.5,ליטר,1.50,ליטר,false,,4.50,3.0000,true,1,356837
7290019056164,false,שוופס סודה 1.5 ליטר רביעייה פיקדון,"יפאורה תבורי בע""מ",IL,שוופס סודה 4*1.5ליטר,ליטר,6.00,ליטר,false,,12.50,2.0833,true,1,356387
7290019056171,false,שוופס סודה לימון 1.5 ליטר רביעייה פיקדון,"יפאורה תבורי בע""מ",IL,שוופס סודה לימון 4*1,ליטר,6.00,ליטר,false,,12.50,2.0833,true,1,356403
7290019056188,false,שוופס סודה נענע ליים 1.5 ליטר רביעייה פיקדון,"יפאורה תבורי בע""מ",IL,שוופס סודה נענע ליים,ליטר,6.00,ליטר,false,,12.50,2.0833,true,1,356404
7290019056232,false,משקה מוגז בטעם ליים מוחיטו 1.5 ל' שוופס,"יפאורה תבורי בע""מ",IL,שוופס ליים מוחיטו 1.,ליטר,1.50,ליטר,false,,9.50,6.3333,true,1,356522
7290019056294,false,שוופס ג'ינג'ר אייל 1.5 ליטר פיקדון,"יפאורה תבורי בע""מ",IL,שוופס ג'ינג'ר אייל 1,ליטר,1.50,ליטר,false,,12.50,8.3333,true,1,356854
7290019056300,false,משקה בטעם ביטר לימון 1.5 ל' שוויפס,"יפאורה תבורי בע""מ",IL,שוופס ביטר לימון 1.5,ליטר,1.50,ליטר,false,,12.50,8.3333,true,1,356869
7290019056317,false,שוופס ראשן 1.5 ליטר פיקדון,"יפאורה תבורי בע""מ",IL,שוופס ראשן 1.5 ליטר,ליטר,1.50,ליטר,false,,12.50,8.3333,true,1,356870
7290019056324,false,שוופס טוניק 1.5 ליטר פיקדון,"יפאורה תבורי בע""מ",IL,שוופס מי טוניק 1.5 ל,ליטר,1.50,ליטר,false,,12.50,8.3333,true,1,356871
7290019056331,false,שוופס טוניק ללא סוכר 1.5 ליטר פיקדון,יפאורה תבורי בעמ,IL,שוופס טוניק ללא סוכר,ליטר,1.50,ליטר,false,,11.90,7.9333,true,1,356872
7290019056355,false,תפוזינה לימונדה MIX לימונענע 1.5 ליטר,"יפאורה תבורי בע""מ",IL,תפוזינה לימונדה נענע,ליטר,1.50,ליטר,false,,8.90,5.9333,true,1,355916
7290019056362,false,תפוזינה ענבים 1.5 ליטר פיקדון,"יפאורה תבורי בע""מ",IL,תפוזינה ענבים 1.5 לי,ליטר,1.50,ליטר,false,,8.90,5.9333,true,1,355995
7290019056379,false,תפוזינה תפוזים 1.5 ליטר פיקדון,"יפאורה תבורי בע""מ",IL,תפוזינה תפוזים 1.5 ל,ליטר,1.50,ליטר,false,,8.90,5.9333,true,1,356030
7290019056386,false,פתוזינה אשכולית 1.5 ליטר פיקדון,"יפאורה תבורי בע""מ",IL,תפוזינה אשכוליות 1.5,ליטר,1.50,ליטר,false,,8.90,5.9333,true,1,356049
7290019056393,false,תפוזינה תות בננה 1.5 ליטר פיקדון,"יפאורה תבורי בע""מ",IL,תפוזינה תות בננה 1.5,ליטר,1.50,ליטר,false,,8.90,5.9333,true,1,356067
7290019056409,false,תפוזינה מנגו 1.5 ליטר פיקדון,"יפאורה תבורי בע""מ",IL,תפוזינה מנגו עסיסי 1,ליטר,1.50,ליטר,false,,8.90,5.9333,true,1,356068
7290019056423,false,מיץ בטעם תפוח רענן 1.5ל' תפוזינה,"יפאורה תבורי בע""מ",IL,תפוזינה תפוח רענן 1.,ליטר,1.50,ליטר,false,,8.90,5.9333,true,1,356112
7290019056430,false,תפוזינה תפוזים לייט 1.5 ליטר פיקדון,"יפאורה תבורי בע""מ",IL,תפוזינה תפוז 1.5 ליט,ליטר,1.50,ליטר,false,,8.90,5.9333,true,1,356127
7290019056447,false,תפוזינה אשכוליות לייט 1.5 ליטר פיקדון,"יפאורה תבורי בע""מ",IL,תפוזינה אשכוליות 1.5,ליטר,1.50,ליטר,false,,8.90,5.9333,true,1,356142
7290019056461,false,מארז משקה בטעם קולה שישייה * 1.5 ל' אר.סי,יפאורה תבורי,IL,אר.סי קולה 6*1.5 ליט,ליטר,9.00,ליטר,false,,40.90,4.5444,true,1,356985
7290019056508,false,פרוט ווטר ענבים 1.5 ליטר פיקדון,"יפאורה תבורי בע""מ",IL,פרוט ווטר ענבים 1.5,ליטר,1.50,ליטר,false,,9.50,6.3333,true,1,356233
7290019056515,false,פרוט ווטר אננס 1.5 ליטר פיקדון,"יפאורה תבורי בע""מ",IL,פרוט ווטר אננס 1.5 ל,ליטר,1.50,ליטר,false,,9.50,6.3333,true,1,356277
7290019056522,false,פרוט ווטר תות 1.5 ליטר פיקדון,"יפאורה תבורי בע""מ",IL,פרוט ווטר תות 1.5 לי,ליטר,1.50,ליטר,false,,9.50,6.3333,true,1,356292
7290019056539,false,פרוט ווטר אפרסק 1.5 ליטר פיקדון,"יפאורה תבורי בע""מ",IL,פרוט ווטר אפרסק 1.5,ליטר,1.50,ליטר,false,,9.50,6.3333,true,1,356293
7290019056546,false,פרוט ווטר אבטיח 1.5 ליטר פיקדון,"יפאורה תבורי בע""מ",IL,פרוט ווטר אבטיח 1.5,ליטר,1.50,ליטר,false,,9.50,6.3333,true,1,356294
7290019056553,false,עין גדי מים מינרלים 2 ליטר*6 יח',עין גדי מים מינרליים,IL,עין גדי מים מינרלים,ליטר,12.00,ליטר,false,,13.70,1.1417,true,1,357046
7290019056560,false,עין גדי 2 ליטר בק' בודד פיקדון,יפאורה תבורי,IL,עין גדי מים מינרלים,ליטר,2.00,ליטר,false,,3.90,1.9500,true,1,357047
7290019056577,false,ספרינג מנגו 1.5 ליטר פיקדון,"יפאורה תבורי בע""מ",IL,ספרינג מנגו 1.5 ליטר,ליטר,1.50,ליטר,false,,8.90,5.9333,true,1,355752
7290019056591,false,ספרינג ענבים 1.5 ליטר פיקדון,"יפאורה תבורי בע""מ",IL,ספרינג ענבים 1.5 ליט,ליטר,1.50,ליטר,false,,8.90,5.9333,true,1,355799
7290019056607,false,ספרינג תפוחים 1.5 ליטר פיקדון,"יפאורה תבורי בע""מ",IL,ספרינג תפוחים 1.5 לי,ליטר,1.50,ליטר,false,,8.90,5.9333,true,1,355800
7290019056614,false,ספרינג אפרסק 1.5 ליטר פיקדון,"יפאורה תבורי בע""מ",IL,ספרינג אפרסק 1.5 ליט,ליטר,1.50,ליטר,false,,8.90,5.9333,true,1,355815
7290019056621,false,ספרינג פירות טרופיים 1.5 ליטר פיקדון,"יפאורה תבורי בע""מ",IL,ספרינג פירות טרופיים,ליטר,1.50,ליטר,false,,8.90,5.9333,true,1,355830
7290019056638,false,ספרינג תות בננה 1.5 ליטר פיקדון,"יפאורה תבורי בע""מ",IL,ספרינג תות בננה 1.5,ליטר,1.50,ליטר,false,,8.90,5.9333,true,1,355849
7290019056645,false,ספרחנג אגס תפוח סברס 1.5 ליטר פיקדון,"יפאורה תבורי בע""מ",IL,ספרינג אגס סברס תפוח,ליטר,1.50,ליטר,false,,8.90,5.9333,true,1,355850
7290019056652,false,ספרינג אננס בננה 1.5 ליטר פיקדון,"יפאורה תבורי בע""מ",IL,ספרינג אננס בננה 1.5,ליטר,1.50,ליטר,false,,8.90,5.9333,true,1,355892
7290019056669,false,ספרינג תפוחים גיאט 1.5 ליטר פיקדון,"יפאורה תבורי בע""מ",IL,ספרינג תפוחים דיאט 1,ליטר,1.50,ליטר,false,,8.90,5.9333,true,1,355893
7290019056676,false,מיץ דיאט בטעם אשכוליות ואננס 1.5ל' ספרינג,"יפאורה תבורי בע""מ",IL,ספרינג דיאט אשכוליות,ליטר,1.50,ליטר,false,,8.90,5.9333,true,1,367685
7290019056959,false,מי עדן 1.5 ליטר בק' בודד פיקדון,מופק ממקור בזלתי עדן,IL,מי עדן 1.5 ליטר,ליטר,1.50,ליטר,false,,3.90,2.6000,true,1,367686
7290019056973,false,שישיית מי עדן 1.5 ליטר משפחתי,מופק ממקור בזלתי עדן,IL,מי עדן 6*1.5 ליטר,ליטר,9.00,ליטר,false,,13.90,1.5444,true,1,357000
7290019145080,false,מראקש ערק לימון 700,,,מראקש ערק לימון 700,מיליליטרים,700.00,"100 מ""ל",false,,39.90,0.0570,true,1,508384
7290019153252,false,שוופס סודה תפוח 1.5 ליטר רביעייה פיקדון,יפאורה תבורי,IL,שוופס סודה תפוח 4*1.,ליטר,6.00,ליטר,false,,12.50,2.0833,true,1,421225
7290019153269,false,שוופס סודה אננס 1.5 ליטר רביעייה פיקדון,יפאורה תבורי,IL,שוופס סודה אננס 4*1.,ליטר,6.00,ליטר,false,,12.50,2.0833,true,1,421226
7290019153344,false,מיץ בטעם סנגרייה 1.5 ל' תפוזינה,"יפאורה תבורי בע""מ",IL,תפוזינה סנגריה 1.5 ל,ליטר,1.50,ליטר,false,,8.90,5.9333,true,1,429581
7290019153351,false,מיץ בטעם פינק אוזו 1.5 ל' תפוזינה,"יפאורה תבורי בע""מ",IL,תפוזינה פינק אוזו 1.,ליטר,1.50,ליטר,false,,8.90,5.9333,true,1,429582
7290019153375,false,מיץ בטעם מוחיטו 1.5 ל' תפוזינה,"יפאורה תבורי בע""מ",IL,תפוזינה מוחיטו 1.5 ל,ליטר,1.50,ליטר,false,,8.90,5.9333,true,1,429597
7290019204008,false,עוף טוב פסטרמה ארבעה פלפלים 350גרם,עיצובים 2020 (4.9),IL,פסטרמה ארבעה פלפלים,גרמים,350.00,100 גרם,false,,26.90,0.0769,true,1,460709
7290019230007,false,חלה קמח כוסמין ספיישל בייקרי,ספיישל בייקרי,IL,חלה כוסמין ארוזה ביי,גרמים,500.00,100 גרם,false,,16.90,0.0338,true,1,358597
7290019230021,false,חלה גדולה ספיישל ביקרי,ספיישל בייקרי,IL,חלה גדולה ארוזה בייק,גרמים,500.00,100 גרם,false,,14.90,0.0298,true,1,358613
7290019232186,false,תה ירוק לימונית לואיזהSTAY WELL 25 שקיקים ויסוצקי,ויסוצקי,IL,תה ירוק לימונית לואי,גרמים,37.50,100 גרם,false,,22.90,0.6107,true,1,495803
7290019232377,false,חווית הצ'איתה שחור בטעם וניל והל 25 יח' ויסוצקי,ויסוצקי,IL,חווית הצ'אי- 25 שקי,גרמים,55.00,100 גרם,false,,23.90,0.4345,true,1,502478
7290019233008,false,רוטב עגבניות עם קוביות ארטישוק ושמן זית 420ג ויסוצקי,דליציה דורה אס.אר.אל,IT,רוטב עגבניות עם קובי,גרמים,420.00,100 גרם,false,,14.90,0.0355,true,1,455317
7290019233015,false,רוטב שקשוקה תבשיל ירקות עם שמן זית כתית מעולה 420ג זיתא,זיתא,IT,שקשוקה ירוקה תבשיל י,גרמים,420.00,100 גרם,false,,14.90,0.0355,true,1,455333
7290019233022,false,שקשוקה חצילים רוטב עגבניות עם קוביות חצילים צלויים,דליציה דורה אס.אר.אל,IT,רוטב עגבניות לשקשוקה,גרמים,420.00,100 גרם,false,,14.90,0.0355,true,1,455334
7290019233039,false,שקשוקה קלאסית- רוטב עגבניות עם קוביות פלפלים צלויים,דליציה דורה אס.אר.אל,IT,רוטב עגבניות לשקשוקה,גרמים,420.00,100 גרם,false,,14.90,0.0355,true,1,434518
7290019245001,false,שמן קנולה אלומות 1 ל,סקנולה,EE,שמן קנולה אלומות 1 ל,ליטר,1.00,ליטר,false,,11.90,11.9000,true,1,416152
7290019267737,true,חלה וויזניץ 500 גרם,,,חלה וויזניץ 500 גרם,יח',1.00,יח',false,,17.90,17.9000,true,1,498480
7290019297451,false,מי ורדים שקדיה 500 מ,אף.סי תבליני בגליל ב,BE,מי ורדים שקדיה 500 מ,מיליליטרים,500.00,"100 מ""ל",false,,14.90,0.0298,true,1,5543
7290019297536,false,חמאת בוטנים עם שברי בוטנים Crazy or Nuts,דין שיווק,,חמאת בוטנים עם שברי,גרמים,510.00,100 גרם,false,,11.90,0.0233,true,1,5547
7290019393061,false,"קמח כוסמין 100% ללא צורך בניפוי 1 ק""ג האופה",,IL,קמח כוסמין מלא מנופה,אלף,1.00,"ק""ג",false,,16.90,16.9000,true,1,482369
7290022005074,false,רוטב עגבניות שרי קלאסי 400 גרם,גוסטיבוס,IT,רוטב עגבניות שרי קלא,גרמים,400.00,100 גרם,false,,15.90,0.0398,true,1,296
7290022005081,false,רוטב עגבניות שרי ארביאטה 400 גרם,,,רוטב עגבניות שרי ארב,גרמים,400.00,100 גרם,false,,15.90,0.0398,true,1,297
7290022005098,false,רוטב עגבניות שרי לשקשוקה 400 גרם,גוסטיבוס,IT,רוטב עגבניות שרי לשק,גרמים,400.00,100 גרם,false,,15.90,0.0398,true,1,490704
7290022005104,false,רוטב עגבניות שרי בזיליקום 400 גרם,גוסטיבוס,IT,רוטב עגבניות שרי בזי,גרמים,400.00,100 גרם,false,,15.90,0.0398,true,1,299
7290022005111,false,רוטב עגבניות שרי לפיצה 400 גרם,גוסטיבוס,IT,רוטב עגבניות שרי לפי,גרמים,400.00,100 גרם,false,,15.90,0.0398,true,1,300
7290100412459,false,מטליות לחות לניקוי וחיטוי אמבטיה ושירותים לבנדר,DPL,IL,מגבונים לניקוי וחיטו,אין,0.00,יחידה,false,,9.90,0.0000,true,1,31741
7290100412831,false,תחליב רחצה אנטי אייג'ינג בניחוח וניל טרופי,"אמיליה קוסמטיקס בע""מ",IL,תחליב רחצה אנטי איגי,מיליליטרים,700.00,"100 מ""ל",false,,21.90,0.0313,true,1,109250
7290100413593,false,מגבונים גדולים XL לניקוי כללי בניחוח פרחי בר,קוויק,IL,קוויק מטליות XL בניח,אין,0.00,יחידה,false,,9.90,0.0000,true,1,31744
7290100570074,false,אביזרי מטבח ב-4.99,,,אביזרי מטבח ב-4.99,אין,0.00,יחידה,false,,4.90,0.0000,true,1,37799
7290100570234,false,אביזרי מטבח,,,אביזרי מטבח,אין,0.00,יחידה,false,,12.90,0.0000,true,1,37801
7290100571224,false,אביזרי מטבח,,,אביזרי מטבח,אין,0.00,יחידה,false,,7.90,0.0000,true,1,461764
7290100571811,false,אביזרי מטבח ב-10.00,,,אביזרי מטבח ב-10.00,אין,0.00,יחידה,false,,10.00,0.0000,true,1,37805
7290100572368,false,אביזרי מטבח,,,אביזרי מטבח,אין,0.00,יחידה,false,,19.90,0.0000,true,1,37810
7290100572702,false,אביזרי מטבח ב-11.00,,,אביזרי מטבח ב-11.00,אין,0.00,יחידה,false,,10.90,0.0000,true,1,37814
7290100573402,false,אביזרי מטבח,,,אביזרי מטבח,אין,0.00,יחידה,false,,14.90,0.0000,true,1,37817
7290100658338,false,נוזל כלים אוקסי פלוס עם נוסחת החמצן הפעיל,הנסיך- מפעל לייצור ט,GR,פלמוליב לכלים אוקסי-,מיליליטרים,750.00,"100 מ""ל",false,,12.90,0.0172,true,1,23577
7290100659090,false,פרי חטיפים ללא סוכר מארז 5 תמרים וקינמו,טבעית מוצרים מן הטבע,IL,פרי חטיפים ללא סוכר,גרמים,100.00,100 גרם,false,,18.00,0.1800,true,1,23578
7290100680650,false,מנה חמה נודלס-אטריות ירקות טעם תאילנדי אסם 76 ג',THAI PRESIDENT FOODS,TH,מנה חמה נודלס תאילנד,גרמים,76.00,100 גרם,false,,6.90,0.0908,true,1,21410
7290100680711,false,פירורית זהב אסם זהב 350ג',עינת תעשיות מזון אגו,IL,אסם פירורית זהב 350,גרמים,350.00,100 גרם,false,,9.90,0.0283,true,1,21412
7290100680728,false,פירורית רגילה שקית 350 גרם,מיוצר עי קונדיטוריית,IL,פירורית רגילה שקית 3,גרמים,350.00,100 גרם,false,,8.90,0.0254,true,1,21413
7290100681138,false,מארז אפרופו חטיף תירס 3 יחידות,"אסם השקעות בע""מ",IL,אפרופו מאח 3*50 גר',גרמים,150.00,100 גרם,false,,12.90,0.0860,true,1,21417
7290100683880,false,תבשילים משפחתיים פירה 260 גרם,"אסם השקעות בע""מ",IL,פירה אסם 260 גרם,גרמים,260.00,100 גרם,false,,15.90,0.0612,true,1,21430
7290100685136,false,"מרק טעם עוף 1 ק""ג בשקית","אסם השקעות בע""מ",IL,מרק בטעם עוף אסם 1 ק,אלף,1.00,"ק""ג",false,,16.90,16.9000,true,1,21439
7290100685242,false,במבה מתוקה תות אדום סרט 30ג',"אסם השקעות בע""מ",IL,במבה מתוקה מחומרים ט,גרמים,30.00,100 גרם,false,,2.90,0.0967,true,1,21440
7290100685334,false,מרק עוף אמיתי מרכיבים טבעיים 400 גרם,"אסם השקעות בע""מ",IL,מרק עוף מרכיבים טבעי,גרמים,400.00,100 גרם,false,,26.70,0.0667,true,1,21441
7290100685341,false,מרק תיבול טעם עוף זך רכיבים טיבעיים 400,"אסם השקעות בע""מ",IL,מרק זך טעם עוף רכיבי,גרמים,400.00,100 גרם,false,,18.90,0.0472,true,1,21442
7290100685600,false,פירורית זהב אסם זהב חיטה מלאה 200ג',עינת תעשיות מזון אגו,IL,פירורית זהב חיטה מלא,גרמים,200.00,100 גרם,false,,8.50,0.0425,true,1,68203
7290100686164,false,מארז מולטיפק ביסלי ברביקיו 6 יח 35 גר יח,מיוצר עי קונדיטוריית,IL,ביסלי ברביקיו מאח.8,גרמים,210.00,100 גרם,false,,13.90,0.0662,true,1,21450
7290100686171,false,מארז מולטיפק ביסלי גריל 6 יח 35 גר ליח,אסם תעשיות,IL,ביסלי גריל מאח.8 6*3,גרמים,210.00,100 גרם,false,,13.90,0.0662,true,1,21451
7290100687109,false,במבה במילוי קרם נוגט 60ג' אסם,"אסם השקעות בע""מ",IL,במבה במילוי קרם נוגט,גרמים,60.00,100 גרם,false,,4.90,0.0817,true,1,21454
7290100689301,false,אבקת מרק עוף זך עדיף אסם 400 גר',"אסם השקעות בע""מ",IL,מרק בטעם עוף זך אסם,גרמים,400.00,100 גרם,false,,15.90,0.0398,true,1,21461
7290100700020,false,סוגת גריסי פנינה 500גרם,האי נאם סי או אל.טי.,IL,סוגת גריסי פנינה 500,גרמים,500.00,100 גרם,false,,6.90,0.0138,true,1,19418
7290100700075,false,פירורי לחם מוזהבים 200 ג' סוגת,"סוגת תעשיות בע""מ",IL,פירורי לחם מוזהבים ש,גרמים,200.00,100 גרם,false,,3.90,0.0195,true,1,19419
7290100700242,false,"אורז מלא עגול סוגת 1 ק""ג","סוגת תעשיות בע""מ",IL,סוגת אורז מלא עגול 1,אלף,1.00,"ק""ג",false,,12.90,12.9000,true,1,19420
7290100700273,false,קינואה סוגת 500 גרם,האי נאם סי או אל.טי.,IL,קינואה סוגת 500 גרם,גרמים,500.00,100 גרם,false,,15.90,0.0318,true,1,19422
7290100700310,false,"סוגת כוסמת סוגת 1ק""ג","סוגת תעשיות בע""מ",IL,כוסמת 1 ק'ג,אלף,1.00,"ק""ג",false,,15.90,15.9000,true,1,19424
7290100700334,false,קינואה לבנה סוגת 1,"סוגת תעשיות בע""מ",IL,סוגת קינואה 1קג,אלף,1.00,"ק""ג",false,,28.90,28.9000,true,1,19426
7290100700372,false,"סוגת אורז בסמטי מלא 1 ק""ג",האי נאם סי או אל.טי.,IL,אורז בסמטי מלא 1 ק'ג,אלף,1.00,"ק""ג",false,,10.00,10.0000,true,1,19428
7290100700389,false,"סוגת אורז אדום 1 ק""ג",סוגת תעשיות בעמ,IL,אורז אדום 1 ק'ג,אלף,1.00,"ק""ג",false,,13.90,13.9000,true,1,19429
7290100700396,false,"סוגת אורז יסמין קלאסי 1 ק""ג",האי נאם סי או אל.טי.,IL,סוגת אורז יסמין קלאס,אלף,1.00,"ק""ג",false,,12.90,12.9000,true,1,19430
7290100700402,false,"סוגת חומוס ענק 1 ק""ג",,,חומוס ענק 1 ק'ג,אלף,1.00,"ק""ג",false,,20.90,20.9000,true,1,77513
7290100700563,false,"סוגת אורז מיקס 1 ק""ג",סוגת תעשיות בעמ,IL,אורז מיקס קלאסי 1 ק',אלף,1.00,"ק""ג",false,,13.90,13.9000,true,1,19434
7290100700587,false,"בורגול ""סוגת"" 500 גרם",האי נאם סי או אל.טי.,IL,סוגת בורגול 500 גר,גרמים,500.00,100 גרם,false,,6.90,0.0138,true,1,19435
7290100701157,false,"אורז לסושי סוגת 1 ק""ג",סוגת תעשיות בעמ,IL,אורז סושי 1 קג,אלף,1.00,"ק""ג",false,,12.80,12.8000,true,1,19438
7290100701331,false,קמח רב תכליתי שטיבל קמח חיטה לבן בהיר,"שטיבל בע""מ - טחנות ק",IL,קמח רב תכליתי סוגת,אלף,1.00,"ק""ג",false,,7.90,7.9000,true,1,19441
7290100701348,false,"קמח שיפון מלא 1 ק""ג סוגת",טחנות קמח שטיבל באר,IL,קמח שיפון מלא סוגת,אלף,1.00,"ק""ג",false,,7.90,7.9000,true,1,19442
7290100701386,false,קמח לחלה קמח חיטה לבן שטיבל,"שטיבל בע""מ - טחנות ק",IL,"קמח לחלה סוגת 1 ק""ג",אלף,1.00,"ק""ג",false,,7.90,7.9000,true,1,19444
7290100701409,false,קמח תירס סוגת 500 גר,,IL,קמח תירס סוגת 500 גר,גרמים,500.00,100 גרם,false,,7.90,0.0158,true,1,19445
7290100701454,false,סוגת גרישה 500 גרם,"סוגת תעשיות בע""מ",IL,גרישה 500 גרם,גרמים,500.00,100 גרם,false,,6.90,0.0138,true,1,19447
7290100701577,false,קמח לחם קמח חיטה לבן שטיבל,שטיבל טחנות קמח,IL,קמח לחם מועשר בויטמי,אלף,1.00,"ק""ג",false,,7.90,7.9000,true,1,19448
7290100701874,false,"קמח כוסמין 1 ק""ג סוגת",טחנות קמח שטיבל באר,IL,"קמח כוסמין סוגת 1 ק""",אלף,1.00,"ק""ג",false,,14.00,14.0000,true,1,67969
7290100701881,false,קמח פיצה ופוקצ'ה- קמח חיטה לבן בהיר שטיבל,"שטיבל בע""מ - טחנת קמ",IL,קמח פיצה ופוקצה סוגת,אלף,1.00,"ק""ג",false,,7.90,7.9000,true,1,19454
7290100702277,false,קוסקוס עבה סוגת 350 גר',"אסיף תעשיות מזון בע""",IL,קוסקוס עבה סוגת 350,גרמים,350.00,100 גרם,false,,5.90,0.0169,true,1,19458
7290100702284,false,קוסקוס מלא סוגת 350 גרם,סוגת,IL,קוסקוס מלא סוגת 350,גרמים,350.00,100 גרם,false,,5.90,0.0169,true,1,19459
7290100702383,false,"קמח תופח סוגת 1 ק""ג",שטיבל טחנות קמח,IL,"קמח תופח סוגת 1 ק""ג",אלף,1.00,"ק""ג",false,,7.90,7.9000,true,1,67971
7290100702611,false,פתיתים אפויים אורז 500 גרם סוגת,"אסיף תעשיות מזון בע""",IL,פתיתים אפויים אורז ס,גרמים,500.00,100 גרם,false,,4.90,0.0098,true,1,19470
7290100702628,false,פתיתים אפויים קוסקוס 500 גרם סוגת,"אסיף תעשיות מזון בע""",IL,פתיתים אפויים קוסקוס,גרמים,500.00,100 גרם,false,,4.90,0.0098,true,1,19471
7290100702635,false,פתיתים אפויים כוכבים סוגת 500 ג',"אסיף תעשיות מזון בע""",IL,פתיתים אפויים כוכבים,גרמים,500.00,100 גרם,false,,4.90,0.0098,true,1,19472
7290100702741,false,"סוכר חום בהיר בצנצנת 1 ק""ג סוגת",סוגת,IL,סוכר חום בהיר בצנצנת,אלף,1.00,"ק""ג",false,,13.90,13.9000,true,1,19481
7290100702987,false,פתיתי שיבולת שועל דק סוגת 500ג',סוגת תעשיות,,פתיתי שיבולת שועל סו,גרמים,500.00,100 גרם,false,,7.90,0.0158,true,1,19498
7290100702994,false,סוגת סוכר דמררה קלאסי בשקית 500 גרם,"סוגת תעשיות בע""מ",IL,סוכר דמררה בשקית סוג,גרמים,500.00,100 גרם,false,,6.90,0.0138,true,1,19499
7290100703564,false,פתיתי שיבולת שועל עבה סוגת 500 ג',,,שיבולת שועל עבה סוגת,גרמים,500.00,100 גרם,false,,7.90,0.0158,true,1,117741
7290100703632,false,קמח חיטה מלא ללא צורך בניפוי,סוגת,,קמח מלא ללא ניפוי סו,אלף,1.00,"ק""ג",false,,8.90,8.9000,true,1,67994
7290100703649,false,"קמח מלא 80% חיטה ללא ניפוי סוגת 1ק""ג",סוגת,,קמח מלא חיטה 80% ללא,אלף,1.00,"ק""ג",false,,8.90,8.9000,true,1,67995
7290100703687,false,"קמח חלה ללא ניפוי 1 ק""ג סוגת",סוגת,,קמח חלה ללא ניפוי סו,אלף,1.00,"ק""ג",false,,8.90,8.9000,true,1,67998
7290100703861,false,"תערובת קמח קסם לחלה סוגת 1 ק""ג","שטיבל בע""מ",IL,קמח תערובת קסם לחלה,אלף,1.00,"ק""ג",false,,8.90,8.9000,true,1,92294
7290100703915,false,פופקורן להכנה במיקרוגל בטעם חמאה - מארז 6 שקיות,סוגת,IL,מארז פופקורן למיקרוג,גרמים,540.00,100 גרם,false,,14.90,0.0276,true,1,116209
7290100703922,false,פופקורן להכנה במיקרוגל בטעם טבעי - מארז 6 שקיות,סוגת,IL,מארז פופקורן למיקרוג,גרמים,540.00,100 גרם,false,,14.90,0.0276,true,1,116210
7290100704141,false,סודה לשתייה 100 ג' סוגת,א.ל. ייצור ושיווק תב,IL,סוגת סודה לשתייה 100,גרמים,100.00,100 גרם,false,,2.90,0.0290,true,1,133588
7290100704578,false,קמח כוסמין לבן סוגת,טחנת קמח דגן-שטיבל,IL,קמח כוסמין לבן סוגת,אלף,1.00,"ק""ג",false,,14.00,14.0000,true,1,288801
7290100704615,false,סוכר לבן דק דק בצנצנת 500 גרם,סוגת,IL,סוכר לבן דק דק בצנצנ,גרמים,500.00,100 גרם,false,,8.50,0.0170,true,1,353339
7290100704622,false,סוכר דמררה דק דק בצנצנת 500 גרם,סוגת,IL,סוכר דמררה דק דק בצנ,גרמים,500.00,100 גרם,false,,8.50,0.0170,true,1,353340
7290100704684,false,"קמח שמרים כוסמין סוגת רב תכליתי 1 ק""ג סוגת",סוגת,IL,קמח שמרים כוסמין רב,אלף,1.00,"ק""ג",false,,20.90,20.9000,true,1,408908
7290100850909,false,דוריטוס נאצו מקסיקני 70 גרם,שטראוס פריטו ליי (מל,IL,דוריטוס נאצו מקסיקני,גרמים,70.00,100 גרם,false,,4.30,0.0614,true,1,25367
7290100850916,false,דוריטוס חמוץ חריף 70 גרם,"שטראוס פריטו ליי בע""",IL,דוריטוס חמוץ חריף 70,גרמים,70.00,100 גרם,false,,4.30,0.0614,true,1,25368
7290100850923,false,דוריטוס גריל 70 גרם,שטראוס פריטו ליי (מל,IL,דוריטוס גריל 70 גרם,גרמים,70.00,100 גרם,false,,4.30,0.0614,true,1,25369
7290100850930,false,דוריטוס טבעי 70 גרם,שטראוס פריטו ליי (מל,IL,דוריטוס טבעי 70 גרם,גרמים,70.00,100 גרם,false,,4.30,0.0614,true,1,25370
7290100858592,false,אבקת קקאו עלית שקית 150 ג',הנסיך- מפעל לייצור ט,IL,עלית קקאו 150ג,גרמים,150.00,100 גרם,false,,9.90,0.0660,true,1,24193
7290100858608,false,אבקת קקאו עלית שקית 500 ג',שטראוס גרופ,IL,עלית קקאו 500ג,גרמים,500.00,100 גרם,false,,27.10,0.0542,true,1,24194
7290100921623,false,מנקה אסלה סוד 4 כדוריות נתלה אקונומיקה נתלה 50 ג',"הנקל סוד בע""מ",HU,סוד סבון 4 כדוריות ל,גרמים,50.00,100 גרם,false,,9.90,0.1980,true,1,38253
7290100924457,false,כדוריות סבון נתלה לאסלה לימון רענן - 3 יח',הנקל סוד,HU,סוד סבון 4 כדוריות ל,גרמים,150.00,100 גרם,false,,21.90,0.1460,true,1,38272
7290100924464,false,כדוריות סבון נתלה לאסלה עם אקונומיקה - 3 יח',הנקל סוד,HU,סוד סבון 4 כדוריות ל,גרמים,150.00,100 גרם,false,,21.90,0.1460,true,1,38273
7290100924631,false,מרכך כביסה מרוכז לבגדי תינוקות ובעלי עור רגיש,"הנקל סוד בע""מ",IL,מרכך כביסה סוד מרוכז,מיליליטרים,900.00,"100 מ""ל",false,,13.90,0.0154,true,1,38282
7290100925676,false,קולור קאצ'ר- לוכד צבעים בכביסה 20 יח',הנקל סוד,IE,קולור קאצ'ר 20 דפים,אין,0.00,יחידה,false,,24.90,0.0000,true,1,38324
7290101110811,false,גלידל שלגון בטעם וניל מצופה סורבה פסיפלורה - 8 יח',הגלידות של פלדמן,IL,גלידל מאגדת בטעם פסי,גרמים,600.00,100 גרם,false,,34.90,0.0582,true,1,39659
7290101112228,false,גלידל פרי קרחון מופחת קלוריות בטעם אננס - 8 יח',הגלידות של פלדמן,IL,פופסיקל בטעם אננס 8,גרמים,640.00,100 גרם,false,,29.90,0.0467,true,1,39669
7290101112921,false,גלידל פרי קרחון מופחת קלוריות פירות טרופיים - 8 יח',הגלידות של פלדמן,IL,פופסיקל בטעם פירות ט,גרמים,640.00,100 גרם,false,,29.90,0.0467,true,1,135985
7290101113157,false,מאגדת גלידל חלבי וניל עוגיות 6 יח 312 גר,הגלידות של פלדמן,IL,גלידל חלבי וניל עוגי,גרמים,672.00,100 גרם,false,,27.90,0.0415,true,1,142682
7290101113447,false,עשירייה גלידל מיני קסטה בטעמי שוקו ווניל 270 ג' פלדמן,הגלידות של פלדמן,IL,גלידל מיני סנדוויץ',גרמים,270.00,100 גרם,false,,34.90,0.1293,true,1,366543
7290101113591,false,טילוני יולו גלידת שוקולד לבן עם שברי עוגיות,הגלידות של פלדמן,IL,מאגדת טילון YOLO בט,גרמים,400.00,100 גרם,false,,27.90,0.0697,true,1,291612
7290101113904,false,מארז מנבו וניל 12 יח' פלדמן,הגלידות של פלדמן,IL,מנבו וניל 12 יח 288,גרמים,288.00,100 גרם,false,,24.90,0.0865,true,1,478447
7290101459880,false,נרות אותיות- יום הול,,,נרות אותיות- יום הול,אין,0.00,יחידה,false,,9.90,0.0000,true,1,35435
7290101486688,false,חטיף פרי אנרגיה דגנים עם שוקולד חמישייה,טבעית מוצרים מן הטבע,IL,פרי חטיפי בריאות מאר,גרמים,100.00,100 גרם,false,,18.00,0.1800,true,1,23581
7290101551027,false,קפסולות קפה אספרסו חזק במיוחד 14 עלית 10 יח',הנסיך- מפעל לייצור ט,IL,קפסולות אספרסו 14 למ,גרמים,50.00,100 גרם,false,,18.90,0.3780,true,1,135874
7290101551263,false,סילאן טבעי ללא תוספת סוכר,מכוורת יד מרדכי,IL,סילאן טבעי יד מרדכי,גרמים,700.00,100 גרם,false,,23.00,0.0329,true,1,129054
7290101551539,false,יוגורט PRO בטעם אפרסק 0% 20 גרם חלבון בגביע,דנונה - שטראוס,IL,דנונה פרו 20 אפרסק 2,גרמים,200.00,100 גרם,false,,6.50,0.0325,true,1,132279
7290101551584,false,תפוצ'יפס קידס מארז 10 יח' * 20 ג',"שטראוס פריטו ליי בע""",IL,מארז תפוצ'יפס קידס 1,גרמים,200.00,100 גרם,false,,16.30,0.0815,true,1,131012
7290101551614,false,חטיף צ'יטוס קראנץ בטעם גבינה - מארז 8 יח',שטראוס פריטו ליי (מל,IL,מארז צ'יטוס קראנצ' ג,גרמים,240.00,100 גרם,false,,16.30,0.0679,true,1,130093
7290101551645,false,מארז ציטוס טעם פיצה איקס עיגול 10* 20 גר,שטראוס פריטו ליי (מל,IL,מארז צ'יטוס איקס עיג,גרמים,200.00,100 גרם,false,,15.20,0.0760,true,1,130085
7290101864127,false,"ספריי להסרת כתמים 750 מ""ל וניש קליה",קליה וניש Kalia Vanish,IL,קליה אוקסי ספריי 750,מיליליטרים,750.00,"100 מ""ל",false,,16.90,0.0225,true,1,22899
7290101865261,false,"פיניש נוזל הברקה 800 מ""ל",רקיט בנקיזר,PL,פיניש הברקה 800 מל,מיליליטרים,800.00,"100 מ""ל",false,,26.90,0.0336,true,1,22910
7290101866633,false,וניש קליה ג'ל מסיר כתמים 3 ליטר,קליה וניש Kalia Vanish,IL,וניש קליה ג'ל 3 ליטר,ליטר,3.00,ליטר,false,,29.90,9.9667,true,1,22924
7290101868958,false,"פיניש נוזל הברקה למדיח בניחוח לימון 500 מ""ל",רקיט בנקיזר,PL,פיניש נוזל הברקה לימ,מיליליטרים,800.00,"100 מ""ל",false,,26.90,0.0336,true,1,22963
7290101869719,false,ג'ל מרוכז למדיח פיניש all in one max בניחוח לימון,רקיט בנקיזר,IL,פיניש ג'ל לימון 600,אין,0.00,יחידה,false,,34.90,0.0000,true,1,22976
7290101869726,false,ג'ל מרוכז למדיח פיניש all in one max,רקיט בנקיזר,PL,ג'ל 1 ליטר AIO פיניש,ליטר,1.00,ליטר,false,,43.90,43.9000,true,1,22977
7290101982470,false,ממתק רולר 30 מל' בטעמים,יושלם,,ממתק רולר 30 גרם,גרמים,30.00,100 גרם,false,,7.00,0.2333,true,1,35475
7290101999720,false,נרות מטה לבבות פו,,,נרות מטה לבבות פו,אין,0.00,יחידה,false,,7.50,0.0000,true,1,35911
7290102030330,false,תפוציפס קראנצ מקסיקני 200 גרם,"שטראוס פריטו ליי בע""",IL,תפוצ'יפס קראנץ מקסיק,גרמים,200.00,100 גרם,false,,11.90,0.0595,true,1,25378
7290102031276,false,מארז 8 יחידות אקטימל משקה יוגורט בטעם תות בננה,מיוצר עי קונדיטוריית,IL,אקטימל תות בננה 8*10,מיליליטרים,800.00,"100 מ""ל",false,,22.90,0.0286,true,1,24888
7290102032334,false,אבקה להכנת משקה קפה בטעם וניל,שטראוס,IL,קפה נמס עלית בטעם ונ,גרמים,200.00,100 גרם,false,,24.90,0.1245,true,1,24203
7290102060979,false,"מ. שיניים אלמקס 100 מ""ל למניעת עששת",יבואן ומשווק: ש. שסט,PL,משחת שיניים משפחתי א,מיליליטרים,100.00,"100 מ""ל",false,,19.90,0.1990,true,1,23592
7290102062195,false,"אלמקס משחת שיניים אלמקס גוניור 75 מ""ל",יבואן ומשווק: ש. שסט,PE,אלמקס משחת שיניים אל,מיליליטרים,75.00,"100 מ""ל",false,,15.90,0.2120,true,1,23595
7290102300815,false,צדר אנגלי כתום פרוס 200 גרם,שבינגטון,GB,גבינת צ'דר אנגלית כת,גרמים,200.00,100 גרם,false,,29.90,0.1495,true,1,18779
7290102300860,false,גבינת צ'דר אנגלי לבן 35%,דאוליי צ'יסמייקרס,GB,שביק גבינת צדר אנגלי,גרמים,200.00,100 גרם,false,,27.90,0.1395,true,1,18781
7290102302864,false,גבינה הולנדית עם פסטו ירוק 34%,הנרי ויליך Henri Willig,NL,גבינה הולנדית חצי קש,גרמים,200.00,100 גרם,false,,33.90,0.1695,true,1,417103
7290102302994,false,טבעונית בסגנון פטה ב,ZIEGLER,GR,טבעונית בסגנון פטה ב,גרמים,200.00,100 גרם,false,,34.90,0.1745,true,1,267321
7290102303977,false,גוש טונה בשמן זית רוברט 140 גרם,Ramirez,PT,טונה בשמן זית רוברט,גרמים,120.00,100 גרם,false,,12.90,0.1075,true,1,450996
7290102304721,false,גבינת טרמנדס כמהין 1,הנרי ויליך,NL,גבינת טרמנדס כמהין 1,גרמים,180.00,100 גרם,false,,49.90,0.2772,true,1,417222
7290102390427,false,יוגורט ביו עם קציפת תות 3% שומן 150 ג' מולר,מולר Muller,IL,מולר פרופ תות 3% 150,גרמים,150.00,100 גרם,false,,5.70,0.0380,true,1,7273
7290102390465,false,יוגורט ביו עם קציפת אפרסק ופסיפלורה 3% שומן 150 ג' מולר,מולר Muller,IL,מולר פרופ אפרסק פסיפ,גרמים,150.00,100 גרם,false,,5.70,0.0380,true,1,7274
7290102390489,false,יוגורט ביו עם קציפת לימון 3% שומן 150 ג' מולר,מולר Muller,IL,מולר פרופ לימון 3% 1,גרמים,150.00,100 גרם,false,,5.70,0.0380,true,1,7276
7290102391844,false,יוגורט ביו עם קציפת פירות יער3% שומן 150 ג' מולר,מולר Muller,IL,מולר פרופ לבן+קציפת,גרמים,150.00,100 גרם,false,,5.70,0.0380,true,1,7294
7290102392049,false,גבינה תבור לאפייה 5% 500 ג' צוריאל,מחלבת משק צוריאל,IL,צוריאל תבור 5% 500ג,גרמים,500.00,100 גרם,false,,25.90,0.0518,true,1,7298
7290102392094,false,חלב עיזים 4.1% צוריאל 1 ל' קרטון,מילקו תעשיות בעמ,IL,צוריאל חלב עיזים 1ל,ליטר,1.00,ליטר,false,,17.50,17.5000,true,1,7302
7290102393039,false,מולר מיקס יוגורט קרמי בתוספת פצפוצי שוקולד 170 ג',מולר Muller,IL,מולר מיקס בתוספת פצפ,מיליליטרים,170.00,"100 מ""ל",false,,6.20,0.0365,true,1,7331
7290102393176,false,סימפלי פרוט יוגורט אפרסק 3% שומן 150 ג' מולר,מילקו תעשיות בעמ,IL,מולר סימפלי פרוט אפר,גרמים,150.00,100 גרם,false,,5.70,0.0380,true,1,7340
7290102393190,false,סימפלי פרוט פירות היער 3% שומן 150 ג' מולר,מילקו תעשיות בעמ,IL,מולר סימפלי פרוט פיר,גרמים,150.00,100 גרם,false,,5.70,0.0380,true,1,7342
7290102393268,false,**טרה גבינה לבנה אריזת חיסכון 5% 750ג,טרה,IL,טרה גבינה לבנה אריזת,גרמים,750.00,100 גרם,false,,14.90,0.0199,true,1,7343
7290102393299,false,יוגורט עיזים לשתייה 3% שומן 500 ג' צוריאל,מיוצר עי קוד יצרן HG,IL,צוריאל יוגורט עיזים,מיליליטרים,500.00,"100 מ""ל",false,,13.50,0.0270,true,1,7344
7290102393855,false,"משק צוריאל יוגורט עיזים אפרסק 3% 140 מ""ל",מחלבת משק צוריאל,IL,צוריאל יוגורט עיזים,מיליליטרים,150.00,"100 מ""ל",false,,7.00,0.0467,true,1,7357
7290102393947,false,סימפלי פרוט יוגורט בטעם קיווי 3% שומן 150 ג' מולר,מילקו תעשיות בעמ,IL,מולר סימפלי פרוט קיו,מיליליטרים,150.00,"100 מ""ל",false,,5.70,0.0380,true,1,7358
7290102394081,false,מולר מיקס יוגורט קרמי עם קורנפלקס מצופה שוקולד,מילקו תעשייה בעמ,IL,מולר מיקס קורנפקלס מ,גרמים,170.00,100 גרם,false,,6.20,0.0365,true,1,7364
7290102394258,false,עז מה 9% מופחתת שומן צוריאל 180 גר,מחלבת משק צוריאל,IL,צוריאל מה עז 9% 180ג,גרמים,180.00,100 גרם,false,,24.90,0.1383,true,1,7367
7290102394463,false,נעם גבינה צהובה וואקום 28% 500 גרם,טרה,IL,נעם גבינה צהובה וואק,גרמים,500.00,100 גרם,false,,29.90,0.0598,true,1,7376
7290102394821,false,"נעם גבינה צהובה דק דק פ""ח 28% 200 גר",מילקו תעשיות בעמ,IL,נעם גבינה צהובה דק ד,גרמים,200.00,100 גרם,false,,17.40,0.0870,true,1,7382
7290102394845,false,פרוסות גבינת נעם מופחתת שומן 9%,מילקו תעשיות בעמ,IL,נעם גבינה צהובה דק ד,גרמים,200.00,100 גרם,false,,17.90,0.0895,true,1,7383
7290102395101,false,ממרח גבינה ושוקולד שוקי 200 גר,מילקו תעשיות בעמ,IL,מוו ממרח גבינה ושוקו,גרמים,200.00,100 גרם,false,,12.60,0.0630,true,1,7390
7290102395217,false,מאגדת שמיניה מולר במתיקות מעודנת 1.2% 8*150 ג',מולר Muller,IL,מולר ביאנקו במתיקות,אלף,1.20,"ק""ג",false,,20.90,17.4167,true,1,7394
7290102395224,false,מארז 8 גביעים יוגורט ביו בטעם טבעי 1.7%,מולר Muller,IL,מולר נטורל 1.7% 8*15,אלף,1.20,"ק""ג",false,,18.90,15.7500,true,1,7395
7290102395231,false,מולר נטורל 2.8% ביאנקו מאגדת 8 יח' * 150 ג',מולר Muller,IL,מולר נטורל 2.8% 8*15,אלף,1.20,"ק""ג",false,,18.90,15.7500,true,1,7396
7290102395262,false,מארז 8 גביעים יוגורט בטעם תות שדה ואפרסק 3% Simply Fruit,מולר Muller,IL,מולר תות שדה ואפרסק,אלף,1.20,"ק""ג",false,,32.90,27.4167,true,1,7397
7290102395378,false,גבינה צהובה נועם 28% וואקום פרוס 360ג',טרה,IL,נעם גבינה צהובה ואקו,גרמים,360.00,100 גרם,false,,22.20,0.0617,true,1,7399
7290102395439,false,מארז 8 גביעים יוגורט בטעם פירות יער וקיווי 3% Simply Fruit,מילקו תעשיות בעמ,IL,מולר סימפלי פירות יע,אלף,1.20,"ק""ג",false,,32.90,27.4167,true,1,7404
7290102395446,false,מעדן חלב בטעם וניל עם קצפת 123 ג' טרה,טרה,IL,מוו וניל קצפת 123מל,מיליליטרים,123.00,"100 מ""ל",false,,3.60,0.0293,true,1,7405
7290102395477,false,מעדן חלב בטעם שוקולד עם קצפת 123 ג' טרה,טרה,IL,מוו שוקולד קצפת 123מ,מיליליטרים,123.00,"100 מ""ל",false,,3.60,0.0293,true,1,7408
7290102395521,false,"שמנת לבישול 15% שומן 500 מ""ל טרה",מילקו תעשיות בעמ,IL,טרה שמנת לבישול 15%+,מיליליטרים,500.00,"100 מ""ל",false,,17.50,0.0350,true,1,7409
7290102396436,false,מעדן שוקולד 1.5% שומן 125 ג' טרה,טרה,IL,מוו מעדן שוקולד 1.5%,גרמים,125.00,100 גרם,false,,3.60,0.0288,true,1,7447
7290102396443,false,מעדן וניל 1.5% שומן 125 ג' טרה,טרה,IL,מוו מעדן וניל 1.5% 1,גרמים,125.00,100 גרם,false,,3.60,0.0288,true,1,7448
7290102396580,false,מעדן שוקולד ומוס שוקולד 123 ג' טרה,טרה,IL,מוו מעדן שוקולד ומוס,גרמים,118.00,100 גרם,false,,3.60,0.0305,true,1,7456
7290102396597,false,מעדן מוו וניל ומוס שוקולד 123 גר,טרה,IL,מוו מעדן וניל ומוס ש,גרמים,118.00,100 גרם,false,,3.60,0.0305,true,1,7457
7290102396665,false,פרוסות גבינת נעם מופחתת שומן 15%,מילקו תעשיות בעמ,IL,גבנ`צ דקדק פתח סגור,גרמים,200.00,100 גרם,false,,17.90,0.0895,true,1,7461
7290102396672,false,זבינה צהובה נעם דק דק 9% 360 גר,טרה,IL,נעם צהובה דק דק 9% 3,גרמים,360.00,100 גרם,false,,29.90,0.0831,true,1,7462
7290102396719,false,יוגורט ביו עם תות שדה 0% Simply Fruit,מולר Muller,IL,מולר סימפלי פרוט תות,גרמים,170.00,100 גרם,false,,5.70,0.0335,true,1,7465
7290102396740,false,מארז 8 גביעים יוגורט בטעם תות שדה ואפרסק 0% Simply Fruit,מילקו תעשיות בעמ,IL,מולר סימפלי פרוט 0%,אלף,1.20,"ק""ג",false,,32.90,27.4167,true,1,7468
7290102397204,false,פרוסות גבינה 22% שומן 200 ג' נעם,מילקו תעשיות בעמ,IL,נעם צהובה דק דק 22%,גרמים,200.00,100 גרם,false,,17.90,0.0895,true,1,7493
7290102397334,false,גבינה בולגרית 5% צוריאל גליל 250ג',מחלבת משק צוריאל,IL,בולגרית 5% 250 גר` ב,גרמים,250.00,100 גרם,false,,24.10,0.0964,true,1,7501
7290102397464,false,יוגורט ביו בתוספת גרעינים אגוזים וחמוציות 170 ג' מולר,מולר Muller,IL,מולר יוגורט נטורל +,גרמים,150.00,100 גרם,false,,6.20,0.0413,true,1,73953
7290102397600,false,מיקס יוגורט בתוספת שקדים ובוטנים מקורמלים 170 ג' מולר,מילקו תעשייה בעמ,IL,מולר מיקס שקדים ובוט,גרמים,168.00,100 גרם,false,,6.20,0.0369,true,1,7518
7290102397617,false,יוגורט ביו קרמי עם כדורים מצופים שוקולד חום לבן,מולר Muller,IL,מולר מיקס קליק 168 ג,גרמים,168.00,100 גרם,false,,6.20,0.0369,true,1,7519
7290102397679,false,קוטג' וחצי 5% טרה 375 ג',מילקו,IL,קוטג' וחצי 5% 375 גר,גרמים,375.00,100 גרם,false,,8.90,0.0237,true,1,7521
7290102397730,false,פרוסות גבינה אמנטל חצי קשה 30% שומן 200 ג' נעם,טרה,IL,גבינת אמנטל נעם פתיח,גרמים,200.00,100 גרם,false,,18.50,0.0925,true,1,81219
7290102397747,false,פרוסות גבינת מוצרלה נעם מחלב בקר 22%,טרה,IL,מוצרלה נעם רכיבים ט,גרמים,200.00,100 גרם,false,,19.90,0.0995,true,1,106522
7290102397891,false,גבינת מותכת 18% צוריאל 100ג',משק צוריאל,IL,רביעייה גבינה מותכת,גרמים,100.00,100 גרם,false,,7.90,0.0790,true,1,73945
7290102398065,false,**חלב בקרטון 2 ליטר 3% מהדרין - טרה,טרה,IL,טרה חלב קרטון 3% מהד,אין,0.00,יחידה,false,,12.46,0.0000,true,1,89165
7290102398331,false,חלב דל לקטוז 2% מועשר בויטמין D,טרה,IL,חלב מועשר 1 ליטר דל,ליטר,1.00,ליטר,false,,8.10,8.1000,true,1,109506
7290102398478,false,לאבנה 9% שומן 500 ג' טרה,טרה,IL,לאבנה 9% טרה 500 גרם,גרמים,500.00,100 גרם,false,,20.90,0.0418,true,1,206922
7290102398553,false,משקה חלב בטעם שוקו 2% XL אריזה משפחתית,מילקו תעשיות בעמ,IL,שוקו טרה בבקבוק 1.5,ליטר,1.50,ליטר,false,,17.00,11.3333,true,1,207759
7290102398560,false,שוקו מעושר בבקבוק 1ל' טרה,מילקו תעשיות בעמ,IL,שוקו טרה מועשר בבקבו,ליטר,1.00,ליטר,false,,12.30,12.3000,true,1,123979
7290102398577,false,משקה חלב בטעם שוקו 2% בבקבוק אישי,מילקו תעשיות בעמ,IL,שוקו טרה מועשר בבקבו,מיליליטרים,250.00,"100 מ""ל",false,,6.10,0.0244,true,1,132372
7290102398614,false,משקה חלב בטעם בננה 1 ליטר טרה,מילקו תעשיות בעמ,IL,משקה חלב בטעם בננה 1,ליטר,1.00,ליטר,false,,12.30,12.3000,true,1,123980
7290102398638,false,משקה חלב בטעם מוקה 1 ליטר טרה,מילקו תעשיות בעמ,IL,משקה חלב בטעם מוקה 1,ליטר,1.00,ליטר,false,,12.30,12.3000,true,1,123981
7290102398669,false,משקה חלב עם קפה אייס קפוצ'ינו 1.5%,מילקו תעשיות בעמ,IL,אייס קפוצ'ינו מווו ט,ליטר,1.00,ליטר,false,,12.30,12.3000,true,1,231481
7290102398799,false,משקה סויה במתיקות מופחתת 1 ליטר משק צוריאל,משק צוריאל,IT,משקה סויה במתיקות מו,ליטר,1.00,ליטר,false,,10.90,10.9000,true,1,190644
7290102398805,false,משקה סויה בטעם וניל משק צוריאל 1 ליטר,משק צוריאל,IT,משקה סויה בטעם וניל,ליטר,1.00,ליטר,false,,10.90,10.9000,true,1,190641
7290102398836,false,משקה שקדים קלאסי משק צוריאל 1 ליטר,משק צוריאל,IT,משקה שקדים קלאסי משק,ליטר,1.00,ליטר,false,,12.90,12.9000,true,1,190642
7290102399048,false,פרוסות גבינת קשקבל נעם 200 ג' טרה,מילקו,IL,קשקבל נעם פתיחה חוזר,גרמים,200.00,100 גרם,false,,24.00,0.1200,true,1,140787
7290102399635,false,"מולר פרופ יוגורט ביו עם קציפת קוקוס ואננס 150 מ""ל",מולר Muller,IL,מעדן מולר פרופ קוקוס,גרמים,150.00,100 גרם,false,,5.70,0.0380,true,1,232352
7290102399697,false,סימפלי פרוט מנגו 1.5% שומן 150 ג' מולר,מילקו,IL,מולר סימפלי פרוט 1.5,מיליליטרים,150.00,"100 מ""ל",false,,5.70,0.0380,true,1,206845
7290102399772,false,ממרח חמאת מולר ושמן לפתית במליחות עדינה,Molkerei Weihensteph,DE,מולר ממרח חמאה במליח,גרמים,250.00,100 גרם,false,,18.90,0.0756,true,1,229461
7290102399796,false,מעדן יוגורט לבן מועשר בחלבון 200 ג' מולר אקטיב,מולר Muller,IL,יוגורט חלבון לבן 250,גרמים,200.00,100 גרם,false,,6.90,0.0345,true,1,225109
7290102399802,false,יוגורט עם תות מולר אקטיב מועשר בחלבון 200 גר',מולר Muller,IL,יוגורט חלבון תות 20,גרמים,200.00,100 גרם,false,,6.80,0.0340,true,1,225110
7290102399857,false,"יוגורט אקטיב עם תות 0% , 20 גרם חלבון בגביע",מולר Muller,IL,יוגורט מולר אקטיב לי,גרמים,150.00,100 גרם,false,,6.80,0.0453,true,1,238887
7290102840175,false,"פודינג 85 גרם ""מיה"" וניל 85 גרם","מיה תעשיות מזון בע""מ",IL,פודינג וניל 85 גר מי,גרמים,85.00,100 גרם,false,,4.90,0.0576,true,1,52691
7290102840182,false,"פודינג שוקולד 85גרם בד""ץ",,,פודינג שוקולד 85 ג,גרמים,85.00,100 גרם,false,,4.90,0.0576,true,1,52692
7290102840199,false,ג'לי משמש 90 ג' מיה,מיה תעשיות מזון בעמ,IL,גלי משמש 85 ג,גרמים,90.00,100 גרם,false,,4.90,0.0544,true,1,15985
7290103124601,false,"תחליב רחצה נוזל חלב ודבש משאבה 750מ""ל פלמוליב",הנסיך- מפעל לייצור ט,TR,תחליב רחצה חלב ודבש,מיליליטרים,750.00,"100 מ""ל",false,,21.90,0.0292,true,1,23612
7290103129378,false,ספיד סטיק - דאודורנט ג'ל לגבר איקס 5 85 גרם,הנסיך- מפעל לייצור ט,US,דאו' ג'ל X5 לגבר ספי,גרמים,51.00,100 גרם,false,,29.90,0.5863,true,1,23629
7290103400231,false,"גזר 400 גר בד""צ ירקות שטראוס",תות תעשיות מזון (201,IL,גזר גוליאן בדצ 400גר,גרמים,400.00,100 גרם,false,,10.50,0.0263,true,1,24894
7290103401429,false,קפה קצב ברזילאי אוריגינס 200 גר,הנסיך- מפעל לייצור ט,IL,קפה אוריגינס קצב ברז,גרמים,200.00,100 גרם,false,,30.90,0.1545,true,1,24217
7290103404758,false,כרוב אדום במיונז אחל,מיוצר עי קונדיטוריית,IL,אחלה כרוב אדום 120ג,גרמים,120.00,100 גרם,false,,5.50,0.0458,true,1,24898
7290103408206,false,עלי חסה בקופסא 250 גרם ירקות שטראוס,שטראוס בריאות ירקות,IL,עלי חסה ערבית שטופים,גרמים,250.00,100 גרם,false,,11.50,0.0460,true,1,24902
7290103700195,false,שאפו רדיד אלומיניום צר 30*7.5 2יח',"שניב תעשיות נייר בע""",,טאצ רדיד אלומיניום ק,מטרים,15.00,מטר,false,,11.80,0.7867,true,1,25738
7290103700393,false,טאצ' כריות יפניות עבות עם תעלות 4 יח',"שניב תעשיות נייר בע""",IL,טאצ' כריות יפניות עב,אין,0.00,יחידה,false,,9.90,0.0000,true,1,25742
7290103700652,false,טאצ' ספוג הפלא מארז שישייה,"שניב תעשיות נייר בע""",,טאצ' ספוג הפלא 6יח,אין,0.00,יחידה,false,,9.90,0.0000,true,1,25743
7290103700997,false,נייר טואלט לובלי 40 גלילים,,IL,לאבלי נייר טואלט 40,מטרים,716.00,מטר,false,,43.90,0.0613,true,1,25746
7290103701130,false,טאצ' מטליות מיקרופייבר לניקוי כללי 7 יח',,,טאצ מטליות מקרופייבר,אין,0.00,יחידה,false,,14.90,0.0000,true,1,25751
7290103701147,false,טאצ רדיד אלומיניום 200 מטר,,,טאצ רדידי אלומיניום,מטרים,60.90,מטר,false,,39.60,0.6502,true,1,25752
7290103702212,false,טאצ' ממחטות כיס עשירייה,"שניב תעשיות נייר בע""",,טאצ ממחטות כיס,אין,0.00,יחידה,false,,6.90,0.0000,true,1,25759
7290103702229,false,טאצ מפות שולחן שמינייה עבות במיוחד,"שניב תעשיות נייר בע""",,טאצ מפות עבות במיוחד,אין,0.00,יחידה,false,,9.80,0.0000,true,1,25760
7290103702298,false,טאצ' אשפתון עבה בגליל 77*90 50 יח',"שניב תעשיות נייר בע""",,טאצ אשפתון בגליל 50,אין,0.00,יחידה,false,,16.90,0.0000,true,1,25766
7290103702304,false,טאצ אשפתון עבה במיוחד 35 יחידות,"שניב תעשיות נייר בע""",,טאצ אשפתון בגליל 35,אין,0.00,יחידה,false,,16.90,0.0000,true,1,25767
7290103702328,false,טאצ אשפתון עבה וחזק במיוחד 25 יחידות,"שניב תעשיות נייר בע""",,טאצ אשפתון בגליל 25,אין,0.00,יחידה,false,,16.90,0.0000,true,1,25769
7290103702540,false,נייר טואלט מהדרות כדור פורח 30 גלילים טאצ',טאץ' Touch,,נייר טואלט 30 יח' מ,אין,0.00,יחידה,false,,23.90,0.0000,true,1,221653
7290103702779,false,מפיות אירוח טאצ` 15,,,מפיות אירוח טאצ` 15,אין,0.00,יחידה,false,,9.90,0.0000,true,1,25777
7290103703219,false,דלי מטליות לחות לניקוי כללי בניחוח לימון טאצ',,,טאצ' מטליות לחות לני,אין,0.00,יחידה,false,,20.90,0.0000,true,1,112339
7290103703226,false,טאצ מטליות לחות לניקוי כללי,,,טאצ' מטליות לחות לני,יח',50.00,יח',false,,8.90,0.1780,true,1,126193
7290103703233,false,מטליות טאצ' לחות תפוח לניקוי כללי דלי,,,טאצ' מטליות לחות לני,אין,0.00,יחידה,false,,20.90,0.0000,true,1,113676
7290103703240,false,טאצ' מטליות לחות לניקוי רצפות,,,טאצ' מטליות לחות לרי,יח',10.00,יח',false,,10.90,1.0900,true,1,126194
7290103703370,false,טאצ מגבוני טואלט לחים מארז שלישייה,,,טאצ' מגבוני נייר טוא,יח',3.00,יח',false,,15.90,5.3000,true,1,125777
7290103703455,false,טאצ' ספוג לניקוי כתמים שלישיה,,IL,טאצ' ספוג מבריק הפלא,גרמים,50.00,100 גרם,false,,10.90,0.2180,true,1,132860
7290103703578,false,לובלי נייר טואלט תלת,,,לובלי נייר טואלט תלת,אין,0.00,יחידה,false,,42.90,0.0000,true,1,132861
7290103703899,false,מפיות טאצ 80 יחי' צבעים כהים חד שכבתיות,,IL,מפיות טאצ' 80 יחידות,אין,0.00,יחידה,false,,4.90,0.0000,true,1,261830
7290103704155,false,נייר מגבת טאצ' 6 גלילים מהדורת 2021,"שניב תעשיות נייר בע""",IL,מגבות נייר 6 גלילים,מטרים,63.00,מטר,false,,10.90,0.1730,true,1,313170
7290103704162,false,נייר טואלט טאצ' פרימיום 32 גלילים,"שניב תעשיות נייר בע""",IL,נייר טואלט טאצ' 32 ג,יח',0.00,יח',false,,31.90,0.0000,true,1,289442
7290103704179,false,מגבת נייר למטבח טאצ' 8 יח',,,מגבות נייר 8 גלילים,מטרים,83.00,מטר,false,,14.90,0.1795,true,1,312370
7290103704575,false,נייר טואלט טאצ' פרימיום 48 גלילים,,,נייר טואלט טאצ' 48 י,אין,0.00,יחידה,false,,39.90,0.0000,true,1,289444
7290103704698,false,טאצ' שקיות קוקי ענקיות 5 יח',,,שקיות קוקי 5 יח' טאצ,אין,0.00,יחידה,false,,5.90,0.0000,true,1,443105
7290103704766,false,נייר טואלט 24 גליל כפול מהדורת פרח סגול,,,נייר טואלט 24 גליל,אין,0.00,יחידה,false,,43.90,0.0000,true,1,428583
7290103746001,false,ממחטות טאצ' 5*100 צץ רץ (19*195),"שניב תעשיות נייר בע""",IL,ממחטות טאצ' חמישייה,אין,0.00,יחידה,false,,12.90,0.0000,true,1,25787
7290104061417,false,חומוס טחינה אחלה 400 ג',"שטראוס גרופ בע""מ",IL,אחלה חומוס טחינה 400,גרמים,400.00,100 גרם,false,,11.90,0.0298,true,1,24905
7290104061424,false,חומוס אחלה עם זעתר 400 ג',מיוצר עי קונדיטוריית,IL,אחלה חומוס זעתר 400,גרמים,400.00,100 גרם,false,,11.90,0.0298,true,1,24906
7290104061431,false,חומוס אחלה עם צנובר 400 ג',"שטראוס גרופ בע""מ",IL,אחלה חומוס צנובר 400,גרמים,400.00,100 גרם,false,,11.90,0.0298,true,1,24907
7290104061448,false,חומוס עם חריף 400 ג' אחלה,מיוצר עי קונדיטוריית,IL,אחלה חומוס חריף 400ג,גרמים,400.00,100 גרם,false,,11.90,0.0298,true,1,24908
7290104062599,false,מארז 8 יחידות מעדן גמדים בטעמי תות ובננה,שטראוס גרופ,IL,גמדים תות בננה 8*100,מיליליטרים,800.00,"100 מ""ל",false,,19.80,0.0248,true,1,24909
7290104065187,false,אבקה להכנת משקה קפה בטעם מוקה,שטראוס,IL,קפה נמס עלית בטעם מו,גרמים,200.00,100 גרם,false,,24.90,0.1245,true,1,24248
7290104065934,false,עלי רוקט 150 גרם שטראוס,שטראוס בריאות ירקות,IL,שטראוס עלי רוקט 150ג,גרמים,150.00,100 גרם,false,,10.50,0.0700,true,1,24911
7290104066566,false,טחינה שומשום מלא אחלה 500 גר',מיוצר עי קונדיטוריית,IL,אחלה טחינה 500ג,גרמים,500.00,100 גרם,false,,17.60,0.0352,true,1,24914
7290104067693,false,אחלה חומוס עם חריף 150 גרם,מיוצר עי קונדיטוריית,IL,אחלה חומוס עם חריף 1,גרמים,150.00,100 גרם,false,,5.90,0.0393,true,1,24917
7290104068539,false,גומי מאסט בטעם מלון ואבטיח 28 ג' עלית,"שטראוס גרופ בע""מ",IL,מאסט מלון ואבטיח 28ג,גרמים,28.00,100 גרם,false,,4.70,0.1679,true,1,24255
7290104500572,false,אפרופו חטיף איטליאנו 50 ג' אסם,מיוצר עי קונדיטוריית,IL,אפרופו איטלקי 36*50ג,גרמים,50.00,100 גרם,false,,5.50,0.1100,true,1,21466
7290104501661,false,פודינג אינסטנט בטעם וניל צרפתי 80 גר,מיוצר עי קונדיטוריית,IL,אסם פודינג בטעם וניל,גרמים,80.00,100 גרם,false,,6.50,0.0813,true,1,21467
7290104508189,false,גביעי וופל ממותקים לגלידה 24 יח',בטר אנד דיפרנט,IL,גביעי גלידה ממותקים,0 יח',24.00,0 יח',false,,13.90,0.5792,true,1,68217
7290104508202,false,גביעי גלידה אמריקאים 24 יח' אסם 120 ג',"גילרו בע""מ",IL,גביעי גלידה אמריקאים,גרמים,120.00,100 גרם,false,,13.90,0.1158,true,1,68218
7290104508943,false,במבה אריזת חסכון 200 גרם,"אסם השקעות בע""מ",IL,במבה קלאסי 18*200 גר,גרמים,200.00,100 גרם,false,,10.90,0.0545,true,1,21485
7290104570131,false,"תמר מג'הול שחור 1ק""ג",,,"תמר מג'הול 1 ק""ג",אלף,1.00,"ק""ג",false,,18.90,18.9000,true,1,60961
7290104570162,false,תמרים כבוש ביסאן 500 ג',תמר העמקים בית שאן,IL,תמר כבוש 500 גרם,גרמים,500.00,100 גרם,false,,12.90,0.0258,true,1,55981
7290104721533,false,רצועות פלפלים קלויים אחלה 400 ג',מיוצר עי קונדיטוריית,IL,אחלה פלפלים קלויים 4,גרמים,400.00,100 גרם,false,,17.90,0.0447,true,1,24923
7290104721762,false,מארז קפה טורקי עלית 3*85 גר,שטראוס גרופ,IL,טורקי עלית 3*85 גר'.,גרמים,255.00,100 גרם,false,,19.90,0.0780,true,1,24260
7290104722530,false,תפוצ'יפס שמנת בצל 200 גרם,"שטראוס פריטו ליי בע""",IL,תפוציפס שמנת בצל 200,גרמים,200.00,100 גרם,false,,11.90,0.0595,true,1,25419
7290104726262,false,מארז 4 יחידות דני לשתייה בטעם שוקולד + קשים,מיוצר עי קונדיטוריית,IL,דני שוקולד לשתייה מא,מיליליטרים,500.00,"100 מ""ל",false,,12.50,0.0250,true,1,24933
7290104726712,false,מארז 8 יחידות מעדן מילקי בטעם שוקולד עם קצפת,"שטראוס גרופ בע""מ",IL,מילקי שמינייה מארז 8,אלף,1.06,"ק""ג",false,,21.90,20.6604,true,1,24935
7290104728310,false,"שמנת עמידה לקצפת 38% שומן 250 מ""ל יוטבתה",שטראוס גרופ,IL,יטבתה שמנת עמידה לקצ,מיליליטרים,250.00,"100 מ""ל",false,,6.47,0.0259,true,1,24940
7290104960239,false,"תחליב רחצה נקה 7 ארומה לבן 750 מ""ל","אמיליה קוסמטיקס בע""מ",IL,תחליב רחצה קמומיל נק,מיליליטרים,750.00,"100 מ""ל",false,,12.90,0.0172,true,1,32803
7290104960338,false,"נקה 7 תחליב רחצה ארומה אלוורה ותה ירוק 750מ""ל","אמיליה קוסמטיקס בע""מ",IL,תחליב רחצה אלוורה ות,מיליליטרים,750.00,"100 מ""ל",false,,12.90,0.0172,true,1,32806
7290104961250,false,"נקה 7 תחליב רחצה מגע קטיפה וניל מאסק 750 מ""ל","אמיליה קוסמטיקס בע""מ",IL,תחליב רחצה וניל מאסק,מיליליטרים,750.00,"100 מ""ל",false,,12.90,0.0172,true,1,32820
7290104961526,false,דאודורנט ספריי גוף טיטניום קלאסיק Titanium Classic,"אמיליה קוסמטיקס בע""מ",IL,ספריי גוף קלאסיק טיט,מיליליטרים,150.00,"100 מ""ל",false,,12.90,0.0860,true,1,32828
7290104961878,false,"שמפו לשיער קרטין אינטנס פורמולה 400 מ""ל נטורל",נטורל פורמולה Natural Formula,IL,קרטין אינטנס שמפו נט,מיליליטרים,400.00,"100 מ""ל",false,,31.90,0.0797,true,1,32833
7290104961892,false,מסכת קרטין טהור לשיער שעבר החלקה או עיצוב בחום,נטורל פורמולה Natural Formula,IL,מסכת קרטין אינטנס נט,מיליליטרים,350.00,"100 מ""ל",false,,40.90,0.1169,true,1,32835
7290104963223,false,סופטקר - אל סבון עדין לתינוק לעור רגיש 1 ליטר,סופטקר Softcare,IL,סופטקר אלסבון קלאסי,אין,0.00,יחידה,false,,18.90,0.0000,true,1,32875
7290104965647,false,קרליין דיאודורנט בנות רולאון סוויט קיס,"אמיליה קוסמטיקס בע""מ",IL,דאו' רול און נושם לב,מיליליטרים,50.00,"100 מ""ל",false,,12.90,0.2580,true,1,309177
7290105360328,false,קפסולות אספרסו חזק למכונות נספרסו 10 יח',הנסיך- מפעל לייצור ט,IL,עלית קפסולות אספרסו,גרמים,50.00,100 גרם,false,,18.90,0.3780,true,1,24282
7290105360335,false,קפסולות אספרסו למכונות נספרסו 50 גר,הנסיך- מפעל לייצור ט,IL,עלית קפסולות אספרסו,גרמים,50.00,100 גרם,false,,18.90,0.3780,true,1,24283
7290105360755,false,"שמן זית 3 חזק 750 מ""ל יד מרדכי",מכוורת יד מרדכי שטרא,IL,שמן זית 3 חזק כתית י,מיליליטרים,750.00,"100 מ""ל",false,,38.90,0.0519,true,1,24286
7290105360762,false,"שמן זית 1 עדין 750 מ""ל יד מרדכי",מכוורת יד מרדכי שטרא,IL,שמן זית 1 עדין כתית,מיליליטרים,750.00,"100 מ""ל",false,,38.90,0.0519,true,1,24287
7290105360878,false,מארז תפוציפס טבעי 50 גרם * 4,"שטראוס פריטו ליי בע""",IL,תפוציפס מארז 4*50ג,גרמים,200.00,100 גרם,false,,14.10,0.0705,true,1,25433
7290105362339,false,"שמנת לבישול 15% 250 מ""ל יטבתה מהדרין",שטראוס גרופ,IL,יטבתה שמנת לבישול 15,מיליליטרים,250.00,"100 מ""ל",false,,9.40,0.0376,true,1,24945
7290105363602,false,כיף כף - מקלות קלאסי 40 גרם,"איי, בי, אינבוו",TR,כיף כף מקלות קלאסי 4,גרמים,40.00,100 גרם,false,,5.80,0.1450,true,1,24296
7290105364289,false,כיף כף - מקלות פצפוצים 40 גרם,"איי, בי, אינבוו",TR,כיף כף מקלות פצפוצים,גרמים,40.00,100 גרם,false,,5.80,0.1450,true,1,24298
7290105364302,false,"עלית חטיף שוקולד כיף כף מקלות אגוזים, 40 גרם","איי, בי, אינבוו",TR,כיף כף מקלות אגוזים,גרמים,42.00,100 גרם,false,,5.80,0.1381,true,1,24299
7290105366023,false,חציל אחלה בטעם כבד 400 גר' אחלה,מיוצר עי קונדיטוריית,IL,אחלה חציל בטעם כבד 4,גרמים,400.00,100 גרם,false,,17.90,0.0447,true,1,24948
7290105366047,false,טחינה אחלה לבנה 400 גר',מיוצר עי קונדיטוריית,IL,אחלה טחינה לבנה 400ג,גרמים,400.00,100 גרם,false,,17.90,0.0447,true,1,24950
7290105366993,false,גבינה לבנה סימפוניה עם תוספות 200 ג' פלפל שיפקה,"שטראוס בריאות בע""מ",IL,סימפוניה פלפל שיפקה,גרמים,200.00,100 גרם,false,,12.50,0.0625,true,1,24956
7290105368331,false,מעדן מילקי בטעם תות עם קצפת,מחלבת אחיהוד,IL,"מילקי תות 170 מ""ל",מיליליטרים,170.00,"100 מ""ל",false,,3.10,0.0182,true,1,24968
7290105368904,false,"שמנת מתוקה להקצפה 32% שומן 250 מ""ל יוטבתה",שטראוס גרופ,IL,יטבתה שמנת עמידה לקצ,מיליליטרים,250.00,"100 מ""ל",false,,8.30,0.0332,true,1,24978
7290105368928,false,"שמנת 9% שומן 200 מ""ל יוטבתה",שטראוס גרופ,IL,יטבתה שמנת 9% 200מל,מיליליטרים,200.00,"100 מ""ל",false,,3.70,0.0185,true,1,24979
7290105369130,false,סימפוניה גבינה במרקם שמנת בצל ירוק 5%,"שטראוס בריאות בע""מ",IL,סימפוניה שטראוס בצל,גרמים,200.00,100 גרם,false,,12.50,0.0625,true,1,24982
7290105431868,false,"פלמוליב ספא קוקוס גרגרים נוזלי 500 מ""ל",הנסיך- מפעל לייצור ט,TR,פלמוליב סבון נוזלי ס,מיליליטרים,500.00,"100 מ""ל",false,,17.90,0.0358,true,1,23650
7290105434050,false,ספיד סטיק - דאודורנט סטיק לגבר XL ירוק רגיולר 85 גרם,ספיד סטיק Speed Stick,US,דאו' ירוק רגיולר ספי,גרמים,85.00,100 גרם,false,,15.90,0.1871,true,1,23663
7290105436382,false,חטיף מארז פרי אנרגיה תמרים עם קשיו 125,טבעית מוצרים מן הטבע,IL,פרי חטיפי בריאות תמר,גרמים,100.00,100 גרם,false,,18.00,0.1800,true,1,23669
7290105439505,false,מנה מאסטר שף קרם בטעם מיונז לייט 479 גר,רמיה סי.וי. הולנד,NL,מאסטר שף קרם בטעם מ,גרמים,479.00,100 גרם,false,,13.50,0.0282,true,1,23678
7290105439581,false,מנה מאסטר שף חרדל דיזיון צרפתי 370 גר,סאס קווינור,FR,מאסטר שף מאסטר שף חר,מיליליטרים,370.00,"100 מ""ל",false,,13.90,0.0376,true,1,23679
7290105500151,false,וודקה פינלנדיה בקבוק,"אלטיה קורפ, הלסינקי,",FI,וודקה פינלנדיה 700 מ,מיליליטרים,700.00,"100 מ""ל",false,,70.90,0.1013,true,1,117467
7290105691224,false,פריכונים חטיפי טורטיה שום בצל 60 ג' אוסם,"מיוצר ע""י PT, משווק",IL,חטיפי פריכונים טורטי,גרמים,60.00,100 גרם,false,,8.10,0.1350,true,1,21507
7290105691248,false,פריכונים חטיפי טורטיה תירס 60 ג' אוסם,"מיוצר ע""י PT, משווק",IL,חטיפי פריכונים טורטי,גרמים,60.00,100 גרם,false,,8.10,0.1350,true,1,21508
7290105693341,false,במבה מארז 10 יח' * 25 ג' אסם,"אסם השקעות בע""מ",IL,במבה מאח.15 10*25גרם,גרמים,250.00,100 גרם,false,,16.90,0.0676,true,1,21525
7290105693457,false,עוגת הבית דמקה שוקו וניל 320 ג' אסם,מיוצר עי קונדיטוריית,IL,עוגת הבית דמקה שוקו,גרמים,320.00,100 גרם,false,,14.90,0.0466,true,1,21526
7290105695024,false,אסם פתיתים אפויים אורז עם אטריות 500 גר,"אסם השקעות בע""מ",IL,פתיתים אפויים אורז ע,גרמים,500.00,100 גרם,false,,7.90,0.0158,true,1,21536
7290105695321,false,עוגת שוקולד בראוניז פאדג' 380 ג',מיוצר עי קונדיטוריית,IL,הבית עוגות בראוניס פ,גרמים,380.00,100 גרם,false,,19.50,0.0513,true,1,21539
7290105956255,false,מפה בד טרלין 150*250,,,מפה בד טרלין 150*250,אין,0.00,יחידה,false,,39.90,0.0000,true,1,30382
7290105964564,false,אחלה חומוס אחלה 400ג,מיוצר עי קונדיטוריית,IL,אחלה חומוס אחלה 400ג,גרמים,400.00,100 גרם,false,,10.20,0.0255,true,1,24989
7290105965738,false,יוגורט לשתיה בטעם תות בננה267 ג' דנונה,מיוצר עי קונדיטוריית,IL,דנונה משקה תות בננה,גרמים,267.00,100 גרם,false,,5.80,0.0217,true,1,24997
7290105966469,false,"חומץ בלסמי יד מרדכי 250מ""ל",אצטייה ג'וזפה קרמוני,IT,חומץ בלסמי יד מרדכי,גרמים,250.00,100 גרם,false,,15.90,0.0636,true,1,24337
7290105968098,false,סלט קולסלאו אחלה 500 ג',שטראוס גרופ סלטים,IL,אחלה קולסלאו 500ג,גרמים,500.00,100 גרם,false,,17.90,0.0358,true,1,25009
7290105968654,false,רביולי בטטה פרווה פסטה נונה 400 ג',מיוצר עי קונדיטוריית,IL,שטראוס רביולי בטטה 4,גרמים,400.00,100 גרם,false,,21.90,0.0547,true,1,25010
7290105968777,false,פריכיות עם תחתית שוקולד מריר 70 ג' אנרגי,"טחנת האבן תעשיות בע""",IL,פריכיות תחתית שוקלד,גרמים,70.00,100 גרם,false,,9.40,0.1343,true,1,24344
7290106520066,false,רבע לשבע במילוי קרם אגוזים ובציפוי שוקולד חלב,הגביע מוצרי וופלים ב,IL,רבע לשבע 160 גרם,גרמים,160.00,100 גרם,false,,11.90,0.0744,true,1,24346
7290106520288,false,יוגורט פרו חלבון עם תות 2.4% שומן 150 ג' דנונה,"שטראוס בריאות בע""מ",IL,דנונה פרו תות 150 גר,גרמים,150.00,100 גרם,false,,5.10,0.0340,true,1,25012
7290106520912,false,"שמנת לבישול 9% 250 מ""ל יטבתה",שטראוס גרופ,IL,יטבתה שמנת לבישול 9%,מיליליטרים,250.00,"100 מ""ל",false,,9.40,0.0376,true,1,25022
7290106521049,false,אחלה טעמי השוק קוביות סלק 400 גר,מיוצר עי קונדיטוריית,IL,אחלה קוביות סלק 400,גרמים,400.00,100 גרם,false,,17.90,0.0447,true,1,25024
7290106521926,false,שקית קפה טורקי 150 ג' עלית,שטראוס גרופ,IL,קפה טורקי עלית 150 ג,גרמים,150.00,100 גרם,false,,12.90,0.0860,true,1,88985
7290106524439,false,תפוצ'יפס טבעי פופס 60גר',"שטראוס פריטו ליי בע""",IL,תפוציפס פופס 60 גרם,גרמים,60.00,100 גרם,false,,4.30,0.0717,true,1,109822
7290106525405,false,קפסולות למכונת נספרסו נטול קפאין,שטראוס קפה בי.וי,IL,עלית קפסולות נטול למ,גרמים,50.00,100 גרם,false,,18.90,0.3780,true,1,24369
7290106526822,false,פריכיות אורז עם תחתית שוקולד חלב 80 ג' אנרגי,"טחנת האבן תעשיות בע""",IL,פריכיות עם תחתית שוק,גרמים,80.00,100 גרם,false,,9.40,0.1175,true,1,24380
7290106528567,false,חטיף דוריטוס גריל 185 גרם,שטראוס פריטו ליי (מל,IL,דוריטוס גריל 185 גר`,גרמים,185.00,100 גרם,false,,8.60,0.0465,true,1,25463
7290106528628,false,חטיף דוריטוס טבעי 185 גרם,"שטראוס פריטו ליי בע""",IL,דוריטוס טבעי 185 גר`,גרמים,185.00,100 גרם,false,,8.60,0.0465,true,1,25464
7290106528949,false,לקט לסלט ערוגות שטרא,שטראוס בריאות ירקות,IL,לקט ערוגות,גרמים,450.00,100 גרם,false,,14.60,0.0324,true,1,25050
7290106571921,false,עוגיות פיטנס עוגיות חמוציות 180 גר',מיוצר עי קונדיטוריית,IL,פיטנס עוגיות חמוציות,גרמים,180.00,100 גרם,false,,12.70,0.0706,true,1,21554
7290106572027,false,אוסם - לחמית חמישה דגנים 190 גרם,"אסם השקעות בע""מ",IL,לחמית חמישה דגנים אס,גרמים,190.00,100 גרם,false,,9.90,0.0521,true,1,21556
7290106572065,false,חטיפי פריכונים טורטיה חמוץ מתוק 60 גרם,"מיוצר ע""י PT, משווק",IL,טורטיה בטעם תירס חמו,גרמים,60.00,100 גרם,false,,8.10,0.1350,true,1,21557
7290106572959,false,מארז אפרופו חטיף תירס 5 יחידות,אסם תעשיות,IL,אפרופו קלאסי מאח.8 5,גרמים,75.00,100 גרם,false,,13.90,0.1853,true,1,21564
7290106573598,false,צבר חומוס לבנוני 400גרם,סלטי צבר,IL,צבר חומוס לבנוני 400,גרמים,400.00,100 גרם,false,,12.90,0.0323,true,1,22223
7290106573642,false,חומוס עם צנובר צבר 400 גר,סלטי צבר,IL,צבר חומוס צנובר 400,גרמים,400.00,100 גרם,false,,12.90,0.0323,true,1,22225
7290106574953,false,בייגלה שטוחים כעכים שטוחים עם שומשום,מיוצר עי קונדיטוריית,IL,אסם בייגלה שטוחים שו,גרמים,300.00,100 גרם,false,,11.90,0.0397,true,1,21591
7290106574977,false,בייגלה שטוחים כעכים שטוחים עם מלח,מיוצר עי קונדיטוריית,IL,אסם בייגלה שטוחים עם,גרמים,300.00,100 גרם,false,,11.90,0.0397,true,1,21592
7290106575257,false,עוגת הבית סופלה בטעם שוקולד 340 ג' אסם,מיוצר עי קונדיטוריית,IL,עוגת הבית סופלה בטעם,גרמים,340.00,100 גרם,false,,14.90,0.0438,true,1,68246
7290106575431,false,עוגת הבית סופלה בטעם שוקוניל 340 ג' אסם,מיוצר עי קונדיטוריית,IL,עוגת הבית סופלה בטעם,גרמים,340.00,100 גרם,false,,14.90,0.0438,true,1,21600
7290106576513,false,סלט חומוס צבר 400 גר,סלטי צבר,IL,צבר חומוס 400 גרם,גרמים,400.00,100 גרם,false,,9.90,0.0248,true,1,22229
7290106576537,false,צבר חומוס מסעדה 700 גר,סלטי צבר,IL,צבר חומוס מסעדה 700,גרמים,700.00,100 גרם,false,,10.90,0.0156,true,1,22230
7290106576797,false,"לה קרמריה גלידת וניל איטלקי כשל""פ 1.4ל'",תות תעשיות מזון (201,IL,לה קרמריה וניל איטלק,ליטר,1.40,ליטר,false,,25.90,18.5000,true,1,17097
7290106576810,false,גלידה לה קרמריה ריבת חלב 1.4 ל' נסטלה,המאפיה של הרמן,IL,לה קרמריה ריבת חלב 1,ליטר,1.40,ליטר,false,,25.90,18.5000,true,1,17098
7290106576834,false,גלידה לה קרמריה פונטש בננה1.4 ל' נסטלה,תות תעשיות מזון (201,IL,גלידה קרמריה פונטש ב,ליטר,1.40,ליטר,false,,25.90,18.5000,true,1,17099
7290106576858,false,גלידה לה קרמריה תותים בשמנת 1.4 ל' נסטלה,המאפיה של הרמן,IL,גלידה קרמריה תותים ב,ליטר,1.40,ליטר,false,,25.90,18.5000,true,1,17100
7290106576919,false,גלידה קרמריה סורבה תות לימון 1.4 ליטר,המאפיה של הרמן,IL,גלידה קרמריה סורבה ת,ליטר,1.40,ליטר,false,,25.90,18.5000,true,1,17102
7290106576957,false,"לה קרמריה גלידת שוקו וניל פליק פרווה כשל""פ 1.4",תות תעשיות מזון (201,IL,גלידה קרמריה פרווה ש,ליטר,1.40,ליטר,false,,25.90,18.5000,true,1,17104
7290106576971,false,גלידה לה קרמריה שוקולד בלגי 1.4 ל' נסטלה,תות תעשיות מזון (201,IL,לה קרמריה שוקולד בלג,ליטר,1.40,ליטר,false,,25.90,18.5000,true,1,17105
7290106577282,false,צבר טחינה מרובע 400גרם,סלטי צבר,IL,צבר מרובע טחינה 400ג,גרמים,400.00,100 גרם,false,,13.50,0.0338,true,1,22231
7290106577527,false,סלט קולסלאו כרוב לבן וגזר 400 ג' צבר,סלטי צבר,IL,צבר מרובע קולסלו 400,גרמים,400.00,100 גרם,false,,13.50,0.0338,true,1,22236
7290106577541,false,כרוב אדום מרובע 400 ג' צבר,סלטי צבר,IL,צבר מרובע כרוב אדום,גרמים,400.00,100 גרם,false,,13.50,0.0338,true,1,22237
7290106577572,false,צבר מטבוחה מרובע 400גרם,סלטי צבר,IL,צבר מרובע מטבוחה 40,גרמים,400.00,100 גרם,false,,13.50,0.0338,true,1,22238
7290106578692,false,אוסם - במבה ביסלי מיקס 80 גרם,פרו מן יו פתרונות אר,IL,במבה ביסלי מיקס 36*8,גרמים,80.00,100 גרם,false,,4.90,0.0613,true,1,21619
7290106578821,false,הבית עוגת שמרים קלאסית בטעם שוקולד 350גר.,מיוצר עי קונדיטוריית,IL,עוגת הבית שמרים קלאס,גרמים,350.00,100 גרם,false,,19.50,0.0557,true,1,21622
7290106639812,false,כוס אפרופו,,,כוס אפרופו,אין,0.00,יחידה,false,,6.90,0.0000,true,1,371891
7290106652996,false,כיף כף מקלות קוקוס חלבי 40 גר',סולן בעבור שטראוס,TR,כיף כף מקלות קוקוס 4,גרמים,40.00,100 גרם,false,,5.80,0.1450,true,1,486770
7290106654099,false,מילקי CAKE עוגות אישיות במילוי קרם חלב,אירו קייקס אס פי איי,IT,עוגות אישיות מילקי ק,גרמים,272.00,100 גרם,false,,21.70,0.0798,true,1,118230
7290106658479,false,עלית וופל בטעם טורטית אגוזים 40ג,"שטראוס גרופ בע""מ",IL,עלית וופל בטעם טורטי,גרמים,40.00,100 גרם,false,,4.90,0.1225,true,1,24429
7290106660410,false,רביולי תרד וגבינה שטראוס 400 ג',מיוצר עי קונדיטוריית,IL,שטראוס ריביולי תרד ו,גרמים,400.00,100 גרם,false,,21.90,0.0547,true,1,25074
7290106663091,false,לאבנה טבעי 9% שטראוס 500ג',הדקלאים אגודת שיתופי,IL,שטראוס לאבנה 9% 500,גרמים,500.00,100 גרם,false,,19.50,0.0390,true,1,25093
7290106663503,false,יד מרדכי קונפיטורת לייט תות 230 גר,אף.סי תבליני בגליל ב,IL,קונפיטורת לייט תות 2,גרמים,230.00,100 גרם,false,,13.90,0.0604,true,1,24468
7290106663558,false,"רוטב טריאקי ורימון יד מרדכי 280מ""ל",אף.סי תבליני בגליל ב,IL,יד מרדכי רוטב טריאקי,מיליליטרים,280.00,"100 מ""ל",false,,14.90,0.0532,true,1,24473
7290106664067,false,לאבנה עם שמן זית וזעתר 10% שטראוס 400 ג',הדקלאים אגודת שיתופי,IL,שטראוס לאבנה שמן זית,גרמים,400.00,100 גרם,false,,16.60,0.0415,true,1,25101
7290106666788,false,עלית - סוכריות נוסטלגיה דבש ממולאות 80 גרם,פלזנסקי,PL,סוכריות נוסטלגיה דבש,גרמים,80.00,100 גרם,false,,8.30,0.1038,true,1,24490
7290106667266,false,חטיף דוריטוס חמוץ חריף 185 גרם,שטראוס פריטו ליי (מל,IL,דוריטוס חמוץ חריף 18,גרמים,185.00,100 גרם,false,,8.60,0.0465,true,1,25539
7290106668577,false,"מיץ לימון טבעי יד מרדכי 250 מ""ל",האי נאם סי או אל.טי.,IT,מיץ לימון טבעי יד מר,מיליליטרים,250.00,"100 מ""ל",false,,8.90,0.0356,true,1,24500
7290106668713,false,יוגורט עם פירות יער 3% שומן 150 ג' דנונה,מיוצר עי קונדיטוריית,IL,דנונה פירות יער3% 15,מיליליטרים,150.00,"100 מ""ל",false,,4.10,0.0273,true,1,25113
7290106669857,false,קפסולות 06 אספרסו בטעם וניל עלית 10יח',הנסיך- מפעל לייצור ט,IL,עלית קפסולות בטעם ונ,גרמים,50.00,100 גרם,false,,18.90,0.3780,true,1,63657
7290106720626,false,צ'יטוס קראנצ' בטעם גבינה - חלבי,"שטראוס פריטו ליי בע""",IL,ציטוס גבינה 80 גרם,גרמים,80.00,100 גרם,false,,4.90,0.0613,true,1,76446
7290106721913,false,מסטיק מאסט MUST ללא סוכר בטעם מנטה מרעננת,"שטראוס גרופ בע""מ",IL,מאסט צנצנת ריח פה צ',גרמים,66.00,100 גרם,false,,11.50,0.1742,true,1,24535
7290106721920,false,צנצנת מסטיק מאסט בטעם ספירמינט עדין 66 ג' עלית,"שטראוס גרופ בע""מ.",IL,מאסט צנצנת ספירמינט,גרמים,66.00,100 גרם,false,,11.50,0.1742,true,1,24536
7290106723689,false,עלי תרד בייבי שטראוס 200 גרם,שטראוס בריאות ירקות,IL,שטראוס תרד בייבי 200,גרמים,200.00,100 גרם,false,,12.50,0.0625,true,1,25124
7290106725867,false,"סירופ מייפל טהור 189 מ""ל יד מרדכי",קוסלסי פוד,CA,יד מרדכי סירופ מייפל,מיליליטרים,189.00,"100 מ""ל",false,,36.90,0.1952,true,1,24587
7290106725874,false,"סירופ מייפל טהור יד מרדכי 236 מ""ל",יד מרדכי,IL,יד מרדכי סירופ מייפל,מיליליטרים,236.00,"100 מ""ל",false,,39.90,0.1691,true,1,24588
7290107280013,false,מגבונים ליטופים ללא בושם חמישיה,טרופיקל דגיל קוסמטיק,IL,ליטופים מגבונים ללא,אין,0.00,יחידה,false,,19.90,0.0000,true,1,32889
7290107280020,false,מטליות לחות סנו סושי לניקוי כללי שלישיה *50 יח',טרופיקל דגיל- תעשיות,IL,סנו סושי מגבונים לני,אין,0.00,יחידה,false,,21.90,0.0000,true,1,32890
7290107280068,false,זוג תבניות אלומיניום לאפייה XL,סנו סושי,,2 תבניות אלומיניום X,אין,0.00,יחידה,false,,10.90,0.0000,true,1,32893
7290107280099,false,מגבוני טואלט לחים סנו סופט שלישייה * 48 יח',טרופיקל דגיל- תעשיות,IL,סנו סופט מגבוני טואל,אין,0.00,יחידה,false,,16.90,0.0000,true,1,32896
7290107280112,false,נייר טואלט סופט סילק 24 גליל,סנו,IL,סנו סופט נייר טואלט,מטרים,441.00,מטר,false,,26.90,0.0610,true,1,105253
7290107280341,false,ריצפז מטליות לחות לניקוי הרצפה בניחוח מלון מפנק,"סנו מפעלי ברונוס סע""",IL,ריצפז מטליות לחות לנ,אין,0.00,יחידה,false,,12.90,0.0000,true,1,192865
7290107280389,false,"סנו - ג'ט מרסס לניקוי בחדר האמבטיה 750 מ""ל","איי, בי, אינבוו",IL,סנו ג'ט מתז לאמבט 75,מיליליטרים,750.00,"100 מ""ל",false,,13.90,0.0185,true,1,32902
7290107280563,false,אוקסיג'ן ג'ל לכביסה בייבי 3ל',"איי, בי, אינבוו",IL,סנו ג'ל אוקסיג'ן ביי,ליטר,3.00,ליטר,false,,32.90,10.9667,true,1,32911
7290107280587,false,סנובון סבון לאסלה דאבל אקשן בריח פרחים ורודים,סנו,,סנובון דאבל אקשן בני,גרמים,165.00,100 גרם,false,,12.90,0.0782,true,1,32913
7290107280716,false,מלח למדיח להגנה מפני אבנית סנו ספארק Spark,סנו,IL,סנו ספארק מלח למדיח,אלף,2.00,"ק""ג",false,,13.90,6.9500,true,1,32920
7290107280723,false,נוזל לניקוי כלים סנו ספארק Spark בניחוח לימון רענן,סנו כימיקלים,IL,סנו ספארק נוזל לניקו,מיליליטרים,700.00,"100 מ""ל",false,,9.90,0.0141,true,1,32921
7290107280730,false,נוזל לניקוי כלים סנו ספארק Spark בניחוח לבנדר,מיוצר עי קונדיטוריית,IL,סנו ספארק נוזל לניקו,מיליליטרים,700.00,"100 מ""ל",false,,9.90,0.0141,true,1,32923
7290107280747,false,נוזל לניקוי כלים סנו ספארק Spark קלאסי,סנו כימיקלים,IL,סנו ספארק נוזל לניקו,מיליליטרים,700.00,"100 מ""ל",false,,9.90,0.0141,true,1,32924
7290107280761,false,נוזל לניקוי כלים בניחוח לימון רענן סנו ספארק Spark,מיוצר עי קונדיטוריית,IL,ספארק נוזל לכלים לימ,אין,0.00,יחידה,false,,12.90,0.0000,true,1,32926
7290107341356,false,כבל אייפון imx,,,כבל אייפון,אין,0.00,יחידה,false,,19.90,0.0000,true,1,409931
7290107341363,false,כבל מיקרו imx.,,,כבל מיקרו,אין,0.00,יחידה,false,,19.90,0.0000,true,1,416501
7290107341370,false,כבל טפייסי imx,,,כבל טייפ סי,אין,0.00,יחידה,false,,19.90,0.0000,true,1,416502
7290107646383,false,מט.לחות לניקוי רצפות בניחוח לימון סיף 10,עלבד משואות יצחק בעמ,IL,סיף מטליות לחות לניק,אין,0.00,יחידה,false,,13.90,0.0000,true,1,86382
7290107871990,false,פסטה צינורות 500 גר אסם,פסטה זארה,IT,פסטה צינורות אסם 500,גרמים,500.00,100 גרם,false,,6.90,0.0138,true,1,21653
7290107874502,false,ביסלי גריל קדמ. מארז אחיד 10 4*55 גרם,מיוצר עי קונדיטוריית,IL,ביסלי גריל 4*55 גרם,גרמים,220.00,100 גרם,false,,12.90,0.0586,true,1,21682
7290107875004,false,פופקורן חמאה ודבש מארז12*20גר',,,פופקו חמאה ודבש מארז,גרמים,240.00,100 גרם,false,,19.90,0.0829,true,1,129226
7290107875271,false,ביסלי ברביקיו קדמ. מארז אחיד10 4*55 גרם,אסם,IL,ביסלי ברבקיו מארז 4*,גרמים,220.00,100 גרם,false,,12.90,0.0586,true,1,21692
7290107875820,false,קרוטונים אפויים בתיבול ביתי אוסם 180 ג',עינת תעשיות מזון,IL,קרוטונים אפויים בתיב,גרמים,180.00,100 גרם,false,,12.90,0.0717,true,1,21700
7290107879521,false,קרחוני לה פרוטה La Frutta תות שדה - 5 יח',גלידות נסטלה Nestle,IL,לה פרוטה תות 5 יח,גרמים,350.00,100 גרם,false,,27.90,0.0797,true,1,17150
7290107879569,false,קרחון לה פרוטה שרבט מנגו מאגדת 5יח',גלידות נסטלה Nestle,IL,לה פרוטה מנגו 5 יח,גרמים,350.00,100 גרם,false,,27.90,0.0797,true,1,17151
7290107930321,false,קונפיטורת יד מרדכי דובדובן 340 גרם,"בית אל מזון בע""מ",IL,יד מרדכי קונפיטורה ד,גרמים,340.00,100 גרם,false,,13.90,0.0409,true,1,24611
7290107932080,false,חלב מועשר יוטבתה בבקבוק 3% 1 ליטר,מחלבת יטבתה,IL,יטבתה חלב בבקבוק 3%,ליטר,1.00,ליטר,false,,8.30,8.3000,true,1,25168
7290107932134,false,חלב מועשר יוטבתה בבקבוק 1% 1 ליטר,מחלבת יטבתה,IL,יטבתה חלב בבקבוק 1%,ליטר,1.00,ליטר,false,,8.30,8.3000,true,1,25170
7290107933155,false,לקט לסלט סלנובה שטרא,שטראוס בריאות ירקות,IL,לקט סלנובה 200 גרם,גרמים,200.00,100 גרם,false,,15.60,0.0780,true,1,25172
7290107933193,false,שטראוס סלק מבושל בוו,לס לגוסודה סנצונוניו,ES,שטראוס סלק מבושל בוו,גרמים,500.00,100 גרם,false,,8.90,0.0178,true,1,25173
7290107934473,false,מארז 8 יח' אקטיביה יוגורט קרמי 1.5% שומן,דנונה - שטראוס,IL,אקטיביה מארז מיוחד 1,אלף,1.20,"ק""ג",false,,22.90,19.0833,true,1,25186
7290107936309,false,דנונה יוגורט 7% יווני לבן 130 ג',"שטראוס בריאות בע""מ",IL,דנונה יווני לבן 130,גרמים,130.00,100 גרם,false,,3.70,0.0285,true,1,25196
7290107936958,false,עד חצות ביסקוויט אצבעות שוקולד 125 גרם,הדקלאים אגודת שיתופי,FR,עד חצות אצבעות 125 ג,גרמים,125.00,100 גרם,false,,10.90,0.0872,true,1,102649
7290107937542,false,משקה יוגורט אקטיביה עם תות 1.2% שומן,מיוצר עי קונדיטוריית,IL,משקה אקטיביה תות 1.2,מיליליטרים,265.00,"100 מ""ל",false,,5.80,0.0219,true,1,25204
7290107937627,false,מסטיק מאסט Must קוביות ללא סוכר בטעם מנטה עדינה,אסקום קונפקשיין,DE,צנצנת קוביות ספירמינ,גרמים,58.00,100 גרם,false,,11.50,0.1983,true,1,24666
7290107937634,false,צנצנית מסטיק מאסט קוביות פפירמינט 58 ג' עלית,אסקום קונפקשיין,DE,צנצנת קוביות פפירמינ,גרמים,58.00,100 גרם,false,,11.50,0.1983,true,1,24667
7290107937641,false,מסטיק בצנצנת קוביות בזוקה 58 ג',אסקום קונפקשיין,DE,צנצנת קוביות בזוקה 5,גרמים,58.00,100 גרם,false,,11.50,0.1983,true,1,24668
7290107937856,false,קפסולות 11חזק למכונות נספרסו עלית 10יח',הנסיך- מפעל לייצור ט,IL,עלית קפסולות בטעם נס,גרמים,50.00,100 גרם,false,,18.90,0.3780,true,1,24671
7290107938396,false,"אקטימל משקה פרוביוטי תות 100X8 מ""ל",מיוצר עי קונדיטוריית,IL,דנונה Actimel בנים ב,גרמים,864.00,100 גרם,false,,22.90,0.0265,true,1,25210
7290107940030,false,חומוס אחלה 650 גרם,שטראוס גרופ,IL,חומוס אחלה 650 גר,גרמים,650.00,100 גרם,false,,9.90,0.0152,true,1,25229
7290107940467,false,אקטיביה יוגורט 1.5% שומן 200 ג' דנונה,מיוצר עי קונדיטוריית,IL,דנונה אקטיביה יוגורט,גרמים,200.00,100 גרם,false,,4.70,0.0235,true,1,25237
7290107941259,false,עדשים ירוקות מבושלות,הורקסה לס לגונס דה ס,ES,עדשים ירוקות מבושלות,גרמים,475.00,100 גרם,false,,12.90,0.0272,true,1,25247
7290107941266,false,שעועית אדומה שטראוס,הורקסה לס לגונס דה ס,ES,שעועית אדומה מבושלת,גרמים,475.00,100 גרם,false,,15.90,0.0335,true,1,25248
7290107941273,false,חומוס מבושל שטראוס ט,הורקסה לס לגונס דה ס,ES,חומוס מבושל 475 גרם,גרמים,475.00,100 גרם,false,,12.90,0.0272,true,1,25249
7290107943192,false,"שמנת חמוצה מהערבה 27% שומן 200 מ""ל יטבתה",מחלבת יטבתה,IL,יטבתה שמנת 27% 200מ,מיליליטרים,200.00,"100 מ""ל",false,,4.70,0.0235,true,1,102688
7290107943369,false,קוואקר שיבולת שועל ללא גלוטן 511 גר'.,היידי שוקולד בירונטי,US,שיבולת שועל ללא גלוט,גרמים,511.00,100 גרם,false,,19.90,0.0389,true,1,99476
7290107944243,false,וופלים אפיפיות בטעם שוקולד 200 גר,"שטראוס גרופ בע""מ",IL,"אפיפית ללא גלוטן בד""",גרמים,200.00,100 גרם,false,,7.90,0.0395,true,1,96306
7290107944472,false,סימפוניה גבינה במרקם שמנת 5% שום שמיר,"שטראוס בריאות בע""מ",IL,סימפוניה 5% שום שמיר,גרמים,200.00,100 גרם,false,,12.50,0.0625,true,1,25269
7290107945165,false,קונפיטורת יד מרדכי משמש 340 גר,אף.סי תבליני בגליל ב,IL,יד מרדכי קונפיטורת מ,גרמים,340.00,100 גרם,false,,13.90,0.0409,true,1,62067
7290107950190,false,מעדן חלב דל קלוריות בטעם שוקולד מריר 0.5% שומן,מיוצר עי קונדיטוריית,IL,מעדן דיאט שוקולד מרי,גרמים,130.00,100 גרם,false,,3.70,0.0285,true,1,25279
7290107950206,false,מעדן חלב דל קלוריות בטעם שוקולד 0% שומן,מיוצר עי קונדיטוריית,IL,מעדן דיאט שוקולד % 0,גרמים,130.00,100 גרם,false,,3.70,0.0285,true,1,25280
7290107951104,false,בפלות ופלים ארוכים בטעם שוקולד,"א.ג. גילרו בע""מ",IL,בפלות 200 גרם שוקולד,גרמים,200.00,100 גרם,false,,5.20,0.0260,true,1,24708
7290107953559,false,קפה טורקי עלית לדרך שקיות 24X7ג',הנסיך- מפעל לייצור ט,IL,קפה טורקי לדרך 168 ג,גרמים,168.00,100 גרם,false,,19.90,0.1185,true,1,24720
7290107954709,false,קונפיטורת פירות יער 340 גר יד מרדכי,יד מרדכי,IL,יד מרדכי קונפיטורת פ,גרמים,340.00,100 גרם,false,,13.90,0.0409,true,1,86353
7290107954976,false,"משקה יטבתה חלבון פרו קפה 350מ""ל",מחלבת יטבתה,IL,משקה פרו בטעם קפה יט,מיליליטרים,350.00,"100 מ""ל",false,,7.30,0.0209,true,1,89573
7290107956901,false,קפסולות בטעם אגוזים למכונות נספרסו 50 גר,שטראוס גרופ,IL,עלית קפסולות אספרסו,גרמים,150.00,100 גרם,false,,18.90,0.1260,true,1,105978
7290107956925,false,קפסולות 13 אוגנדה למכונת נספרסו עלית 10יח',שטראוס קפה בי.וי,IL,עלית קפסולות אוגנדה,גרמים,50.00,100 גרם,false,,18.90,0.3780,true,1,131972
7290107956932,false,קפסולות אספרסו אידונזיה למכונות 50 גר,שטראוס קפה בי.וי,IL,עלית קפסולות אידונזי,גרמים,50.00,100 גרם,false,,18.90,0.3780,true,1,102656
7290107957069,false,"צנצנת עלמה בטעם אוכמניות לל""ס 66 גרם","שטראוס גרופ בע""מ",IL,מסטיק עלמה בטעם אוכמ,גרמים,66.00,100 גרם,false,,11.50,0.1742,true,1,102657
7290107957076,false,"צנצנת עלמה בטעם ספירמינט לל""ס 66 גרם","שטראוס גרופ בע""מ",IL,מסטיק עמלה בטעם ספיר,גרמים,66.00,100 גרם,false,,11.50,0.1742,true,1,102658
7290107957113,false,סימפוניה 5% זיתים פיקנטיים 200 ג' שטראוס,שטראוס גרופ,IL,סימפוניה עם זיתים פי,גרמים,200.00,100 גרם,false,,12.50,0.0625,true,1,132283
7290107957991,false,מילקי CAKE מיניס קרם חלב בציפוי שוקולד חלב שקית 16X9ג',בובארד איטליה אס.פי.,IT,"מילקי מייניס 9*16 מ""",גרמים,144.00,100 גרם,false,,15.50,0.1076,true,1,127667
7290107958035,false,יוגורט במתיקות מעודנת 2% ללא תוספת סוכר- מארז 8 יח,דנונה - שטראוס,IL,8 דנונה מתיקות מעודנ,אלף,1.20,"ק""ג",false,,19.80,16.5000,true,1,106067
7290107958639,false,מטבוחה אחלה מרוקאית חריפה 400 גר',מיוצר עי קונדיטוריית,IL,אחלה מטבוחה מרוקאית,גרמים,400.00,100 גרם,false,,17.90,0.0447,true,1,106060
7290107973014,false,פלמוליב סבון ידיים חלב ודבש 300 מ'ל,הנסיך- מפעל לייצור ט,TR,פלמוליב סבון ידיים ח,מיליליטרים,300.00,"100 מ""ל",false,,10.90,0.0363,true,1,23717
7290107973038,false,"פלמוליב סבון ידיים אקווריום 300 מ""ל",הנסיך- מפעל לייצור ט,IT,סבון ידיים אקווריום,מיליליטרים,300.00,"100 מ""ל",false,,10.90,0.0363,true,1,23719
7290107973793,false,שימורי עגבניות שלמות 400 ג' מאסטר שף,פראנו אריקו ופיגלי ס,IT,עגבניות שלמות מאסטר,גרמים,400.00,100 גרם,false,,6.90,0.0173,true,1,23727
7290107973809,false,שימורי עגבניות קוביות 400 ג' מאסטר שף,פראנו אריקו ופיגלי ס,IT,קוביות עגבניות מאסטר,גרמים,400.00,100 גרם,false,,6.90,0.0173,true,1,23728
7290107973861,false,מאסטר שף - עגבניות קצוצות דק שלישיה 400 גרם * 3,קונסרזיו קאסאלאסקו ד,IT,עגבניות קצוצות דק מא,אלף,1.20,"ק""ג",false,,17.90,14.9167,true,1,23729
7290107974066,false,"עלי טורטיה קמח מלא 20ס""מ 8יח' מאסטר שף 320ג'",אלקאטי קורביישיסי,DE,עלי טורטיה קמח מלא מ,גרמים,320.00,100 גרם,false,,11.90,0.0372,true,1,68568
7290107974073,false,מנה עלי טורטיה קמח לבן מ.שף 20 סמ 320 גר,הנסיך- מפעל לייצור ט,DE,עלי טורטיה קמח לבן מ,גרמים,320.00,100 גרם,false,,11.90,0.0372,true,1,23735
7290107974080,false,מנה עלי טורטיה קמח לבן מ.שף 25 סמ 840 גר,הדקלאים אגודת שיתופי,DE,עלי טורטיה קמח לבן מ,גרמים,820.00,100 גרם,false,,17.90,0.0218,true,1,23736
7290107974813,false,"אורז יסמין 1 ק""ג מאסטר שף",מאסטר שף,,אורז יסמין מאסטר שף,אלף,1.00,"ק""ג",false,,14.90,14.9000,true,1,23744
7290107974820,false,מנה מאסטר שף ממרח מתובל ספייסי 248 גר,מאסטר שף,,מאסטר שף ממרח מתובל,גרמים,252.00,100 גרם,false,,8.90,0.0353,true,1,23745
7290107976848,false,רביעיית פלמוליב סבון מוצק קמומיל,קולגייט פלמוליב,,סבון מוצק קמומיל פלמ,גרמים,400.00,100 גרם,false,,17.90,0.0447,true,1,103474
7290107977456,false,"פלמוליב - ג'ל רחצה ושמפו ספורט לגבר 750 מ""ל",קולגייט פלמוליב,TR,פלמוליב לגבר 2 ב-1 ג,מיליליטרים,750.00,"100 מ""ל",false,,21.90,0.0292,true,1,330501
7290107978347,false,מאסטר שף איטריות בינוניות 400 גר,הדקלאים אגודת שיתופי,PL,איטריות בינוניות מאס,גרמים,400.00,100 גרם,false,,6.90,0.0173,true,1,91907
7290108070316,false,שקית בלונים פסטל מעו,,,שקית 50 פסטל,אין,0.00,יחידה,false,,11.90,0.0000,true,1,36279
7290108074659,false,סוכריה טבעת הלו קיטי,,,סוכריה טבעת הלו קיטי,אין,0.00,יחידה,false,,5.50,0.0000,true,1,121512
7290108350128,false,סנו סושי שקיות אשפה חזקות במיוחד 40 יח',מיוצר עי קונדיטוריית,IL,סנו סושי שקיות חזקות,אין,0.00,יחידה,false,,26.90,0.0000,true,1,32935
7290108350142,false,שקיות רב שימושיות ענק סנו סושי 270 יח',אשפלסט תעשיות,IL,סנו סושי שקיות רב שי,אין,0.00,יחידה,false,,15.90,0.0000,true,1,32937
7290108350180,false,סנו סושי מפיות מודפסות 100 יח',חי מוצרי נייר בעמ,IL,סנו סושי מפיות מודפס,אין,0.00,יחידה,false,,8.90,0.0000,true,1,32940
7290108350210,false,סנו סושי שקיות אשפה חזקות 30 יח' XL,מיוצר עי קונדיטוריית,IL,סושי שקיות אקסטרא חז,אין,0.00,יחידה,false,,26.90,0.0000,true,1,32943
7290108350258,false,סופט נייר טואלט גליל ארוך 12 גלילים=36,מפעלי ברונוס בעמ,IL,סופט נייר טואלט גליל,מטרים,180.00,מטר,false,,44.90,0.2494,true,1,32944
7290108350531,false,סנו ספארק נוזל כלים בניחוח קלאסי עם משאבה 1 ל',מיוצר עי קונדיטוריית,IL,סנו ספארק משאבה בניח,ליטר,1.00,ליטר,false,,12.90,12.9000,true,1,32948
7290108350548,false,סנו ספארק נוזל כלים בניחוח לבנדר עם משאבה 1 ל',מיוצר עי קונדיטוריית,IL,סנו ספארק משאבה בניח,ליטר,1.00,ליטר,false,,12.90,12.9000,true,1,32949
7290108350555,false,נוזל כלים סנו ספארק Spark היפואלרגני פריחת השקד,סנו,IL,סנו ספארק משאבה בניח,ליטר,1.00,ליטר,false,,12.90,12.9000,true,1,32950
7290108350586,false,נוזל לניקוי כלים סנו ספארק Spark בניחוח לימון רענן,סנו,IL,ספארק נוזל כלים בניח,ליטר,1.50,ליטר,false,,15.90,10.6000,true,1,32952
7290108350616,false,סנו - מקסימה מרכך כביסה מרוכז פריחה כחולה 1 ליטר,"סנו מפעלי ברונוס בע""",IL,מרכך כביסה מקסימה סו,אין,0.00,יחידה,false,,19.90,0.0000,true,1,32955
7290108350623,false,מרכך כביסה סופר מרוכז סופט סילק מקסימה 1 ל' סנו,"סנו מפעלי ברונוס בע""",IL,מרכך כביסה מקסימה סו,אין,0.00,יחידה,false,,19.90,0.0000,true,1,32956
7290108350692,false,"אבקת כביסה מקסימה 6 ק""ג סנו",סנו מפעלי ברונוס בעמ,IL,אבקת כביסה סנו מקסימ,אלף,6.00,"ק""ג",false,,51.90,8.6500,true,1,32960
7290108351514,false,מרכך כביסה בבישום עוצמתי פריחה כחולה,סנו מקסימה,IL,מרכך כביסה סנו מקסימ,ליטר,4.00,ליטר,false,,23.90,5.9750,true,1,32981
7290108351552,false,"סנו - ג'ט לניקוי כללי בתוספת חומץ בניחוח לבנדר 750 מ""ל","סנו מפעלי ברונוס בע""",IL,סנו ג'ט מתז חומץ 750,מיליליטרים,750.00,"100 מ""ל",false,,13.90,0.0185,true,1,107218
7290108351590,false,"סנופרש הום בלו בלוסון בניחוח מרכך כביסה 350 מ""ל",סנו פרש Fresh,IL,סנו פרש BLUE BLOSSOM,מיליליטרים,350.00,"100 מ""ל",false,,12.90,0.0369,true,1,89469
7290108351606,false,מטהר אוויר בלו בלוסום סנו פרש הום 350 מל,סנו,IL,סנו פרש הום סופט סיל,מיליליטרים,350.00,"100 מ""ל",false,,12.90,0.0369,true,1,89470
7290108351613,false,סנו ריצפז פרש הום 2 ליטר בניחוח מלון חלומי,"סנו מפעלי ברונוס בע""",IL,ריצפז פרש הום מלון ח,ליטר,2.00,ליטר,false,,22.90,11.4500,true,1,79457
7290108351668,false,מטליות לחות לניקוי כללי בתוספת חומץ בניחוח לבנדר,טרופיקל דיגל- תעשיות,IL,סנו ג'ט מטליות לחות,יח',50.00,יח',false,,10.90,0.2180,true,1,125750
7290108351682,false,גל כביסה סנו מקסימה ביו קולד ווטר 5 ל,סנו,IL,ג'ל כביסה סנו מקסימה,ליטר,5.00,ליטר,false,,50.90,10.1800,true,1,129191
7290108351699,false,סנו - ג'ט מטליות לחות לניקוי כללי בתוספת חומץ לבנדר שלישיה,סנו מפעלי ברונוס על,IL,מגבונים ג'ט+חומץ מאר,אין,0.00,יחידה,false,,21.90,0.0000,true,1,130392
7290108351705,false,פניני בישום fresh linen גר 275,value smart prodacts,IL,פניני בישום לכביסה כ,גרמים,275.00,100 גרם,false,,21.90,0.0796,true,1,179562
7290108351729,false,"נוזל לניקוי אסלות אקולוגי 750 מ""ל GREEN POWER",מיוצר עי קונדיטוריית,IL,נוזל לניקוי אסלה 750,מיליליטרים,750.00,"100 מ""ל",false,,10.90,0.0145,true,1,221700
7290108351736,false,נ.לניקוי חלונותסנו גרין פאוור אקולוגי750,סנו,IL,"נוזל חלונות 750 מ""ל",מיליליטרים,750.00,"100 מ""ל",false,,12.90,0.0172,true,1,221701
7290108351781,false,ג'ל לניקוי אסלות + חומץ ומלח לימון בריח הדרים,"סנו מפעלי ברונוס בע""",IL,סנו ג'ט+לניקוי אסלות,מיליליטרים,750.00,"100 מ""ל",false,,12.90,0.0172,true,1,134158
7290108351804,false,סנו - מקסימה מרכך כביסה מרוכז ג'נטל בריז 1 ליטר,מיוצר עי קונדיטוריית,IL,סנו מקסימה מרכך כביס,אין,0.00,יחידה,false,,19.90,0.0000,true,1,157867
7290108351842,false,"מקסימה בושם מרוכז לכביסה FOREVER כחול 600מ""ל","איי, בי, אינבוו",IL,מקסימה בושם מרוכז לכ,אין,0.00,יחידה,false,,22.90,0.0000,true,1,134987
7290108351972,false,מטהר אוויר סנו פרש הום מלון בוטיק 200 מל,מיוצר עי קונדיטוריית,IL,סנו פרש הום יבש לבית,אין,200.00,יחידה,false,,12.90,0.0645,true,1,191442
7290108352054,false,אורביטול - צמד מברשות שיניים 980 + חוט דנטלי במתנה,סנו,IL,אורביטול מברשת לניקו,אין,0.00,יחידה,false,,21.90,0.0000,true,1,396373
7290108352146,false,"סנובון נוזלי בניחוח מגנוליה ונרולי 750 מ""ל",סנו מפעלי ברונוס בעמ,IL,סנובון נוזלי בניחוח,מיליליטרים,750.00,"100 מ""ל",false,,12.90,0.0172,true,1,221706
7290108352207,false,מקסימה קפסולות לכביסה פלורל 40 יחידות,טרופיקל דגיל תעשיות,IL,קפס' כביסה בניחוח פל,גרמים,840.00,100 גרם,false,,37.90,0.0451,true,1,221708
7290108352214,false,סנו - מקסימה קפסולות כביסה בניחוח בריזה מרעננת 40 יח',טרופיקל דגיל תעשיות,IL,קפסולות כביסה בניחוח,גרמים,840.00,100 גרם,false,,37.90,0.0451,true,1,221709
7290108352221,false,"מטהר אוויר סנו פרש הום מלון מפנק 350 מ""ל",סנו מפעלי ברונוס בעמ,IL,סנו פרש הום מלון מפנ,מיליליטרים,350.00,"100 מ""ל",false,,12.90,0.0369,true,1,223101
7290108352252,false,נוזל לניקוי כלים מתאים לניקוי ירקות ופירות סנו ספארק,"סנו מפעלי ברונוס בע""",IL,ספארק נוזל לכלים 1,אין,0.00,יחידה,false,,12.90,0.0000,true,1,240278
7290108352283,false,סנו נוזל לחיטוי וניקוי רצפות- 99.9% 2ל',"סנו מפעלי ברונוס בע""",IL,נוזל לחיטוי ולניקוי,ליטר,2.00,ליטר,false,,19.90,9.9500,true,1,215813
7290108352320,false,מבשם אוויר פרש הום נטול גז בניחוח מלון בוטיק,מיוצר עי קונדיטוריית,IL,סנו פרש הום מלון בוט,מיליליטרים,350.00,"100 מ""ל",false,,12.90,0.0369,true,1,223102
7290108352382,false,מטליות לחות באריזה אישית לחיטוי משטחים ואביזרים,טרופיקל דגיל תעשיות,IL,סנו מגבונים אישי 99,אין,0.00,יחידה,false,,12.90,0.0000,true,1,235078
7290108352429,false,מטהר אוויר סנו פרש הום נוזלי כחול ארומטי,סנו מפעלי ברונוס בעמ,IL,סנו פרש הום מטהר אוי,מיליליטרים,300.00,"100 מ""ל",false,,13.90,0.0463,true,1,233206
7290108352443,false,סנובון מוצק בניחוח לוטוס וסחלב שלישייה,סנו מפעלי ברונוס בעמ,IL,סנובון מוצק שלישיה כ,גרמים,165.00,100 גרם,false,,17.90,0.1085,true,1,245905
7290108352474,false,"מטהר אוויר סנומוד ליידי קוקו 150 מ""ל","סנו מפעלי ברונוס בע""",IL,מטהר אוויר סנומוד לי,מיליליטרים,150.00,"100 מ""ל",false,,12.90,0.0860,true,1,279811
7290108352566,false,מרכך כביסה בבישום עוצמתי 4 ל' סנו מקסינה,"סנו מפעלי ברונוס בע""",IL,מרכך JOY בבישום עוצמ,ליטר,4.00,ליטר,false,,23.90,5.9750,true,1,351185
7290108352573,false,מרכך כביסה מקסימה בבישום עוצמתי 4 ל' סנו,סנו,IL,מרכך כביסה CALM בבי,ליטר,4.00,ליטר,false,,23.90,5.9750,true,1,405082
7290108352641,false,סנו סושי מטלית הפלא לניקוי כללי במארז שלישייה,סנו מפעלי ברונוס.,IL,סנו סושי מטלית הפלא,אין,0.00,יחידה,false,,15.90,0.0000,true,1,89891
7290108352672,false,מטלית הפלא לריצפה זוג סנו סושי,סנו מפעלי ברונוס.,IL,סנו סושי זוג מטלית ה,אין,0.00,יחידה,false,,20.90,0.0000,true,1,89892
7290108352795,false,שקיות סנו סושי M זיפר 50 יח,סנו סושי,IL,סנו סושי שקיות זיפר,אין,0.00,יחידה,false,,13.90,0.0000,true,1,137799
7290108352801,false,"שקיות אשפה S לפחים קטנים 56*45 ס""מ בניחוח עדין","סנו מפעלי ברונוס בע""",IL,סנו סושי 100 שקיות א,יח',100.00,יח',false,,22.90,0.2290,true,1,123425
7290108352825,false,ספוג הפלא נירוסטה סנו סושי 3יח',s.k.a.t ltdסנו מפעלי,CN,סנו סושי-ספוג הפלא נ,יח',3.00,יח',false,,11.90,3.9667,true,1,125764
7290108352849,false,שלישיית מטליות הפלא לניקוי כללי דקור סנו סושי,טרופיקל דגיל תעשיות,IL,סנו סושי מטלית הפלא,אין,0.00,יחידה,false,,15.90,0.0000,true,1,252642
7290108352863,false,סנו סושי שקיות צלייה 20יח' מידה L,מיוצר עי קונדיטוריית,TR,סנו סושי-20 שקיות צל,אין,0.00,יחידה,false,,8.90,0.0000,true,1,131512
7290108352870,false,סנו סושי שקיות צלייה 10יח' מידה XL,מיוצר עי קונדיטוריית,IL,סנו סושי-10 שקיות צל,אין,0.00,יחידה,false,,8.90,0.0000,true,1,131513
7290108352962,false,"תבניות עמוקות אקסטרא חזקות 30*25ס""מ סנו",סנו סושי,IL,סנו סושי-3 תבניות עמ,אין,0.00,יחידה,false,,11.90,0.0000,true,1,135823
7290108353068,false,ספוג הפלא נירוסטה עם סיבי קירצוף סנו סושי 2 יח',מיוצר עי קונדיטוריית,IL,סנו סושי-כרית קרצוף,יח',3.00,יח',false,,10.90,3.6333,true,1,159210
7290108353402,false,צמד מברשות שיניים עם סיבי פחם דקים במיוחד,יבואן ומשווק: ש. שסט,CN,צמד מברשות שיניים או,אין,0.00,יחידה,false,,21.90,0.0000,true,1,205707
7290108353440,false,צמד מברשת שיניים 12000 סיבים אורביטול,"ב.א מזון בע""מ",CN,צמד מברשות שיניים 1,אין,0.00,יחידה,false,,32.90,0.0000,true,1,333478
7290108353501,false,סנו סושי שקיות אשפה עם ידיות 25 יח' XXL,טרופיקל דגיל תעשיות,IL,שקיות אשפה עם ידיות,אין,0.00,יחידה,false,,20.90,0.0000,true,1,195383
7290108353532,false,"שקיות אשפה נשלפות עם שרוך 65*54 ס""מ L",סנו סושי,IL,שקיות אשפה בגליל סנו,אין,0.00,יחידה,false,,33.90,0.0000,true,1,195384
7290108353648,false,סנו סושי - שקיות אוכל מנייר 70 יחידות,"אשפלסט תעשיות בע""מ",IL,סנו סושי 70 שקיות או,אין,0.00,יחידה,false,,11.90,0.0000,true,1,233207
7290108353686,false,מטלית חלומית לריצפה מיקרופייבר,נינגבו סנבנג,CN,סנו סושי מטלית לריצפ,אין,0.00,יחידה,false,,13.90,0.0000,true,1,252670
7290108353693,false,"צלחות מעוטרות מקנה סוכר בקוטר 19 ס""מ",סנו סושי,,צלחות ק.סוכר סנו סוש,אין,0.00,יחידה,false,,17.90,0.0000,true,1,224628
7290108353723,false,"קרמה - תחליב רחצה חימר תה ירוק 500 מ""ל",קרמה,IL,תחליב רחצה חימר תה י,מיליליטרים,500.00,"100 מ""ל",false,,14.90,0.0298,true,1,405728
7290108353730,false,"קרמה - תחליב רחצה חימר אוכמניות כחולות 500 מ""ל",קרמה,IL,תחליב רחצה חימר אוכמ,מיליליטרים,500.00,"100 מ""ל",false,,14.90,0.0298,true,1,405729
7290108354225,false,"סנו מדיק היגניק ג'ל לניקוי ידיים 100 מ""ל",טרופיקל דגיל תעשיות,CN,סנו מדיק ג'ל לניקוי,מיליליטרים,100.00,"100 מ""ל",false,,10.90,0.1090,true,1,245935
7290108354263,false,אורביטול - משחת שיניים 6+ חד קרן 70 גרם,טרופיקל דגיל קוסמטיק,IL,משחת שיניים אורביטול,גרמים,70.00,100 גרם,false,,8.90,0.1271,true,1,265879
7290108354270,false,מרכך כביסה מרוכז בבישום עוצמתי 1 ל' סנו מקסימה,מיוצר עי קונדיטוריית,IL,מרכך בבישום עוצמתי מ,ליטר,1.00,ליטר,false,,19.90,19.9000,true,1,351155
7290108354416,false,"תחליב רחצה יוגה, בניחוח ברגמוט 600מ""ל קרימה",קוסמופארם,IL,קרמה תחליב רחצה ספא,מיליליטרים,600.00,"100 מ""ל",false,,20.90,0.0348,true,1,456274
7290108354430,false,"שמפו כיף לשיקום והזנה שמן קוקוס וקרטין 700 מ""ל",קוסמופארם בעמ,IL,שמפו כיף לשיקום והזנ,מיליליטרים,700.00,"100 מ""ל",false,,12.90,0.0184,true,1,275565
7290108354713,false,"קרמה - תחליב רחצה קלאסי 500 מ""ל",קוסמופארם,IL,תחליב רחצה קלאסי קרמ,מיליליטרים,500.00,"100 מ""ל",false,,14.90,0.0298,true,1,351215
7290108354751,false,"סנו - ג'ט מרסס לניקוי כללי בתוספת אבקת סודה 750 מ""ל","סנו מפעלי ברונוס בע""",IL,מתז JET+בתוספת סודה,מיליליטרים,750.00,"100 מ""ל",false,,13.90,0.0185,true,1,134990
7290108355000,false,"שמפו מיניונים לילדים נקה 7 750 מ""ל",נקה 7,IL,שמפו מיניונים נקה 7,מיליליטרים,750.00,"100 מ""ל",false,,12.90,0.0172,true,1,32988
7290108355178,false,"קרמה - קרם ידיים חמאת שיאה וקוקוי 100 מ""ל",קוסמופארם,IL,קרם ידיים קרמה חמאת,מיליליטרים,100.00,"100 מ""ל",false,,10.90,0.1090,true,1,245907
7290108355802,false,"תחליב רחצה קרמה ורד ווניל 700 מ""ל",גוד פוד פרודקטס S.p,IL,קרמה תחליב רחצה ורד,מיליליטרים,700.00,"100 מ""ל",false,,17.90,0.0256,true,1,240307
7290108356113,false,"כיף תחליב רחצה דבש 700 מ""ל-מרכז",קוסמופארם בעמ,IL,תחליב רחצה דבש כיף 7,מיליליטרים,700.00,"100 מ""ל",false,,13.90,0.0199,true,1,134182
7290108356120,false,"תחליב רחצה כיף קוקוס וניל 700 מ""ל",קוסמופארם,IL,תחליב רחצה קוקוס וני,מיליליטרים,700.00,"100 מ""ל",false,,13.90,0.0199,true,1,134183
7290108356137,false,"כיף - תחליב רחצה לבנדר 700 מ""ל",קוסמופארם,IL,תחליב רחצה לבנדר כיף,מיליליטרים,700.00,"100 מ""ל",false,,13.90,0.0199,true,1,134184
7290108356151,false,"תחליב רחצה כיף מאסק יסמין 700 מ""ל",גוד פוד פרודקטס S.p,IL,תחליב רחצה מאסק יסמי,מיליליטרים,700.00,"100 מ""ל",false,,13.90,0.0199,true,1,134185
7290108356168,false,"כיף - תחליב רחצה אוקיינוס 700 מ""ל",גוד פוד פרודקטס S.p,IL,תחליב רחצה אוקיינוס,מיליליטרים,700.00,"100 מ""ל",false,,13.90,0.0199,true,1,134186
7290108356229,false,ג'ל גילוח לכל סוגי העור מועשר בפחם פעיל,טרופיקל דגיל תעשיות,TR,גל גילוח קרמה מן קרב,מיליליטרים,200.00,"100 מ""ל",false,,11.90,0.0595,true,1,233190
7290108356489,false,"כיף - תחליב רחצה אפרסק וחמאת מורומורו 700 מ""ל",קוסמופארם,IL,תחליב רחצה אפרסק וחמ,מיליליטרים,700.00,"100 מ""ל",false,,13.90,0.0199,true,1,405605
7290108356564,false,"קרליין - מרכך 10 לשיער רגיל 700 מ""ל",קרליין Careline,IL,מרכך לשיער רגיל קרלי,מיליליטרים,700.00,"100 מ""ל",false,,14.90,0.0213,true,1,376582
7290108356588,false,קרוליין 10 מרכך לשיער מתולתל 700 מל,קרליין Careline,IL,מרכך לשיער מתולתל קר,מיליליטרים,700.00,"100 מ""ל",false,,14.90,0.0213,true,1,376598
7290108357059,false,"קרליין - נושם ביו דאודורנט רול און 75 מ""ל Secret Garden לאישה",קרליין Careline,IL,דיאודורנט רול און בנ,מיליליטרים,75.00,"100 מ""ל",false,,12.90,0.1720,true,1,405667
7290108357097,false,"קרליין - נושם ביו דאודורנט ספריי 150 מ""ל Velvet Rose לאישה",קרליין Careline,IL,דיאודורנט ספריי בניח,מיליליטרים,150.00,"100 מ""ל",false,,12.90,0.0860,true,1,405699
7290108357196,false,"ג'ט פלוס לניקוי כללי בתוספת תמצית עץ התה 750 מ""ל סנו",מיוצר עי קונדיטוריית,IL,סנו ג'ט פלוס לניקוי,מיליליטרים,750.00,"100 מ""ל",false,,13.90,0.0185,true,1,313382
7290108357202,false,סנוקליר לניקוי בניחוח בלו בלוסום 1 ליטר,"סנו מפעלי ברונוס בע""",IL,סנו קליר אקדח בניחוח,ליטר,1.00,ליטר,false,,12.90,12.9000,true,1,280201
7290108357226,false,"אוקסיגן POWER אבקה לכביסה לבנה והסרת כתמים 1.4 ק""ג סנו",סנו,IL,אוקסיג'ן אבקה להסרת,אלף,1.40,"ק""ג",false,,32.90,23.5000,true,1,391618
7290108357233,false,סנוקליר מטליות לחות לניקוי והברקה 50יח,סנו קליר,IL,מטליות לחות לניקוי ו,אין,0.00,יחידה,false,,13.90,0.0000,true,1,391384
7290108357240,false,"אוקסיג'ן פאוור תוסף להסרת כתמים קשים 1.4 ק""ג",סנו,IL,אוקסיג'ן אבקה תוסף ל,אלף,1.40,"ק""ג",false,,32.90,23.5000,true,1,391619
7290108357288,false,אקונומיקה ז'אוול בניחוח פריחה לבנה 4 ל' סנו,סנו ז'אוול Javel,IL,סנו ז'אוול בניחוח פר,ליטר,4.00,ליטר,false,,17.90,4.4750,true,1,393096
7290108357394,false,"תחליב רחצה קרמה חלב ודבש 700 מ""ל",קוסמופארם,IL,קרמה תחליב רחצה חלב,מיליליטרים,700.00,"100 מ""ל",false,,17.90,0.0256,true,1,280173
7290108357424,false,"קרם גוף קרמה נרולי ומגנוליה 500 מ""ל",,,קרם גוף קרמה נרולי ו,מיליליטרים,500.00,"100 מ""ל",false,,27.90,0.0558,true,1,250937
7290108357578,false,"קרם ידיים קרמ וניל ופלפל ורוד 100 מ""ל",קוסמופארם,IL,קרם ידיים בניחוח וני,מיליליטרים,100.00,"100 מ""ל",false,,10.90,0.1090,true,1,351170
7290108357707,false,"כיף שמפו לשיער רגיל-תפוח זרעי צ'יה 700 מ""ל",גוד פוד פרודקטס S.p,IL,שמפו לשיער רגיל תפוח,מיליליטרים,700.00,"100 מ""ל",false,,12.90,0.0184,true,1,136552
7290108357714,false,"כיף שמפו לשיער יבש -רימונים ושמן ארגן 700 מ""ל",גוד פוד פרודקטס S.p,IL,שמפו לשיער יבש רימונ,מיליליטרים,700.00,"100 מ""ל",false,,12.90,0.0184,true,1,136553
7290108357745,false,שמפו ומרכך 2 ב-1 תאנה ומנטה לכל סוגי השיער,גוד פוד פרודקטס S.p,IL,שמפו ומרכך תאנה ומנט,מיליליטרים,700.00,"100 מ""ל",false,,12.90,0.0184,true,1,136555
7290108357769,false,"מרכך לשיער רגיל תפוח וזרעי צ'יה 700 מ""ל כיף",גוד פוד פרודקטס S.p,IL,מרכך לשיער רגיל תפוח,מיליליטרים,700.00,"100 מ""ל",false,,12.90,0.0184,true,1,136557
7290108357776,false,"כיף מרכך לשיער יבש -רימונים ושמן ארגן 700 מ""ל",גוד פוד פרודקטס S.p,IL,מרכך לשיער יבש רימונ,מיליליטרים,700.00,"100 מ""ל",false,,12.90,0.0184,true,1,136558
7290108357851,false,"כיף - ג'ל רחצה אליקסיר אוילס מועשר בשמן קוקוס 700 מ""ל","קוסמופארם בע""מ",IL,ג'ל רחצה מועשר בשמן,מיליליטרים,700.00,"100 מ""ל",false,,13.90,0.0199,true,1,376995
7290108357868,false,"כיף - ג'ל רחצה אליקסיר אויל מועשר בשמן מקדמיה 700 מ""ל",קוסמופארם,IL,ג'ל רחצה מועשר בשמן,מיליליטרים,700.00,"100 מ""ל",false,,13.90,0.0199,true,1,376996
7290108357875,false,"כיף - שמפו לחות מוגברת עם אפרסק וחמאת מורומורו 700 מ""ל",קוסמופארם,IL,שמפו לחות מוגברת אפר,מיליליטרים,700.00,"100 מ""ל",false,,12.90,0.0184,true,1,405575
7290108358070,false,"תחליב רחצה קרמה קלאסי 700 מ""ל",גוד פוד פרודקטס S.p,IL,קרמה תחליב רחצה קלאס,מיליליטרים,700.00,"100 מ""ל",false,,17.90,0.0256,true,1,258045
7290108358094,false,"קרמה - תחליב רחצה חמאת שיאה וקוקוי 500 מ""ל",קרמה,,תחליב רחצה חמאת שיאה,מיליליטרים,500.00,"100 מ""ל",false,,14.90,0.0298,true,1,351230
7290108358124,false,דפי בישום לחים למייבש הכביסה בניחוח מרכך כביסה 20 יח' מקסימה,סנו,IL,דפי בישום לחים למייב,אין,0.00,יחידה,false,,13.90,0.0000,true,1,488705
7290108359015,false,סושי שקיות זיפר עם סליידר 20 יח מדיום,סנו,IL,שקיות זיפר עם סליידר,אין,0.00,יחידה,false,,14.90,0.0000,true,1,378048
7290108359039,false,שקיות אשפה עם ידיות סנו סושי לפחים 30 יחידות,סנאט גרופ,IL,שקיות אשפה לפח גבוהה,יח',100.00,יח',false,,21.90,0.2190,true,1,297640
7290108359060,false,סנו סושי כריות הפלא רב תכלתיות *4 לשבת,סנו,IL,כריות ניקוי לשבת 4 י,אין,0.00,יחידה,false,,12.90,0.0000,true,1,353011
7290108359077,false,סנו - סופט לושן ממחטות אף בקופסא 3 שכבות 120 יח',סנו סופט Soft,IL,ממחטות אף בקופסא 3 ש,אין,0.00,יחידה,false,,12.90,0.0000,true,1,378079
7290108359091,false,כיסוי ניילון עם גומי 30 יח' L סנו סושי,סנו,IL,סנו סושי כיסוי ניילו,אין,0.00,יחידה,false,,12.90,0.0000,true,1,476866
7290108359145,false,סושי דפי ספוג הפלא 12יח',סנו,US,סנו סושי דפי ספוג הפ,אין,0.00,יחידה,false,,12.90,0.0000,true,1,472848
7290108359176,false,סופט ממחטות אף צמד בשקית לושן 3 שכבות,סנו,IL,סנו סופט ממחטות אף ת,יח',200.00,יח',false,,14.90,0.0745,true,1,491322
7290108359190,false,סושי מגבת הפלא 4 יח' = 12 גליל ארוך פי 3,סנו,IL,סנו סושי מגבות הפלא,אין,0.00,יחידה,false,,26.90,0.0000,true,1,493279
7290108359824,false,"כיף - בייבי כיף קרם 500 מ""ל",קוסמופארם בעמ,IL,קרם גוף HYDROMOIST ב,מיליליטרים,500.00,"100 מ""ל",false,,22.90,0.0458,true,1,132836
7290108359879,false,"אלסבון בייבי כיף+משאבה 750 מ""ל",קוסמופארם בעמ,IL,אלסבון HYDROMOIST ב,מיליליטרים,750.00,"100 מ""ל",false,,16.90,0.0225,true,1,132841
7290108359985,false,סנו - ז'אוול מרסס קצף לניקוי וחינו בניחוח פריחה לבנה 1 ליטר,סנו ז'אוול Javel,IL,אקונומיקה מרסס עם ממ,ליטר,1.00,ליטר,false,,19.90,19.9000,true,1,393206
7290108500677,false,כבד דג שיבוט מעושן בשמן הדג,"איטיליאן פוד, אס.פי.",IS,כבד דג שיבוט בשמן וי,גרמים,115.00,100 גרם,false,,10.90,0.0948,true,1,3776
7290108501353,false,פילה אנשובי אמיתי ארוך בשמן וילי פוד 45,קונסרבאס פרדו,ES,פילה אנשובי ארוך בשמ,גרמים,45.00,100 גרם,false,,7.90,0.1756,true,1,114018
7290108501360,false,גבינת צ'דר בשלה 200גרם MATURED ORANGE,Wyke Farms,,גבינת צ'דר בשלה 200,גרמים,200.00,100 גרם,false,,19.90,0.0995,true,1,107125
7290108501490,false,גבינה מוצרלה פרוסות ו.פוד 150ג',ליטא,DE,גבינה מוצרלה פרוסות,גרמים,150.00,100 גרם,false,,14.90,0.0993,true,1,107133
7290108502305,false,גבינת גרדה פדנו משולש 150 גר`וילי פוד,וילי פוד,IT,גבינת גרנה פדנו משול,גרמים,150.00,100 גרם,false,,18.90,0.1260,true,1,132264
7290108503043,false,תפוחונים חטיף פלחים מיובשים מארז 22X4ג',ינטאי זונגקאן פוד קו,CN,מארז רביעייה תפוחוני,גרמים,88.00,100 גרם,false,,14.90,0.1693,true,1,133906
7290108503159,false,גבינה כחולה עם עובש 31% שומן,קסוס אל פסטור,ES,וילי פוד גבינה כחולה,גרמים,100.00,100 גרם,false,,10.00,0.1000,true,1,133298
7290108503791,false,ניוקי תפוח אדמה 3 צבעים 500 גרם (ללא גלוטן),סיימה אלימנטרי,IT,ניוקי תפוחי אדמה 3 צ,גרמים,500.00,100 גרם,false,,12.90,0.0258,true,1,284626
7290108503982,false,פרוסות גבינה 150גרם בטעם צ'דר לכריכים וטוסטים,סנטרל קסרה,ES,פרוסות גבינה בטעם צ',גרמים,150.00,100 גרם,false,,11.90,0.0793,true,1,141168
7290108503999,false,פרוסות גבינה 150גרם בטעם גאודה לכריכים וטוסטים,סנטרל קסרה,ES,פרוסות גבינה בטעם גא,גרמים,150.00,100 גרם,false,,11.90,0.0793,true,1,141169
7290108504293,false,גבינה מנצ'גו צ'אנק 150 גר',ג.וילי פוד אינטרנשיו,ES,מנצ'גו צ'אנק 150 גר',גרמים,150.00,100 גרם,false,,19.90,0.1327,true,1,207375
7290108504699,false,נתחי טונה בשמן קנולה רביעיה * 160 ג' וילי פוד,גולדן פרייז,TH,נתחי טונה בשמן קנולה,גרמים,640.00,100 גרם,false,,24.60,0.0384,true,1,207099
7290108504934,false,"דפי אורז למילוי 22 ס""מ 300 גרם בית יוסף",וילי פוד - מנת השף,,דפי אורז למילוי קוטר,גרמים,300.00,100 גרם,false,,10.90,0.0363,true,1,397393
7290108505153,false,יוגורט בטעם טבעי 2% שומן 150 ג',Euro יורו מחלבות אירופה,GR,יוגורט יווני בטעם טב,גרמים,150.00,100 גרם,false,,5.90,0.0393,true,1,222762
7290108505160,false,יוגורט עם אגסים 4% שומן 150 גרם,Euro יורו מחלבות אירופה,GR,יוגורט יווני עם אגסי,גרמים,150.00,100 גרם,false,,5.90,0.0393,true,1,222782
7290108505177,false,יוגורט עם אננס 150 גרם 0% שומן,Euro יורו מחלבות אירופה,GR,יוגורט יווני עם אננס,גרמים,150.00,100 גרם,false,,5.90,0.0393,true,1,222783
7290108505184,false,יוגורט עם קוקוס 5% שומן 150 גרם,Euro יורו מחלבות אירופה,GR,יוגורט יווני עם קוקו,גרמים,150.00,100 גרם,false,,5.90,0.0393,true,1,222763
7290108505191,false,יוגורט עם פצפוצי שוקולד 5% שומן 150 גרם,Euro יורו מחלבות אירופה,GR,י.יווני עם פצפוצי שו,גרמים,150.00,100 גרם,false,,5.90,0.0393,true,1,222784
7290108505207,false,יוגורט ען אוכמניות 0% שומן 150 גרם,Euro יורו מחלבות אירופה,GR,יוגורט יווני עם אוכמ,גרמים,150.00,100 גרם,false,,5.90,0.0393,true,1,222785
7290108505214,false,יוגורט עם אפרסק 150 גרם 0% שומן,Euro יורו מחלבות אירופה,GR,יוגורט יווני עם אפרס,גרמים,150.00,100 גרם,false,,5.90,0.0393,true,1,222786
7290108505689,false,גבינת גרנה פדנו מגורדת 100 גרם,זנאטי,IT,גבינת גרנה פדנו 29%,גרמים,100.00,100 גרם,false,,11.90,0.1190,true,1,207376
7290108505733,false,צמות - גבינה חצי קשה 25% שומן 200 ג',אונטד גידה,TR,צמות גבינה חצי קשה 2,גרמים,200.00,100 גרם,false,,14.90,0.0745,true,1,222390
7290108505740,false,גבינת קשקבל חצי קשה25% שומן 200גר,Euro יורו מחלבות אירופה,TR,גבינת קשקבל חצי קשה,גרמים,200.00,100 גרם,false,,14.90,0.0745,true,1,222391
7290108506495,false,"כנאפה מאפה בצק ""שערות"" קדאיף וגבינה",ארמה גרופ,TR,כנאפה קפוא 192.5 גרם,גרמים,192.50,100 גרם,false,,16.90,0.0878,true,1,221352
7290108507911,false,קינואה עם טונה וירקות - מוכן לאכילה,וילי פוד,TR,קינואה עם טונה וירקו,גרמים,160.00,100 גרם,false,,13.90,0.0869,true,1,304941
7290108508543,false,אפונה מבושלת במי מלח,,,אפונה מבושלת 700 גרם,גרמים,700.00,100 גרם,false,,10.90,0.0156,true,1,304958
7290108508734,false,כפפות סנטטיות חד פעמ,,,כפפות סנטטיות חד פעמ,אין,0.00,יחידה,false,,32.90,0.0000,true,1,282212
7290108509106,false,"גבינה בולגרית מעודנת בקוביות 13% שומן 200 ג' חת""ס פ""ת",קוליוס,TW,גבינה בולגרית מעודנת,גרמים,200.00,100 גרם,false,,13.90,0.0695,true,1,318810
7290108509113,false,"גבינה בולגרית מעודנת 18% שומן 250 גרם חת""ס פ""ת",Euro יורו מחלבות אירופה,TR,גבינה בולגרית מעודנת,גרמים,250.00,100 גרם,false,,13.90,0.0556,true,1,310420
7290108509205,false,ויליפוד חטיף אורז אפוי לתינוקות טבעי 50 גרם,נמצ'או,TH,חטיף אורז אפוי לתינו,גרמים,50.00,100 גרם,false,,12.90,0.2580,true,1,372759
7290108509212,false,ויליפוד חטיף אורז אפוי בטעם ירקות לתינוקות 50 גר',נמצ'או,TH,חטיף אורז אפוי לתינו,גרמים,50.00,100 גרם,false,,12.90,0.2580,true,1,372760
7290108509229,false,ויליפוד חטיף אורז אפוי לתינוקות בננה 50 גרם,נמצ'או,TH,חטיף אורז אפוי לתינו,גרמים,50.00,100 גרם,false,,12.90,0.2580,true,1,372761
7290108509250,false,"אנטיפסטי ארטישוק+עגבניות מיובשות וצלפים בשמן חמניות 380 מ""ל",,,אנטיפסטי ארטישוק עג,גרמים,580.00,100 גרם,false,,22.90,0.0395,true,1,304912
7290108509267,false,ארוחת פסטה עם רוטב גבינה 206 גרם,הנסיך- מפעל לייצור ט,UA,ארוחת פסטה עם רוטב ג,גרמים,206.00,100 גרם,false,,8.90,0.0432,true,1,323657
7290108509359,false,פופקורן בציפוי בטעם קרמל 90 ג' ויליפוד,סנרו ס.א,UA,פופקורן בציפוי בטעם,גרמים,90.00,100 גרם,false,,8.90,0.0989,true,1,378615
7290108509618,false,זיתים ירוקים על הגריל מגולענים 730 גר,,TR,זיתים ירוקים על הגרי,גרמים,730.00,100 גרם,false,,24.90,0.0341,true,1,339578
7290108509700,false,"אורז פרסי דוואט 1 ק""",אל טי פוד,IN,"אורז פרסי 1 ק""ג DAAW",אלף,1.00,"ק""ג",false,,10.90,10.9000,true,1,354113
7290108509960,false,נתחי טונה בהירה בשמן זית כתית מעולה - מארז 3 יח',וילי פוד,,שלישיית נתחי טונה בה,גרמים,240.00,100 גרם,false,,15.90,0.0663,true,1,372804
7290109351025,false,מלך החומוס חומוסטחינה 40% טחינה גולמית,סלטי צבר,IL,מלך החומוס חומוס טחי,גרמים,400.00,100 גרם,false,,14.90,0.0373,true,1,22249
7290109351971,false,פריכיות דגנים פיטנס מצופות שוקולד חלב,נסטלה Nestle,IL,בר פריכיות שוקולד חל,גרמים,84.00,100 גרם,false,,15.90,0.1893,true,1,68354
7290109352916,false,פריכיות דגנים פיטנס מצופות שוקולד לבן,נסטלה Nestle,IL,בר פריכיות שוקולד לב,גרמים,84.00,100 גרם,false,,15.90,0.1893,true,1,68355
7290109354101,false,לחמית ללא גלוטן 200 ג' אסם,אסם,IL,לחמית ללא גלוטן 200,גרמים,200.00,100 גרם,false,,11.90,0.0595,true,1,83927
7290109354972,false,אוסם - פתי בר וניל חלבי ללא גלוטן 200 גרם,מיוצר עי קונדיטוריית,IL,אסם פתי בר ללא גלוטן,גרמים,200.00,100 גרם,false,,10.90,0.0545,true,1,21811
7290109580135,false,קורנדביף פרימיום 180 גרם זוגלובק,זוגלובק,IL,קורנדביף זוגלובק פרמ,גרמים,180.00,100 גרם,false,,26.90,0.1494,true,1,287056
7290109580166,false,סרוולד קלאסי פרימיום 150 גרם זוגלובק,זוגלובק,IL,סרוולד קלאסי זוגלובק,גרמים,150.00,100 גרם,false,,26.90,0.1793,true,1,287058
7290109580210,false,נקנקיות ריינהולד'ס הצרפתיה זוגלובק 300 ג',זוגלובק,IL,נקנקיות ריינהולד'ס,גרמים,300.00,100 גרם,false,,21.90,0.0730,true,1,368468
7290109580432,false,פסטרמה חזה הודו מעושן 120 גר' זוגלובק,זוגלובק,IL,פסטרמה אקסטרה מעושנת,גרמים,120.00,100 גרם,false,,14.90,0.1242,true,1,434828
7290109640778,false,מאפה בצק פילאס טבעוני במילוי טעם בשר 600 גר',סנו מפעלי ברונוס.,IL,מאפה פילאס טבעוני במ,גרמים,600.00,100 גרם,false,,22.90,0.0382,true,1,343877
7290109640785,false,מאפה פילאס טבעוני במילוי בסגנון פיצה,סנו מפעלי ברונוס.,IL,מאפה פילאס טבעוני במ,גרמים,600.00,100 גרם,false,,22.90,0.0382,true,1,343878
7290109920146,false,"דורגול מסיר אבנית מקומקומים 750 מ""ל",דורינג,,דורגול מסיר אבן לקומ,מיליליטרים,750.00,"100 מ""ל",false,,22.90,0.0305,true,1,12198
7290109920597,false,"אסטוניש - מרסס לניקוי המקלחון 750 מ""ל",יעקבי- אסטוניש Astonish,GB,אסטוניש מרסס למקלחון,מיליליטרים,750.00,"100 מ""ל",false,,14.90,0.0199,true,1,106340
7290109921334,false,אידאל דפי כביסה 15 יח' יעקבי,מרקה,ES,יעקבי דפי כביסה אידא,אין,0.00,יחידה,false,,16.90,0.0000,true,1,136699
7290109921488,false,"דורגול לניקוי וחיטוי מכונת הכביסה 500 מ""ל",דורינג,CH,דורגול לניקוי וחיטוי,מיליליטרים,500.00,"100 מ""ל",false,,32.90,0.0658,true,1,193494
7290109922096,false,דזיטול נוזל מחטא בגד,,,דזיטול נוזל מחטא בגד,מיליליטרים,1.00,"100 מ""ל",false,,25.90,25.9000,true,1,505952
7290109923024,false,"אסטוניש - מרסס פרמיום ארומטיק למטבח 750 מ""ל",אסטוניש,GB,אסטוניש פרימיום ארומ,מיליליטרים,750.00,"100 מ""ל",false,,16.90,0.0225,true,1,404260
7290109923147,false,אסטוניש מהדורה פרימיום פלא של אקונומיקה,יעקבי- אסטוניש Astonish,GB,אסטוניש מרסס פלא של,מיליליטרים,750.00,"100 מ""ל",false,,14.90,0.0199,true,1,442973
7290110110369,false,שישיית בירה קרלסברג LUMA בקבוק 330 מל,מבשלות בירה בינלאומי,IL,שישיית בירה קרלסברג,ליטר,1.98,ליטר,false,,37.70,19.0404,true,1,226657
7290110113476,false,בירה קרלסברג ללא אלכוהול - שישייה,קרלסברג רומניהיבואן:,IL,קרלסברג 0.0 בקבוק 6*,ליטר,1.98,ליטר,false,,32.60,16.4646,true,1,210611
7290110114787,false,נביעות + תפוח 1.5 ליטר פיקדון,נביעות טבע הגליל בעמ,IL,נביעות + תפוח 1.5 לי,ליטר,1.50,ליטר,false,,9.50,6.3333,true,1,355628
7290110114794,false,נביעות + אפרסק 1.5 ליטר פיקדון,"נביעות טבע הגליל בע""",IL,נביעות + אפרסק 1.5 ל,ליטר,1.50,ליטר,false,,9.50,6.3333,true,1,355629
7290110114800,false,נביעות פלוס בטעם ענבים 1.5 ליטר-,"נביעות טבע הגליל בע""",IL,נביעות + ענבים 1.5 ל,ליטר,1.50,ליטר,false,,9.50,6.3333,true,1,355630
7290110114855,false,"נביעות מים מינרליים, שישיה 6 * 1.5 ליטר פקדון",נביעות טבע הגליל בעמ,IL,מי נביעות שישייה 1.5,ליטר,9.00,ליטר,false,,14.90,1.6556,true,1,355660
7290110114893,false,פריגת סחוט טרי תפוז 2 ליטר,פריגת מצוננים,IL,פריגת סחוט תפוזים 2,ליטר,2.00,ליטר,false,,29.20,14.6000,true,1,355546
7290110114916,false,פריגת סחוט לימון נענע 2 ליטר,פריגת,IL,פריגת סחוט לימונענע,ליטר,2.00,ליטר,false,,29.20,14.6000,true,1,355547
7290110114954,false,מיץ תפוזים מתקתקים 100% 2 ל' פריגת,"גת,גבעת חיים",IL,מיץ תפוזים מתקתק 100,ליטר,2.00,ליטר,false,,22.20,11.1000,true,1,355548
7290110114961,false,מיץ בטעם תפוזים 1.5ל' פריגת,מבשלות בירה בינלאומי,IL,פריגת תפוזים 1.5 ליט,ליטר,1.50,ליטר,false,,9.90,6.6000,true,1,355675
7290110114985,false,פריגת אשכולית 1.5 ליטר פיקדון,מבשלות בירה בינלאומי,IL,פריגת אשכולית 1.5 לי,ליטר,1.50,ליטר,false,,9.90,6.6000,true,1,355691
7290110115005,false,פריגת ענבים 1.5 ליטר פיקדון,מבשלות בירה בינלאומי,IL,פריגת ענבים 1.5 ליטר,ליטר,1.50,ליטר,false,,9.90,6.6000,true,1,355721
7290110115012,false,מיץ ענבים בניחוח מרלו 1.5 ל' פריגת,פריגת,IL,פריגת ענבים בניחוח מ,ליטר,1.50,ליטר,false,,9.90,6.6000,true,1,355722
7290110115029,false,"פריגת משק""ל תפוח 1.5 ליטר פיקדון",מבשלות בירה בינלאומי,IL,פריגת תפוחים 1.5 ליט,ליטר,1.50,ליטר,false,,9.90,6.6000,true,1,355751
7290110115036,false,פריגת מנגו 1.5 ליטר פיקדון,מבשלות בירה בינלאומי,IL,פריגת מנגו 1.5 ליטר,ליטר,1.50,ליטר,false,,9.90,6.6000,true,1,355767
7290110115043,false,פריגת לימונענע 1.5 ליטר פיקדון,מבשלות בירה בינלאומי,IL,פריגת לימונענע 1.5 ל,ליטר,1.50,ליטר,false,,9.90,6.6000,true,1,355768
7290110115050,false,פריגת מיקס תות בננה 1.5 ליטר פיקדון,מבשלות בירה בינלאומי,IL,פריגת מיקס תות בננה,ליטר,1.50,ליטר,false,,9.90,6.6000,true,1,355769
7290110115111,false,פריגת צלול אננס 1.5 ליטר פיקדון,מבשלות בירה לישראל ב,IL,פריגת צלול אננס 1.5,ליטר,1.50,ליטר,false,,9.90,6.6000,true,1,355885
7290110115128,false,פריגת צלול בטעם לימונענע 1.5 ליטר פיקדון,מבשלות בירה לישראל ב,IL,פריגת צלול בטעם לימו,ליטר,1.50,ליטר,false,,9.90,6.6000,true,1,355886
7290110115180,false,מים נביעות בקבוק 1.5,"נביעות טבע הגליל בע""",IL,נביעות 1.5 ליטר,ליטר,1.50,ליטר,false,,4.20,2.8000,true,1,370817
7290110115203,false,קוקה קולה 1.5 ליטר פיקדון,קוקה קולה Coca Cola,IL,קוקה קולה 1.5 ליטר,ליטר,1.50,ליטר,false,,8.90,5.9333,true,1,355889
7290110115210,false,דיאט קוקה קולה 1.5 ליטר פיקדון,קוקה קולה Coca Cola,IL,דיאט קוקה קולה 1.5 ל,ליטר,1.50,ליטר,false,,8.90,5.9333,true,1,355890
7290110115227,false,קוקה קולה זירו 1.5 ליטר -,קוקה קולה Coca Cola,IL,קוקה קולה זירו בקבוק,ליטר,1.50,ליטר,false,,8.90,5.9333,true,1,355908
7290110115234,false,קוקה קולה זירו נטול 1.5 ליטר -,החברה המרכזית לייצור,IL,קולה ZERO נטול 1.5 ל,ליטר,1.50,ליטר,false,,8.90,5.9333,true,1,355909
7290110115265,false,ספרייט לימון ליים 1.5 ליטר-,החברה המרכזית לייצור,IL,ספרייט 1.5 ליטר LIME,ליטר,1.50,ליטר,false,,8.90,5.9333,true,1,355974
7290110115272,false,ZERO ספרייט זירו 1.5 ליטר פיקדון,החברה המרכזית לייצור,IL,ספרייט זירו 1.5 ליטר,ליטר,1.50,ליטר,false,,8.90,5.9333,true,1,355975
7290110115289,false,ספרייט 19 קל' לימון-נענע 1.5 ליטר פיקדון,החברה המרכזית לייצור,IL,ספרייט 19 קלוריות לי,ליטר,1.50,ליטר,false,,8.90,5.9333,true,1,355991
7290110115302,false,פאנטה ZERO אורנג' 1.5 ליטר פיקדון,החברה המרכזית לייצור,IL,פאנטה זירו בטעם אורנ,ליטר,1.50,ליטר,false,,9.90,6.6000,true,1,355993
7290110115340,false,פאנטה ענבים 1.5 ליטר פיקדון,קוקה קולה,IL,פאנטה ענבים 1.5 ליטר,ליטר,1.50,ליטר,false,,9.90,6.6000,true,1,356028
7290110115357,false,קינלי סודה 1.5 ליטר פיקדון,קינלי Kinley,IL,קינלי סודה 1.5 ליטר,ליטר,1.50,ליטר,false,,5.50,3.6667,true,1,356029
7290110115364,false,קוקה קולה שישיות 1.5 ליטר פיקדון,החברה המרכזית לייצור,IL,קוקה קולה 6*1.5 ליטר,ליטר,9.00,ליטר,false,,49.90,5.5444,true,1,355912
7290110115371,false,דיאט קוקה קולה שישיות 1.5 ליטר פיקדון,החברה המרכזית לייצור,IL,קוקה קולה דיאט 6*1.,ליטר,9.00,ליטר,false,,49.90,5.5444,true,1,355913
7290110115388,false,ספרייט ליים שישיות 1.5 ליטר פיקדון,החברה המרכזית לייצור,IL,ספרייט 6*1.5 ליטר L,ליטר,9.00,ליטר,false,,49.90,5.5444,true,1,355976
7290110115395,false,ZERO ספרייט שישיות 1.5 ליטר פיקדון,החברה המרכזית לייצור,IL,ספרייט זירו 6* 1.5 ל,ליטר,9.00,ליטר,false,,49.90,5.5444,true,1,355994
7290110115401,false,קינלי סודה שישייה 1.5 ליטר פיקדון,החברה המרכזית לייצור,IL,קינלי סודה 6*1.5 ליט,ליטר,9.00,ליטר,false,,14.90,1.6556,true,1,366243
7290110115418,false,מארז שישייה קוקה קולה זירו 1.5 ל',החברה המרכזית לייצור,IL,קוקה קולה זירו שישיי,ליטר,9.00,ליטר,false,,49.90,5.5444,true,1,355914
7290110115425,false,FUZE TEA גרין לימונענע -נענע 1.5 ליטר פיקדון,מבשלות בירה בינלאומי,IL,פיוז טי לימון נענע 1,ליטר,1.50,ליטר,false,,8.90,5.9333,true,1,356045
7290110115449,false,אייס תה בטעם מנגו אננס 1.5ל' FUZE TEA,מבשלות בירה בינלאומי,IL,פיוז טי מנגו אננס 1.,ליטר,1.50,ליטר,false,,9.50,6.3333,true,1,356047
7290110115456,false,"תה קר בטעם אפרסק 19 קלוריות ב- 100 מ""ל",מבשלות בירה בינלאומי,IL,פיוז טי אפרסק 19 קל,ליטר,1.50,ליטר,false,,8.90,5.9333,true,1,356048
7290110115463,false,אייס תה בטעם אפרסק 1.5ל' FUZE TEA,מבשלות בירה בינלאומי,IL,פיוז טי אפרסק 1.5 לי,ליטר,1.50,ליטר,false,,9.50,6.3333,true,1,356064
7290110115494,false,אייס תה בטעם ענבים 1.5ל' FUZE TEA,מבשלות בירה בינלאומי,IL,פיוז טי ענבים 1.5 לי,ליטר,1.50,ליטר,false,,9.50,6.3333,true,1,356066
7290110115593,false,פריגת אשכוליות 40% פחות סוכר 1.5 ליטר פיקדון,מבשלות בירה בינלאומי,IL,משקה קל בטעם אשכוליו,ליטר,1.50,ליטר,false,,9.90,6.6000,true,1,355868
7290110115609,false,פריגת ענבים 40% פחות סוכר 1.5 ליטר פיקדון,מבשלות בירה בינלאומי,IL,משקה קל בטעם ענבים 4,ליטר,1.50,ליטר,false,,9.90,6.6000,true,1,355869
7290110115616,false,FUZE tea zero גרין אננס 1.5 ליטר פיקדון,מבשלות בירה בינלאומי,IL,פיוז טי ZERO גרין אנ,ליטר,1.50,ליטר,false,,8.90,5.9333,true,1,383126
7290110115623,false,משקה פיוז טי זירו ZERO בטעם אפרסק,מבשלות בירה בינלאומי,IL,פיוז טי ZERO בטעם אפ,ליטר,1.50,ליטר,false,,8.90,5.9333,true,1,381887
7290110115869,false,קוקה קולה זירו 1.5 ליטר פיקדון,תות תעשיות מזון (201,IL,קוקה קולה זירו בקבוק,ליטר,1.50,ליטר,false,,8.90,5.9333,true,1,480055
7290110116064,false,פאנטה ZERO פירות ירוק 1.5 ליטר פיקדון,החברה המרכזית לייצור,IL,פאנטה זירו 1.5 ליטר,ליטר,1.50,ליטר,false,,9.90,6.6000,true,1,421193
7290110116071,false,ZERO פאנטה פירות יר,החברה המרכזית לייצור,IL,פאנטה ZERO ירוק 500,מיליליטרים,500.00,"100 מ""ל",false,,7.50,0.0150,true,1,433701
7290110116149,false,סירופ בטעם ענבים 750 מל פריגת,סירופ - גבעת חיים,IL,סירופ פריגת טעם ענבי,מיליליטרים,750.00,"100 מ""ל",false,,21.90,0.0292,true,1,435448
7290110116156,false,נביעות+רכיבי פרי מנגו-פסיפלורה 1.5 ליטר-,נביעות,IL,נביעות+ פרי בטעם מנג,ליטר,1.50,ליטר,false,,9.50,6.3333,true,1,451454
7290110116170,false,נביעות+רכיבי פרי אננס-קוקוס 1.5 ליטר-,נביעות,IL,נביעות+ פרי בטעם אננ,ליטר,1.50,ליטר,false,,9.50,6.3333,true,1,451438
7290110116200,false,מים 0 קלוריות בטעם לימון-ליים 0.5 ל נביעות,"נביעות טבע הגליל בע""",IL,נביעות+ פרי בטעם מנג,מיליליטרים,500.00,"100 מ""ל",false,,7.20,0.0144,true,1,451519
7290110116217,false,נביעות+ סדרת 0 קלוריות אשכוליות 1.5 ליטר,"נביעות טבע הגליל בע""",IL,נביעות+ אשכולית 0 קל,ליטר,1.50,ליטר,false,,9.50,6.3333,true,1,451487
7290110116224,false,מים 0 קלוריות בטעם אשכולית 0.5 ל נביעות,"נביעות טבע הגליל בע""",IL,נביעות+ אשכולית 0 קל,מיליליטרים,500.00,"100 מ""ל",false,,7.20,0.0144,true,1,451520
7290110116392,false,סירופ בטעם תפוזים 750 מל פריגת,סירופ - גבעת חיים,IL,סירופ בטעם תפוזים 75,מיליליטרים,750.00,"100 מ""ל",false,,21.90,0.0292,true,1,451536
7290110116484,false,מיץ סחוט תות בננה 1 ל' פריגת,פריגת מצוננים,IL,פריגת סחוט MIX תות ב,ליטר,1.00,ליטר,false,,14.90,14.9000,true,1,471057
7290110116514,false,"פריגת מיקס תות בננה 400 מ""ל",פריגת,IL,פריגת סחוט MIX תות ב,מיליליטרים,400.00,"100 מ""ל",false,,8.90,0.0223,true,1,488152
7290110116521,false,"פריגת מיקס אפרסק ומשמש 400 מ""ל",פריגת,IL,פריגת סחוט MIX אפרסק,מיליליטרים,400.00,"100 מ""ל",false,,8.90,0.0223,true,1,488136
7290110320591,false,פיראוס בולגרית מעודנת 16% 250 גר,פיראוס,IL,בולגרית 16% במרקם מע,גרמים,250.00,100 גרם,false,,23.00,0.0920,true,1,76833
7290110320850,false,פתיתים גבינה חצי קשה מגורדת 28% שומן,תנובה מרכז שיתופי לש,IL,עמק פתיתים 200 גרם,גרמים,200.00,100 גרם,false,,15.90,0.0795,true,1,103248
7290110320867,false,פתיתים גבינה חצי קשה מגורדת 28% שומן,תנובה מרכז שיתופי לש,IL,עמק פתיתים למאפים 28,גרמים,500.00,100 גרם,false,,36.90,0.0738,true,1,98056
7290110320935,false,גבינת מוצרלה תנובה 150ג' פרוסות,תנובה מרכז שיתופי לש,IL,פרוסות מוצרלה 150 גר,גרמים,150.00,100 גרם,false,,17.90,0.1193,true,1,98057
7290110321031,false,מעדן חלב GO יוגורט מועשר בחלבון טבעי 200 ג' יופלה,"תנובה, מחלבת אלון תב",IL,יופלה גו 200 גרם תנו,גרמים,200.00,100 גרם,false,,5.90,0.0295,true,1,98016
7290110321277,false,קוטג' בקטנה % 5 100 ג' תנובה,פארייפאבה אגרואינדוס,IL,קוטג' תנובה בקטנה 5,גרמים,100.00,100 גרם,false,,2.60,0.0260,true,1,107148
7290110321284,false,קוטג' בקטנה 9% 100 ג' תנובה,פארייפאבה אגרואינדוס,IL,קוטג' תנובה בקטנה 9,גרמים,100.00,100 גרם,false,,2.60,0.0260,true,1,107149
7290110321604,false,קוביות פיראוס בולגרית מעודנת 5% 200 גרם - רבנות,פיראוס,IL,פיראוס קוביות בולגרי,גרמים,200.00,100 גרם,false,,21.90,0.1095,true,1,124271
7290110321680,false,יוגורט GO בטעם תות 20 גרם חלבון בגביע,מיוצר עי קונדיטוריית,IL,יופלה גו בטעם תות 20,גרמים,200.00,100 גרם,false,,6.20,0.0310,true,1,110578
7290110321697,false,יוגורט GO בטעם אפרסק 20 גרם חלבון בגביע,מיוצר עי קונדיטוריית,IL,יופלה גו בטעם אפרסק,מיליליטרים,200.00,"100 מ""ל",false,,6.20,0.0310,true,1,110579
7290110321703,false,יוגורט GO בטעם פירות יער 20 גרם חלבון בגביע,מיוצר עי קונדיטוריית,IL,יופלה גו בטעם פרות י,מיליליטרים,200.00,"100 מ""ל",false,,6.20,0.0310,true,1,123051
7290110321789,false,גבינה מסקרפונה 38% השף הלבן 250 גר,תנובה,IL,גבינת מסקרפונה 38% ש,גרמים,250.00,100 גרם,false,,20.90,0.0836,true,1,120567
7290110322014,false,טופו בטעם טבעי תנובה ALTERNATIVE,שוורצקוף& הנקל דיסלד,IL,טופו טבעי 300 גרם,גרמים,300.00,100 גרם,false,,13.50,0.0450,true,1,123056
7290110322038,false,טופו פיקנטי תנובה ALTERNATIVE,תנובה Alternative,IL,טופו פיקנטי 300 גרם,גרמים,300.00,100 גרם,false,,13.50,0.0450,true,1,123058
7290110322946,false,יופלה טיוב יוגורט במרקם חלק בטעם תות בננה כשרות רבנות 348 ג',תנובה,IL,יופלה טיוב יוגורט במ,מיליליטרים,348.00,"100 מ""ל",false,,12.50,0.0359,true,1,132607
7290110323585,false,יופלה יוגורט עם דובדבן מופחת קלוריות 200 ג' GO,יופלה Yoplait,IL,יופלה GO לייט עם דוב,גרמים,200.00,100 גרם,false,,6.20,0.0310,true,1,134561
7290110323592,false,יופלה יוגורט עם אפרסק מופחת קלוריות 200 ג' GO,יופלה Yoplait,IL,יופלה GO לייט עם אפר,גרמים,200.00,100 גרם,false,,6.20,0.0310,true,1,134562
7290110323714,false,משקה קוקוס שקדים תנובה E אלטרנטיב,מיוצר עי קונדיטוריית,IL,תנובה משקה קוקוס שקד,אין,0.00,יחידה,false,,14.90,0.0000,true,1,135816
7290110324070,false,גבינת חלומי מחלב בקר 22%שומן 200גר,"תנובה בע""מ",IL,גבינת חלומי מחלב בקר,גרמים,200.00,100 גרם,false,,19.90,0.0995,true,1,188023
7290110324353,false,יוגורט GO לייט בטעם אננס 20 גרם חלבון בגביע,"תנובה בע""מ",IL,יופלה גו לייט בטעם א,גרמים,200.00,100 גרם,false,,6.20,0.0310,true,1,141160
7290110324551,false,יופלה טיוב יוגורט במרקם חלק בטעם תות 348 ג',יופלה Yoplait,IL,יופלה טיוב יוגורט במ,מיליליטרים,348.00,"100 מ""ל",false,,12.50,0.0359,true,1,140292
7290110324711,false,"ממרח סויה בסגנון גבינה טעם טבעי בד""צ",מיוצר עי קונדיטוריית,IL,ממרח סויה 9% בטעם טב,גרמים,250.00,100 גרם,false,,9.90,0.0396,true,1,142694
7290110324728,false,ממרח סויה עם שום שמיר 9% שומן אלטרנטיב,מיוצר עי קונדיטוריית,IL,ממרח סויה 9% עם שום,גרמים,250.00,100 גרם,false,,9.90,0.0396,true,1,142730
7290110324841,false,מעדן שקדים עם שוקולד מריר אלטרנטיב,מיוצר עי קונדיטוריית,IL,מעדן שקדים עם שוקולד,גרמים,125.00,100 גרם,false,,4.90,0.0392,true,1,199511
7290110324858,false,מעדן שקדים בטעם אגוזי לוז אלטרנטיב,תנובה Alternative,IL,מעדן שקדים בטעם אגוז,גרמים,125.00,100 גרם,false,,4.90,0.0392,true,1,199512
7290110324872,false,גבינה צהובה גלבוע 5% שומן 200 גרם,גלבוע - תנובה,IL,גלבוע גבינה פרוסה 5%,גרמים,200.00,100 גרם,false,,19.90,0.0995,true,1,199159
7290110324926,false,משקה סויה ללא תוספת סוכר E אלטרנטיב,תנובה מרכז שיתופי לש,IL,משקה סויה ללא תוספת,אין,0.00,יחידה,false,,12.50,0.0000,true,1,187645
7290110325305,false,מעדן סויה GO מועשר בחלבון במתיקות מעודנת,מיוצר עי קונדיטוריית,IL,יופלה סויה גו 20 גרם,גרמים,200.00,100 גרם,false,,6.20,0.0310,true,1,191700
7290110325312,false,מעדן סויה GO מועשר בחלבון בטעם תות,"תנובה בע""מ",IL,יופלה סויה גו 20 גרם,גרמים,200.00,100 גרם,false,,6.20,0.0310,true,1,191690
7290110325510,false,יופלה טיוב יוגורט במרקם חלק בטעם וניל - 348 ג',"תנובה בע""מ",IL,יופלה טיוב יוגורט במ,מיליליטרים,348.00,"100 מ""ל",false,,12.50,0.0359,true,1,199446
7290110325619,false,משקה שיבולת שועל תנובה E אלטרנטיב,מיוצר עי קונדיטוריית,IL,תנובה משקה שיבולת שו,אין,0.00,יחידה,false,,14.90,0.0000,true,1,202275
7290110325893,false,משקה חלב GO מועשר בחלבון בטעם אייס קפה,מיוצר עי קונדיטוריית,IL,משקה תנובה GO אייס ק,גרמים,340.00,100 גרם,false,,7.90,0.0232,true,1,202277
7290110326173,false,יולו COOKIES שוקולדלבן בטעם קרם עוגיות+עוגיות ונטיפי שוקולד 120 ג',תנובה,IL,יולו קוקיז ש.לבן בטע,גרמים,120.00,100 גרם,false,,4.90,0.0408,true,1,221678
7290110326210,false,יופלה און טופ פצפוצים 157 גרם.,מיוצר עי קונדיטוריית,IL,יופלה און טופ פצפוצי,גרמים,157.00,100 גרם,false,,5.90,0.0376,true,1,218087
7290110326227,false,יוגורט און טופ קורנפלקס 157 ג' יופלה,מיוצר עי קונדיטוריית,IL,יופלה און טופ קורנפל,גרמים,157.00,100 גרם,false,,5.90,0.0376,true,1,218106
7290110326241,false,ייופלה און טופ גרנולה 157 גרם,מיוצר עי קונדיטוריית,IL,יופלה און טופ גרנולה,אין,157.00,יחידה,false,,5.90,0.0376,true,1,218126
7290110326876,false,פיראוס לאבנה עיזים 5% גביע 250 גרם,תנובה,IL,לאבנה עיזים פיראוס 2,גרמים,250.00,100 גרם,false,,17.50,0.0700,true,1,487587
7290110326906,false,חלב טרי נטול לקטוז 3% 1 ליטר,מיוצר עי קונדיטוריית,IL,חלב נטול לקטוז 3% שו,ליטר,1.00,ליטר,false,,7.90,7.9000,true,1,263819
7290110327033,false,משקה סויה גו מועשר בחלבון במתיקות מופחתת 1 ליטר,מיוצר עי קונדיטוריית,IL,משקה סויה תנובה GO מ,אין,0.00,יחידה,false,,15.20,0.0000,true,1,243700
7290110327125,false,גבינה פטה 21% מחלב צאן 200 גרם,תנובה בעמ,GR,גבינת פטה 21% מצאן פ,גרמים,200.00,100 גרם,false,,22.90,0.1145,true,1,263805
7290110327514,false,משקה שיבולת שועל בטעם אגוזי לוז 1 ליטר אלטרנטיב,תנובה מרכז שיתופי לש,IL,משקה שיבולת שועל בטע,אין,0.00,יחידה,false,,14.90,0.0000,true,1,319885
7290110327798,false,חטיף חלבון GO - שוקולד 60 ג' חלב נוכרי - רבנות,"בלמונט קונפקציות בע""",US,GO חטיף חלבון בטעם ש,גרמים,60.00,100 גרם,false,,12.90,0.2150,true,1,305148
7290110327811,false,חטיף חלבון GO - קוקוס 60 ג' חלב נוכרי - רבנות,"בלמונט קונפקציות בע""",US,GO חטיף חלבון עם קוק,גרמים,60.00,100 גרם,false,,12.90,0.2150,true,1,305150
7290110327828,false,חטיף חלבון GO - חמאת בוטנים 60 ג' חלב נוכרי - רבנות,"בלמונט קונפקציות בע""",US,GO חטיף חלבון עם חמא,גרמים,60.00,100 גרם,false,,12.90,0.2150,true,1,305151
7290110328221,false,יוגורט תנובה נטול לקטוז 200 ג',מיוצר עי קונדיטוריית,IL,יוגורט תנובה נטול לק,גרמים,200.00,100 גרם,false,,3.90,0.0195,true,1,280634
7290110328436,false,פלח גאודה בטעם מעודן עיזים 29% קולקשין,"תנובה בע""מ",IL,פלח גאודה עיזים בטעם,גרמים,150.00,100 גרם,false,,21.90,0.1460,true,1,292361
7290110328481,false,פתיתי פרמג'יאנו רג'יאנו מחלב בקר 30%,ברטינלי גיאני א.,IT,פתיתי פרמג'יאנו רג'י,גרמים,100.00,100 גרם,false,,15.60,0.1560,true,1,292505
7290110328580,false,יוגורט תנובה טבעי 5% גביע 200 גרם,מיוצר עי קונדיטוריית,IL,יוגורט טבעי תנובה 5%,גרמים,200.00,100 גרם,false,,3.50,0.0175,true,1,376834
7290110328627,false,יוגורט יופלה GO במרקם סמיך בטעם בננה קרמל 0%,מיוצר עי קונדיטוריית,IL,יוגורט גו סמיך 0% בנ,גרמים,200.00,100 גרם,false,,6.20,0.0310,true,1,308728
7290110328641,false,טופו טבעי אלטרנטיב ז,תנובה,IL,טופו טבעי 2 יחידות,גרמים,500.00,100 גרם,false,,18.90,0.0378,true,1,325699
7290110328764,false,יוגורט יופלה GO במרקם סמיך עם תות 0%,מיוצר עי קונדיטוריית,IL,יוגורט גו סמיך 0% תו,גרמים,200.00,100 גרם,false,,6.20,0.0310,true,1,308744
7290110328771,false,יוגורט יופלה GO במרקם סמיך עם פירות יער 0%,מיוצר עי קונדיטוריית,IL,יוגורט גו סמיך 0% פי,גרמים,200.00,100 גרם,false,,6.20,0.0310,true,1,308745
7290110328788,false,יוגורט יופלה GO במרקם סמיך בטעם אפרסק 0%,תנובה מרכז שיתופי לש,IL,יוגורט גו סמיך 0% אפ,גרמים,200.00,100 גרם,false,,6.20,0.0310,true,1,308729
7290110328887,false,"חלב תנובה בקבוק 3%, כשרות מהדרין, 1 ליטר",תנובה מרכז שיתופי לש,IL,חלב תנובה בבקבוק 3%,ליטר,1.00,ליטר,false,,6.23,6.2300,true,1,388495
7290110329136,false,מעדן חלב מעושר בחלבון בטעם שוקולד 120 ג' GO,תנובה מרכז שיתופי לש,IL,מעדן חלב גו בטעם שוק,גרמים,120.00,100 גרם,false,,4.90,0.0408,true,1,360073
7290110329143,false,מעדן חלב מעושר בחלבון בטעם וניל גביע 120 ג' GO,תנובה מרכז שיתופי לש,IL,מעדן חלב גו בטעם וני,גרמים,120.00,100 גרם,false,,4.90,0.0408,true,1,360058
7290110329266,false,יוגורט תנובה מחלב עיזים מלא תנובה 140 ג',תנובה,IL,יוגורט מחלב עיזים מל,גרמים,140.00,100 גרם,false,,6.90,0.0493,true,1,325742
7290110329273,false,יוגורט תנובה מחלב עיזים מלא 750 גרם,תנובה,IL,יוגורט מחלב עיזים מל,גרמים,750.00,100 גרם,false,,20.90,0.0279,true,1,325799
7290110329303,false,פרוסות בטעם צהובה קלאסית אלטרנטיב 200 גר,תנובה Alternative,IL,פרוסות צהובה קלאסית,גרמים,200.00,100 גרם,false,,22.90,0.1145,true,1,360089
7290110329709,false,יוגורט תנובה טבעי 0% גביע 200 גרם,מיוצר עי קונדיטוריית,IL,יוגורט טבעי תנובה 0%,גרמים,200.00,100 גרם,false,,3.50,0.0175,true,1,376849
7290110329716,false,משקה קפה קר בטעם קפוצ'ינו 230 ג' תנובה,תנובה מרכז שיתופי לש,IL,קפה קר בטעם קפוצ'ינו,מיליליטרים,230.00,"100 מ""ל",false,,7.90,0.0343,true,1,415270
7290110329792,false,יוגורט סויה BIO Alternative אפרסק 150 ג' תנובה,מיוצר עי קונדיטוריית,IL,סויה BIO אפרסק גביע,גרמים,150.00,100 גרם,false,,4.90,0.0327,true,1,382979
7290110329808,false,יוגורט סויה BIO Alternative תות 150 ג' תנובה,מיוצר עי קונדיטוריית,IL,סויה BIO תות גביע 15,גרמים,150.00,100 גרם,false,,4.90,0.0327,true,1,382980
7290110329815,false,סויה BIO מתיקות מעודנת גביע 150 גרם אלטרנטיב,מיוצר עי קונדיטוריית,IL,סויה BIO מתיקות מעוד,גרמים,150.00,100 גרם,false,,4.90,0.0327,true,1,382981
7290110329822,false,יוגורט סויה BIO Alternative פירות יער 150 ג' תנובה,מיוצר עי קונדיטוריית,IL,סויה BIO פירות יער ג,גרמים,150.00,100 גרם,false,,4.90,0.0327,true,1,382982
7290110329839,false,פרוסות צהובה בטעם זיתים 200 ג' אלטרנטיב אלטרנטיב,מיוצר עי קונדיטוריית,IL,פרוסות צהובה בטעם זי,גרמים,200.00,100 גרם,false,,22.90,0.1145,true,1,360362
7290110329846,false,יוגורט סויה BIO Alternative בטעם טבעי 150 ג' תנובה,תנובה Alternative,IL,סויה BIO טבעי גביע 1,גרמים,150.00,100 גרם,false,,4.90,0.0327,true,1,382983
7290110329914,false,מאגדת משקה שיבולת שועל ושקדים 100 גרם*6 יח' ביו אלטרנטיב,תנובה מרכז שיתופי לש,IL,מאגדת משקה שיבולת שו,גרמים,618.00,100 גרם,false,,18.90,0.0306,true,1,443507
7290110550219,false,מטבעות שוקולד לבן לאפיה 400 גרם עלית,"פוליבה בע""מ",IL,מטבעות שוקולד לבן לא,גרמים,400.00,100 גרם,false,,31.90,0.0797,true,1,415703
7290110550370,false,פריכיות משולשות קינואה ופלפל שחור 65 גרם,שטראוס גרופ,IL,אנרגי פריכיות משולשו,גרמים,65.00,100 גרם,false,,10.90,0.1677,true,1,478431
7290110550394,false,PERFECT BITE שוקולד חלב במילוי קרם ושברי אגוזי לוז 234 גרם,"שטראוס גרופ בע""מ",IL,מיני חטיפי שוקולד PE,גרמים,234.00,100 גרם,false,,21.00,0.0897,true,1,347790
7290110551254,false,נשנושי תירס 600 גרם,"גילד אנטרפריזס בע""מ",IL,נשנושי תירס 600 גרם,גרמים,600.00,100 גרם,false,,17.00,0.0283,true,1,467192
7290110552121,false,יוגורט בתוספת סידן וויטמין ד 100 ג' דנונה,תנובה מרכז שיתופי לש,IL,היוגורט הראשון שלי 5,גרמים,100.00,100 גרם,false,,2.50,0.0250,true,1,426561
7290110552220,false,יוגורט PRO בטעם תות 0% סוכר לבן 20 גרם חלבון בגביע,"שטראוס בריאות בע""מ",IL,דנונה PRO 20 גרם חלב,גרמים,200.00,100 גרם,false,,6.50,0.0325,true,1,376403
7290110552237,false,יוגורט פרו בטעם אפרסק מנגו ללא סוכר 200 ג' דנונה,"שטראוס בריאות בע""מ",IL,דנונה PRO 20 גרם חלב,גרמים,200.00,100 גרם,false,,6.50,0.0325,true,1,376388
7290110553029,false,"אנרג'י קריספס-פריכיות חומוס, עדשים ואפונה עם קייל וסלק","פרח תעשיו מזון בע""מ",IL,פריכיות חלבון קייל ח,גרמים,60.00,100 גרם,false,,10.90,0.1817,true,1,379549
7290110553036,false,קריספס-פריכיות עם אפונה ובטטה סגולה בטעם בצל מקורמל,"פרח תעשיו מזון בע""מ",IL,פרכית חלבון בטטה סגו,גרמים,60.00,100 גרם,false,,10.90,0.1817,true,1,379550
7290110553135,false,נסקפה קפוצ'ינו סטיק וניל 130 ג' עלית,שטראוס,IL,נמס קפוצינו -אבקה לה,גרמים,130.00,100 גרם,false,,17.90,0.1377,true,1,486786
7290110554101,false,"סירופ מייפל טבעי בפאוץ' 125 מ""ל",ציטדל,CA,סירופ מייפל טבעי 125,מיליליטרים,125.00,"100 מ""ל",false,,17.90,0.1432,true,1,470985
7290110554262,false,חלבית מלבין קפה חלבי 350 ג' עלית,עלית,,מלבין קפה חלבי 350 ג,גרמים,350.00,100 גרם,false,,18.00,0.0514,true,1,391297
7290110554545,false,קפסולת אספרסו לאפוגטו טעם קוקוס 50 ג' עלית,שטראוס גרופ,IL,קפסולות קפה עלית לאפ,גרמים,50.00,100 גרם,false,,18.90,0.3780,true,1,423938
7290110554583,false,מארז חטיפי צ'יטוס פאפס בטעם גבינה - 10 יחידות,שטראוס פריטו ליי (מל,IL,מארז צ'יטוס PUFFS בט,גרמים,200.00,100 גרם,false,,15.20,0.0760,true,1,369205
7290110554699,false,"קפה עולה קפסולות אספרסו קלייה איטית וכהה מאוד, 10 * 50 ג'",שטראוס קפה בי.וי.,IL,"שת""פ קפה 50 גרם עולה",גרמים,50.00,100 גרם,false,,19.90,0.3980,true,1,472961
7290110554705,false,"קפסולות קפה יונילקו אספרסו קלוי וטחון, 10 * 50 ג'",שטראוס קפה בי.וי.,IL,"קפסולות שת""פ קפה 50",גרמים,50.00,100 גרם,false,,19.90,0.3980,true,1,472962
7290110554729,false,קפסולות עלית אספרסו 04 תואמות למכונות NESPRESSO,שטראוס קפה בי.וי,IL,עלית קפסולות אספרסו,גרמים,50.00,100 גרם,false,,18.90,0.3780,true,1,423628
7290110555078,false,לאבנה עם שמן זית ועשבי תיבול 250 גרם,"מחלבות בר בכפר בע""מ",IL,לאבנה עם עשבי תיבול,גרמים,250.00,100 גרם,false,,13.50,0.0540,true,1,423843
7290110555092,false,לאבנה עם שמן זית וצ'ילי 250 גרם,"מחלבות בר בכפר בע""מ",IL,לאבנה עם שמן זית וצ',גרמים,250.00,100 גרם,false,,13.50,0.0540,true,1,423844
7290110555603,false,ספלנדיד אבקה להכנת משקה בטעם שוקולטה,"ג'אלוסיס י. בע""מ",GR,אבקה להכנת שוקולטה ס,גרמים,360.00,100 גרם,false,,24.00,0.0667,true,1,488244
7290110556242,false,"שוקולד מריר פרווה 100 גר' בד""ץ תוצרת חוץ","שטראוס גרופ בע""מ.",IL,שוקולד מריר מעולה 10,גרמים,100.00,100 גרם,false,,6.00,0.0600,true,1,466888
7290110557027,false,חומוס עשיר 50% טחינה גולמית 400 ג' אחלה,מיוצר עי קונדיטוריית,IL,חומוס הסדרה עשיר ב50,גרמים,400.00,100 גרם,false,,14.90,0.0373,true,1,359283
7290110557102,false,מעדן חלב עם שוקולד מועשר בחלבון 150 ג' שטראוס,מיוצר עי קונדיטוריית,IL,מעדן פרו חלב עם שוקו,גרמים,150.00,100 גרם,false,,6.20,0.0413,true,1,344413
7290110557133,false,מעדן הגולן וניל 125 ג' שטראוס,מיוצר עי קונדיטוריית,IL,מעדן הגולן מעדן חלב,גרמים,125.00,100 גרם,false,,3.70,0.0296,true,1,354329
7290110557317,false,יוגורט בתוספת סידן וויטמין ד עם שיבולת שועל 100 ג' דנונה,תנובה מרכז שיתופי לש,IL,היוגורט הראשון שלי ש,גרמים,100.00,100 גרם,false,,2.50,0.0250,true,1,426562
7290110557478,false,חומוס גלילי במרקם מעודן 600 גרם,שטראוס גרופ,IL,חומוס גלילי אחלה 60,גרמים,600.00,100 גרם,false,,13.90,0.0232,true,1,405857
7290110558154,false,דנונה לייט אנד פרי עוגת תפוחים 150ג דנונה,"שטראוס בריאות בע""מ",IL,דנונה לייט אנד פרי ת,גרמים,150.00,100 גרם,false,,4.90,0.0327,true,1,442391
7290110558215,false,"דנונה קראנצ`פיסטוק עם פיצפוץ לבן קראנצי פיסטוק, 173 גרם","שטראוס בריאות בע""מ",IL,דנונה קראנצ' בטעם פי,גרמים,173.00,100 גרם,false,,5.20,0.0301,true,1,469009
7290110558253,false,"דנונה ריפרש בננה אננס וצ`יה, 250 גרם","שטראוס בריאות בע""מ",IL,יוגורט עם אננס בננה,גרמים,250.00,100 גרם,false,,5.90,0.0236,true,1,424128
7290110558284,false,יוגורט ביו מולטי 200 ג' דנונה,"שטראוס בריאות בע""מ",IL,דנונה מולטי 3% שומן,מיליליטרים,200.00,"100 מ""ל",false,,4.70,0.0235,true,1,434628
7290110558307,false,יוגורט דנונה PRO עם שיבולת שועל במתיקות מעודנת,"שטראוס בריאות בע""מ",IL,דנונה פרו עם שיבולת,מיליליטרים,200.00,"100 מ""ל",false,,6.90,0.0345,true,1,424632
7290110558314,false,דנונה פרו 20 ג' חלבון ללא סוכר פיסטוק 200 גרם,"שטראוס בריאות בע""מ",IL,דנונה פרו ללא סוכר 2,גרמים,200.00,100 גרם,false,,6.50,0.0325,true,1,442393
7290110558338,false,יוגורט PRO בטעם מתיקות מעודנת 1.5% שומן,"שטראוס בריאות בע""מ",IL,דנונה פרו 25 גרם חלב,מיליליטרים,200.00,"100 מ""ל",false,,6.90,0.0345,true,1,424633
7290110558666,false,מעדן גבינה בטעם תפוח 88 ג' דניאלה,"שטראוס בריאות בע""מ",IL,דניאלה בטעם תפוח 88,גרמים,88.00,100 גרם,false,,4.30,0.0489,true,1,468977
7290110558741,false,"גמדים פאוץ תפוח בננה, 100 ג' שטראוס","שטראוס בריאות בע""מ",IL,גמדים לדרך תפוח ובננ,גרמים,100.00,100 גרם,false,,6.50,0.0650,true,1,490126
7290110560300,false,"הפריכיות הטעימות חומוס, עדשים שחורות, קינואה ופלפל שחור",אנרג'י Energy - שטראוס,IL,פריכיות משולשות פלפל,גרמים,30.00,100 גרם,false,,6.20,0.2067,true,1,135055
7290110560317,false,"הפריכיות הטעימות חומוס, עדשים שחורות, קינואה ומלח ים","פרח תעשיו מזון בע""מ",IL,פריכיות משולשות מלח,גרמים,30.00,100 גרם,false,,6.20,0.2067,true,1,135056
7290110560324,false,"הפריכיות הטעימות תפו""א, אורז, אפונה ומלח ים","פרח תעשיו מזון בע""מ",IL,פריכיות משולשות אפונ,גרמים,30.00,100 גרם,false,,6.20,0.2067,true,1,135057
7290110560836,false,מילקי פסק זמן מהדרין 133ג',מיוצר עי קונדיטוריית,IL,מילקי בטעם פסק זמן 1,מיליליטרים,170.00,"100 מ""ל",false,,3.10,0.0182,true,1,120499
7290110561352,false,דנונה יוגורט ביו פרוביוטי 3% דל לקטוז 150ג',"שטראוס בריאות בע""מ",IL,דנונה ביו דל לקטוז ב,גרמים,200.00,100 גרם,false,,4.10,0.0205,true,1,122531
7290110561604,false,מארז 8 יחידות מעדן גמדים בטעם תות בננה,שטראוס גרופ,IL,שמיניית גמדים תות בנ,גרמים,800.00,100 גרם,false,,19.80,0.0248,true,1,112119
7290110563462,false,חלב בבקבוק נטול לקטוז 2% יטבתה 1 ל',מחלבת יטבתה,IL,יטבתה חלב בבקבוק נטו,ליטר,1.00,ליטר,false,,9.30,9.3000,true,1,138339
7290110564339,false,חומוס אחלה הסידרה המובחר 30% טחינה 400 גר',מיוצר עי קונדיטוריית,IL,חומוס הסדרה המובחרת,גרמים,400.00,100 גרם,false,,14.90,0.0373,true,1,112028
7290110564360,false,חומוס אחלה הסידרה המובחר 40% טחינה 400 גר',מיוצר עי קונדיטוריית,IL,חומוס אחלה עשיר ב 40,גרמים,400.00,100 גרם,false,,14.90,0.0373,true,1,112029
7290110564414,false,חומוס אחלה הסידרה המובחר 30% טחינה 600 גר',מיוצר עי קונדיטוריית,IL,חומוס הסדרה המובחרת,גרמים,600.00,100 גרם,false,,16.90,0.0282,true,1,112104
7290110565435,false,ג'לי לימבו פטל חלבי שטראוס 125ג',שטראוס גרופ,IL,לימבו בטעם פטל 0% שו,גרמים,125.00,100 גרם,false,,2.50,0.0200,true,1,109956
7290110565527,false,יוגורט PRO פרו 1.5% 20 גרם חלבון בגביע,"שטראוס בריאות בע""מ",IL,דנונה PRO 20 גרם חלב,גרמים,200.00,100 גרם,false,,6.50,0.0325,true,1,106070
7290110566623,false,קפסולות קולומביה עלית 08 למכונת נספרסו מארז 5X10ג',שטראוס קפה בי.וי,IL,עלית קפסולות קולומבי,גרמים,50.00,100 גרם,false,,18.90,0.3780,true,1,127027
7290110566975,false,דנונה פרו יוגורט 0% תות עשיר בחלבון 200ג',"שטראוס בריאות בע""מ",IL,דנונה PRO 20 גרם חלב,גרמים,200.00,100 גרם,false,,6.50,0.0325,true,1,122577
7290110568238,false,"קצפת צמחית 21% שומן 250 מ""ל יוטבתה",מחלבת יטבתה,IL,קצפת צימחית 21% במתי,מיליליטרים,250.00,"100 מ""ל",false,,8.90,0.0356,true,1,126615
7290110568276,false,משקה וניל פרו Pro מועשר בחלבון 1.5%,מחלבת יטבתה,IL,משקה פרו וניל יטבתה,מיליליטרים,350.00,"100 מ""ל",false,,7.30,0.0209,true,1,123905
7290110568559,false,דוריטוס עלית מארז חמוץ חריף 10 יח' *25 ג',שטראוס פריטו ליי (מל,IL,מארז דוריטוס חמוץ חר,גרמים,250.00,100 גרם,false,,14.90,0.0596,true,1,126268
7290110568566,false,דוריטוס גריל עלית מארז 10 יח' *25 ג',שטראוס פריטו ליי (מל,IL,מארז דוריטוס גריל 10,גרמים,250.00,100 גרם,false,,14.90,0.0596,true,1,126269
7290110568627,false,עלית - פסק זמן רול שוקולד חלב עם קרם אגוזים 26 גרם,עלית,TR,פסק זמן רול ש.חלב עם,גרמים,28.00,100 גרם,false,,4.50,0.1607,true,1,218597
7290110568924,false,עלית - פסק זמן רול שוקולד חלב עם קרם חלב וקוקוס 26 גרם,עלית,IL,פסק זמן רול ש.חלב עם,גרמים,26.00,100 גרם,false,,4.50,0.1731,true,1,221970
7290110570125,false,"משקה קפה קר בטעם אייריש קרים230 מ""ל יוטבתה",אנסטל מילק kg,AT,קפה קר אייריש קרים 2,מיליליטרים,230.00,"100 מ""ל",false,,8.30,0.0361,true,1,468945
7290110570224,false,משקה קפה קר בטעם עוגיות 230ג' יוטבתה,אנסטל מילק kg,AT,משקה קפה קר בטעם עוג,מיליליטרים,230.00,"100 מ""ל",false,,8.30,0.0361,true,1,434798
7290110570576,false,פולי אספרסו עשירים וארומטיים עוצמה 10 500 ג' עלית,שטראוס קפה בי.וי,IL,פולי אספרסו עשירים ו,אלף,1.00,"ק""ג",false,,40.90,40.9000,true,1,401580
7290110570583,false,"פולי אספרסו עשירים וארומטיים עוצמה 10 1 ק""ג עלית",,,פולי אספרסו עשירים ו,אלף,1.00,"ק""ג",false,,74.90,74.9000,true,1,401565
7290110571382,false,מעדן חלב בטעם וניל מעושר בחלבון 150 ג' שטראוס,"שטראוס בריאות בע""מ",IL,מעדן חלב מועשר בחלבו,גרמים,150.00,100 גרם,false,,5.50,0.0367,true,1,410962
7290110571405,false,עלית - מיני פינוקיות בגביע פסק זמן 180 גרם,הגביע מוצרי ופלים בע,IL,מיני פינוקיות פסק זמ,גרמים,180.00,100 גרם,false,,11.90,0.0661,true,1,486754
7290110571412,false,מיני פינוקיות - פאדג' שוקולד בגביע 180 גרם,הגביע מוצרי ופלים בע,IL,מיני פינוקיות בגביע,גרמים,180.00,100 גרם,false,,11.90,0.0661,true,1,486738
7290110571535,false,מארז קפה טורקי הל 3*100 ג' עלית,שטראוס קפה בי.וי,IL,קפה עלית טורקי הל מא,גרמים,300.00,100 גרם,false,,27.90,0.0930,true,1,415635
7290110572129,false,כיף כף מקלות שוקולד לבן 40 ג' עלית,סולן בעבור שטראוס,TR,כיף כף מקלות שוקולד,גרמים,40.00,100 גרם,false,,5.80,0.1450,true,1,489332
7290110572969,false,כיף כף פצפצים עקרם לבן 40ג' עלית,שולן צ'יקולטה גידה ס,TR,כיף כף פצפצים קרם לב,גרמים,40.00,100 גרם,false,,5.80,0.1450,true,1,442481
7290110572976,false,כיף כף פצפצים בגביע במילוי קרם בטעם שוקולד לבן,שולן צ'יקולטה גידה ס,TR,כיף כף פצפצים קרם לב,גרמים,135.00,100 גרם,false,,12.60,0.0933,true,1,442423
7290110574413,false,עלית - פופקורן בטעם טעמי 70 גרם,סראנו בעבור שטראוס,קפריסין,נשנושי פופקורן מתוק,גרמים,70.00,100 גרם,false,,7.90,0.1129,true,1,494915
7290110574420,false,עלית - פופקורן בטעם פסק זמן 70 גרם,סראנו בעבור שטראוס,קפריסין,נשנושי פופקורן מתוק,גרמים,70.00,100 גרם,false,,7.90,0.1129,true,1,494916
7290110576752,false,טבלאות שוקולד ספלנדיד מריר 70% 100 ג' עלית,קימ'ס גריפלנן,BE,שוקולד ספלנדיד מריר,גרמים,100.00,100 גרם,false,,12.90,0.1290,true,1,486993
7290110576776,false,טבלאות שוקולד ספלנדיד מריר 85% 100 ג' עלית,קימ'ס גריפלנן,BE,שוקולד ספלנדיד מריר,גרמים,100.00,100 גרם,false,,12.90,0.1290,true,1,486994
7290110576790,false,סקי בטעם מוקה 125 ג' שטראוס,"שטראוס בריאות בע""מ",IL,מעדן גבינה בטעם מוקה,גרמים,125.00,100 גרם,false,,4.10,0.0328,true,1,468961
7290110577711,false,"משקה שייק חלבון מי גבינה עם אפרסק ומנגו350מ""ל יטבתה",מחלבת יטבתה,IL,שייק חלבון whey אפרס,מיליליטרים,350.00,"100 מ""ל",false,,7.90,0.0226,true,1,487449
7290110577728,false,"משקה שייק חלבון מי גבינה עם פירות יער 350מ""ל יטבתה",מחלבת יטבתה,IL,שייק חלבון whey עם פ,מיליליטרים,350.00,"100 מ""ל",false,,7.90,0.0226,true,1,487432
7290110956943,false,מיקסר מייסטר MKM200B,,,מיקסר מייסטר MKM200B,אין,0.00,יחידה,false,,299.90,0.0000,true,1,329670
7290110956967,false,מעבד מזון מייסטר MFP,,,מעבד מזון מייסטר MFP,אין,0.00,יחידה,false,,299.90,0.0000,true,1,329672
7290111093005,false,"I-CARE מג'להסרת איפור, 25 יח בפלופק",די.פי.אל תעשיות מוצר,IL,מגבונים להסרת איפור,אין,0.00,יחידה,false,,8.90,0.0000,true,1,136001
7290111093470,false,"קוויק מסיר הפלא ספוגית להסרת כתמים, 3 יחידות",,CN,קוויק מבריק פלא להסר,אין,0.00,יחידה,false,,11.90,0.0000,true,1,436924
7290111093982,false,טרופיקל תחליב רחצה פסיפלורה ואינקה אינצ'י דר עור,"אמיליה קוסמטיקס בע""מ",IL,תחליב רחצה פסיפלורה,מיליליטרים,700.00,"100 מ""ל",false,,21.90,0.0313,true,1,470847
7290111094248,false,"קוויק שקית אשפה חזקה וגדולה במיוחד (90*78), 20 יח'",,TR,שקיות אשפה XL עם שרו,אין,0.00,יחידה,false,,20.90,0.0000,true,1,208249
7290111094361,false,קוויק שקיות אשפה XL עם ידית 20 יח' במארז,,TR,קוויק שקיות אשפה XL,אין,0.00,יחידה,false,,13.90,0.0000,true,1,353040
7290111097041,false,מגבונים בייביסיטר שמ,קיבוץ עמיר dpl,IL,בייביסיטר מגבונים לח,אין,0.00,יחידה,false,,22.90,0.0000,true,1,317825
7290111097447,false,תחליב רחצה RELAX בני,,,תחליב רחצה RELAX בני,מיליליטרים,700.00,"100 מ""ל",false,,21.90,0.0313,true,1,358568
7290111097836,false,מגבונים דוחה אבק למשטחים בניחוח מרכך כביסה 50 יח' קוויק,DPL,IL,קוויק מגבונים לניקוי,אין,0.00,יחידה,false,,9.90,0.0000,true,1,394552
7290111098536,false,מגבונים לחים לתינוק,,,מגבונים לחים לתינוק,אין,0.00,יחידה,false,,14.90,0.0000,true,1,409001
7290111285288,false,צלחת במבוק 9 ספיידרמן,,,צלחת במבוק 9 אנץ,אין,0.00,יחידה,false,,10.90,0.0000,true,1,124327
7290111285370,false,קערה במבוק ספיידרמן.,,,קערה במבוק ספיידרמן.,אין,0.00,יחידה,false,,9.90,0.0000,true,1,124328
7290111285462,false,כוס במבוק ספיידרמן,,,כוס במבוק ספיידרמן,אין,0.00,יחידה,false,,8.90,0.0000,true,1,124329
7290111340178,false,מטליות לחות ניקול לניקוי כללי בניחוח מרכך כביסה 50 יח',ניקול,IL,מטליות לחות לניקוי כ,אין,0.00,יחידה,false,,12.90,0.0000,true,1,85655
7290111340185,false,מטליות לחות ניקול לניקוי רצפות בניחוח מרכך 10 יח',ניקול,IL,ניקול לחות לניקוי רצ,אין,0.00,יחידה,false,,12.90,0.0000,true,1,85660
7290111340956,false,ניקול מטליות לחות לרצפה בניחוח פריחה לבנה,,IL,מטליות לחות לרצפה מר,אין,0.00,יחידה,false,,12.90,0.0000,true,1,112831
7290111341984,false,לילי - מגבוני נייר טואלט לח פיור רביעייה,קימברלי,IL,לילי טואלט לח PURE מ,אין,0.00,יחידה,false,,21.90,0.0000,true,1,190488
7290111342004,false,נייר טואלט לח לילי קידס 56 דפים,על בד,IL,לילי נייר טואלט לח ק,אין,0.00,יחידה,false,,9.90,0.0000,true,1,142009
7290111342059,false,מט.לחות ניקול לחיט משטחים אנטיבקטריאלי50,ניקול,IL,מטליות לחות אנטיבקטר,אין,0.00,יחידה,false,,13.90,0.0000,true,1,206061
7290111342073,false,מטליות מקרופייבר למשטחים אנטיבקטריאלי ניקול,סנו,CN,מטליות מיקורפייבר אנ,אין,0.00,יחידה,false,,13.90,0.0000,true,1,206062
7290111342523,false,מפיות אירוח לשימוש יומיומי ניקול 100 יח,,IL,מפיות צבעוני ניקול 1,אין,0.00,יחידה,false,,10.90,0.0000,true,1,208138
7290111342738,false,לילי - מגבוני נייר טואלט לח קידס רביעייה,,IL,לילי טואלט לח KIDS מ,אין,0.00,יחידה,false,,21.90,0.0000,true,1,206549
7290111343117,false,ממחטות אף קלינקס לושן סופט פק 140 דף,קימברלי קלארק,IL,טישו לושן סופט קליני,אין,0.00,יחידה,false,,14.90,0.0000,true,1,257157
7290111343827,false,ניקול מטליות רב שימושיות לניקוי וקרצוף 6 יח',UFO,IL,ניקול מטליות רב שימו,יח',9.00,יח',false,,10.90,1.2111,true,1,241799
7290111344077,false,מטליות לחות אנטיבקטר,עלבד משואות יצחק,IL,מטליות לחות אנטיבקטר,מארז,0.00,מארז,false,,27.90,0.0000,true,1,227635
7290111344138,false,"מטליות ניקול רב""ש אנטיבקטריאליות 6 יח",עלבד,IL,מטליות לחות אנטיבקטר,יח',0.00,יח',false,,13.90,0.0000,true,1,227651
7290111344206,false,האגיס נטורל קר מגבונים לחים בבישום עדין רביעייה,חוגלה קימברלי,IL,מגבוני האגיס נטורל ק,אין,0.00,יחידה,false,,21.90,0.0000,true,1,352688
7290111344459,false,קוטוקס תחבושות נייט אקסטרא לונג 20 יח',,CN,תחבושות נייט אקסטרא,יח',18.00,יח',false,,20.90,1.1611,true,1,346311
7290111344503,false,חיתולי האגיס אקסטרה קייר מידה +4 36 יח',חוגלה קימברלי,IL,האגיס אקסטרה קר מידה,אין,0.00,יחידה,false,,61.90,0.0000,true,1,294644
7290111344732,false,קלינקס - טיישו אלרג'י קומפורט ניילון זוגות 140 דף,קימברלי קלארק,IL,קלינקס אלרג'י קומפור,אין,0.00,יחידה,false,,14.90,0.0000,true,1,344833
7290111344855,false,קוטקס - מגיני יום אקסטרא פרוטקט לארג' ביג 52 יח',חוגלה קימברלי,CN,מגיני תחתון סופר פרו,אין,0.00,יחידה,false,,20.90,0.0000,true,1,369734
7290111344930,false,מטליות לחות לרצפה בניחוח מרכך כביסה 10 יח' ניקול,,IL,מטליות לחות לניקוי ר,יח',10.00,יח',false,,12.90,1.2900,true,1,369837
7290111345821,false,נייר טואלט נטורל קר - מארז 16 גלילי ג'מבו,קימברלי,IL,נייר טואלט נטורל קר,יח',16.00,יח',false,,38.90,2.4312,true,1,369807
7290111350030,false,רסק תפוחי עץ טבעי בצנצנת 670 גרם קלית גת,"ג'י אנד ג'י בע""מ",IL,רסק תפוחי עץ טבעי קל,גרמים,670.00,100 גרם,false,,10.90,0.0163,true,1,14040
7290111350726,false,חטיף נאצוס הוטפופ בסגנון מקסיקני 322 גר,ליימן מותגים,US,הוטפופ נאצ'וס בסגנון,גרמים,322.00,100 גרם,false,,17.90,0.0556,true,1,139055
7290111352140,false,חמוציות מיובשות ברכז תפוחים קליית גת 150,,IL,חמוציות מיובשות ברכז,גרמים,150.00,100 גרם,false,,11.90,0.0793,true,1,192981
7290111352966,false,יוגטה סוכריות ממולאות בטעם פירות 250 גרם ללא ג'לטין,סאדאט,TR,יוגטה סוכריות ממולאו,גרמים,250.00,100 גרם,false,,6.90,0.0276,true,1,241666
7290111352973,false,יוגוטה קוביות חמוצות ממולאות בטעם פירות,יוגטה yogueta,TR,יוגטה קוביות חמוציות,גרמים,220.00,100 גרם,false,,6.90,0.0314,true,1,241650
7290111353079,false,יוגטה סוכריות גומי דובונים 180 ג' קופסא,סאדת,TR,סוכריות גומי דובונים,גרמים,180.00,100 גרם,false,,10.90,0.0606,true,1,268649
7290111353437,false,חטיף בטטה ומלח ים 120 גרם הוט פופ,איץ.סיי גרופ אס.דה א,HN,הוטפופ ווגי' צ'יפס ח,גרמים,120.00,100 גרם,false,,15.90,0.1325,true,1,280784
7290111353550,false,ממרח חמאת בוטנים טבעית 300 גרם,,,חמאת בוטנים טבעית קל,גרמים,300.00,100 גרם,false,,14.90,0.0497,true,1,442229
7290111564239,false,שלגוני קראנץ' Crunch בטעם וניל - 5 יח',גלידות נסטלה (נגה גל,IL,קראנץ' מאגדת מיני ונ,גרמים,275.00,100 גרם,false,,30.90,0.1124,true,1,111592
7290111564277,false,פריכיות דקות ונימוחות 3 דגנים פיטנס Fitness,פרח תעשיות,IL,פריכיות 3 דגנים דקות,גרמים,120.00,100 גרם,false,,11.90,0.0992,true,1,87616
7290111564291,false,פריכיות דקות ונימוחות 3 דגנים וקינואה פיטנס Fitness,פרח תעשיות,IL,פריכיות קינואה דקות,גרמים,120.00,100 גרם,false,,11.90,0.0992,true,1,87617
7290111565038,false,"לה קרמריה וניל קוקילידה בד""צ 1.4 ל'",המאפיה של הרמן,IL,לה קרמריה בטעם וניל,ליטר,1.40,ליטר,false,,25.90,18.5000,true,1,121553
7290111566226,false,טבעול שניצל ברוקולי 667 גר',עיצובים 2020 (4.8),IL,טבעול שניצל ברוקולי,גרמים,667.00,100 גרם,false,,35.90,0.0538,true,1,111902
7290111566240,false,שניצל דק מן הצומח בטעם צ'ילי חריף 700 גרם,עיצובים 2020 (4.8),IL,שניצל דק צמחוני בטע,גרמים,564.00,100 גרם,false,,35.90,0.0637,true,1,111893
7290111566271,false,טבעול חטיפי תירס 657 גר',עיצובים 2020 (4.8),IL,חטיפי תירס טבעול 65,גרמים,657.00,100 גרם,false,,35.90,0.0546,true,1,111894
7290111566318,false,שניצל דק מן הצומח בטעם ביתי 700 גרם,עיצובים 2020 (4.8),IL,שניצל דק צמחוני בט,גרמים,564.00,100 גרם,false,,35.90,0.0637,true,1,118003
7290111566332,false,טבעול נקניקיות וינר צמחוניות 680 גר',עיצובים 2020 (4.8),IL,נקניקיה וינר 680 גר,גרמים,680.00,100 גרם,false,,35.90,0.0528,true,1,111895
7290111566417,false,טחון צמחוני עם המון חלבון,עיצובים 2020 (4.8),IL,טחון מן הצומח 500,גרמים,500.00,100 גרם,false,,35.90,0.0718,true,1,118004
7290111566547,false,טבעול חזה בגריל צמחוני 99 קלוריות 560ג',עיצובים 2020 (4.8),IL,חזה בגריל מו הצומח,גרמים,560.00,100 גרם,false,,35.90,0.0641,true,1,111917
7290111566561,false,שניצל ברוקולי 99 קלוריות טבעול 560 גר,עיצובים 2020 (4.8),IL,טבעול שניצל ברוקולי,גרמים,630.00,100 גרם,false,,35.90,0.0570,true,1,111908
7290111566585,false,טבעול שניצל צמחוני 99 קלוריות 650 גר',עיצובים 2020 (4.8),IL,שניצל מן הצומח מופח,גרמים,650.00,100 גרם,false,,35.90,0.0552,true,1,111909
7290111566714,false,טבעול המבורגר צמחוני 99 קלוריות 600 גר',עיצובים 2020 (4.8),IL,המבורגר מן הצומח 6,גרמים,600.00,100 גרם,false,,35.90,0.0598,true,1,118008
7290111566752,false,טבעול שניצל תירס 99 קלוריות 693 גר',עיצובים 2020 (4.8),IL,שניצל תירס לייט טבעו,גרמים,693.00,100 גרם,false,,35.90,0.0518,true,1,118010
7290111566776,false,טבעול נקניקיות קוקטייל צמחוניות 680 גר',עיצובים 2020 (4.8),IL,נקנקיות קוקטייל מן,גרמים,680.00,100 גרם,false,,35.90,0.0528,true,1,112221
7290111568251,false,אטריות נודלס להקפצה אסם אסייתי 350 גר',תאי פרזידנטפוד,TH,נודלס אטריות להקפצה,גרמים,350.00,100 גרם,false,,10.90,0.0311,true,1,124507
7290111568275,false,אטריות נודלס אורז רחבות אסם אסייתי 300גרם,תאי פרזידנט,TH,נודלס אטריות אורז רח,גרמים,300.00,100 גרם,false,,10.90,0.0363,true,1,124317
7290111568466,false,רוטב אסייתי למוקפץ הסדרה האסייתית,אסיף תעשיות מזון בעמ,IL,אסם רוטב אסיאתי למוק,מיליליטרים,290.00,"100 מ""ל",false,,12.90,0.0445,true,1,124511
7290111879074,false,בקבוק טריטן מרובע 60,,,בקבוק טריטן מרובע 60,אין,0.00,יחידה,false,,24.90,0.0000,true,1,125030
7290111930805,false,קראנצ'וס טעם ברביקיו 55 גר',חברת מנה בעמ,IL,קראנצו'ס ברביקיו 55,גרמים,55.00,100 גרם,false,,3.90,0.0709,true,1,95486
7290111930850,false,קראנצ'וס טעם פיצה 55גר',קראנצ'וס,IL,קראנצו'ס פיצה 55 גרם,גרמים,55.00,100 גרם,false,,3.90,0.0709,true,1,95487
7290111930898,false,חטיף פוף כוכבים גריל אמריקאי 40 גרם,פוף POOF,IL,פוף כוכבים גריל אמרי,גרמים,40.00,100 גרם,false,,4.90,0.1225,true,1,102939
7290111930911,false,חטיף פוף לבבות קלאסי 40 גרם,פוף POOF,IL,פוף לבבות קלאסי 40 ג,גרמים,40.00,100 גרם,false,,4.90,0.1225,true,1,102941
7290111930928,false,חטיף פוף לבבות גריל 40 גרם,פוף POOF,IL,"פוף לבבות גריל 40 ג""",גרמים,40.00,100 גרם,false,,4.90,0.1225,true,1,102942
7290111931338,false,"סבון נוזלי פלמוליב לומינוס תאנה 500 מ""ל",קולגייט פלמוליב,TR,פלמוליב סבון נוזלי ל,מיליליטרים,500.00,"100 מ""ל",false,,17.90,0.0358,true,1,122530
7290111932502,false,"קולגייט משחת שיניים אופטיק וייט אקספרט 75 מ""ל",קולגייט Colgate,MX,מש.שיניים אופטיק ויי,מיליליטרים,75.00,"100 מ""ל",false,,29.90,0.3987,true,1,129543
7290111933462,false,"רוטב צ'ילי מתוק מאסטר שף 300 מ""ל",סיטי פוד,TH,רוטב צ'ילי מתוק 300,מיליליטרים,300.00,"100 מ""ל",false,,10.90,0.0363,true,1,115393
7290111933554,false,עגבניות איטלקיות קוביות - מארז שלישיה,קונסוריזיו קאסאלסקו,IT,עגבניות קוביות מאסטר,אלף,1.20,"ק""ג",false,,17.90,14.9167,true,1,132237
7290111935527,false,"מ. שיניים קולגייט טוטל קלין מיניט -זוג כשל""פ2*100 גרם",cp,PL,קולגייט טוטל קלין מי,מיליליטרים,200.00,"100 מ""ל",false,,29.90,0.1495,true,1,136742
7290111935961,false,מאסטר שף מחית עגבניות 690 גרם,קליספה,IT,מחית עגבניות מאסטר ש,גרמים,690.00,100 גרם,false,,10.90,0.0158,true,1,141043
7290111936296,false,"פלמוליב סבון נוזלי בניחוח סנסיישן מסאז' ,750 מ""ל",קולגייט פלמוליב,TR,פלמוליב ארומה סנסייש,מיליליטרים,750.00,"100 מ""ל",false,,21.90,0.0292,true,1,140779
7290111937255,false,"מארז פרי חטיפים 5 יח' כשל""פ תמרים בוטנים ואגוזי לוז",טבעית מוצרים מן הטבע,IL,פרי מארז חטיפים תמרי,גרמים,125.00,100 גרם,false,,15.90,0.1272,true,1,136754
7290111937262,false,"פרי מארז חטיפי 5יח תמרים ,אגוזים ושברי קקאו 125גר",טבעית מוצרים מן הטבע,IL,פרי מארז חטיפים תמרי,גרמים,125.00,100 גרם,false,,15.90,0.1272,true,1,136755
7290111938481,false,"רוטב סויה בהירה מאסטר שף 300 מ""ל",מאסטר שף,TH,רוטב סויה בהירה מ.שף,מיליליטרים,300.00,"100 מ""ל",false,,11.90,0.0397,true,1,226596
7290112000408,false,מנקה ומחטא עוצמתי לניקוי כללי בניחוח לימון,רקיט בנקיזר,PL,תרסיס ניקוי וחיטוי ר,מיליליטרים,750.00,"100 מ""ל",false,,16.90,0.0225,true,1,130823
7290112000736,false,AIO טבליות פיניש 80 יחידות,רקיט בנקיזר,PL,פיניש הכל ב-1 80 טבל,אין,0.00,יחידה,false,,61.90,0.0000,true,1,124605
7290112000798,false,"דיטול תרסיסי חיטוי וניקוי אנטי בקטריאלי 750 מ""ל",רקיט בנקיזר,GB,מחטא משטחים לימון מנ,מיליליטרים,750.00,"100 מ""ל",false,,16.90,0.0225,true,1,130824
7290112001221,false,מנקה מכונת כביסה בניחוח נקי ורענן,רקיט בנקיזר,ES,קולון מנקה מכונה רגי,אין,0.00,יחידה,false,,22.90,0.0000,true,1,135517
7290112001436,false,פיניש מנקה ומחדש למדיח בניחוח לימון,רקיט בנקיזר,PL,פיניש מנקה מדיח בניח,מיליליטרים,250.00,"100 מ""ל",false,,15.90,0.0636,true,1,192284
7290112002105,false,ג'ל כביסה מרוכז קולון 101 בניחוח לילך,זוהר דליה,IL,קולון ג'ל 2.5 ליטר כ,ליטר,2.50,ליטר,false,,26.90,10.7600,true,1,185060
7290112002112,false,ג'ל כביסה מרוכז קולון 101 בניחוח ורדים,רקיט בנקיזר,IL,קולון ג'ל 2.5 ליטר ב,ליטר,2.50,ליטר,false,,26.90,10.7600,true,1,185061
7290112002136,false,ג'ל כביסה מרוכז קולון 101 קלאסי,רקיט בנקיזר,IL,קולון ג'ל 4 ליטר רגי,ליטר,4.00,ליטר,false,,37.90,9.4750,true,1,185063
7290112002150,false,ג'ל כביסה מרוכז קולון 101 בניחוח ורדים,קולון Colon,IL,קולון ג'ל 4 ליטר בני,ליטר,4.00,ליטר,false,,37.90,9.4750,true,1,185065
7290112002167,false,ג'ל כביסה מרוכז קולון 101 בניחוח פריחה מרענן,קולון Colon,IL,קולון ג'ל 4 ליטר בני,ליטר,4.00,ליטר,false,,37.90,9.4750,true,1,185066
7290112002457,false,דטול - שלישיית מגבונים לניקוי וחיטוי בניחוח לימון,רקיט בנקיזר,PL,דטול מגבונים לניקוי,אין,0.00,יחידה,false,,25.90,0.0000,true,1,185462
7290112003188,false,קפסולות גל לכביסה קולון 60 יח,רקיט בנקיזר,IT,קולון קפסולות למכונת,אין,0.00,יחידה,false,,60.00,0.0000,true,1,254526
7290112003232,false,אבקת כביסה בניחוח לבנדר קולון 5 ק''ג,,,אבקת כביסה קולון לבנ,אלף,5.00,"ק""ג",false,,42.90,8.5800,true,1,235064
7290112003461,false,"מקלות ריחניים ורדים אירוויק 80 מ""ל",,,איירוויק בוטניקה מקל,מיליליטרים,205.00,"100 מ""ל",false,,24.90,0.1215,true,1,271449
7290112004185,false,"פיניש נוזל הברקה אקולוגי למדיח 400 מ""ל",רקיט בנקיזר,PL,פיניש נוזל הברקה אקו,מיליליטרים,400.00,"100 מ""ל",false,,15.90,0.0398,true,1,347923
7290112004208,false,טבליות למדיח בניחוח לימון 50 יח' פיניש,RECKITT BENCKISER PR,PL,טבליות למדיח כלים פי,גרמים,800.00,100 גרם,false,,41.90,0.0524,true,1,396805
7290112004413,false,וניש ספריי הסרת כתמים לבגדים לבנים 750 מ,רקיט בנקיזר,PL,מסיר כתמים ספריי כבי,מיליליטרים,750.00,"100 מ""ל",false,,16.90,0.0225,true,1,402047
7290112004604,false,דטול - שלישיית מגבונים לניקוי וחיטוי בניחוח לימון רימונים,רקיט בנקיזר,PL,דטול מגבונים לניקוי,אין,0.00,יחידה,false,,25.90,0.0000,true,1,326211
7290112004611,false,"וניש קליה ג'ל מרוכז לטיפול נקודתי בכתמים 200 מ""ל",רקיט בנקיזר,IT,ג'ל מרוכז מולטי פאוו,מיליליטרים,200.00,"100 מ""ל",false,,18.90,0.0945,true,1,392258
7290112005052,false,וניש תוסף כביסה רב תכליתי לבגדים לבנים,קליה וניש Kalia Vanish,IT,וניש אבקה לכביסה לבנ,ליטרים,1500.00,100 ליטר,false,,42.90,0.0286,true,1,443002
7290112005076,false,וניש תוסף כביסה רב תכליתי לכביסה צבעונית,קליה וניש Kalia Vanish,IT,וניש אבקה לכביסה צבע,גרמים,480.00,100 גרם,false,,17.90,0.0373,true,1,443019
7290112005083,false,וניש תוסף כביסה רב תכליתי לכביסה צבעונית,קליה וניש Kalia Vanish,IT,וניש אבקה לכביסה צבע,ליטרים,1.50,100 ליטר,false,,42.90,28.6000,true,1,443003
7290112190468,false,שמן זית ספרדי טבעי 7,,ES,"שמן זית 750 מ""ל G FO",מיליליטרים,750.00,"100 מ""ל",false,,30.90,0.0412,true,1,332022
7290112191274,false,טורטיה מקמח חיטה 780גרם 12 יחידות,,,12 טורטיות מקמח חיט,גרמים,780.00,100 גרם,false,,13.90,0.0178,true,1,137253
7290112192578,false,משחת שיניים פרודונטקס אקסטרה פרש הגנה מלאה,ג'י.אס.קיי קונסיומר,IE,מש.שיניים פרמיום הגנ,מיליליטרים,75.00,"100 מ""ל",false,,36.90,0.4920,true,1,179490
7290112192905,false,מברשת לשיניים רגישות ובעיות חניכיים סנסודיין,סנסודיין Sensodyne,DE,מברשת שיניים סנסודיי,אין,0.00,יחידה,false,,36.90,0.0000,true,1,196564
7290112195579,false,שמן זית כתית מעולה 7,אסאס דל סור,ES,שמן זית איטליה 750 מ,מיליליטרים,750.00,"100 מ""ל",false,,30.90,0.0412,true,1,364150
7290112197092,false,"סטייל - סבון מעוצב ניו יורק 500 מ""ל",רנקסאן פלסטיק יאנגר,TR,סבון מעוצב ניו יורק,מיליליטרים,500.00,"100 מ""ל",false,,10.90,0.0218,true,1,498623
7290112330352,false,"יוגורט PRO בטעם וניל 0% , 20 גרם חלבון בגביע","שטראוס בריאות בע""מ",IL,דנונה פרו 20 גר וניל,גרמים,200.00,100 גרם,false,,6.50,0.0325,true,1,141148
7290112330390,false,יוגורט PRO בטעם פירות יער 0% 20 גרם חלבון בגביע,"שטראוס בריאות בע""מ",IL,דנונה פרו 20 גר פירו,גרמים,200.00,100 גרם,false,,6.50,0.0325,true,1,141149
7290112330420,false,דנונה פרו לבן 2.9% שומן 150 ג',מיוצר עי קונדיטוריית,IL,דנונה פרו לבן 2.9% 1,גרמים,150.00,100 גרם,false,,5.10,0.0340,true,1,136905
7290112332585,false,"פריכיות תפו""א, אורז בתיבול סלק ומלח חי 30 גר'","פרח תעשיו מזון בע""מ",IL,"פריכיות הטעימות תפו""",גרמים,30.00,100 גרם,false,,6.20,0.2067,true,1,142758
7290112332691,false,פינוקיות עוגיות קרם פסק זמן אגוזים 200 גרם,הגביע מוצרי ופלים בע,IL,פינוקיות עוגיית קרם,גרמים,200.00,100 גרם,false,,13.60,0.0680,true,1,144838
7290112332899,false,עלית - צנצנת בזוקה פופים קלאסי 58 גרם,רוג'ר אנד רוג'ר,IL,מאסט בזוקה פופים קלא,גרמים,58.00,100 גרם,false,,11.50,0.1983,true,1,142289
7290112335487,false,פריכיות הטעימות קצח ודגנים אנרגי 135 גר,אנרג'י Energy - שטראוס,IL,פריכיות הטעימות קצח,גרמים,135.00,100 גרם,false,,13.90,0.1030,true,1,142325
7290112335494,false,הפריכיות הטעימות תפוחי אדמה בטעם פוטטוס,"פרח תעשיות מזון בע""מ",IL,פריכיות הטעימות פוטט,גרמים,135.00,100 גרם,false,,13.90,0.1030,true,1,142326
7290112335500,false,"הפריכיות הטעימות חומוס, אורז, עדשים שחורות וקינואה",אנרג'י Energy - שטראוס,IL,פריכיות הטעימות עשיר,גרמים,135.00,100 גרם,false,,13.90,0.1030,true,1,142327
7290112336637,false,סוכריות מאסט Must ללא סוכר יוגורט תות ואוכניות,שטראוס גרופ,PL,"סוכריות מאסט לל""ס יו",גרמים,80.00,100 גרם,false,,8.90,0.1113,true,1,185885
7290112336644,false,סוכריות מאסט ללא סוכר לימון 80 ג' עלית,שטראוס גרופ,PL,"סוכריות מאסט לל""ס לי",גרמים,80.00,100 גרם,false,,8.90,0.1113,true,1,185886
7290112336651,false,סוכריות מאסט ללא סוכר ריבת חלב 80 ג' עלית,שטראוס גרופ,PL,סוכריות מאסט ללא סוכ,גרמים,80.00,100 גרם,false,,8.90,0.1113,true,1,185887
7290112336712,false,יוגורט PRO לבן 0% 21 גרם חלבון בגביע,"שטראוס בריאות בע""מ",IL,דנונה פרו 21 0% שומן,גרמים,200.00,100 גרם,false,,6.50,0.0325,true,1,138343
7290112337474,false,סוכריות מאסט ללא סוכר פטל לימון 80 ג' עלית,שטראוס גרופ,PL,"סוכריות מאסט לל""ס פט",גרמים,80.00,100 גרם,false,,8.90,0.1113,true,1,185888
7290112337481,false,סוכריות מאסט ללא סוכר קפצ''ינו 80 ג' עלית,שטראוס גרופ,PL,"סוכריות מאסט לל""ס קפ",גרמים,80.00,100 גרם,false,,8.90,0.1113,true,1,185889
7290112339362,false,דנונה לייט אנד פריי בטעם קפוצינו 150 גר',דנונה - שטראוס,IL,דנונה לייט אנד פריי,גרמים,150.00,100 גרם,false,,4.90,0.0327,true,1,191323
7290112339867,false,גמדים לדרך גבינה לבנה עם מחית תות,שטראוס,IL,גמדים סקוויז בודד תו,גרמים,100.00,100 גרם,false,,6.50,0.0650,true,1,136928
7290112339874,false,גמדים לדרך גבינה לבנה עם מחיות תות ובננה,שטראוס,IL,גמדים סקוויז בודד תו,גרמים,100.00,100 גרם,false,,6.50,0.0650,true,1,136929
7290112340122,false,פריכיות טעימות 3 דגנים אנרגי 135 גר,אנרג'י Energy - שטראוס,IL,פריכיות הטעימות 3 דג,גרמים,135.00,100 גרם,false,,13.90,0.1030,true,1,142328
7290112340245,false,צנצנת מסטיק מאסט בטעם דובדבן 66 ג' עלית,"שטראוס גרופ בע""מ",IL,צנצנת מאסט בטעם דובד,גרמים,66.00,100 גרם,false,,11.50,0.1742,true,1,139157
7290112340252,false,צנצנת מסטיק מאסט בטעם אבטיח מלון 66 ג' עלית,"שטראוס גרופ בע""מ",IL,צנצנת מאסט בטעם אבטי,גרמים,66.00,100 גרם,false,,11.50,0.1742,true,1,139158
7290112340276,false,פינוקיות עוגיות קרם קפה 200 גרם,הגביע מוצרי ופלים בע,IL,פינוקיות עוגיית קרם,גרמים,200.00,100 גרם,false,,13.60,0.0680,true,1,144839
7290112341556,false,אקטיביה עם צ'יה ותות 150 ג' דנונה,דנונה - שטראוס,IL,אקטיביה עם צ'יה ותות,גרמים,150.00,100 גרם,false,,5.20,0.0347,true,1,185035
7290112341679,false,דנונה אקטיביה 3% שומן 200 גרם,מיוצר עי קונדיטוריית,IL,דנונה אקטיביה 3% 200,גרמים,200.00,100 גרם,false,,4.70,0.0235,true,1,185036
7290112341686,false,מארז אקטיביה שמיניה 3% 150 גר*8,מיוצר עי קונדיטוריית,IL,אקטיביה מארז 3% 8*15,אלף,1.20,"ק""ג",false,,22.90,19.0833,true,1,185037
7290112342102,false,סימפוניה גבינה במרקם שמנת בצל מקורמל 5%,"שטראוס בריאות בע""מ",IL,סימפוניה 5% בצל מקור,גרמים,200.00,100 גרם,false,,12.50,0.0625,true,1,205542
7290112342270,false,קפה פלטינום אינטנס מחוזק ב- 10% אספרסו,שטראוס קפה בי.וי,IL,קפה פלטינום אינטנס 1,גרמים,125.00,100 גרם,false,,21.90,0.1752,true,1,187211
7290112342508,false,דוריטוס ציזי טוויסט 70 גר,שטראוס פריטו ליי (מל,IL,דוריטוס קול ראנץ' 70,גרמים,70.00,100 גרם,false,,4.30,0.0614,true,1,192838
7290112343260,false,"יטבתה רוטב שמנת קלאסי 9% שומן 260 מ""ל",שטראוס גרופ,IL,יטבתה רוטב שמנת קלאס,גרמים,260.00,100 גרם,false,,11.50,0.0442,true,1,193395
7290112343420,false,"משקה חלב עם דגנים מלאים ובננה פרו יטבתה 350מ""ל",מחלבת יטבתה,IL,משקה יטבתה פרו 20 אר,מיליליטרים,350.00,"100 מ""ל",false,,7.90,0.0226,true,1,193398
7290112343499,false,חטיף צ'יטוס פאפס אפוי בטעם גבינה,"שטראוס פריטו ליי בע""",IL,ציטוס Puffs בטעם גבי,גרמים,55.00,100 גרם,false,,3.50,0.0636,true,1,346531
7290112344564,false,רביולי גבינה קלאסי שטראוס 400 ג',"שטראוס גרופ בע""מ",IL,EAT GOOD רביולי גבינ,גרמים,400.00,100 גרם,false,,21.90,0.0547,true,1,185524
7290112344724,false,מעדן בטעם שוקולד בלונדי 170 ג' מילקי,מיוצר עי קונדיטוריית,IL,מילקי בטעם שוקולד בל,מיליליטרים,170.00,"100 מ""ל",false,,3.90,0.0229,true,1,193384
7290112344755,false,מילקי שוקולד 26% פחות סוכר 135 גרם,מיוצר עי קונדיטוריית,IL,מילקי עם 26% פחות סו,מיליליטרים,135.00,"100 מ""ל",false,,3.10,0.0230,true,1,264714
7290112346360,false,בפלות אחת אחת ופל בטעם שוקולד מצופה שוקולד,טוטיז-בינגו סיאי,GR,בפלות אחת אחת בציפוי,גרמים,180.00,100 גרם,false,,14.90,0.0828,true,1,205578
7290112346537,false,עוגיות פינוקיות בטעם טורטית 200 ג' עלית,הגביע מוצרי ופלים בע,IL,פינוקיות עוגיות בטעם,גרמים,200.00,100 גרם,false,,13.60,0.0680,true,1,198519
7290112346629,false,דנונה בר יוגורט+קורנפלקס מצופה שוקולד חלב ולבן 172 גרם,דנונה - שטראוס,IL,דנונה קראנצ' עם קורנ,מיליליטרים,172.00,"100 מ""ל",false,,5.20,0.0302,true,1,227758
7290112346773,false,יוגורט בטעם וניל 0% לייט אנד פרי 10 גרם חלבון בגביע,מיוצר עי קונדיטוריית,IL,דנונה לייט אנד פריי,מיליליטרים,150.00,"100 מ""ל",false,,4.90,0.0327,true,1,271230
7290112347008,false,גמדים לדרך גבינה לבנה עם מחית תות ושיבולת שועל,מיוצר עי קונדיטוריית,IL,גמדים ארוחת בוקר תות,גרמים,100.00,100 גרם,false,,6.50,0.0650,true,1,193386
7290112347473,false,דנונה לייט אנד פריי תות ואפרסק מאגדת 8 יח' * 150 ג',מיוצר עי קונדיטוריית,IL,דנונה לייט אנד פריי,אלף,1.20,"ק""ג",false,,29.70,24.7500,true,1,191333
7290112348142,false,שעועית לבנה 380 גר' בקופסה טעם הטבע,שטראוס טעם הטבע,IT,שעועית לבנה טעם הטבע,גרמים,380.00,100 גרם,false,,6.90,0.0182,true,1,221633
7290112348616,false,עלית - קפה נמס אגוזי לוז 100 גרם,עלית,IL,קפה נמס אגוזי לוז על,גרמים,100.00,100 גרם,false,,16.90,0.1690,true,1,256889
7290112348999,false,פריכיות טעימות תירס דקות 135 גרם,עלית,IL,פריכיות טעימות תירס,גרמים,135.00,100 גרם,false,,13.90,0.1030,true,1,269986
7290112349316,false,מסטיק בזוקה פופים ממולא בטעם תות ללא סוכר,רוג'ר אנד רוג'ר,DE,בזוקה ביג פופים בטעם,גרמים,86.00,100 גרם,false,,13.90,0.1616,true,1,220177
7290112349705,false,פומודורו רוטב עגבניות קלאסי לפסטה 350 גר' יד מרדכי,אמיליאנה קונסרב סוסי,IT,רוטב עגבניות פומודרו,גרמים,350.00,100 גרם,false,,13.00,0.0371,true,1,206744
7290112349743,false,ארביאטה רוטב עגבניות פיקנטי לפסטה 350 ג' יד מרדכי,אמיליאנה קונסרב,IT,רוטב עגבניות ארביאטה,גרמים,350.00,100 גרם,false,,13.00,0.0371,true,1,206746
7290112349750,false,פיצה רוטב עגבניות לפיצה 350 גר' יד מרדכי,אמיליאנה קונסרב,IT,רוטב עגבניות לפיצה 3,גרמים,350.00,100 גרם,false,,13.00,0.0371,true,1,206747
7290112349897,false,מסטיק מאסט Must קוביות בטעם מנטה ללא סוכר,רוג'ר אנד רוג'ר,DE,מאסט קוביות מנטה 86,גרמים,86.00,100 גרם,false,,13.90,0.1616,true,1,220178
7290112350312,false,קפסולות 15 קפה יותר למכונות נספרסו עלית 10יח',הנסיך- מפעל לייצור ט,IL,עלית קפסולות 15 למכ,גרמים,50.00,100 גרם,false,,18.90,0.3780,true,1,250615
7290112351104,false,שוקולד פרה ממולא פיצפוצי אורז 100 ג' עלית,שטראוס,IL,שוקולד פרה פיצפוצי א,גרמים,100.00,100 גרם,false,,6.90,0.0690,true,1,224455
7290112351128,false,שוקולד פרה סוכריות קופצות 100 ג' עלית,"שטראוס גרופ בע""מ",IL,שוקולד פרה חלב סוכרי,גרמים,100.00,100 גרם,false,,6.90,0.0690,true,1,310966
7290112351463,false,שלישיית סוכריות מאסט FRESH פטל לימון 45 ג' עלית,עלית,,שלישיית סוכריות FRES,גרמים,45.00,100 גרם,false,,8.90,0.1978,true,1,249434
7290112351470,false,סוכריות ללא סוכר בטעם תות רימון מאסט פרש,עלית,,שלישיית סוכריות FRES,גרמים,45.00,100 גרם,false,,8.90,0.1978,true,1,249435
7290112351524,false,עלי סלנובה טעם הטבע,שטראוס בריאות ירקות,IL,עלי סלנובה טעם הטבע,גרמים,200.00,100 גרם,false,,12.50,0.0625,true,1,232869
7290112351753,false,עלית שלישיית פסק זמן קראנץ' 96 גרם,שטראוס גרופ,IL,שלישיית פסק זמן קראנ,גרמים,96.00,100 גרם,false,,12.90,0.1344,true,1,268635
7290112354242,false,קונוס פיצה דלישס 280 גרם,,IT,קונוס פיצה שטראוס דל,גרמים,280.00,100 גרם,false,,25.90,0.0925,true,1,352558
7290112354945,false,תפוצ'יפס wavy טבעי 50ג היתר מכירה,שטראוס פריטו ליי בע”,IL,תפוצ'יפס wavy 50 גר,גרמים,50.00,100 גרם,false,,4.30,0.0860,true,1,490254
7290112354952,false,"תפוציפס WAVY בטעם פפריקה , 50 גרם",שטראוס פריטו ליי בע”,IL,תפוצ'יפס wavy פפריקה,גרמים,50.00,100 גרם,false,,4.30,0.0860,true,1,490255
7290112355027,false,דנונה פרו 20 גרם חלבון קרמל מלוח 200 גרם,"שטראוס בריאות בע""מ",IL,דנונה פרו 20 גר' בטע,גרמים,200.00,100 גרם,false,,6.50,0.0325,true,1,264745
7290112355102,false,גמדים סקוויז 100 גרם פאוץ סלט פירות 100 גרם,"שטראוס בריאות בע""מ",IL,סקוויז גמדים לדרך סל,גרמים,100.00,100 גרם,false,,5.90,0.0590,true,1,271187
7290112355393,false,"יטבתה רוטב שמנת+בטטה 9% שומן 250 מ""ל",שטראוס גרופ,IL,רוטב שמנת עם בטטה 9%,גרמים,257.00,100 גרם,false,,11.50,0.0447,true,1,470512
7290112357069,false,מחית עגבניות איטלקיות בקופסה 500 גר' טעם הטבע,שטראוס טעם הטבע,IT,מחית עגבניות איטלקיו,גרמים,500.00,100 גרם,false,,8.20,0.0164,true,1,221641
7290112357083,false,אפונת גינה טעם הטבע 380 גר' בקופסה,שטראוס טעם הטבע,IT,אפונה ירוקה טעם הטבע,גרמים,380.00,100 גרם,false,,6.90,0.0182,true,1,337595
7290112357106,false,שעועית אדומה 380 גר' בקופסה טעם הטבע,שטראוס טעם הטבע,IT,שעועית אדומה טעם הטב,גרמים,380.00,100 גרם,false,,6.90,0.0182,true,1,221642
7290112357113,false,גרגרי חומוס בקופסה 380 גר' טעם הטבע,שטראוס טעם הטבע,IT,גרגרי חומוס טעם הטבע,גרמים,380.00,100 גרם,false,,6.90,0.0182,true,1,221643
7290112358127,false,דנונה פרו חלבון+מגנזיום- וניל ועוגיות 200 גרם,מיוצר עי קונדיטוריית,IL,דנונה פרו 20 גר עם מ,גרמים,200.00,100 גרם,false,,6.80,0.0340,true,1,259390
7290112358233,false,יד מרדכי רוטב צילי חריף 300גרם,"בית אל מזון בע""מ",IL,יד מורדכי רוטב צ'ילי,מיליליטרים,300.00,"100 מ""ל",false,,14.90,0.0497,true,1,279235
7290112358257,false,רוטב לעוף עם שזיפים יד מרדכי 300 גרם,יד מרדכי,IL,יד מורדכי רוטב לעוף,מיליליטרים,300.00,"100 מ""ל",false,,14.90,0.0497,true,1,221645
7290112358431,false,עד חצות דאבל ביסקוויט עם שוקולד חלב -8 אריזות אישיות,הדקלאים אגודת שיתופי,IL,דאבל ביסקוויט עם שוק,גרמים,200.00,100 גרם,false,,14.90,0.0745,true,1,294522
7290112359384,false,עלית - קפה נמס אלפחורס ריבת חלב 100 גרם,שטראוס,IL,קפה נמס אלפחורס ריבת,גרמים,100.00,100 גרם,false,,16.90,0.1690,true,1,256890
7290112490674,false,קונפיטורת דובדבן 340 גר' 778 כשלפ,אתר חיפה 778 - Food,IL,קונפיטורה 778 דובדבן,גרמים,340.00,100 גרם,false,,15.90,0.0468,true,1,125728
7290112490827,false,תרסיס ריחני למייבש הכביסה בדין בייבי 500,"זוהר דליה, קיבוץ דלי",IL,בדין בייבי תרסיס למי,מיליליטרים,500.00,"100 מ""ל",false,,18.90,0.0378,true,1,129548
7290112492456,false,"שמפו פינוק לשיער יבש/פגום 700 מ""ל",יוניליוור ישראל טיפו,IL,פינוק שמפו שיער יבש,מיליליטרים,700.00,"100 מ""ל",false,,11.90,0.0170,true,1,215761
7290112492463,false,"שמפו ומרכך פינוק 2 ב1 לשיער רגיל 700 מ""ל",יוניליוור ישראל טיפו,IL,פינוק 2ב1 לשיער רגיל,מיליליטרים,700.00,"100 מ""ל",false,,11.90,0.0170,true,1,215762
7290112492722,false,"2ב-1 שמפו ומרכך פינוק אל דמע לסירוק קל לילדים 700 מ""ל",אתר ליוור - HPC,IL,פינוק 2 ב 1 ילדים 70,מיליליטרים,700.00,"100 מ""ל",false,,12.90,0.0184,true,1,231164
7290112493927,false,גלידה בטעם ריבת חלב 1.33ל' קרמיסימו,"גלידת שטראוס בע""מ, ר",IL,קרמיסימו ריבת חלב 1.,ליטר,1.33,ליטר,false,,21.90,16.4662,true,1,204016
7290112493934,false,גלידה וניל צרפתי 1.33ל' קרמיסימו,"גלידת שטראוס בע""מ, ר",IL,קרמיסימו וניל 1.33 ל,ליטר,1.33,ליטר,false,,21.90,16.4662,true,1,203999
7290112493965,false,קרמיסימו חלבית בטעם מסטיק וניל 665 גר,"גלידת שטראוס בע""מ, ר",IL,קרמיסימו מסטיגם 1.33,אין,1.33,יחידה,false,,21.90,16.4662,true,1,204017
7290112495044,false,קוקומן פצפוצים בטעם שוקולד,יוניליור שפע ישראל ב,IL,קוקומן פצפוצים תלמה,גרמים,375.00,100 גרם,false,,22.90,0.0611,true,1,191101
7290112495105,false,נשנושים חטיף בטעם שמנת בצל,בייגל את בייגל מזון,IL,נשנושים שמנת בצל 260,גרמים,260.00,100 גרם,false,,11.90,0.0458,true,1,191113
7290112496027,false,סירופ שוקולד 580 גרם-בקבוק,יוניליוור ישראל מזון,IL,"סירופ שוקולד 600 מ""ל",מיליליטרים,600.00,"100 מ""ל",false,,14.90,0.0248,true,1,207727
7290112496287,false,פתית - צ'יפס בטטה בטעם טבעי 21 גרם,JLM גלובל פודס37 דרך,GB,פתית צ'יפס בטטה בטעם,גרמים,21.00,100 גרם,false,,5.90,0.2810,true,1,317589
7290112497000,false,נוזל ניקוי כללי סיף פנטסטיק לימון 1 ל,"זוהר דליה, קיבוץ דלי",IL,סיף פנטסטיק ניקוי כל,אין,0.00,יחידה,false,,13.90,0.0000,true,1,220120
7290112498281,false,"אל סבון לידיים בתוספת שמן קוקוס פינוק 950 מ""ל",יוניליוור ישראל טיפו,IL,אל סבון לידיים בתוספ,מיליליטרים,950.00,"100 מ""ל",false,,12.90,0.0136,true,1,313533
7290112498922,false,מאגדת מיני מגנום שוקולד לבן 250 ג',"מיוצר ע""י גלידת שטרא",IL,מאגדת מיני מגנום לבן,גרמים,310.00,100 גרם,false,,30.90,0.0997,true,1,305455
7290112499196,false,גלידה בטעם החלב של הקורנפלקס 1.33 ל' קרמיסימו,"גלידת שטראוס בע""מ, ר",IL,קרמיסימו בטעם החלב ש,ליטר,1.33,ליטר,false,,21.90,16.4662,true,1,450002
7290112960115,false,אסם שקדי מרק 30% קמח חיטה מלא 12*350גרם,אסם,IL,שקדי מרק 30% קמח חיט,גרמים,350.00,100 גרם,false,,13.90,0.0397,true,1,127419
7290112961327,false,בייגלה כפיות פיזור כפרי 300 ג' אסם,אסם,IL,אסם בייגלה כפיות פיז,גרמים,300.00,100 גרם,false,,11.90,0.0397,true,1,139121
7290112961372,false,פיטנס חטיפי פריכיות דקות קינמון 60 גרם,"פרח תעשיות מזון בע""מ",IL,חטיפי פריכיות דקות ק,גרמים,60.00,100 גרם,false,,8.90,0.1483,true,1,136548
7290112961440,false,פיטנס חטיפי פריכיות שוקולד מריר 84 גרם,כרמית,IL,פיטנס בר פריכיות שוק,גרמים,84.00,100 גרם,false,,15.90,0.1893,true,1,221603
7290112961464,false,פיטנס חטיפי פריכיות דגנים וחומוס מתובלות,"פרח תעשיות מזון בע""מ",IL,חטיפי פריכיות דקות מ,גרמים,60.00,100 גרם,false,,8.90,0.1483,true,1,136549
7290112962287,false,טבעול שווארמה טבעונית 6*450 גרם,מיוצר עי קונדיטוריית,IL,שווארמה טבעונית טבעו,גרמים,450.00,100 גרם,false,,35.90,0.0798,true,1,212527
7290112964410,false,רוטב אוסם אלף האיים לסלט 290 ג' אסם,אסם,IL,אסם רוטב אלף האיים ל,מיליליטרים,290.00,"100 מ""ל",false,,12.90,0.0445,true,1,145152
7290112964434,false,"רוטב לסלט קיסר 295 מ""ל אסם",אסם,IL,אסם רוטב קיסר לסלט 2,מיליליטרים,295.00,"100 מ""ל",false,,12.90,0.0437,true,1,145136
7290112964458,false,רוטב ויניגרט חדש לסלט 295 גרם אסם,אסם,IL,אסם רוטב ויניגרט לסל,מיליליטרים,295.00,"100 מ""ל",false,,12.90,0.0437,true,1,145137
7290112964472,false,"רוטב שום לסלט 290 מ""ל אסם",אסם,IL,אסם רוטב שום לסלט 29,מיליליטרים,295.00,"100 מ""ל",false,,12.90,0.0437,true,1,145153
7290112964564,false,"רוטב אלף האיים לייט לסלט 290 מ""ל אסם",אסם,IL,אסם רוטב אלף האיים ל,מיליליטרים,295.00,"100 מ""ל",false,,12.90,0.0437,true,1,145143
7290112964625,false,רוטב שום לייט לסלט 310 גרם אסם,אסם,IL,אסם רוטב שום לייט לס,מיליליטרים,295.00,"100 מ""ל",false,,12.90,0.0437,true,1,145144
7290112964724,false,טבעול המבורגר טבעוני 580 גרם,מיוצר עי קונדיטוריית,IL,טבעול המבורגר טבעוני,גרמים,580.00,100 גרם,false,,35.90,0.0619,true,1,156514
7290112965103,false,תבשיל קוסקוס עם ירקות 146 גרם אסם,אסם,IL,קוסקוס עם ירקות אסם,גרמים,146.00,100 גרם,false,,12.90,0.0884,true,1,192677
7290112965141,false,תבשיל פתיתים אפויים עם ירקות 130 גרם,אסם,IL,פתיתים אפויים עם ירק,גרמים,130.00,100 גרם,false,,12.90,0.0992,true,1,192678
7290112965264,false,אוסם - מרק נמס אפונה זוג 26 גרם * 2,אסם,IL,זוג מרק נמס אפונה בד,גרמים,30.00,100 גרם,false,,6.90,0.2300,true,1,151303
7290112965325,false,תבשיל אורז ספרדי אוסם 140 גרם,אסם,IL,אורז ספרדי אסם 140 ג,גרמים,140.00,100 גרם,false,,12.90,0.0921,true,1,192680
7290112965585,false,פרפקטו פסטה קסרצה 500 גרם,אסם פרפקטו Perfecto,IL,פסטה קסרצה פרפקטו 50,גרמים,500.00,100 גרם,false,,7.90,0.0158,true,1,156939
7290112965684,false,פיטנס - חטיף מולטיגריין עשבי תיבול 25 גרם,מיוצר עי קונדיטוריית,IL,פיטנס חטיף מולטיגריי,גרמים,25.00,100 גרם,false,,5.80,0.2320,true,1,264577
7290112965783,false,אוסם - ביסלי פריסטייל על האש 60 גרם,"אסם השקעות בע""מ",IL,ביסלי פריסטייל על הא,גרמים,60.00,100 גרם,false,,4.90,0.0817,true,1,313473
7290112965806,false,אוסם - ביסלי פריסטייל חמוץ חריף 60 גרם,אסם,IL,ביסלי פריסטייל חמוץ,גרמים,60.00,100 גרם,false,,4.90,0.0817,true,1,313474
7290112965905,false,בייגלה שמיניות במליחות מעודנת אסם 400 גר',מיוצר עי קונדיטוריית,IL,אסם בייגלה שמיניות ב,גרמים,400.00,100 גרם,false,,11.90,0.0298,true,1,193523
7290112966001,false,טבעול גורמה ארוחת ירוקים 450 גרם,טבעול (מקבוצת אסם הש,IL,טבעול גורמה ארוחת יר,גרמים,450.00,100 גרם,false,,34.90,0.0776,true,1,444510
7290112966094,false,הבית עוגת תפוז מופחתת סוכר 400 גרם,מיוצר עי קונדיטוריית,IL,עוגת הבית תפוז מופחת,גרמים,400.00,100 גרם,false,,14.90,0.0373,true,1,192687
7290112966766,false,צבר טחינה בלאדי חציל עגבניות ושום 350 גרם,שוורצקוף& הנקל דיסלד,IL,צבר טחינה בלאדי חציל,גרמים,350.00,100 גרם,false,,15.90,0.0454,true,1,187289
7290112966780,false,צבר טחינה בלאדי עם חציל קלוי 350 גרם,שוורצקוף& הנקל דיסלד,IL,צבר טחינה בלאדי עם ח,גרמים,350.00,100 גרם,false,,15.90,0.0454,true,1,187290
7290112966803,false,אסם פודינג אינסטנט שוקולד 88 גרם,"אסם השקעות בע""מ",IL,אסם פודינג אינסטנט ש,גרמים,88.00,100 גרם,false,,6.50,0.0739,true,1,192689
7290112966841,false,אסם פודינג בטעם שוקולד מריר 90 גרם,מיוצר עי קונדיטוריית,IL,אסם פודינג בטעם שוקו,גרמים,90.00,100 גרם,false,,6.50,0.0722,true,1,192690
7290112967220,false,ביסלי מארז ברביקיו 20 גר'*10 יח' אסם,,,ביסלי ברביקיו מארז 1,גרמים,200.00,100 גרם,false,,12.50,0.0625,true,1,224567
7290112968203,false,צבר סלט טחינה בלאדי 6*250גרם,שוורצקוף& הנקל דיסלד,IL,סלט טחינה בלאדי צבר,גרמים,250.00,100 גרם,false,,10.90,0.0436,true,1,206947
7290112968449,false,סלט טחינה כרוב אדום 250 גרם,שוורצקוף& הנקל דיסלד,IL,סלט כרוב אדום צבר 25,גרמים,250.00,100 גרם,false,,10.90,0.0436,true,1,206948
7290112968524,false,צבר סלט חומוס גרגירים רכים 6*250גרם,שוורצקוף& הנקל דיסלד,IL,סלט חומוס סמיר צבר 2,גרמים,250.00,100 גרם,false,,10.90,0.0436,true,1,206950
7290112968685,false,חומוס גרגרים רכים בטבילה צבר 400 גרם,שוורצקוף& הנקל דיסלד,IL,חומוס גרגרים בטבילה,גרמים,400.00,100 גרם,false,,14.90,0.0373,true,1,206830
7290112968807,false,פיטנס - קרקר דק סלק 140 גרם,מפעל אסם יקנעם,IL,פיטנס קרקר דק סלק 14,גרמים,140.00,100 גרם,false,,12.90,0.0921,true,1,271894
7290112968821,false,פיטנס - קרקר דק בטטה 140 גרם,מפעל אסם יקנעם,IL,פיטנס קרקר דק בטטה 1,גרמים,140.00,100 גרם,false,,12.90,0.0921,true,1,271895
7290112969248,false,אסם בישולים רוטב סילאן ובצל 335 גרם,"אסם השקעות בע""מ",IL,אוסם בישולים רוטב סי,גרמים,335.00,100 גרם,false,,17.90,0.0534,true,1,268665
7290112969286,false,אסם בישולים רוטב חרדל ודבש 330 גרם,"אסם השקעות בע""מ",IL,אוסם בישולים רוטב חר,גרמים,330.00,100 גרם,false,,17.90,0.0542,true,1,268594
7290113100015,false,קוצץ ירקות גדול דגם,,,קוצץ ירקות גדול דגם,אין,0.00,יחידה,false,,49.90,0.0000,true,1,125865
7290113100091,false,גורס פלפל,,,גורס פלפל,אין,0.00,יחידה,false,,22.90,0.0000,true,1,126162
7290113100114,false,מסננת גודל 21.5 + יד,,,מסננת גודל 21.5 + יד,אין,0.00,יחידה,false,,15.00,0.0000,true,1,126067
7290113100152,false,מסננת גודל 16 + ידית,,,מסננת גודל 16 + ידית,אין,0.00,יחידה,false,,9.90,0.0000,true,1,126071
7290113100374,false,קוצץ ירקות קטן דגם ג,,,קוצץ ירקות קטן דגם ג,אין,0.00,יחידה,false,,19.90,0.0000,true,1,125962
7290113100633,false,תבנית אינגליש +מכסה,,,תבנית אינגליש +מכסה,אין,0.00,יחידה,false,,149.50,0.0000,true,1,126389
7290113101272,false,כותש שום יוקרתי דגם,,,כותש שום יוקרתי דגם,אין,0.00,יחידה,false,,34.90,0.0000,true,1,126456
7290113102170,false,תרבד איכותי,,,תרבד איכותי,אין,0.00,יחידה,false,,19.90,0.0000,true,1,126474
7290113102422,false,מארז סכינים צבעוני 6,,,מארז סכינים צבעוני 6,אין,0.00,יחידה,false,,229.90,0.0000,true,1,136135
7290113176829,false,קנקן תה חליטת צמחים,,,קנקן תה חליטת צמחים,אין,0.00,יחידה,false,,54.90,0.0000,true,1,467302
7290113178298,false,סט 4 ספלי זכוכית,,,סט 4 ספלי זכוכית,אין,0.00,יחידה,false,,54.90,0.0000,true,1,467375
7290113190375,false,סילאן טבעי שקדיה 900 גרם,שקדיה,TR,סילאן סירופ תמרים טב,גרמים,900.00,100 גרם,false,,19.90,0.0221,true,1,334732
7290113192300,false,זיתים מושחרים חרוזית 275 גרם בית השיטה,בית השיטה,IL,זיתים חרוזית מושחר ב,גרמים,275.00,100 גרם,false,,12.90,0.0469,true,1,200101
7290113192317,false,טבעות זיתים מושחרים 280 גרם בית השיטה,בית השיטה,IL,טבעות זיתים מושחרים,גרמים,280.00,100 גרם,false,,12.90,0.0461,true,1,198896
7290113192324,false,בית השיטה זית ירוק א2 12*340גרם חדש,בית השיטה,IL,זית ירוק בית השיטה 3,גרמים,340.00,100 גרם,false,,10.90,0.0321,true,1,198897
7290113192348,false,זיתים ירוקים שלמים גדולים מאוד בטעם שום,בית השיטה,IL,זית ירוק שום 17-19בי,גרמים,560.00,100 גרם,false,,11.90,0.0213,true,1,198926
7290113192355,false,חרוזית זיתים ירוקים ללא גלעין 275 ג' בית השיטה,בית השיטה,IL,זיתים חרוזית ירוק בי,גרמים,275.00,100 גרם,false,,10.90,0.0396,true,1,198927
7290113192362,false,זיתים ירוקים טבעות A2 בית השיטה 280 גרם,בית השיטה,IL,טבעות זיתים ירוקים ב,גרמים,280.00,100 גרם,false,,11.90,0.0425,true,1,198928
7290113192379,false,בית השיטה זיתים ירוקים מבוקעים א2 340גר',בית השיטה,IL,זיתים ירוקים מבוקעים,גרמים,340.00,100 גרם,false,,11.90,0.0350,true,1,198942
7290113192386,false,זיתים סורי מבוקע A2 בית השיטה 340ג',בית השיטה,IL,זית סורי מבוקע בית ה,גרמים,340.00,100 גרם,false,,12.90,0.0379,true,1,198943
7290113192478,false,בית השיטה מלפפונים במלח בינוני 10-12 320 גרם,בית השיטה,IL,מלפפון במלח 10-12 בי,גרמים,320.00,100 גרם,false,,8.90,0.0278,true,1,199173
7290113192485,false,בית השיטה מלפפונים בחומץ בינוני 10-12 290 גרם,בית השיטה,IL,מלפפון בחומץ 12-10 ב,גרמים,290.00,100 גרם,false,,8.90,0.0307,true,1,199187
7290113192492,false,בית השיטה מלפפונים בחומץ קטנים 1317 290 גרם,בית השיטה,IL,מלפפון בחומץ 13-17 ב,גרמים,290.00,100 גרם,false,,11.90,0.0410,true,1,199188
7290113192508,false,בית השיטה מלפפונים במלח קטן 1317 320 גרם,בית השיטה,IL,מלפפון במלח 13-17 בי,גרמים,320.00,100 גרם,false,,11.90,0.0372,true,1,199189
7290113192515,false,בית השיטה מלפפונים במלח קטן מאוד 1825 320 גרם,בית השיטה,IL,מלפפון במלח 18-25 בי,גרמים,320.00,100 גרם,false,,13.90,0.0434,true,1,199190
7290113192522,false,בית השיטה מלפפונים בחומץ קטן מאוד 1825 290 גרם,בית השיטה,IL,מלפפון בחומץ 18-25 ב,גרמים,290.00,100 גרם,false,,13.90,0.0479,true,1,199191
7290113192539,false,בית השיטה מלפפונים במלח גדול 79 320 גרם,בית השיטה,IL,מלפפון במלח 7-9 בית,גרמים,560.00,100 גרם,false,,7.90,0.0141,true,1,199192
7290113192546,false,בית השיטה מלפפונים בחומץ גדול 79 290 גרם,בית השיטה,IL,מלפפון בחומץ 7-9 בית,גרמים,560.00,100 גרם,false,,7.90,0.0141,true,1,199206
7290113192553,false,בית השיטה מלפפונים במלח 13-17 בלדי 320 גר',בית השיטה,IL,מלפפון במלח בלדי 13-,גרמים,320.00,100 גרם,false,,12.90,0.0403,true,1,199207
7290113192560,false,בית השיטה פלפל שיפקה חריף כבוש 230 גרם,בית השיטה,IL,פלפל שיפקה בית השיטה,גרמים,230.00,100 גרם,false,,8.90,0.0387,true,1,199208
7290113192577,false,בית השיטה כרוב כבוש חתוך 430 גרם,בית השיטה,IL,כרוב כבוש בית השיטה,אין,430.00,יחידה,false,,8.90,0.0207,true,1,199222
7290113192997,false,זית מרוקאי 340 גרם בית השיטה,בית השיטה,IL,זית מרוקאי בית השיטה,גרמים,340.00,100 גרם,false,,15.90,0.0468,true,1,258181
7290113193000,false,פלפל שיפקונית 230 גרם בית השיטה,שוורצקוף& הנקל דיסלד,IL,פלפל שיפקונית בית הש,גרמים,230.00,100 גרם,false,,12.90,0.0561,true,1,258195
7290113193017,false,קוקטייל זיתים 275 גרם בית השיטה,בית השיטה,IL,בית השיטה קוקטייל זי,גרמים,275.00,100 גרם,false,,15.90,0.0578,true,1,258165
7290113193031,false,חרוזית קלמטה - זיתים שחורים ללא גלעין קלמטה,שוורצקוף& הנקל דיסלד,IL,חרוזית קלמטה בית השי,גרמים,275.00,100 גרם,false,,15.90,0.0578,true,1,258166
7290113193321,false,"שמן זית כתית מעולה בית השיטה 750 מ""ל",בית השיטה,IL,שמן זית כתית מעולה ב,מיליליטרים,750.00,"100 מ""ל",false,,30.90,0.0412,true,1,354374
7290113193406,false,"קוקטייל טבעות זיתים - זיתים ירוקים, שחורים מרינד",בית השיטה,IL,טבעות קוקטיל זיתים ב,גרמים,560.00,100 גרם,false,,10.70,0.0191,true,1,258167
7290113193888,false,חצילים מוחמצים 320 גרם בית השיטה,שוורצקוף& הנקל דיסלד,IL,בית השיטה חצילים מוח,גרמים,320.00,100 גרם,false,,10.90,0.0341,true,1,313026
7290113194632,false,ממרח שקדים שקדיה 500,דין שיווק,IL,שקדיה ממרח 100% שקדי,גרמים,500.00,100 גרם,false,,49.90,0.0998,true,1,334747
7290113195042,false,מלפפון חמוץ במלח כבישה ביתית בית השיטה 750 גר',שוורצקוף& הנקל דיסלד,IL,מלפפון מלח כבישה בית,גרמים,750.00,100 גרם,false,,27.90,0.0372,true,1,313042
7290113195158,false,בית השיטה מיקס רצועות פלפל 12*215גרם,,IL,מיקס רצועות פלפל בית,גרמים,215.00,100 גרם,false,,9.90,0.0460,true,1,292985
7290113195967,false,שיבולת שועל פחית 500 גרם,דין שיווק,IL,שיבולת שועל להכנה מי,גרמים,500.00,100 גרם,false,,10.00,0.0200,true,1,334448
7290113196414,false,"אורז בסמטי 1 ק""ג כחול מטאלי שקדיה",דאבה סינג שאם סינג,IN,אורז בסמטי שקדיה 1 ק,אלף,1.00,"ק""ג",false,,10.50,10.5000,true,1,334563
7290113196759,false,בית השיטה ירקות מעורבים צנ.פלסטיק 6*750 גרם,בית השיטה עסיס תעשיו,IL,ירקות מעורבים צנצנת,גרמים,750.00,100 גרם,false,,34.90,0.0465,true,1,355198
7290113196902,false,מנה חמה אטריות אורז בטעם בקר 70 ג' סו שף,,,מנה חמה אטריות אורז,גרמים,60.00,100 גרם,false,,7.90,0.1317,true,1,465290
7290113196919,false,מנה חמה אטריות אורז בטעם עוף70 ג' סו שף,,,מנה חמה אטריות אורז,גרמים,60.00,100 גרם,false,,7.90,0.1317,true,1,465291
7290113196926,false,מנה חמה אטריות אורז בטעם ירקות 70 ג' סו שף,,,מנה חמה אטריות אורז,גרמים,60.00,100 גרם,false,,7.90,0.1317,true,1,465292
7290113196940,false,חטיפי תירס [טורטיה]בטעם טבעי 300 גרם,אן וי רוגר,BE,חטיפי תירס טורטיה בט,גרמים,300.00,100 גרם,false,,14.90,0.0497,true,1,434377
7290113196957,false,חטיפי תירס [טורטיה]בטעם ברביקיו 300 גרם,אן וי רוגר,BE,חטיפי תירס טורטיה בט,גרמים,300.00,100 גרם,false,,14.90,0.0497,true,1,434378
7290113197169,false,חמאת בוטנים טבעית 510 גרם,סופר נוטרי פודס,IN,חמאת בוטנים טבעית שק,גרמים,510.00,100 גרם,false,,15.90,0.0312,true,1,465309
7290113198562,false,סוכריות גומי בטעם תות שדה 200 ג' שקדיה,טופ גלוב,IL,סוכריות גומי בטעמי ת,גרמים,200.00,100 גרם,false,,10.90,0.0545,true,1,396951
7290113198579,false,סוכריות גומי דובונים בטעמי פירות 200 ג' שקדיה,טופ גלוב,IL,סוכריות גומי דובונים,גרמים,200.00,100 גרם,false,,10.90,0.0545,true,1,396952
7290113198593,false,סוכריות גומי מסוכרות בטעם בננה 200 ג' שקדיה,טופ גלוב,IL,סוכריות גומי מסוכר ב,גרמים,200.00,100 גרם,false,,10.90,0.0545,true,1,396954
7290113199842,false,מגש אירוח סוכריות גומי 700 ג' שקדיה,דין שיווק,IL,מגש אירוח סוכריות גו,גרמים,700.00,100 גרם,false,,32.90,0.0470,true,1,396990
7290113199897,false,סוכריות חמצוצים בטעם תות שדה 180 ג' שקדיה,דין שיווק,IL,סוכריות חמצוצים בטעם,גרמים,180.00,100 גרם,false,,10.90,0.0606,true,1,396971
7290113289000,false,צלחות ענקיות אלגנט כ,,,צלחות ענקיות אלגנט כ,אין,0.00,יחידה,false,,19.90,0.0000,true,1,341495
7290113289031,false,צלחות גדולות אלגנט כ,,,צלחות גדולות אלגנט כ,אין,0.00,יחידה,false,,13.90,0.0000,true,1,341770
7290113289048,false,צלחות קטנות אלגנט קר,,,צלחות קטנות אלגנט קר,אין,0.00,יחידה,false,,8.90,0.0000,true,1,341513
7290113289130,false,לפתניות אלגנט קרם 25,,,לפתניות אלגנט קרם 25,אין,0.00,יחידה,false,,6.90,0.0000,true,1,341578
7290113289192,false,צלחות מתכלות יהלום ק,,,צלחות מתכלות יהלום ק,אין,0.00,יחידה,false,,10.90,0.0000,true,1,364472
7290113289208,false,צלחות מתכלות יהלום ג,,,צלחות מתכלות יהלום ג,אין,0.00,יחידה,false,,14.90,0.0000,true,1,364489
7290113289338,false,צלחות דקל מרובעות ענ,,,צלחות דקל מרובעות ענ,אין,0.00,יחידה,false,,17.90,0.0000,true,1,395444
7290113289345,false,צלחות דקל מרובעות גד,,,צלחות דקל מרובעות גד,אין,0.00,יחידה,false,,16.90,0.0000,true,1,395460
7290113289352,false,צלחות דקל מרובעות קט,,,צלחות דקל מרובעות קט,אין,0.00,יחידה,false,,12.90,0.0000,true,1,395461
7290113289376,false,קערות דקל מרובעות 10,,,קערות דקל מרובעות 10,אין,0.00,יחידה,false,,16.90,0.0000,true,1,395497
7290113289475,false,מפיות חד שכבתיות 80,,,מפיות חד שכבתיות 80,אין,0.00,יחידה,false,,5.90,0.0000,true,1,350679
7290113289550,false,צלחות מתכלות גדולות,,,צלחות מתכלות גדולות,אין,0.00,יחידה,false,,31.90,0.0000,true,1,364473
7290113560062,false,"סנסודיין - משחת שיניים להלבנה עדינה משאבה 100 מ""ל",סנסודיין Sensodyne,,סנסודיין משאבה הלבנה,מיליליטרים,100.00,"100 מ""ל",false,,27.90,0.2790,true,1,236699
7290114151566,false,"שמפו לכל סוגי השיער בוטני 500 מ""ל",אף.סי תבליני בגליל ב,IL,Botany - שמפו לכל סו,מיליליטרים,500.00,"100 מ""ל",false,,23.90,0.0478,true,1,260349
7290114310215,false,"**טרה שמנת מתוקה 38% 250 מ""ל בקבוק.",מילקו תעשיות בעמ,IL,שמנת מתוקה 38% בקבוק,מיליליטרים,250.00,"100 מ""ל",false,,6.47,0.0259,true,1,265910
7290114310222,false,חלב 1.5 ליטר 3% מועשר בסידן וויטמין D.,מילקו תעשיות בעמ,IL,חלב מועשר בסידן 1.5,ליטר,1.50,ליטר,false,,12.50,8.3333,true,1,232604
7290114310239,false,חלב טרה נטול לקטוז מועשר בוויטמין D 2% 1.5 ל',מילקו תעשיות בעמ,IL,חלב נטול לקטוז 1.5,ליטר,1.50,ליטר,false,,12.50,8.3333,true,1,232590
7290114310338,false,צפתית מעודנת 5% 225 גר' משק צוריאל,מחלבת משק צוריאל,IL,צפתית מעודנת 5% משק,גרמים,225.00,100 גרם,false,,19.00,0.0844,true,1,267249
7290114310383,false,Muller Froop מולר יוגורט מוקצף בטעם וניל 90 גרם,מולר Muller,IL,יוגורט מוקצף בטעם ונ,גרמים,97.00,100 גרם,false,,5.70,0.0588,true,1,469298
7290114310390,false,"מולר פרופ קציפת יוגורט בננה לוטי 5% 150 מ""ל",מולר Muller,IL,יוגורט מוקצף בטעם בנ,גרמים,97.00,100 גרם,false,,5.70,0.0588,true,1,469317
7290114310406,false,מולר פרופ יוגורט מוקצף בטעם תות 97 גרם,מולר Muller,IL,יוגורט מוקצף בטעם תו,גרמים,97.00,100 גרם,false,,5.70,0.0588,true,1,469333
7290114310536,false,יוגורט לייט מעושר בחלבון בטעם וניל מולר 200 ג',מולר Muller,IL,מולר אקטיב לייט יוגו,גרמים,25.00,100 גרם,false,,6.80,0.2720,true,1,292911
7290114310550,false,פטה עיזים מעודנת בגביע 5% 200 ג',מחלבת משק צוריאל,IL,פטה עיזים מעודנת 5%,גרמים,200.00,100 גרם,false,,26.10,0.1305,true,1,292882
7290114310574,false,גבינת קרם שמנת עיזים 5% 200 גרם צוריאל,מחלבת משק צוריאל,IL,גבינת קרם שמנת עיזים,גרמים,200.00,100 גרם,false,,15.60,0.0780,true,1,292815
7290114310611,false,"משקה חלב בננה בבקבוק פקק ספורט טרה 250 מ""ל",טרה,IL,משקה חלב בננה בבקבוק,מיליליטרים,250.00,"100 מ""ל",false,,6.10,0.0244,true,1,310510
7290114310673,false,גבינת לאבנה 9% 250 גרם,טרה,IL,לאבנה מחלב בקר 9% 25,גרמים,250.00,100 גרם,false,,13.50,0.0540,true,1,292926
7290114310895,false,סימפלי מולר מאגדת שמינייה מנגו תות 1.5% 150X8 גר',מולר Muller,IL,מאגדת שמינייה סימפלי,אלף,1.20,"ק""ג",false,,32.90,27.4167,true,1,344195
7290114310963,false,יוגורט מחלב עיזים מלא כ3.8% שומן מועשר 500 גר',משק צוריאל,IL,יוגורט עיזים בדלי 3.,גרמים,500.00,100 גרם,false,,15.90,0.0318,true,1,392823
7290114311014,false,"משקה חלב אייס קפוצינו יטבתה 250 מ""ל פקק",טרה,IL,משקה חלב אייס קפוצ'י,מיליליטרים,250.00,"100 מ""ל",false,,6.10,0.0244,true,1,419244
7290114311021,false,"משקה חלב וניל עוגיות טרה 250 מ""ל פקק ספו",טרה,IL,משקה חלב וניל עוגיות,מיליליטרים,250.00,"100 מ""ל",false,,6.10,0.0244,true,1,419260
7290114311038,false,שמנת מתוקה עמידה 32% 250מל בקבוק,טרה,IL,שמנת מתוקה 32% בקבוק,מיליליטרים,250.00,"100 מ""ל",false,,7.20,0.0288,true,1,419245
7290114311069,false,יוגורט לבן מועשר בחלבון 0% שומן 200 גרם muller active,מולר Muller,IL,יוגורט בטעם טבעי 25,גרמים,200.00,100 גרם,false,,6.90,0.0345,true,1,399052
7290114311083,false,"חמאת מולר צהובה עם מלח, 200 גרם",מילקו,IL,חמאה צהובה עם מלח מו,גרמים,200.00,100 גרם,false,,13.50,0.0675,true,1,415838
7290114311298,false,יוגורט מולר פרופ בטעם תות בננה מלון 150,מולר Muller,IL,מולר פרופ תות בננה מ,גרמים,150.00,100 גרם,false,,5.70,0.0380,true,1,444298
7290114311304,false,יוגורט קציפת מנגו פסיפלורה בננה 150 ג' מולר,מולר Muller,IL,מולר פרופ מנגו פסיפל,גרמים,150.00,100 גרם,false,,5.70,0.0380,true,1,444314
7290114311328,false,חלב נטול לקטוז 2% שומן מועשר בויטמין D,ג'י.אר.אמ.גרופו אלימ,IL,חלב נטול לקטוז טרה 1,ליטר,1.00,ליטר,false,,7.90,7.9000,true,1,454522
7290114311359,false,יוגורט עם קציפת מנגו 3% שומן פרופ 150 ג' מולר,מולר Muller,IL,מולר פרופ מנגו 3% 15,גרמים,150.00,100 גרם,false,,5.70,0.0380,true,1,444299
7290114311434,false,מולר אקטיב יוגורט בטעם קרמל מלוח 200 גרם,מולר Muller,IL,מולר אקטיב בטעם קרמל,גרמים,200.00,100 גרם,false,,6.80,0.0340,true,1,469282
7290114311441,false,"מולר אקטיב בטעם עוגיות חמאה 0% שומן, 200 גרם",מולר Muller,IL,מולר אקטיב בטעם עוגי,גרמים,200.00,100 גרם,false,,6.80,0.0340,true,1,469299
7290114311502,false,"משקה חלב בקבוק בטעם סחלב, 1 ליטר",מילקו תעשיות בעמ,IL,משקה חלב בטעם סחלב 1,ליטר,1.00,ליטר,false,,12.30,12.3000,true,1,505358
7290114600927,false,עלי טורטיה חיטה מלאה מאסטר שף 320 גרם,אלקאטי קורביישיסי,TR,עלי טורטיה חיטה מלאה,גרמים,320.00,100 גרם,false,,11.90,0.0372,true,1,335505
7290114600941,false,מיונז מאסטר שף מיונז לחיץ 435 ג',רמיה סי.וי,NL,מאסטר שף מאסטר שף מ,גרמים,435.00,100 גרם,false,,14.90,0.0343,true,1,236616
7290114600996,false,"רוטב שום מאסטר שף 250 מ""ל",מאסטר שף,NL,מאסטר שף רוטב שום 25,מיליליטרים,250.00,"100 מ""ל",false,,10.90,0.0436,true,1,236644
7290114602785,false,פרי סלייסים ציפס בננה מלחו 90 גרם,פלפר אפרטיבוס,ES,FREE סלייסים צ'יפס ב,גרמים,900.00,100 גרם,false,,15.90,0.0177,true,1,304992
7290114603539,false,קרוטונים למרק שום בצל מאסטר שף 350 גרם,מאסטר שף,IL,מאסטר שף קרוטונים למ,גרמים,350.00,100 גרם,false,,20.90,0.0597,true,1,339700
7290114603768,false,"מארז אג'קס כלורון נוזל לניקוי אסלות 750 מ""ל*2 יח'",cp,FR,אג'קס שירותים 750 מ',מיליליטרים,750.00,"100 מ""ל",false,,32.90,0.0439,true,1,237317
7290114604871,false,מאסטר שף קוסקוס בינוני 350 גרם,דוידוביץ,IL,קוסקוס בינוני מאסטר,גרמים,350.00,100 גרם,false,,6.90,0.0197,true,1,335597
7290114604895,false,ממרח ספייסי לחיץ מאסטר שף 446 גרם,מאסטר שף,NL,מאסטר שף ממרח ספייסי,גרמים,446.00,100 גרם,false,,14.90,0.0334,true,1,294226
7290114606547,false,מיונז פטריות כמהין לחיץ מאסטר שף 242 גרם,מאסטר שף,NL,מאסטר שף מיונז עם כמ,גרמים,242.00,100 גרם,false,,14.90,0.0616,true,1,294211
7290114606554,false,מיונז מופחת קלוריות בקבוק לחיץ,מאסטר שף,NL,מאסטר שף מיונז לייט,גרמים,470.00,100 גרם,false,,14.90,0.0317,true,1,294212
7290114606578,false,שקדי מרק מאסטר שף 400 גרם,מנה,IL,שקדי מרק מאסטר שף 40,גרמים,400.00,100 גרם,false,,11.90,0.0298,true,1,339701
7290114606592,false,רוטב סויה מסורתי מכיל 46% פולי סויה,קריניציה ויטמינה אס,TH,מאסטר שף רוטב סויה מ,גרמים,620.00,100 גרם,false,,19.90,0.0321,true,1,504690
7290115071481,false,מטבעות שוקולד ברשת אל או אל 31 גר,,NL,מטבעות שוקולד ברשת 3,גרמים,31.00,100 גרם,false,,4.90,0.1581,true,1,271010
7290115190014,false,סיגריות מרלבורו רד קצר בוקס,פיליפ מוריס,,סיגריות מרלבורו חפי,אין,0.00,יחידה,false,,36.50,0.0000,false,1,255297
7290115190090,false,סיגריות מרלבורו גולד קצר בוקס,פיליפ מוריס,,סיגריות מרלבורו חפי,אין,0.00,יחידה,false,,36.50,0.0000,false,1,255319
7290115190151,false,מלבורו גולד טאצ 7.1 חפיסה,פיליפ מוריס,,מרלבורו גולד טאצ בוד,אין,0.00,יחידה,false,,32.50,0.0000,false,1,255301
7290115190212,false,פרלמנט ארוך בלו RCB קופסא,פיליפ מוריס,,סיגריות פרלמנט (חפיס,אין,0.00,יחידה,false,,42.00,0.0000,false,1,255280
7290115190250,false,סיגריות פרלמנט נייטP,פיליפ מוריס,,סיגריות פרלמנט (חפיס,אין,0.00,יחידה,false,,42.00,0.0000,false,1,248313
7290115190328,false,ל.מ. בלו לייבל ארוך פאקט,פיליפ מוריס,,אל אם בלו 100 פאקט 1,אין,0.00,יחידה,false,,320.00,0.0000,false,1,299152
7290115190335,false,ל.מ.בלו לייבל ארוך בוקס חפיסה,פיליפ מוריס,,אל אם בלו ארוך,אין,0.00,יחידה,false,,33.00,0.0000,false,1,299166
7290115190359,false,L&M בלו לייבל קצר-חפיסה,פיליפ מוריס,,אל אם בלו לייבל קצר,אין,0.00,יחידה,false,,33.00,0.0000,false,1,248295
7290115190496,false,סיגריות נקסט פיין 10,פיליפ מוריס,IL,סיגריות נקסט (בודד),אין,0.00,יחידה,false,,31.50,0.0000,false,1,277394
7290115190519,false,סיגריות נקסט פיין חפ,פיליפ מוריס,,סיגריות נקסט (בודד),אין,0.00,יחידה,false,,31.50,0.0000,false,1,255282
7290115190595,false,סיגריות נקסט אוריגינ,פיליפ מוריס,,סיגריות נקסט(בודד),אין,0.00,יחידה,false,,31.50,0.0000,false,1,255266
7290115191035,false,מרלבורו סאמר ספלאש קופסא,פיליפ מוריס,RS,מרלבורו סאמר ספלאש ב,אין,0.00,יחידה,false,,32.50,0.0000,false,1,449387
7290115200003,false,אסם פתי בר פינוקי וניל 220 גרם,תאי פרזידנט פוד פאבל,PL,פתי בר פינוקי וניל 2,גרמים,220.00,100 גרם,false,,9.90,0.0450,true,1,264436
7290115200027,false,פתי בר פינוקי שוקו 220 גר' אסם.,DR GERARD,PL,פתי בר פינוקי שוקו 2,גרמים,220.00,100 גרם,false,,9.90,0.0450,true,1,264437
7290115200713,false,במבה קלאסי מארז אחיד 8 50*5 ג',אסם,IL,מארז במבה קלאסי אסם,גרמים,250.00,100 גרם,false,,12.90,0.0516,true,1,266450
7290115201451,false,טבעול גורמה לביבות בטטה קארי 455 גרם,טבעול (מקבוצת אסם הש,IL,טבעול גורמה לביבות ב,גרמים,455.00,100 גרם,false,,34.90,0.0767,true,1,444491
7290115201475,false,טבעול גורמה לביבות כרישה 434 גרם,טבעול (מקבוצת אסם הש,IL,טבעול גורמה לביבות כ,גרמים,434.00,100 גרם,false,,34.90,0.0804,true,1,444492
7290115201680,false,ביסלי ברביקיו 70 גרם,"אסם השקעות בע""מ",IL,ביסלי ברביקיו 70 גרם,גרמים,70.00,100 גרם,false,,4.90,0.0700,true,1,271172
7290115202236,false,טבעול טופו קראנצים 470 גרם,עיצובים 2020 (4.8),IL,טבעול טופו קראנצ'ים,גרמים,470.00,100 גרם,false,,35.90,0.0764,true,1,323203
7290115202304,false,נודלס אטריות אורז מר,תאי פרזידנט פוד פאבל,IL,נודלס אטריות אורז מר,גרמים,230.00,100 גרם,false,,10.90,0.0474,true,1,279133
7290115202816,false,מנה חמה פאוצ נדלס.אטר.טעם עוף 70 גרם,אסם,IL,מנה חמה פאוצ' נדלסאט,גרמים,70.00,100 גרם,false,,4.90,0.0700,true,1,292988
7290115202847,false,מנה חמה פאוצ' נדלס ספייסי אסם 70 ג',אסם,IL,מנה חמה פאוצ' נדלסאט,גרמים,70.00,100 גרם,false,,4.90,0.0700,true,1,292989
7290115202953,false,אוסם - מנה חמה רייס נודלס קארי צהוב 55 גרם,מיוצר עי קונדיטוריית,TH,מנה חמה רייס נודלס ק,גרמים,55.00,100 גרם,false,,8.90,0.1618,true,1,358846
7290115203134,false,פופקו פופקורן במבה - פופקורן בציפוי קרמל ובוטנים,"אסם השקעות בע""מ",IL,פופקו פופקורן במבה 4,גרמים,80.00,100 גרם,false,,5.90,0.0738,true,1,308655
7290115203172,false,במבה PRO מכיל 18 גרם חלבון בשקית,"אסם השקעות בע""מ",IL,במבה אסם 80 גרם PRO,גרמים,80.00,100 גרם,false,,4.90,0.0613,true,1,442496
7290115203486,false,אסם פירורית בטעם ביסלי גריל 200 גרם,עינת תעשיות מזון אגו,IL,אסם פירורית בטעם ביס,גרמים,200.00,100 גרם,false,,6.50,0.0325,true,1,299659
7290115204056,false,אסם קטשופ 56% פחות סוכר 690 גרם,אסם,IL,אסם קטשופ מופחת סוכר,גרמים,690.00,100 גרם,false,,10.90,0.0158,true,1,300881
7290115205527,false,חטיף פיטנס מולטיגריין עם עדשים 25 גרם,פיטנס,IL,פיטנס חטיף מולטגריין,גרמים,25.00,100 גרם,false,,5.80,0.2320,true,1,434673
7290115205695,false,אסם בונזור בצק מצונן לפיצה 460 גרם,נסטלה סוויס (שוויץ),IL,בצק מצונן לפיצה בונז,גרמים,460.00,100 גרם,false,,19.90,0.0433,true,1,375149
7290115205978,false,פתיבר ואצבעות שוקולד 180 גרם - רבנות,"ד""ר ג'רארד בע""מ",PL,פתי בר אצבעות שוקולד,גרמים,180.00,100 גרם,false,,9.90,0.0550,true,1,401425
7290115206531,false,אסם קרמוגית במילוי קרם בייגלה 12*200 גרם,אסם-נסטלה,IL,אסם קרמוגית במילוי ק,גרמים,200.00,100 גרם,false,,11.90,0.0595,true,1,364754
7290115207484,false,"""המעדניה"" צבר חציל על האש 400 גרם",ג'נרל מילס סאן אדריא,IL,חציל על האש היתר צבר,גרמים,400.00,100 גרם,false,,16.90,0.0422,true,1,382576
7290115207507,false,צבר סלט טורקי 6*360גרם,ג'נרל מילס סאן אדריא,IL,צבר סלט טורקי 360 גר,גרמים,360.00,100 גרם,false,,16.90,0.0469,true,1,380887
7290115207965,false,ויטמינצ'יק תרכיז מנגו אפרסק 1 ליטר,בית-השיטה עסיס תעשיו,IL,ויטמינצ'יק מנגו 1 לי,ליטר,1.00,ליטר,false,,23.50,23.5000,true,1,388130
7290115207989,false,ויטמינצ'יק תרכיז לימון 1 ליטר,בית-השיטה עסיס תעשיו,IL,ויטמינצ'יק לימון 1 ל,ליטר,1.00,ליטר,false,,23.50,23.5000,true,1,388131
7290115208009,false,ויטמינצ'יק תרכיז ענבים 1 ליטר,בית-השיטה עסיס תעשיו,IL,ויטמינצ'יק ענבים 1 ל,ליטר,1.00,ליטר,false,,23.50,23.5000,true,1,388148
7290115208047,false,ויטמינצ'יק תרכיז פטל 1 ליטר,בית-השיטה עסיס תעשיו,IL,ויטמינצ'יק פטל 1 ליט,ליטר,1.00,ליטר,false,,23.50,23.5000,true,1,388132
7290115208061,false,ויטמינצ'יק תרכיז תפוח 1 ליטר,בית השיטה עסיס תעשיו,IL,ויטמינצ'יק תפוח 1 לי,ליטר,1.00,ליטר,false,,23.50,23.5000,true,1,388133
7290115208320,false,אפרופו חטיף בטעם ביסלי בצל 50 גרם,"אסם השקעות בע""מ",IL,אפרופו בטעם ביסלי בצ,גרמים,50.00,100 גרם,false,,5.50,0.1100,true,1,475447
7290115209174,false,במבה אורירית קלאסי 60 גר',אסם השקעות בעמ,IL,במבה אורירית 60 גרם,גרמים,80.00,100 גרם,false,,4.90,0.0613,true,1,457915
7290115209198,false,במבה אורירית 80 ג' אסם,אסם השקעות בעמ,IL,במבה אורירית 80 גרם,גרמים,80.00,100 גרם,false,,4.90,0.0613,true,1,434721
7290115403312,false,עוגיות מלוחות קריספי,,,עוגיות מלוחות קריספי,גרמים,450.00,100 גרם,false,,17.90,0.0398,true,1,421405
7290115403367,false,עוגיות קוואקר פריכות,,,עוגיות קוואקר פריכות,גרמים,500.00,100 גרם,false,,17.90,0.0358,true,1,421409
7290115403411,false,עוגיות עינוגים בטעם,,,עוגיות עינוגים בטעם,גרמים,500.00,100 גרם,false,,17.90,0.0358,true,1,421414
7290115403459,false,עוגיות נסיכה בטעם תו,,,עוגיות נסיכה בטעם תו,גרמים,500.00,100 גרם,false,,17.90,0.0358,true,1,421418
7290115403473,false,עוגיות עינוגי שוקולד,,,עוגיות עינוגי שוקולד,גרמים,500.00,100 גרם,false,,17.90,0.0358,true,1,421420
7290115403510,false,עוגיות מגולגלות תמרי,,,עוגיות מגולגלות תמרי,גרמים,500.00,100 גרם,false,,17.90,0.0358,true,1,421423
7290115410068,false,סלט חציל במיונז 400 גר',סלטי היום,IL,חציל במיונז 400 גרם,גרמים,400.00,100 גרם,false,,10.90,0.0273,true,1,333833
7290115410075,false,טחינה 400 גרם סלטי ה,סלטי היום,IL,טחינה 400 גרם סלטי ה,גרמים,400.00,100 גרם,false,,10.90,0.0273,true,1,333834
7290115410082,false,סלט טורקי סלטי היום,סלטי היום,IL,טורקי 400 גרם סלטי ה,גרמים,400.00,100 גרם,false,,10.90,0.0273,true,1,333835
7290115410099,false,מטבוחה סלטי היום 400,סלטי היום,IL,מטבוחה 400 גרם סלטי,גרמים,400.00,100 גרם,false,,10.90,0.0273,true,1,333852
7290115410112,false,חומוס 400 גרם סלטי ה,סלטי היום,IL,חומוס 400 גרם סלטי ה,גרמים,400.00,100 גרם,false,,10.90,0.0273,true,1,333817
7290115410549,false,המעדניה חומוס ירושלים 250 גר',סלטי היום,IL,חומוס מסעדות המעדניה,גרמים,250.00,100 גרם,false,,10.90,0.0436,true,1,333750
7290115410556,false,המעדניה חומוס מסבחה ירוק 250 גר',סלטי היום,IL,חומוס מסבחה 250 גרם,גרמים,250.00,100 גרם,false,,10.90,0.0436,true,1,333779
7290115410587,false,טחינה לבנה המעדניה 2,סלטי היום,IL,טחינה לבנה 250 גרם -,גרמים,250.00,100 גרם,false,,10.90,0.0436,true,1,333796
7290115410631,false,המעדניה חציל בטעם כבד 250 גר',,,חציל בטעם כבד 250 גר,גרמים,250.00,100 גרם,false,,10.90,0.0436,true,1,333801
7290115480016,false,קפסולות פאוור קאפס פרסיל 26 יח,סוד,,סוד קפסולות ג'ל 3+1,100 יח',26.00,100 יח',false,,32.90,1.2654,true,1,432315
7290115480023,false,סוד קפסולות ג'ל לכביסה 45 יח,,,סוד קפסולות ג'ל 3+1,100 יח',45.00,100 יח',false,,44.90,0.9978,true,1,432300
7290115671223,false,מסטיק מאסט פאן בצנצנת אבטיח מנגו,אסקום קונפקשיין,DE,מסטיק קוביות ללא סוכ,גרמים,58.00,100 גרם,false,,11.50,0.1983,true,1,379652
7290115675559,false,מארז קפה טורקי לדרך 70ג' עלית,שטראוס קפה בי.וי.,IL,מארז קפה טורקי לדרך,גרמים,70.00,100 גרם,false,,7.90,0.1129,true,1,272173
7290115675696,false,דגני בוקר קראנצ'ים שיבולת שועל עם אגוזים ושקדים,גלידות שטראוס,IL,דגני בוקר קוואקר שיב,גרמים,375.00,100 גרם,false,,20.90,0.0557,true,1,317635
7290115675702,false,דגני בוקר קראנצ'ים שיבולת שועל עם פירות מיובשים,גלידות שטראוס,IL,דגני בוקר קוואקר שיב,גרמים,375.00,100 גרם,false,,20.90,0.0557,true,1,317636
7290115675719,false,דגני בוקר קראנצ'ים שיבולת שועל וחתיכות שוקולד מריר,BEVERAGES FOODS & SE,US,דגני בוקר קוואקר שיב,גרמים,375.00,100 גרם,false,,20.90,0.0557,true,1,317620
7290115675986,false,יוגורט עם אגוזי לוז ושקדים בקרמל מלוח 4.5%,"שטראוס בריאות בע""מ",IL,דנונה קראנצ' אגוזים,גרמים,173.00,100 גרם,false,,5.20,0.0301,true,1,271595
7290115676037,false,דנונה ריפרש יוגורט עם תות ודומדמניות 1.6% שומן,מיוצר עי קונדיטוריית,IL,דנונה ריפרש יוגורט ע,גרמים,250.00,100 גרם,false,,5.90,0.0236,true,1,302001
7290115676051,false,"אקטיביה משקה+שיבולת שועל במתיקות מעודנת 250 מ""ל",מיוצר עי קונדיטוריית,IL,משקה אקטיביה עם שיבו,גרמים,265.00,100 גרם,false,,5.80,0.0219,true,1,348267
7290115676082,false,משקה דנונה פרו 20 יוגורט תות 255 ג' רבנות,"שטראוס בריאות בע""מ.",IL,משקה יוגורט עם חלבון,גרמים,255.00,100 גרם,false,,7.90,0.0310,true,1,302043
7290115676099,false,משקה דנונה פרו 20 יוגורט וניל 255 ג' רבנות,"שטראוס בריאות בע""מ.",IL,משקה יוגורט עם חלבון,גרמים,265.00,100 גרם,false,,7.90,0.0298,true,1,302016
7290115676273,false,אבקת קקאו 500 גרם +10% עלית,שטראוס גרופ,IL,עלית קקאו 500 גרם +1,גרמים,500.00,100 גרם,false,,26.10,0.0522,true,1,294439
7290115677089,false,קונפיטורת יד מרדכי תפוח וקינמון 340 גרם,"בית אל מזון בע""מ",IL,קונפיטורת תפוח וקינמ,גרמים,340.00,100 גרם,false,,13.90,0.0409,true,1,318896
7290115677140,false,תפוצ'יפס WAVY פפריקה 200 גרם,שטראוס פריטו ליי בע”,IL,תפוצ'יפס wavy פפריקה,גרמים,200.00,100 גרם,false,,11.90,0.0595,true,1,490174
7290115677676,false,חומוס עשיר בטחינה גולמית עם מלא חריף 400 גר אחלה,שטראוס גרופ,IL,חומוס 40% טחינה עם ח,גרמים,400.00,100 גרם,false,,14.90,0.0373,true,1,274209
7290115678222,false,מארז 8 גביעים יוגורט Greek בסגנון יווני 6.5% שומן,דנונה - שטראוס,IL,מארז שמינייה יוגורט,גרמים,130.00,100 גרם,false,,25.90,0.1992,true,1,302072
7290115678376,false,מעדן הגולן שוקולד 125 גרם,מיוצר עי קונדיטוריית,IL,מעדן הגולן מעדן חלב,גרמים,125.00,100 גרם,false,,3.70,0.0296,true,1,324713
7290115678383,false,מעדן הגולן שוקולד מריר 125 גרם,מיוצר עי קונדיטוריית,IL,מעדן הגולן מעדן חלב,גרמים,125.00,100 גרם,false,,3.70,0.0296,true,1,324714
7290115678598,false,חסה אייסברג חיתוך גס,שטראוס גרופ,IL,חסה אייסברג חיתוך גס,גרמים,300.00,100 גרם,false,,10.90,0.0363,true,1,349893
7290115678635,false,נשנושי גבינה -גבינת שמנת 16%+כעכים שטוחים עם מלח,"מחלבת טבע עז בע""מ",IL,נשנושי גבינה 16% עם,גרמים,67.00,100 גרם,false,,11.90,0.1776,true,1,435582
7290115679960,false,ציטוס פופקורן בטעם טבעי 60 ג 24 יח,"שטראוס פריטו ליי בע""",IL,ציטוס פופקורן בטעם ט,גרמים,60.00,100 גרם,false,,4.50,0.0750,true,1,348341
7290116244051,false,אצבעות שוקולד חלב 84 גרם LOL,,NL,אצבעות שוקולד חלב 84,גרמים,84.00,100 גרם,false,,8.90,0.1060,true,1,393332
7290116270715,false,פילה ברבוניה ארוז בו,,,פילה ברבוניה ארוז בו,אין,0.00,יחידה,false,,29.90,0.0000,true,1,401943
7290116530888,false,ג'ל לכביסה לבנה וצבעונית פינוק כחול בדין 2.5 ל',"זוהר דליה, קיבוץ דלי",IL,ג'ל כביסה בניחוח פינ,ליטר,2.50,ליטר,false,,34.90,13.9600,true,1,325391
7290116531243,false,"שמפו ומרכך 2ב-1 למניעת קשקשים 700 מ""ל פינוק",אתר ליוור - HPC,IL,שמפו ומרכך 2 ב-1 למנ,מיליליטרים,700.00,"100 מ""ל",false,,13.90,0.0199,true,1,363908
7290116531496,false,דגני בוקר קינמונים 375 ג' תלמה,נאוג'אזיס נווזיס UAB,LT,דגני בוקר קינמונים ת,גרמים,375.00,100 גרם,false,,22.90,0.0611,true,1,400058
7290116532394,false,"אל סבון ידיים נוזלי חמאת קקאו 950 מ""ל פינוק",,IL,אל סבון לידיים בתוספ,מיליליטרים,950.00,"100 מ""ל",false,,12.90,0.0136,true,1,402268
7290116532738,false,רוטב לסלט הלמנס איטלקי בז' ואורגנו 305 ג,אתר חיפה ממרחים - Fo,IL,רוטב לסלט בזיליקום ו,גרמים,295.00,100 גרם,false,,9.90,0.0336,true,1,473749
7290116532899,false,נישנושים איירביס פלאפל 155 גרם,אתר בייגל - Food,IL,נשנושים איירביס חטיף,גרמים,155.00,100 גרם,false,,11.90,0.0768,true,1,485920
7290116533063,false,דגני בוקר שוגי קרטיב ענבים 400 גרם,אתר שפע - Food,IL,שוגי דגני בוקר בטעם,גרמים,400.00,100 גרם,false,,23.90,0.0597,true,1,435181
7290116930015,false,חטיף חלבון GO קרמל ח.בוטנים קריספי 20 גרם חלבון,בלמונט קונפקציות,IL,חטיף חלבון בטעם קרמל,גרמים,60.00,100 גרם,false,,12.90,0.2150,true,1,405977
7290116930459,false,"יופלה שייק מנגו בננה אננס וקוקוס 230 מ""ל",קבוצת המזון אקטשלאר,IL,יופלה SHAKE בננה אנ,מיליליטרים,230.00,"100 מ""ל",false,,7.90,0.0343,true,1,443509
7290116930466,false,"משקה SHAKE בננה מנגן פסיפלורה והל 230 מ""ל יופלה",קבוצת המזון אקטשלאר,IL,יופלה SHAKE מנגו בנ,מיליליטרים,230.00,"100 מ""ל",false,,7.90,0.0343,true,1,443510
7290116930626,false,ארוחה בקטנה ציזיקי עם קרקרים 150ג' תנובה,תנובה,IL,ציזיקי עם קרקרים תנו,גרמים,150.00,100 גרם,false,,7.90,0.0527,true,1,443461
7290116930657,false,משקה חלב גו בטעם בננה תמר עם ש. שועל 340,תנובה מרכז שיתופי לש,IL,משקה GO בננה תמר עם,מיליליטרים,340.00,"100 מ""ל",false,,7.90,0.0232,true,1,489333
7290116930718,false,מעדן תנובה דיאט בטעם שוקולד וקרמל מלוח 0% 150ג' תנובה,"תנובה בע""מ",IL,מעדן דיאט בטעם שוקו,גרמים,150.00,100 גרם,false,,4.50,0.0300,true,1,444945
7290116930954,false,יוגורט טעם פאי תפוחים 3% 150 ג' יופלה,"תנובה בע""מ",IL,יופלה בטעם פאי תפוחי,מיליליטרים,150.00,"100 מ""ל",false,,5.60,0.0373,true,1,489283
7290116931159,false,יופלה דיאט 0% שומן תות בננה 150 גרם,תנובה מרכז שיתופי לש,IL,יופלה דיאט 0% שומן ת,מיליליטרים,150.00,"100 מ""ל",false,,5.60,0.0373,true,1,489316
7290116931289,false,יוגורט GO סמיך 0% אלפחורס 200 גרם,תנובה מרכז שיתופי לש,IL,יוגורט גו סמיך 0% אל,גרמים,200.00,100 גרם,false,,6.20,0.0310,true,1,487305
7290117260074,false,שעועית ירוקה חתוכה מוקפאת 800 ג' וילי פוד,,,שעועית ירוקה חתוכה מ,גרמים,800.00,100 גרם,false,,7.50,0.0094,true,1,452486
7290117260463,false,גבינה בולגרית מעודנת למריחה עם חלפיניו 5% שומן 200 ג' יורו,Euro יורו מחלבות אירופה,IL,גבינה בולגרית מעודנת,גרמים,200.00,100 גרם,false,,11.90,0.0595,true,1,445234
7290117260562,false,חמאה כפרית מסורתית בגביע,וילי פוד,TR,חמאה בגביע יורו 225,גרמים,225.00,100 גרם,false,,16.90,0.0751,true,1,489866
7290117260579,false,חטיף קראנצ'י על בסיס קמח עדשים בטעם שמנת חמוצה ובצל 80 ג',וילי פוד,LT,חטיף קראנצ'י על בסיס,גרמים,80.00,100 גרם,false,,7.90,0.0988,true,1,473496
7290117260586,false,חטיף קראנצ'י על בסיס קמח עדשים בטעם פלפל חלפיניו וליים 80 ג',וילי פוד,LT,חטיף קראנצ'י על בסיס,גרמים,80.00,100 גרם,false,,7.90,0.0988,true,1,473497
7290117260593,false,חטיף קראנצ'י על בסיס קמח עדשים בטעם צ'דר 80 ג',וילי פוד,LT,חטיף קראנצ'י על בסיס,גרמים,80.00,100 גרם,false,,7.90,0.0988,true,1,473498
7290117260623,false,קרמבו וניל בציפוי שוקולד חלב 300 ג' תן בו,אלויראסמינדר,DK,תן בו בטעם וניל בציפ,גרמים,300.00,100 גרם,false,,19.90,0.0663,true,1,380071
7290117260906,false,פופקורן בציפוי בטעם פירות 90 גרם,אלאלסי,UA,פופקורן בטעם פירות ו,גרמים,90.00,100 גרם,false,,8.90,0.0989,true,1,392356
7290117261088,false,בוראטה גבינת מוצרלה רכה 125ג' 18%שומן,קסריה להפואנטה,ES,בוראטה גבינת מוצרלה,גרמים,125.00,100 גרם,false,,19.90,0.1592,true,1,477279
7290117261101,false,זוג קינוחים בטעם שוקולד ואגוזי לוז 140ג',מונטרו,ES,זוג קינוחים בטעם שוק,גרמים,140.00,100 גרם,false,,11.90,0.0850,true,1,452453
7290117261118,false,זוג קינוחים בטעם שוקולד בציפוי שוקולד חלב 140ג',Euro יורו מחלבות אירופה,ES,זוג קינוחים בטעם שוק,גרמים,140.00,100 גרם,false,,11.90,0.0850,true,1,452437
7290117261132,false,זוג קינוחים בטעם קרמל מלוח 140גרם,מונטרו,ES,זוג קינוחים בטעם קרמ,גרמים,140.00,100 גרם,false,,11.90,0.0850,true,1,452405
7290117261354,false,גבינת ריקוטה 200 גרם 5%שומן מחלבת אירופה,באלבן גידה סנאי,TR,גבינת ריקוטה 5% שומ,גרמים,200.00,100 גרם,false,,9.90,0.0495,true,1,442525
7290117261439,false,EURO יוגורט פרוביוטי עם פירות יער 2% 125 גרם,Euro יורו מחלבות אירופה,TR,יוגורט פרוביוטי עם פ,גרמים,125.00,100 גרם,false,,2.90,0.0232,true,1,489831
7290117261446,false,יוגורט פרוביוטי עם אפרסק ומשמש 2%שומן 125ג',Euro יורו מחלבות אירופה,TR,יוגורט פרוביוטי אפרס,גרמים,125.00,100 גרם,false,,2.90,0.0232,true,1,489832
7290117261521,false,סלמון אטלנטי בשמן קנולה וילי פוד 120 גר,וילי פוד,LV,סלמון אטלנטי בשמן קנ,גרמים,120.00,100 גרם,false,,10.90,0.0908,true,1,471020
7290117261538,false,סלמון אטלנטי בשמן קנולה וצ'ילי 120 גרם,וילי פוד,LV,סלמון אטלנטי בשמן קנ,גרמים,120.00,100 גרם,false,,10.90,0.0908,true,1,471021
7290117261545,false,סלמון אטלנטי ברוטב טריאקי וילי פוד 120 ג,וילי פוד,LV,סלמון אטלנטי ברוטב ט,גרמים,120.00,100 גרם,false,,10.90,0.0908,true,1,471022
7290117261552,false,סלמון אטלנטי ברוטב עגבניות 120 גרם,וילי פוד,,סלמון אטלנטי ברוטב ע,גרמים,120.00,100 גרם,false,,10.90,0.0908,true,1,471023
7290117261569,false,סלמון אטלנטי מעושן קנולה וילי פוד 120 גר,וילי פוד,LV,סלמון אטלנטי מעושן ב,גרמים,120.00,100 גרם,false,,10.90,0.0908,true,1,471024
7290117261576,false,סרדינים בריסלינג מעושנים ברוטב עגבניות 129 גרם,ליסיט,LV,סרדינים בריסלינג מעו,גרמים,185.00,100 גרם,false,,13.90,0.0751,true,1,471001
7290117261583,false,סרדינים בריסלינג מעושנים בשמן קנולה 129 גרם (צנצנת),ליסיט,LV,סרדינים בריסלינג מעו,גרמים,185.00,100 גרם,false,,13.90,0.0751,true,1,471002
7290117261590,false,סרדינים בריסלינג מעושנים בשמן זית 129 גרם,ליסיט,LV,סרדינים בריסלינג מעו,גרמים,185.00,100 גרם,false,,13.90,0.0751,true,1,471003
7290117261989,false,גבינת מנורי רכה מחלב צאן 43% שומן 170 גרם,קוליוס,GR,גבינת מנורי גבינה רכ,גרמים,170.00,100 גרם,false,,17.90,0.1053,true,1,445019
7290117380864,false,עוגות בראוניס אישיות בטעם שוקולד 120 ג' סלים דליס פייבר,הלמה הלום,NL,סלים דליס פייבר - עו,גרמים,120.00,100 גרם,false,,13.90,0.1158,true,1,435151
7290117380888,false,מרבה טייק אווי עוגיות סנדוויץ 140 גרם,,NL,מרבה טייק אווי - עוג,גרמים,140.00,100 גרם,false,,9.90,0.0707,true,1,473292
7290117381182,false,"רוטב סריראצה מאסטר שף 360 מ""ל",תאי סופרים סוד,TH,רוטב סרירציה מאסטר ש,גרמים,360.00,100 גרם,false,,24.90,0.0692,true,1,494094
7290117381205,false,מאסטר שף שמן שומשום,,,מאסטר שף שמן שומשום,מיליליטרים,370.00,"100 מ""ל",false,,23.90,0.0646,true,1,487321
7290117383728,false,"מארז זוג תחליב רחצה לומינוס  אבוקדו 750 מ""ל פלמוליב",קולגייט פלמוליב,TR,פלמוליב לומינוס אבוק,ליטרים,1500.00,100 ליטר,false,,30.00,0.0200,true,1,483581
7290117383735,false,מארז זוג ג'ל רחצה פלמוליב עם חימר ושמן ורדים,קולגייט פלמוליב,TR,פלמוליב חימר ורדים 7,ליטרים,1500.00,100 ליטר,false,,30.00,0.0200,true,1,483582
7290117383742,false,"מארז זוג ג'ל רחצה לגבר 750 מ""ל פלמוליב",קולגייט פלמוליב,TR,פלמוליב גבר מרענן 75,ליטרים,1500.00,100 ליטר,false,,30.00,0.0200,true,1,483583
7290117823798,false,בדיקה עצמית מהירה לזיהוי אנטיגן 5 יח,,CN,בדיקה עצמית מהירה לז,אין,0.00,יחידה,false,,39.90,0.0000,true,1,387058
7290117860038,false,"הוואי - תחליב רחצה יוגורט בניחוח אוכמניות 700 מ""ל","טרופיקל גליל בע""מ",IL,תחליב רחצה יוגורט בנ,מיליליטרים,700.00,"100 מ""ל",false,,15.90,0.0227,true,1,484330
7290117860045,false,שמפו תמציות אלוורה ותה ירוק לשיער רגיל,"טרופיקל גליל בע""מ",IL,שמפו מטפח לשיער רגיל,מיליליטרים,700.00,"100 מ""ל",false,,15.90,0.0227,true,1,480779
7290117860083,false,"קרם רחצה בניחוח אירוס זהוב ודבש 700 מ""ל הוואי","טרופיקל גליל בע""מ",IL,תחליב רחצה בניחוח אי,מיליליטרים,700.00,"100 מ""ל",false,,15.90,0.0227,true,1,484331
7290117860090,false,מרכך תמציות אלוורה ותה ירוק לשיער רגיל,"טרופיקל גליל בע""מ",IL,מרכך מטפח לשיער רגיל,מיליליטרים,700.00,"100 מ""ל",false,,15.90,0.0227,true,1,480780
7290117860137,false,"הוואי קרם רחצה בניחוח פרח הקמליה, 700 מ""ל","טרופיקל גליל בע""מ",IL,תחליב רחצה בניחוח פר,מיליליטרים,700.00,"100 מ""ל",false,,15.90,0.0227,true,1,484332
7290117860144,false,שמפו למניעת קשקשים לשימוש יומיומי,"טרופיקל גליל בע""מ",IL,שמפו נגד קשקשים הווא,מיליליטרים,700.00,"100 מ""ל",false,,15.90,0.0227,true,1,480781
7290117860236,false,"הוואי - קרם רחצה בניחוח ויולה ורודה 700 מ""ל","טרופיקל גליל בע""מ",IL,תחליב רחצה בניחוח וי,מיליליטרים,700.00,"100 מ""ל",false,,15.90,0.0227,true,1,484334
7290117860281,false,"הוואי - ג'ל רחצה לגבר בניחוח עוצמתי 700 מ""ל","טרופיקל גליל בע""מ",IL,ג'ל רחצה לגבר בניחוח,מיליליטרים,700.00,"100 מ""ל",false,,15.90,0.0227,true,1,484335
7290117860342,false,מרכך קומפלקס קרטין לשיער עדין או חלש,"טרופיקל גליל בע""מ",IL,מרכך קרטין מחזק הווא,מיליליטרים,700.00,"100 מ""ל",false,,15.90,0.0227,true,1,485608
7290117860380,false,"תחליב רחצה יוגורט בניחוח אלוורה 700 מ""ל הוואי","טרופיקל גליל בע""מ",IL,תחליב רחצה יוגורט בנ,מיליליטרים,700.00,"100 מ""ל",false,,15.90,0.0227,true,1,484337
7290117860397,false,שמפו תמצית פריחת הדובדבן לשיער רגיל,"טרופיקל גליל בע""מ",IL,שמפו פריחת הדובדבן ה,מיליליטרים,700.00,"100 מ""ל",false,,15.90,0.0227,true,1,480784
7290117860441,false,"מרכך פריחת הדובדבן 700 מ""ל הוואי","טרופיקל גליל בע""מ",IL,מרכך הוואי פריחת הדו,מיליליטרים,700.00,"100 מ""ל",false,,15.90,0.0227,true,1,480785
7290117860748,false,שמפו תמצית יסמין מעניק נפח לשיער דק,"טרופיקל גליל בע""מ",IL,שמפו מעניק נפח הוואי,מיליליטרים,700.00,"100 מ""ל",false,,15.90,0.0227,true,1,485612
7290117860892,false,"הוואי - תחליב רחצה יוגורט בניחוח וניל ודבש 700 מ""ל","טרופיקל גליל בע""מ",IL,תחליב רחצה יוגורט בנ,מיליליטרים,700.00,"100 מ""ל",false,,15.90,0.0227,true,1,484338
7290117860946,false,"תחליב רחצה יוגורט בניחוח קוקוס 700 מ""ל הוואי","טרופיקל גליל בע""מ",IL,תחליב רחצה יוגורט בנ,מיליליטרים,700.00,"100 מ""ל",false,,15.90,0.0227,true,1,484339
7290117860991,false,"תחליב רחצה יוגורט בניחוח שקדים 700 מ""ל הוואי","טרופיקל גליל בע""מ",IL,תחליב רחצה יוגורט בנ,מיליליטרים,700.00,"100 מ""ל",false,,15.90,0.0227,true,1,484340
7290117900956,false,תערובת פיצוחים קלויים 180 גרם,,IL,תערובת פיצוחים קלויי,גרמים,180.00,100 גרם,false,,15.90,0.0883,true,1,436355
7290117900963,false,בוטנים קלויים 270 גרם,,IL,בוטנים קלויים 270 גר,גרמים,270.00,100 גרם,false,,10.90,0.0404,true,1,436356
7290117900970,false,שקדים קלויים 180 גרם,,IL,שקד קלוי 180 גרם,גרמים,180.00,100 גרם,false,,15.90,0.0883,true,1,436357
7290117900987,false,אגוזי פקאן קלוף 140 גרם,,IL,פקאן קלוף 140 גרם,גרמים,140.00,100 גרם,false,,15.90,0.1136,true,1,436358
7290117900994,false,פקאן סיני מסוכר 140 גרם,,IL,פקאן סיני מסוכר 140,גרמים,140.00,100 גרם,false,,15.90,0.1136,true,1,436359
7290117901014,false,אגוזי קשיו קלויים,,IL,קשיו קלוי 160 גרם,גרמים,160.00,100 גרם,false,,15.90,0.0994,true,1,436361
7290117901021,false,קבוקים בוטנים מצופים עם שומשום 220 גרם,,IL,קבוקים בוטנים מצופים,גרמים,220.00,100 גרם,false,,10.90,0.0495,true,1,436362
7290117901038,false,אגוזי מלך קלופים 190 גרם,,IL,אגוז מלך קלוף 190 גר,גרמים,190.00,100 גרם,false,,15.90,0.0837,true,1,436363
7290117901045,false,בוטן רביולי 200 גרם.,,IL,בוטן רביולי 200 גרם,גרמים,200.00,100 גרם,false,,15.90,0.0795,true,1,436364
7290117901052,false,שקדים קלופים 180 גרם,,IL,שקד קלוף 180 גרם,גרמים,180.00,100 גרם,false,,15.90,0.0883,true,1,436365
7290117901243,false,ממרח פלפלים אדומים קלויים בתוספת ארטישוק 290 ג' גורמה,,,ממרח ארטישוק ופלפלים,גרמים,290.00,100 גרם,false,,14.90,0.0514,true,1,488950
7290117901250,false,ממרח עגבניות מיובשות בתוספת זיתים ירוקים 290 ג' גורמה,,,ממרח עגבניות מיובשות,גרמים,290.00,100 גרם,false,,14.90,0.0514,true,1,488951
7290117901274,false,ממרח זיתים 290 גר' גורמה,,,ממרח זיתים גורמט 290,גרמים,290.00,100 גרם,false,,14.90,0.0514,true,1,488892
7290118420378,false,פתיבר פינוקים בטעם תותים בשמנת - חלבי,דר גררד,IL,פתי בר פינוקים תותים,גרמים,220.00,100 גרם,false,,9.90,0.0450,true,1,475430
7290118420415,false,אסם קטשופ קלאסי היתר מכירה 750 גרם,"אסם תעשיות מזון בע""מ",IL,.אסם קטשופ בקבוק לחי,גרמים,750.00,100 גרם,false,,11.90,0.0159,true,1,510021
7290118420477,false,אסם בייגלה שטוחים בטעם ביסלי בצל 300 גר,אסם,IL,בייגלה שטוחים בטעם ב,גרמים,300.00,100 גרם,false,,11.90,0.0397,true,1,475429
7290119041367,false,עוגיות סהרונים - פרו,,,עוגיות סהרונים - פרו,גרמים,350.00,100 גרם,false,,17.90,0.0511,true,1,506039
7290119041411,false,עוגיות נסיכה בטעם תו,,,עוגיות נסיכה בטעם תו,גרמים,350.00,100 גרם,false,,17.90,0.0511,true,1,506040
7290119041510,false,עוגיות בסגנון מרוקאי,,,עוגיות בסגנון מרוקאי,גרמים,350.00,100 גרם,false,,17.90,0.0511,true,1,506041
7290119041664,false,עוגיות רשת שוקו מסו,,,עוגיות רשת שוקו מסו,גרמים,350.00,100 גרם,false,,17.90,0.0511,true,1,506044
7290589856775,false,נייס שבלולים לשיער,,,נייס שבלולים לשיער,אין,0.00,יחידה,false,,5.90,0.0000,true,1,37202
7291008084915,false,תמר מג'הול 500גר,,,תמר מג'הול 500גר,גרמים,500.00,100 גרם,false,,10.00,0.0200,true,1,404117
7296021133688,false,תפוחון ידית שחורה נע,,,תפוחון ידית שחורה נע,אין,0.00,יחידה,false,,9.90,0.0000,true,1,53425
7296021140976,false,כף ספגטי ידית משולבת,,,כף ספגטי ידית משולבת,אין,0.00,יחידה,false,,21.90,0.0000,true,1,400417
7296021140983,false,כף מחורצת ידית משולב,,,כף מחורצת ידית משולב,אין,0.00,יחידה,false,,21.90,0.0000,true,1,400418
7296021171185,false,"מועך תפו""א מתקפל SS",,,"מועך תפו""א מתקפל",אין,0.00,יחידה,false,,29.90,0.0000,true,1,400903
7296021187926,false,סט סכום 24 חלקים ברו,,,"סכו""ם נירוסטה סט 24",אין,0.00,יחידה,false,,299.90,0.0000,true,1,399480
7296021191787,false,"מחבת יציקה 20 ס""מ שח",,,"מחבת יציקה 20 ס""מ שח",אין,0.00,יחידה,false,,199.90,0.0000,true,1,399524
7296021288623,false,"סיר בישוול 20 ס""מ 3.",,,"סיר בישוול 20 ס""מ 3.",אין,0.00,יחידה,false,,333.00,0.0000,true,1,460092
7296021288654,false,"סיר בישוול 26 ס""מ 6.",,,"סיר בישוול 26 ס""מ 6.",אין,0.00,יחידה,false,,349.90,0.0000,true,1,460111
7296082000035,false,ביצים ביו אומגה L יח,המכון למיון ושיווק ב,IL,6 ביצים L אומגה ביצה,אין,0.00,יחידה,false,,14.90,0.0000,true,1,51262
7296102210666,false,סט 5 קופסאות עגול in,,,סט 5 קופסאות עגול in,אין,0.00,יחידה,false,,22.90,0.0000,true,1,317667
7296102210703,false,סט 4 קופסאות מלבני,,,סט 4 קופסאות מלבני,אין,0.00,יחידה,false,,19.90,0.0000,true,1,385674
7296102210710,false,סט 4 קופסאות מרובע,,,סט 4 קופסאות מרובע,אין,0.00,יחידה,false,,19.90,0.0000,true,1,385675
7296102831571,false,סט 4 כוסות שתייה,,,סט 4 כוסות לשתיה,אין,0.00,יחידה,false,,15.00,0.0000,true,1,385554
7297373004404,false,רב מגבת לבן 800 גרם,,,רב מגבת לבן 800 גרם,אין,0.00,יחידה,false,,19.90,0.0000,true,1,458354
7297461005986,false,מפת שולחן ג'אקרד ( 1,,,מפת שולחן ג'אקרד ( 1,אין,0.00,יחידה,false,,49.90,0.0000,true,1,386105
7297478001483,false,גרב גבר,,,גרב גבר,אין,0.00,יחידה,false,,24.90,0.0000,true,1,483925
7297478002855,false,גרבי ספורט לבן איכות,,,גרבי ספורט לבן איכות,אין,0.00,יחידה,false,,24.90,0.0000,true,1,483889
7297478002862,false,גרבי ספורט שחור לגבר,,,גרבי ספורט שחור לגבר,אין,0.00,יחידה,false,,24.90,0.0000,true,1,483890
7297478002879,false,גרב ספורט אכותית נשי,,,גרב ספורט אכותית נשי,אין,0.00,יחידה,false,,24.90,0.0000,true,1,484042
7297478002886,false,גרב ספורט אכותית נשי,,,גרב ספורט אכותית נשי,אין,0.00,יחידה,false,,24.90,0.0000,true,1,484043
7297478002930,false,גרבי ספורט לבן לגבר,,,גרבי ספורט לבן לגבר,אין,0.00,יחידה,false,,24.90,0.0000,true,1,483891
7297478004309,false,גרב חיילת שחור,,,גרב חיילת שחור,אין,0.00,יחידה,false,,19.90,0.0000,true,1,484044
7297488097995,false,גרנולה דבש ללא גלוטן,תות תעשיות מזון (201,IL,דגש גרנולה דבש 250 ג,גרמים,250.00,100 גרם,false,,17.20,0.0688,true,1,50551
7297488099968,false,מלוחה 16% טבעונית 250 גרם,"טרופיקל דגיל בע""מ אז",IL,מלוחה 16% מרכיבים צמ,גרמים,250.00,100 גרם,false,,19.90,0.0796,true,1,343847
7297621000998,false,מגבונים בדלי 250 יח',,,מגבונים בדלי 250 יח',אין,0.00,יחידה,false,,19.90,0.0000,true,1,458338
7298171185395,false,גרבי בנות מיני מאוס,,,גרבי בנות מיני מאוס,אין,0.00,יחידה,false,,19.90,0.0000,true,1,366144
7298171185470,false,גרבי בנים מיקי מאוס,,,גרבי בנים מיקי מאוס,אין,0.00,יחידה,false,,19.90,0.0000,true,1,366145
7298171185487,false,גרבי בנים מיקי מאוס,,,גרבי בנים מיקי מאוס,אין,0.00,יחידה,false,,19.90,0.0000,true,1,366146
7298171201507,false,שמיכת קורל פליז זוגי,,,שמיכת קורל פליז זוגי,אין,0.00,יחידה,false,,99.90,0.0000,true,1,346766
7312040017683,false,וודקה אבסולוט בקבוק,חברת אבסולוט,SE,אבסולוט וודקה 700 מל,מיליליטרים,700.00,"100 מ""ל",false,,75.90,0.1084,true,1,37100
7380580005255,false,נייס שבלולים לשיער,,,נייס שבלולים לשיער,אין,0.00,יחידה,false,,7.90,0.0000,true,1,37208
7394376123337,false,"משקה שיבולת שועל אורגני אוטלי , 1 ל'",טרנסומס פוד איי.בי,SE,משקה שיבולת שועל אור,ליטר,1.00,ליטר,false,,15.90,15.9000,true,1,232451
7394376615825,false,"אוטלי משקה שיבולת שועל בתוספת סידן וויטמינים , 1 ל'",טרנסומס פוד,SE,משקה שיבולת שועל מוע,ליטר,1.00,ליטר,false,,15.90,15.9000,true,1,232452
7394376615832,false,אוטלי משקה שיבולת שועל בטעם שוקולד 1 ליטר,טרנסומס פוד,SE,משקה שיבולת שועל בטע,ליטר,1.00,ליטר,false,,17.90,17.9000,true,1,232453
7394376616778,false,אוטלי משקה שיבולת שועל להקצפה בריסטה 1 ליטר,טרנסומס פוד,SE,משקה שיבולת שועל להק,ליטר,1.00,ליטר,false,,17.90,17.9000,true,1,232454
7450014901344,false,נעלי בית חורף נשים צ,,,נעלי בית חורף נשים צ,אין,0.00,יחידה,false,,39.90,0.0000,true,1,498641
7480588956563,false,נייס שבלולים לשיער,,,נייס שבלולים לשיער,אין,0.00,יחידה,false,,9.90,0.0000,true,1,37211
7501013101393,false,"נקטר 100% JUMEX אננס 473 מ""ל",חומקס קומר קומרסאליז,MX,ג'ומקס נקטר אננס 473,מיליליטרים,473.00,"100 מ""ל",false,,8.30,0.0175,true,1,185528
7501013122053,false,ג'ומקס מיץ אפרסק קרטונית ליטר תריסר,חומקס קומר קומרסאליז,MX,ג'ומקס נקטר אפרסק קר,ליטר,1.00,ליטר,false,,10.90,10.9000,true,1,185532
7501013122114,false,"נקטר משקה אננס בקרטונית ג'ומקס, 1 ל'",חומקס קומר קומרסאליז,MX,ג'ומקס נקטר אננס קרט,ליטר,1.00,ליטר,false,,10.90,10.9000,true,1,185533
7501013122190,false,ג'ומקס מיץ תפוחים קרטונית ליטר תריסר,חומקס קומר קומרסאליז,MX,ג'ומקס משקה תפוחים ק,ליטר,1.00,ליטר,false,,10.90,10.9000,true,1,185534
7501013138047,false,משקה יוניקו פרסקו רימונים קרטונית 1 ליטר,תומקס קומרסאליזדורה,MX,יוניקו פרסקו משקה רי,ליטר,1.00,ליטר,false,,11.90,11.9000,true,1,185545
7501013138184,false,משקה יוניקו פרסקו חמוציות קרטונית 1 ליטר,חומקס קומר קומרסאליז,MX,יוניקו פרסקו משקה חמ,ליטר,1.00,ליטר,false,,11.90,11.9000,true,1,185546
7501064191466,false,"שישיית בירה קורונה 355 מ""ל בקבוק",,,קורונה מארז שישיה 6*,ליטר,2.13,ליטר,false,,35.90,16.8545,true,1,31770
7502271452456,false,מגבוני חיטוי לניקוי,,,מגבוני חיטוי לניקוי,אין,0.00,יחידה,false,,3.90,0.0000,true,1,257446
7509546666846,false,"קולגייט טוטאל משחת שיניים פחם 75 מ""ל",קולגייט פלמוליב,MX,קולגייט טוטאל משחת ש,מיליליטרים,75.00,"100 מ""ל",false,,21.90,0.2920,true,1,304896
7509546678702,false,קולגייט משחת שיניים טוטל אנטי טרטר 100 מ,קולגייט-פלמוליב,BR,משחת שיניים קולגייט,מיליליטרים,100.00,"100 מ""ל",false,,18.90,0.1890,true,1,439982
7610008059080,false,טבלת שוקולד רגוסה מריר עם שקדים 100 גר,,CH,טבלת רגוסה מריר חדש,גרמים,100.00,100 גרם,false,,16.90,0.1690,true,1,426969
7610008059097,false,טבלת שוקולד רגוסה בלונד עם שקדים 100 גר,,CH,טבלת רגוסה בלונד חדש,גרמים,100.00,100 גרם,false,,16.90,0.1690,true,1,426984
7610008059103,false,טבלת שוקולד טורינו חלב 100 גר,,CH,טבלת טורינו חלב חדש,גרמים,100.00,100 גרם,false,,16.90,0.1690,true,1,426985
7610113011652,false,"בקרדי בריזר תפוח 275 מ""ל בקבוק",בקרדי בריזר Bacardi Breezer,BE,בקרדי בריזר תפוח 275,מיליליטרים,275.00,"100 מ""ל",false,,14.90,0.0542,true,1,231968
7610243004463,false,"דורגול - מרסס להסרת אבנית במקלחון 600 מ""ל",יעקבי- דורגול Durgol,CH,דורגול מסיר אבן מרסס,אין,0.00,יחידה,false,,27.70,0.0000,true,1,12203
7610400014649,false,שוקולד חלב במילוי קרם רך,לינדט ושפרונגלי קילש,CH,לינדט לינדור שוק.חלב,גרמים,100.00,100 גרם,false,,17.90,0.1790,true,1,14818
7610400068505,false,בונבוניירת לינדור Lindor שוקולד חלב,לינדט ושפרונגלי קילש,CH,לינדור בונבוניירה חל,גרמים,200.00,100 גרם,false,,33.90,0.1695,true,1,14821
7610400091060,false,שוקולד מריר לינדט אקסלנס בתוספת תפוז ושקדים,לינדט ושפרונגלי קילש,CH,לינדט מריר אקסלנס תפ,גרמים,100.00,100 גרם,false,,17.90,0.1790,true,1,221930
7613030979647,false,דגני בוקר טריקס פירות עולם היורה 480 ג',ג'נרל מילס סאן אדריא,IL,דגני בוקר טריקס 480,גרמים,480.00,100 גרם,false,,27.90,0.0581,true,1,119689
7613031608850,false,פיטנס Fitness דגני בוקר קלאסי,נסטלה צרפת איטנקורט,FR,דגני בוקר פיטנס נסטל,גרמים,625.00,100 גרם,false,,29.70,0.0475,true,1,68313
7613032045753,false,פיטנס - דגני בוקר שוקולד 375 גרם,נסטלה צרפת איטנקורט,FR,דגני פיטנס שוקולד נס,גרמים,375.00,100 גרם,false,,22.90,0.0611,true,1,21835
7613033548192,false,פיטנס - דגני בוקר שוקולד מריר 375 גרם,נסטלה צרפת איטנקורט,FR,דגני בוקר פיטנס שוקו,גרמים,375.00,100 גרם,false,,22.90,0.0611,true,1,21858
7613035548374,false,דגני בוקר גולדן מיניס מחיטה מלאה ותירס,נסטלה פולין דגני בוק,FR,דגני בוקר גולדן מיני,גרמים,570.00,100 גרם,false,,27.90,0.0489,true,1,21874
7613035618794,false,"פורינה ONE חתול בוגר עוף 3 ק""ג",נסטלה פורינה צרפת,FR,פורינה ONE חתול בוגר,אלף,3.00,"ק""ג",false,,119.00,39.6667,true,1,191043
7613035622623,false,פיטנס - גרנולה שקדים ודבש 300 גרם,שוורצקוף& הנקל דיסלד,LT,פיטנס גרנולה שקדים ו,גרמים,300.00,100 גרם,false,,15.90,0.0530,true,1,21875
7613035635845,false,פיטנס גרנולה שוקולד 14*300 גרם,שוורצקוף& הנקל דיסלד,LT,פיטנס גרנולה שוקולד,גרמים,300.00,100 גרם,false,,15.90,0.0530,true,1,21876
7613035807778,false,פרפקטו רוטב עגבניות לבולונז 400 ג' אסם,אסם פרפקטו Perfecto,ES,פרפקטו רוטב עגבניות,גרמים,400.00,100 גרם,false,,10.90,0.0273,true,1,21878
7613035809109,false,פרפקטו רוטב עגבניות ובזיליקום 400 ג'אסם,אסם פרפקטו Perfecto,ES,פרפקטו רוטב עגבניות,גרמים,400.00,100 גרם,false,,10.90,0.0273,true,1,21879
7613035809857,false,פרפקטו רוטב עגבניות לפסטה ולבישול 400 ג' אסם,אסם פרפקטו Perfecto,ES,פרפקטו רוטב עגבניות,גרמים,400.00,100 גרם,false,,10.90,0.0273,true,1,21881
7613036314114,false,נסקפה גולד Gold קפה נמס מיובש בתוספת קפה קלוי,נסקפה Nescafe,IL,נסקפה גולד 200 גרם,גרמים,200.00,100 גרם,false,,51.00,0.2550,true,1,136502
7613036387798,false,פיטנס דגנים מלאים ואורז פתיתים ויוגורט 350ג',נסטלה צרפת איטנקורט,FR,דגני פיטנס יוגורט נס,גרמים,375.00,100 גרם,false,,22.90,0.0611,true,1,107771
7613036880534,false,גרבר מחית ירקות מעורבים מטרנה 190 גר',נסטלה פולסקה אס.איי,PL,גרבר מחית מרק ירקות,גרמים,190.00,100 גרם,false,,6.90,0.0363,true,1,187621
7613036976695,false,פריסקיז - פאוץ בקר ברוטב 85 גרם,נסטלה פורינה הונגריה,HU,פריסקיז פאוצ' בקר 85,גרמים,85.00,100 גרם,false,,5.90,0.0694,true,1,206016
7613037276091,false,נסטלה מיקס מיני אריזות דגני בוקר 200 גרם,נסטלה Nestle,FR,מיקס מיני אריזות דגנ,גרמים,200.00,100 גרם,false,,19.90,0.0995,true,1,145190
7613037686906,false,פיטנס - דגני בוקר שקדים ודבש 355 גרם,נסטלה צרפת איטנקורט,FR,פיטנס שקדים ודבש נסט,גרמים,355.00,100 גרם,false,,22.90,0.0645,true,1,192660
7613037687132,false,דגני בוקר פיטנס שקדים ודבש 585 גר,נסטלה צרפת איטנקורט,FR,דגני פיטנס שקדים ודב,גרמים,585.00,100 גרם,false,,28.90,0.0494,true,1,192779
7613037811629,false,דגני בוקר קורנפלקס גו פרי 500 גר',שוורצקוף& הנקל דיסלד,IL,קורנפלקס גו פרי 500,גרמים,500.00,100 גרם,false,,16.90,0.0338,true,1,209699
7613038268262,false,דגני בוקר צ'יריוס דבש ושקדים במתיקות מעודנת,סי. פי. צרפת,FR,האני נאט ציריוס מופח,גרמים,410.00,100 גרם,false,,19.90,0.0485,true,1,207134
7613038451954,false,דגני בוקר שוקולד מופחת סוכר 410 ג' קראנץ',נסטלה צרפת רומילי,FR,קראנץ שוקולד מופחת ס,גרמים,410.00,100 גרם,false,,22.90,0.0559,true,1,198898
7613039771174,false,טבעול סנסשיונל מינס טחון צמחוני 400 גרם,ג'נרל מילס סאן אדריא,IL,טחון צמחוני טבעוני,גרמים,400.00,100 גרם,false,,32.90,0.0822,true,1,257823
7613039879382,false,גרבר - מחית תפוחי עץ 190 גרם,ארג'זה - פולין,PL,גרבר מחית תפוחי עץ 1,גרמים,190.00,100 גרם,false,,6.90,0.0363,true,1,322230
7613039880807,false,גרבר מחית תפוח גזר 190 גרם,ארג'זה - פולין,PL,גרבר מחית תפוח גזר 1,גרמים,190.00,100 גרם,false,,6.90,0.0363,true,1,363068
7613039881521,false,גרבר - מחית מנגו 190 גרם,ארג'זה - פולין,PL,גרבר מחית מנגו 190,גרמים,190.00,100 גרם,false,,6.90,0.0363,true,1,283651
7613287121783,false,סמארטיס מיני 16*187 גרם,נסטלה Nestle,DE,סמרטיס מיני 187 גרם,גרמים,187.00,100 גרם,false,,10.00,0.0535,true,1,439804
7613287302373,false,קפסולות סטארבקס איטלאן סטייל רוסט 57*10גר',סטארבקס Starbucks,CH,קפסולות סטארבקס איטל,גרמים,56.00,100 גרם,false,,22.90,0.4089,true,1,295376
7613287325808,false,אוסם - דיפ אנד ספרד מטבל איולי שום 295 גרם,נסטלה פולין,PL,רוטב איולי שום לחיץ,גרמים,295.00,100 גרם,false,,15.90,0.0539,true,1,357634
7613287325853,false,אוסם - דיפ אנד ספרד מטבל איולי ספייסי 295 גרם,נסטלה פולין,PL,רוטב ספייסי איולי לח,גרמים,295.00,100 גרם,false,,15.90,0.0539,true,1,357618
7613287325952,false,אוסם - דיפ אנד ספרד מטבל ברבקיו 345 גרם,דפטונה פולין,PL,רוטב ברביקיו לחיץ אס,גרמים,345.00,100 גרם,false,,15.90,0.0461,true,1,357601
7613287394323,false,אסם מולטי צ'יריוס 14*600 גרם 2021,נסטלה Nestle,GB,מולטי צ'יריוס 100% ד,גרמים,600.00,100 גרם,false,,22.90,0.0382,true,1,310244
7613287476494,false,אוסם - דיפ אנד ספרד מיונז בסגנון צרפתי 280 גרם,נסטלה פולין,PL,מיונז לחיץ אסם 280 ג,גרמים,280.00,100 גרם,false,,15.90,0.0568,true,1,357619
7613287476678,false,דגני בוקר סינימיניס צ'ורוס נסטלה 360 ג',נסטלה אוונקה,PT,סינימיניס צ'ורוס 360,גרמים,360.00,100 גרם,false,,27.90,0.0775,true,1,319638
7613287821348,false,נתחוני עוף טבעוני סנסשיונל טבעול 350 ג',ג'נרל מילס סאן אדריא,CZ,נתחוני עוף טבעוני סנ,גרמים,350.00,100 גרם,false,,34.90,0.0997,true,1,365570
7614500010310,false,שוקולד בר לבן 100 ג' טובלרון,,,בר טובלורון לבן 100,אין,0.00,יחידה,false,,11.90,0.0000,true,1,427357
7614500010617,false,טובלרון - שוקולד מריר 100 גרם,,,בר טובלרון מריר 100,גרמים,100.00,100 גרם,false,,11.90,0.1190,true,1,427029
7622010001858,false,אוראו ממולאות קרם וניל באטמן 176 גרם,פי אר ג'יי אס אי מנד,UA,עוגיות אוראו סנדביץ,גרמים,176.00,100 גרם,false,,9.90,0.0563,true,1,5877
7622201139278,false,גבינת שמנת 27% שומן 150 ג' פילדלפיה,מיודלז אספניה פרודוק,ES,פילדלפיה גבינת שמנת,גרמים,150.00,100 גרם,false,,15.90,0.1060,true,1,206465
7622201521493,false,גבינת פילדלפיה שום ועשבי תיבול 150 גרם,מיודלז אספניה פרודוק,ES,גבינת שמנת עם שום וע,גרמים,150.00,100 גרם,false,,15.90,0.1060,true,1,445702
7622201802363,false,שוקולד מילקה טבלה חלב צימוקים ואגוזים 100ג',מנדלז דויצ'לנד סנקס,DE,מילקה שוקולד חלב עם,גרמים,100.00,100 גרם,false,,6.90,0.0690,true,1,324436
7622201802394,false,שוקולד מילקה חלב מסרונים 100 גרם,מנדלז דויצ'לנד סנקס,DE,מילקה שוקולד חלב 100,גרמים,100.00,100 גרם,false,,6.90,0.0690,true,1,324437
7622201808631,false,מיני עוגיות אוראו במילוי קרם בטעם וניל,פי.טי. מונדלז אינדונ,ID,אוראו מיני כוסות בטע,גרמים,67.00,100 גרם,false,,9.90,0.1478,true,1,329998
7622201813390,false,עוגיות מילקה וואפל במילוי קרם קקאו 150 ג,מונדליז סי.אר. ביסקו,PL,מילקה וואפל במילוי ק,גרמים,150.00,100 גרם,false,,14.90,0.0993,true,1,311625
7622210137234,false,עוגיות אוראו עם דאבל קרים וניל 170 גר,מונדלייז,ES,עוגיות סנדביץ אוראו,גרמים,170.00,100 גרם,false,,9.90,0.0582,true,1,66879
7622210453327,false,עוגיות שוקוצ'יפס במילוי שוקולד סנסיישן,מנדלז פולסקה פרודקשן,PL,מילקה סנסיישן 156 גר,גרמים,156.00,100 גרם,false,,14.90,0.0955,true,1,102904
7622210637994,false,מיני עוגיות אוראו קראנצ'י בייטס אורגינל,מונדלז אספניה ג'לאטס,ES,קראנצ'י בייטס אוראו,גרמים,110.00,100 גרם,false,,10.90,0.0991,true,1,357526
7622300107949,false,טובלרון חלב צימוק 10,,,טובלרון חלב צימוק 10,גרמים,100.00,100 גרם,false,,11.90,0.1190,true,1,427299
7622300270506,false,מילקה גריינס - עוגיות שיבולת שועל מצופות שוקולד 168 ג',מונדלז פולסקה פרודקש,PL,מילקה גריינס עוגיות,גרמים,168.00,100 גרם,false,,14.90,0.0887,true,1,5889
7622300489427,false,עוגיות אוראו בציפוי שוקולד לבן 246 גרם,מנדלז אספנה גאלטס פר,ES,אוראו פאג שוקולד לבן,גרמים,246.00,100 גרם,false,,17.90,0.0728,true,1,116925
7622300489434,false,"עוגיות אוראו פאדג' בציפוי שוקולד חלב, 246 גרם",מנדלז אספנה גאלטס פר,ES,אוראו פאג שוקולד חלב,גרמים,246.00,100 גרם,false,,17.90,0.0728,true,1,116926
7622300503079,false,מילקה מוו - ביסקוויט מצופה שוקולד חלב 200 ג',מונדלז פולסקה פרודקש,PL,מילקה מוו - ביסקוויט,גרמים,200.00,100 גרם,false,,14.90,0.0745,true,1,5896
7622300617820,false,שוקלד מילקה טבלת חלב אוראו 100ג',מנדלז דויצ'לנד סנקס,DE,מילקה שוקולד אוראו 1,גרמים,100.00,100 גרם,false,,6.90,0.0690,true,1,5897
7630477891592,false,קפסולות האוס בלנד לונגו עוצמה 8 - 10 יח',סטארבקס Starbucks,CH,קפסולות האוס בלנד סט,גרמים,57.00,100 גרם,false,,22.90,0.4018,true,1,262453
7630477891615,false,קפסולות קפה סומטרה עוצמה 10 - 10 יח',סטארבקס Starbucks,IL,סטארבקס קפסולות סומט,גרמים,55.00,100 גרם,false,,22.90,0.4164,true,1,252355
7630477891639,false,קפסולות קפה ורונה עוצמה 10 - 10 יח',סטארבקס Starbucks,CH,סטארבקס קפסולות ורונ,גרמים,55.00,100 גרם,false,,22.90,0.4164,true,1,252356
7630477891653,false,סטארבקס - קפסולות אספרסו נטול 57 גרם * 10,סטארבקס Starbucks,IL,סטארבקס קפסולות אספר,גרמים,57.00,100 גרם,false,,22.90,0.4018,true,1,252340
7630477891738,false,סטארבקס - קפסולות אספרסו בלונד 53 גרם * 10,סטארבקס Starbucks,CH,סטארבקס קפסולות אספר,גרמים,53.00,100 גרם,false,,22.90,0.4321,true,1,252341
7638900426809,false,סוללת אנרגייזר זוג C,אנרג'יזר Energizer,US,סוללת MAX אנרג'ייזר,אין,0.00,יחידה,false,,24.90,0.0000,true,1,267033
7690589856667,false,נייס שבלולים לשיער,,,נייס שבלולים לשיער,אין,0.00,יחידה,false,,12.90,0.0000,true,1,37212
7702018321520,false,דאודורנט סטיק לגבר Pro G Arctic ice,תות ממתקי איכות,US,דאודורנט אנטיפרספירנ,גרמים,50.00,100 גרם,false,,24.90,0.4980,true,1,29319
7702018321582,false,דאודורנט סטיק לגבר Pro G Cool Wave,פרוקטר אנד גמבל,US,דאודורנט סטיק מתקדם,מיליליטרים,50.00,"100 מ""ל",false,,24.90,0.4980,true,1,29320
7702018441075,false,סכיני גילוח גילט פיוזן ידני 12 יח,,,סכיני גילוח פיוזן יד,אין,0.00,יחידה,false,,150.90,0.0000,true,1,132439
7702018980833,false,"ג'ילט ג'ל גילוח סירייס מועשר בלחות - 200 מ""ל",פרוקטר & גמבל,,ג'ל גילוח סירייס מעו,מיליליטרים,200.00,"100 מ""ל",false,,15.90,0.0795,true,1,29370
7702024074625,false,פיטנס - חטיפי קרקר חיטה מלאה 234 גרם,קומסטיבלס לה רוזה אס,CO,פיטנס חטיפי קרקר חיט,גרמים,234.00,100 גרם,false,,12.90,0.0551,true,1,128864
7702174066631,false,לקקן יוגטה פין פופ במילוי מסטיק 170 גר,הדקלאים אגודת שיתופי,EC,יוגטה פינפופ לקקן 10,גרמים,180.00,100 גרם,false,,11.90,0.0661,true,1,14043
7790580315986,false,סוכריות ממולאות תות 453ג' מהדרין,,AR,סוכריות ממולאות תות,גרמים,470.00,100 גרם,false,,15.80,0.0336,true,1,14330
7790580421663,false,שוקולד בון בון ריבת חלב 288 גרם,ארקור,AR,בון בון ריבת חלב וקר,גרמים,288.00,100 גרם,false,,19.90,0.0691,true,1,464411
7791875005353,false,ריבת חלב הוואנה דוצה דה לצה 450 גרם,פרימיום ברנד,ES,הוואנה ריבת חלב 450,גרמים,450.00,100 גרם,false,,19.90,0.0442,true,1,380403
7792860006218,false,סוכריות לקקנים בייבי דול Baby Doll לריטר,גוד פוד פרודקטס S.p,AR,בייבי דול לקקן 20גר,גרמים,24.00,100 גרם,false,,2.90,0.1208,true,1,14829
7800601801005,false,פלסטרים מיקס בצבע עור 100יח,,,פלסטרים 100 יח' - לי,אין,0.00,יחידה,false,,8.90,0.0000,true,1,251019
7800601801012,false,פלסטרים בצבע עור 100 יח',,,פלסטרים 100 יח' - לי,אין,0.00,יחידה,false,,8.90,0.0000,true,1,251020
7800601801159,false,סביבון מכני ברשת אורות,,,סביבון מכני אורות בר,אין,0.00,יחידה,false,,9.90,0.0000,true,1,191778
7804414000877,false,יין דון חוליו מרלו 7,לואיס פליפה אדוארדס,CL,דון חולין מרלו,מיליליטרים,750.00,"100 מ""ל",false,,30.90,0.0412,true,1,7994
7860001950123,false,מפזר סוכר רשת נירוסטא,,,מפזר סוכר רשת נירוסט,אין,0.00,יחידה,false,,14.90,0.0000,true,1,37830
7860001953063,false,גומי ללבנים,,,גומי ללבנים,אין,0.00,יחידה,false,,9.90,0.0000,true,1,37891
7891024027998,false,קולגייט מי פה טוטל כחול פפרמינט 500 מל,קולגייט פלמוליב,BR,קולגייט מי פה טוטל ס,מיליליטרים,500.00,"100 מ""ל",false,,32.90,0.0658,true,1,440137
7891024124826,false,קולגייט משחת אופטיק ספרקלינג וייט 75מל,הנסיך- מפעל לייצור ט,BR,מש.שיניים אופטיק ווי,מיליליטרים,75.00,"100 מ""ל",false,,21.90,0.2920,true,1,23765
7891024130063,false,"קולגייט מי פה פלאקס ללא אלכוהול 500 מ""ל מהדרין",קולגייט Colgate,BR,מי פה פלאקס ללא אלכו,מיליליטרים,500.00,"100 מ""ל",false,,33.90,0.0678,true,1,23767
7900250001006,false,NICE אביזרי שיער,,,אביזרי שיער,אין,0.00,יחידה,false,,15.90,0.0000,true,1,37213
7900250001013,false,מברשת שיער פן רחבה,,,אביזרי שיער,אין,0.00,יחידה,false,,19.90,0.0000,true,1,37214
8000020000365,false,"וורמוט צינזנו ביאנקו 750 מ""ל",דויד קמפרי,IT,וורמוט צינזנו ביאנקו,מיליליטרים,750.00,"100 מ""ל",false,,37.90,0.0505,true,1,861
8000070003798,false,קפסולות אספרסו לוואצה דליסיוזו 8 16 יח,לואיג'י לוואצה,IT,קפסולת LAVAZZA DELIZ,גרמים,120.00,100 גרם,false,,29.90,0.2492,true,1,464203
8000070064577,false,קפסולות קפה לוואצה קוואליטה אורו חוזק 8,לואיג'י לוואצה,IT,קפסולת LAVAZZA ORO ר,גרמים,120.00,100 גרם,false,,29.90,0.2492,true,1,464209
8000070081017,false,קפסולות לוואצה דיציו 10 נספרסו 50 גר,לאוג'י לוואצה אס.פי.,IT,לוואצ'ה קפסולות קפה,גרמים,50.00,100 גרם,false,,17.90,0.3580,true,1,133871
8000215204219,false,משקה אורז - אורגני 1 ליטר,בטר אנד דיפרנט,IT,משקה אורז אורגני 1 ל,ליטר,1.00,ליטר,false,,14.90,14.9000,true,1,259881
8000215204240,false,משקה שקדים ואורז - אורגני 1 ליטר,בטר אנד דיפרנט,IT,משקה שקדים ואורז אור,ליטר,1.00,ליטר,false,,14.90,14.9000,true,1,59156
8000215204554,false,משקה אורז קוקוס אורגני 1 ליטר ויטריז,ויטריז Vitariz,,משקה אורז קוקוס אורג,ליטר,1.00,ליטר,false,,14.90,14.9000,true,1,259883
8000215204677,false,משקה ש.שועל בריסטה אורגני 1 ליטר ויטריז,בטר אנד דיפרנט,IT,משקה שיבולת שועל אור,ליטר,1.00,ליטר,false,,14.90,14.9000,true,1,387059
8000215204714,false,משקה שיבולת שועל אורגני 1 ליטר PRIMAVENA,בטר אנד דיפרנט,IT,משקה שיבולת שועל אור,ליטר,1.00,ליטר,false,,14.90,14.9000,true,1,259885
8000380003723,false,גרנד פטיסרי עוגיות וופל אגוזים 100ג',קריניציה ויטמינה אס,IT,גרנד פטיסרי ופל אגוז,גרמים,100.00,100 גרם,false,,12.90,0.1290,true,1,14053
8000380003761,false,וופל גרנדה פטיסרי קוקוס שוקולד 100ג',קריניציה ויטמינה אס,IT,גרנד פטיסרי ופל קוקו,גרמים,100.00,100 גרם,false,,12.90,0.1290,true,1,14054
8000380004669,false,וופל לואקר סנדוויץ קוביות ושוקולד 200ג',"א. לואקר, קונפקט ג'י",AT,לואקר וופל סנדוויץ',גרמים,200.00,100 גרם,false,,13.90,0.0695,true,1,14056
8000380004676,false,קוביות וופל סנדוויץ Sandwich עם וניל וחלב,"א. לואקר, קונפקט ג'י",AT,לואקר וופל קרם וניל,גרמים,200.00,100 גרם,false,,13.90,0.0695,true,1,14057
8000380004911,false,קוביות וופל קואדרטיני Quadratini קרם אגוזים,קריניציה ויטמינה אס,AT,וופל קואדרטיני אגוז,גרמים,250.00,100 גרם,false,,14.90,0.0596,true,1,14059
8000380004966,false,וופל קוארדטיני לואקר קוביות שוקולד 250ג',קריניציה ויטמינה אס,AT,וופל קואדרטיני קקאו,גרמים,250.00,100 גרם,false,,14.90,0.0596,true,1,14062
8000380007219,false,וופל לואקר אגוז קלאסי 175ג',ליימן מותגים,AT,וופל לואקר אגוז 175,גרמים,175.00,100 גרם,false,,12.90,0.0737,true,1,14068
8000380007257,false,וופל גרנדה מצופה שוקולד 200ג',קריניציה ויטמינה אס,IT,.וופל מצופה שוקולד ג,גרמים,200.00,100 גרם,false,,14.90,0.0745,true,1,14070
8000380007264,false,וופל לואקר קקאו 175 גרם,קריניציה ויטמינה אס,AT,וופל לואקר קקאו 175,גרמים,175.00,100 גרם,false,,12.90,0.0737,true,1,14071
8000380007271,false,וופל לואקר קרם חלב 175ג',ליימן מותגים,AT,וופל לואקר חלב 175 ג,גרמים,175.00,100 גרם,false,,12.90,0.0737,true,1,14072
8000380106028,false,טורטינה לואקר וופל שוקולד ואגוזים שישיה 125ג',קריניציה ויטמינה אס,IT,1/6 טורטינה אורגינל,גרמים,125.00,100 גרם,false,,17.90,0.1432,true,1,14074
8000380142484,false,קוביות וופל קואדרטיני Quadratini בטעם שוקולד מריר,"אינסטנטה בע""מ",AT,וופל קואדרטיני שוקול,גרמים,250.00,100 גרם,false,,14.90,0.0596,true,1,117401
8000380144044,false,וופל גרדנה לואקר שוקולד 200ג',"א. לואקר , AG/SpA, ו",IT,וופל גרדנה שוקולד 20,גרמים,200.00,100 גרם,false,,14.90,0.0745,true,1,14077
8000380180721,false,לואקר וופל קקאו במילוי קרם חלבי 175 גר,קריניציה ויטמינה אס,AT,וופל לואקר קלאסיק שו,גרמים,175.00,100 גרם,false,,12.90,0.0737,true,1,117406
8000380180745,false,קוביות וופל קואדרטיני קקאו במילוי קר חלב,"א. לואקר, קונפקט ג'י",AT,וופל קואדרטיני לואקר,גרמים,250.00,100 גרם,false,,14.90,0.0596,true,1,14103
8000380187119,false,עוגיות במילוי קרם אגוזי לוז לואקר 100 גר,לואקר Loacker,AT,עוגיות לואקר אגוזי ל,גרמים,100.00,100 גרם,false,,15.90,0.1590,true,1,256573
8000380187300,false,עוגיות חמאה עם שוקולד חלב לואקר 120 גר,לואקר Loacker,AT,עוגיות לואקר פתיתי ש,גרמים,120.00,100 גרם,false,,15.90,0.1325,true,1,256575
8000380192243,false,וופלים לואקר מקסי בטעם אגוז 200 גר',לואקר Loacker,IT,וופל לואקר מקסי אגוז,גרמים,200.00,100 גרם,false,,14.90,0.0745,true,1,136288
8000380207183,false,שוקולד לואקר טורטינה חמאת בוטנים 126 גר,ליימן מותגים,IT,טורטינה 1/6 חמאת בוט,גרמים,126.00,100 גרם,false,,17.90,0.1421,true,1,439997
8000500018828,false,קינדר אצבעות שוקולד חצי מטר 300 גר,קינדר Kinder,IT,שוקולד חצי מטר קינדר,גרמים,300.00,100 גרם,false,,21.90,0.0730,true,1,113468
8000500023624,false,חטיפי הפי היפו Happy Hippo במילוי קרם חלב וקקאו,קינדר Kinder,DE,הפי היפו 5*20ג,גרמים,102.00,100 גרם,false,,13.90,0.1363,true,1,14107
8000500026731,false,שוקולד ביצי הפתעה קינדר שלישייה,קינדר Kinder,IT,קינדר ביצי שוקולד 3*,גרמים,60.00,100 גרם,false,,16.90,0.2817,true,1,48739
8000500028124,false,"קינדר ג'וי, שלישיה 3 * 20 גרם",,ZA,קינדר ג'וי 3*20 גרם,גרמים,60.00,100 גרם,false,,16.90,0.2817,true,1,497747
8000500029350,false,מארז וופל מצופה 3יח' *43 גרם קינדר בואנו,קינדר Kinder,PL,קינדר בואנו 3*43 גרם,גרמים,129.00,100 גרם,false,,11.90,0.0922,true,1,48740
8000500037874,false,בונבוניירה פררו רושה 200 גרם,פררו Ferrero,IT,בונבוניירת רושר 200ג,גרמים,200.00,100 גרם,false,,29.90,0.1495,true,1,48742
8000500071083,false,אצבעות שוקולד קינדר Kinder שש עשרה יחידות,קינדר Kinder,IT,קינדר אצבעות שוקולד,גרמים,200.00,100 גרם,false,,14.50,0.0725,true,1,48743
8000500121436,false,מארז קינדר בואנו Kinder Bueno לבן שלוש יחידות,קינדר Kinder,PL,קינדר בואנו לבן 3*43,גרמים,117.00,100 גרם,false,,11.90,0.1017,true,1,48745
8000500227848,false,נוטלה - בי רדי אצבעות ביסקוויט במילוי שוקולד 6 יח' * 22 גרם,פררו,IT,'וופל מלוח במילוי ממ,גרמים,132.00,100 גרם,false,,12.90,0.0977,true,1,122657
8000500249352,false,קינדר בואנו מיני מיקס שקית 205 ג',קינדר Kinder,PL,קינדר בואנו מיני מיק,אין,0.00,יחידה,false,,20.90,0.0000,true,1,94118
8000500269169,false,קינדר קארדס Kinder Cards - חמישייה,קינדר Kinder,IT,קינדר קארדס 128 גרם,גרמים,128.00,100 גרם,false,,12.90,0.1008,true,1,266165
8000500310397,true,ביסקוויטים במילוי נו,,,ביסקוויטים במילוי נו,גרמים,166.00,100 גרם,false,,14.90,0.0898,true,1,499770
8000500360262,false,שוקולד קינדר חנוכיה.,,PL,קינדר חנוכיה 135 גרם,גרמים,135.00,100 גרם,false,,17.90,0.1326,true,1,256671
8000500366073,true,ביסקוויטים במילוי נו,,,ביסקוויטים במילוי נו,גרמים,276.00,100 גרם,false,,22.90,0.0830,true,1,499754
8000700000050,false,דאב סבון מוצק אורגינל רביעייה,יוניליוור גרמניה (מנ,DE,סבון מוצק לבן דאב 4*,גרמים,400.00,100 גרם,false,,17.90,0.0447,true,1,11732
8001003100164,false,יוגטה סוכריות גילי בטעם פירות 450 גר,יוגטה yogueta,,יוגטה סוכריות ג'לי פ,גרמים,450.00,100 גרם,false,,11.90,0.0264,true,1,128081
8001090222879,false,"הרבל אסנסס - מרכך שיקום שמן ארגן 400 מ""ל",הרבל אסנס Herbal Essences,FR,מרכך שיקום שמן ארגן,מיליליטרים,400.00,"100 מ""ל",false,,14.90,0.0373,true,1,147247
8001090336446,false,טיטולי פמפרס בייבי דריי מידה 4 34 יח',פרוקטר אנד גמבל,DE,פמפרס בייבי דריי מיד,אין,0.00,יחידה,false,,33.90,0.0000,true,1,190470
8001090336606,false,טיטולי פמפרס בייבי דריי מידה 6 26 יח',פרוקטר אנד גמבל,DE,פמפרס בייבי דריי מיד,אין,0.00,יחידה,false,,33.90,0.0000,true,1,190473
8001090379368,false,פמפרס פרימיום חיתולי VP מידה 4 34 יח',פרוקטר אנד גמבל,TR,חיתולי פמפרס פרימיום,אין,0.00,יחידה,false,,35.90,0.0000,true,1,106530
8001090832856,false,"קונדישנר פנטן מרוקאי משקם 660 מ""ל",פרוקטר אנד גמבל,RO,מרכך שמן מרוקאי משקם,מיליליטרים,660.00,"100 מ""ל",false,,21.90,0.0332,true,1,221687
8001090832894,false,מרכך לשיער חלש ופגום לחות מוגברת,פרוקטר אנד גמבל,RO,מרכך לחות מוגברת פנט,מיליליטרים,660.00,"100 מ""ל",false,,21.90,0.0332,true,1,221688
8001090891273,false,לנור כדוריות הבושם בניחוח סחלב 210 ג',פרוקטר אנד גמבל,US,לנור כדוריות הבושם ב,גרמים,210.00,100 גרם,false,,32.90,0.1567,true,1,253464
8001090899194,false,תחבושות אולוויז פלטינום נורמל 24 יח',פרוקטר אנד גמבל,DE,תחבושות פלטינום נורמ,אין,0.00,יחידה,false,,23.90,0.0000,true,1,175987
8001090899224,false,תחבושות אולוויז פלטינום לונג 20 יח',פרוקטר אנד גמבל,DE,תחבושות פלטינום לונג,אין,0.00,יחידה,false,,23.90,0.0000,true,1,175994
8001090899255,false,תחבושות אולוויז פלטינום לילה 16 יח',פרוקטר אנד גמבל,DE,תחבושות פלטינום לילה,אין,0.00,יחידה,false,,23.90,0.0000,true,1,175995
8001090899286,false,תחבושות אולוויז פלטינום לילה בטוח 14 יח',פרוקטר אנד גמבל,DE,תחבושות פלטינום לילה,אין,0.00,יחידה,false,,23.90,0.0000,true,1,175996
8001100059242,false,שקיות וופל ריבועי פלוקו במילוי קרם קקאו 250 ג',,,וואפל קוביות BALOCCO,גרמים,250.00,100 גרם,false,,13.90,0.0556,true,1,287378
8001160001892,false,"משקה אנרגיה גטורייד ספורט תפוז אדום 500מ""ל",פפסיקו בוואדג' איטלי,IT,גטורייד ספורט תפוז א,מיליליטרים,500.00,"100 מ""ל",false,,10.40,0.0208,true,1,43198
8001505000320,false,מעדן תותי יער אורגני 250 ג FIORDIFRUTTA,אף.סי תבליני בגליל ב,IT,מעדן תותים ותותי בר,גרמים,250.00,100 גרם,false,,21.90,0.0876,true,1,259918
8001620011935,false,מים מינרלים מוגזים שישייה בקבוק אישי,אקווה מינרלה סאן בנד,IT,סאן בנדטו מוגז 6*500,ליטר,3.00,ליטר,false,,13.90,4.6333,true,1,10380
8001620017449,false,"בנדטו שישייה 500 מ""ל פקק ספורט",,,סאן בנדטו פקק ספורט,מיליליטרים,500.00,"100 מ""ל",false,,2.90,0.0058,true,1,124699
8001620017456,false,"מים מינרלים שישיה ספורט סאן בנדטו 500 מ""ל",סאן בנדטו San Benedetto,,סאן בנדטו פקק ספורט,ליטר,3.00,ליטר,false,,14.90,4.9667,true,1,124680
8001620018408,false,"משקה פירות בטעם מנגו תפוח 400 מ""ל פרוטה",אקווה מינרלה סאן בנד,IT,סן בנדטו מנגו תפוח פ,מיליליטרים,400.00,"100 מ""ל",false,,7.50,0.0188,true,1,379926
8001841105093,false,"חיתולי פמפרס פרימיום קר שלב 6, +13 ק""ג",פרוקטר אנד גמבל,TR,חיתולי פמפרס פרימיום,אין,0.00,יחידה,false,,35.90,0.0000,true,1,140900
8001841470252,false,נוזל ניקוי כלים פייר,,,נוזל ניקוי כלים פייר,מיליליטרים,500.00,"100 מ""ל",false,,10.90,0.0218,true,1,490257
8001841625188,false,סבון כלים פלטינום לימון X3 פעולות להסרת שומנים,פרוקטר אנד גמבל,GB,פיירי נוזל כלים פלטי,מיליליטרים,515.00,"100 מ""ל",false,,10.90,0.0212,true,1,223238
8001841625362,false,"נוזל כלים בניחוח לימון פלטינום 780 מ""ל פיירי",פרוקטר אנד גמבל,GB,פיירי נוזל כלים פלטי,מיליליטרים,780.00,"100 מ""ל",false,,14.90,0.0191,true,1,424220
8001841625461,false,סבון כלים פלטינום X3 פעולות להסרת שומנים,פרוקטר אנד גמבל,GB,פיירי נוזל כלים פלטי,מיליליטרים,515.00,"100 מ""ל",false,,10.90,0.0212,true,1,223239
8001841664866,false,"פנטן - שמפו סופר פוד 400 מ""ל",,,"שמפו פאנטן 400 מ""ל",מיליליטרים,400.00,"100 מ""ל",false,,15.90,0.0398,true,1,504238
8001841664903,false,"שמפו פאנטן 400 מ""ל",,,"שמפו פאנטן 400 מ""ל",מיליליטרים,400.00,"100 מ""ל",false,,15.90,0.0398,true,1,504239
8001841665139,false,"שמפו פאנטן 400 מ""ל",,,"שמפו פאנטן 400 מ""ל",מיליליטרים,400.00,"100 מ""ל",false,,15.90,0.0398,true,1,508105
8001841665610,false,"שמפו פאנטן 400 מ""ל",,,"שמפו פאנטן 400 מ""ל",מיליליטרים,400.00,"100 מ""ל",false,,15.90,0.0398,true,1,508106
8001841665696,false,"שמפו פאנטן 400 מ""ל",,,"שמפו פאנטן 400 מ""ל",מיליליטרים,400.00,"100 מ""ל",false,,15.90,0.0398,true,1,504242
8001841667386,false,הד אנד שולדר שמפו 2אן1,,,שמפו הד ושולדרס קלאס,מיליליטרים,400.00,"100 מ""ל",false,,15.90,0.0398,true,1,295193
8001841667782,false,"הד&שולדרס - שמפו 2 ב1 מנטול 400 מ""ל",,,שמפו הד ושולדרס 2 פע,מיליליטרים,400.00,"100 מ""ל",false,,15.90,0.0398,true,1,286914
8001841716435,false,"הד אנד שולדרס ג'ל רחצה ושמפו לעור רגיש 360 מ""ל","נארז ע""י : א.ג. גילר",FR,ג'ל רחצה ושמפו לעור,מיליליטרים,360.00,"100 מ""ל",false,,18.90,0.0525,true,1,350076
8001841810461,false,"שמפו פאנטן 400 מ""ל",,,"שמפו פאנטן 400 מ""ל",מיליליטרים,400.00,"100 מ""ל",false,,15.90,0.0398,true,1,504244
8001943549122,false,"צ'וקטה מטבעות שוקולד חלב, 40 גרם",צ'וקטה Chocketa,IT,צ`וקטה מטבעות שוקולד,גרמים,40.00,100 גרם,false,,4.90,0.1225,true,1,96121
8002270866524,false,סאן פלנגרינו מים מינ,סן פלגרינו San Pellegrino,IL,סאן פלנגרינו מים מינ,ליטר,1.00,ליטר,false,,8.90,8.9000,true,1,10387
8003130129506,false,חטיף ציפס 50 גרם CL,,,חטיף ציפס 50 גרם CL,גרמים,50.00,100 גרם,false,,5.90,0.1180,true,1,442563
8003340091280,false,בונבוניירת לינדור Lindor שוקולד מריר,לינדט ושפרונגלי קילש,IT,בונבוניירות לינדור 6,גרמים,200.00,100 גרם,false,,33.90,0.1695,true,1,14830
8003477500044,false,"פרימלוצ'י ספגטי מ""ס",,,"פרימלוצ'י ספגטי מ""ס",גרמים,500.00,100 גרם,false,,5.90,0.0118,true,1,469887
8003477500051,false,"פרימלוצ'י ספגטי מ""ס",,,"פרימלוצ'י ספגטי מ""ס",גרמים,500.00,100 גרם,false,,5.90,0.0118,true,1,469888
8003477500365,false,פרימלוצ'י קונקילייה,,,פרימלוצ'י קונקילייה,גרמים,500.00,100 גרם,false,,5.90,0.0118,true,1,469890
8004030026018,false,"מקסיקני עם טונה ריו מרה אינסלטיסימי, 160 ג'","בולטון אלימנטרי בע""מ",IT,ריו מרה טונה עם שעוע,גרמים,160.00,100 גרם,false,,17.90,0.1119,true,1,23773
8004030044005,false,נתחי טונה בשמן זית ריו מרה 160 ג',"בולטון אלימנטרי בע""מ",IT,נתחי טונה בשמן זית ר,גרמים,160.00,100 גרם,false,,18.90,0.1181,true,1,23774
8004030102033,false,טונה בשמן זית עם מיץ לימון ופלפל שחור - מארז 3 יח',בולטון אלימנטרי,IT,טונה בשמן עם לימון ו,גרמים,240.00,100 גרם,false,,28.90,0.1204,true,1,137826
8004030177000,false,טונה בשמן זית וצ'ילי ריו מרה מארז 80X3 גר',ריו מארה Rio Mare,IT,טונה בשמן זית עם צ'י,גרמים,240.00,100 גרם,false,,28.90,0.1204,true,1,125236
8004030180000,false,טונה בשמן זית כתית ריו מרה 3*80 גרם,בולטון אלימנטרי,IT,ריו מרה טונה בשמן זי,גרמים,240.00,100 גרם,false,,28.90,0.1204,true,1,489958
8004030344938,false,טונה בשמן זית ריו מרה שלישיה * 80 ג',"בולטון אלימנטרי בע""מ",IT,טונה בשמן זית ריו מר,גרמים,240.00,100 גרם,false,,28.90,0.1204,true,1,23776
8004030381681,false,טונה בשמן זית ריו מרה זוגות * 160 ג',,,טונה בשמן זית ריו מר,גרמים,320.00,100 גרם,false,,34.90,0.1091,true,1,143250
8004030845046,false,טונה עם ירקות בתוספת עם אורז ריו מרה אינסלטיסימי 160 ג',בולטון אלימנטרי,IT,אינסלטיסימי אורז עם,גרמים,160.00,100 גרם,false,,17.90,0.1119,true,1,139095
8004030860001,false,ירקות עם קוקוס וטונה ריו מרה אינסלטיסימי 160 ג',"בולטון אלימנטרי בע""מ",IT,קוסקוס וטונה ריו מרה,גרמים,160.00,100 גרם,false,,17.90,0.1119,true,1,23778
8004800000071,false,לאגו פלאסיר- גלילי ופל במילוי קרם אגוזי לוז שוקולד חלב - 100 ג',לאגו,IT,לאגו פלאסיר- גלילי ו,גרמים,100.00,100 גרם,false,,10.90,0.1090,true,1,473685
8005200256587,false,משקה תה בטעם אפרסק 1.5ל' NESTEA,מפעל סאנפלגרינו S.P.,IT,נסטי אפרסק 1.5 ליטר,ליטר,1.50,ליטר,false,,8.90,5.9333,true,1,356769
8005803010371,false,מקלות גריסיני עם רוזמרין,"אינסטנטה בע""מ",IT,גריסיני עם רוזמרין 1,גרמים,125.00,100 גרם,false,,8.50,0.0680,true,1,117410
8005803010661,false,אמור די פאן - שומשום 125 גרם,"הוסטה איטליה, ס.ר.ל.",IT,גריסיני עם שומשום 12,גרמים,125.00,100 גרם,false,,8.50,0.0680,true,1,117412
8006227000405,false,סמנצאטו-לחם פרוס חיטה מלאה 400 גרם,,IT,לחם מחמצת פרוס חיטה,גרמים,400.00,100 גרם,false,,16.90,0.0422,true,1,444225
8006227001372,false,סמנצאטו לחם לבן שמן זית ללא קשה 400 גר,רו. מאר ס.ר.ל,IT,לחם מחמצת לבן עם שמן,גרמים,400.00,100 גרם,false,,18.90,0.0472,true,1,444025
8006227001389,false,סמנצאטו לחם מלא שמן זית ללא קשה 400 גר,רו. מאר ס.ר.ל,IT,לחם מחמצת קמח מלא עם,גרמים,400.00,100 גרם,false,,18.90,0.0472,true,1,444026
8006540106709,false,אולוויז - מגן תחתון נורמל 58 יח',,,מגן תחתון מגה פק נור,אין,0.00,יחידה,false,,18.90,0.0000,true,1,488524
8006540112823,false,"לנור מרכך כביסה מרוכז בניחוח האוקיינוס 900 מ""ל",פרוקטר אנד גמבל,FR,לנור מרכך מרוכז בניח,מיליליטרים,900.00,"100 מ""ל",false,,16.90,0.0188,true,1,305440
8006540112854,false,"מרכך כביסה מרוכז בניחוח סחלב לנור 900 מ""ל",פרוקטר אנד גמבל,FR,לנור מרכך מרוכז בניח,מיליליטרים,900.00,"100 מ""ל",false,,16.90,0.0188,true,1,299769
8006540404850,false,תחבושות אלוויז דיסקר,פרוקטר & גמבל,DE,תחבושות אולוויז דיסק,יח',10.00,יח',false,,18.90,1.8900,true,1,462974
8006540404935,false,תחבושות אלוויז דיסקר,פרוקטר & גמבל,DE,תחבושות אולוויז דיסק,יח',12.00,יח',false,,18.90,1.5750,true,1,462976
8006540491539,false,"נוזל כלים פיירי פלטינום אוריגינל 780 מ""ל",פרוקטר אנד גמבל,GB,פיירי נוזל כלים פלטי,מיליליטרים,780.00,"100 מ""ל",false,,14.90,0.0191,true,1,424173
8006540495216,false,"לנור מרכך כביסה מרוכז בניחוח אמאטיסט 900 מ""ל",פרוקטר אנד גמבל,FR,לנור מרכך מרוכז בניח,מיליליטרים,900.00,"100 מ""ל",false,,16.90,0.0188,true,1,440199
8006540592434,false,אולוויז תחבושות נורמל 28 יח,,,תחבושות אולוויז ירוק,100 יח',16.00,100 יח',false,,19.90,1.2437,true,1,454614
8006540592465,false,אולוויז תחבושות לונג 24 יח,פרוקטר,DE,תחבושות אולוויז סגול,100 יח',16.00,100 יח',false,,19.90,1.2437,true,1,454615
8006540592496,false,תחבושות אולוויז אולטרא כפול לילה 20 יח,פרוקטר,DE,תחבושות אולוויז כחול,100 יח',16.00,100 יח',false,,19.90,1.2437,true,1,454616
8006540690260,false,"שמפו פאנטן 400 מ""ל",,,"שמפו פאנטן 400 מ""ל",מיליליטרים,400.00,"100 מ""ל",false,,15.90,0.0398,true,1,504247
8007270701059,false,"שמן זית לא מסונן קוסטה דאורו 750 מ""ל",,IT,שמן זית כתית מעולה ל,מיליליטרים,750.00,"100 מ""ל",false,,43.90,0.0585,true,1,260382
8008620009276,false,קריץ-קרקר מלוח 500 גרם,,IT,קרקר מלוח 500 גרם קר,גרמים,500.00,100 גרם,false,,19.90,0.0398,true,1,43352
8008620009313,false,קריץ-קרקר מלוח 250 ג',,,קרקר מלוח 250 גרם קר,גרמים,250.00,100 גרם,false,,8.90,0.0356,true,1,444191
8008660210014,false,מעדן ריבה מנץ אנד גאססר משמש 300 גר,קריניציה ויטמינה אס,IT,מעדן משמש 300 גר`,גרמים,300.00,100 גרם,false,,17.90,0.0597,true,1,26249
8008660210021,false,מעדן ריבה מנץ אנד גאססר דובדבן 300 גר,שוורצקוף& הנקל דיסלד,IT,מעדן דובדבן 300 גר`,גרמים,300.00,100 גרם,false,,17.90,0.0597,true,1,26250
8008660210038,false,מעדן ריבה מנץ אנד גאססר תות שדה 300 גר,קריניציה ויטמינה אס,IT,מעדן תות שדה 300 גר`,גרמים,300.00,100 גרם,false,,17.90,0.0597,true,1,26251
8008660210045,false,מעדן ריבה מנץ אנד גאססר פירות יער 300 גר,שוורצקוף& הנקל דיסלד,IT,מעדן פירות יער 300 ג,גרמים,300.00,100 גרם,false,,17.90,0.0597,true,1,26252
8008912010034,false,ספגטי ליגורי מספר 3,פסטה ליגורי,IT,פסטה ספגטי מספר 3 -,גרמים,500.00,100 גרם,false,,8.90,0.0178,true,1,434469
8008912010072,false,ספגטי לינגוויני 500ג ליגורי,פסטה ליגורי,IT,פסטה לינגוויני מספר,גרמים,500.00,100 גרם,false,,8.90,0.0178,true,1,434470
8008912010270,false,פסטה קסרצה מספר 27 LIGUORI,פסטה ליגורי,IT,פסטה קסרצ'ה מספר 27,גרמים,500.00,100 גרם,false,,8.90,0.0178,true,1,434471
8008912010300,false,פסטה פרפלה ליגורי 500 גר',פסטה ליגורי,IT,פסטה פרפלה מספר 30 -,גרמים,500.00,100 גרם,false,,8.90,0.0178,true,1,434472
8008912010317,false,פסטה פוזלי ליגורי 500 גר',פסטה ליגורי,IT,פסטה פוזלי מספר 31 -,גרמים,500.00,100 גרם,false,,8.90,0.0178,true,1,434473
8008912010331,false,פסטה ניוקטי סרדי בצורת קונכיות מס' 33,פסטה ליגורי,IT,פסטה ניוקטי סרדי בצו,גרמים,500.00,100 גרם,false,,8.90,0.0178,true,1,481110
8008912010423,false,פסטה פנה ריגטה מספר 42 LIGUORI,פסטה ליגורי,IT,פסטה פנה ריגטה מספר,גרמים,500.00,100 גרם,false,,8.90,0.0178,true,1,434474
8023788030610,false,שוקולד חלב 300 גרם,,,שוקולד חלב 300 גרם,גרמים,300.00,100 גרם,false,,17.90,0.0597,true,1,451990
8023788030627,false,שוקולד מריר מעולה 3,,,שוקולד מריר מעולה 3,גרמים,300.00,100 גרם,false,,17.90,0.0597,true,1,451974
8023788030634,false,שוקולד חלב עם שברי א,,,שוקולד חלב עם שברי א,גרמים,300.00,100 גרם,false,,17.90,0.0597,true,1,451991
8023788030658,false,עוגיות מלוחות בטעם ט,,,עוגיות מלוחות בטעם ט,גרמים,400.00,100 גרם,false,,12.90,0.0323,true,1,479990
8023788030665,false,עוגיות מלוחות בטעם ב,,,עוגיות מלוחות בטעם ב,גרמים,400.00,100 גרם,false,,12.90,0.0323,true,1,479991
8023788030672,false,עוגיות מלוחות בתוספת,,,עוגיות מלוחות בתוספת,גרמים,400.00,100 גרם,false,,12.90,0.0323,true,1,479992
8024985000062,false,מחית תפוח אורגני 100% פרי 200 גר נטורה,"נטורפוד בע""מ",IT,נטורה נובה - מחית תפ,גרמים,200.00,100 גרם,false,,9.90,0.0495,true,1,260124
8024985000086,false,מחית תפוח בננה 100% פרי 200 ג נטורה נובה,"נטורפוד בע""מ",IT,נטורה נובה - מחית תפ,גרמים,200.00,100 גרם,false,,9.90,0.0495,true,1,260125
8024985000093,false,מחית תפוח שזיף 100% פרי 200 ג נטורה נובה,"נטורפוד בע""מ",IT,נטורה נובה - מחית תפ,גרמים,200.00,100 גרם,false,,9.90,0.0495,true,1,410691
8024985000116,false,מחית תפוח אוכמ 100% פרי 200 ג נטורה נובה,"נטורפוד בע""מ",IT,נטורה נובה - מחית תפ,גרמים,200.00,100 גרם,false,,9.90,0.0495,true,1,410692
8024985002783,false,סמוזי נטורה נובה גזר ודלעת 100 גרם,נטורה נובה Natura Nuova,,נטורה נובה - סמוזי ג,גרמים,100.00,100 גרם,false,,5.90,0.0590,true,1,260105
8024985002943,false,סמוזי נטורה נובה תפוח אננס קוקוס 100 גרם,נטורה נובה,IT,נטורה נובה - סמוזי ת,גרמים,100.00,100 גרם,false,,5.90,0.0590,true,1,260106
8024985002950,false,סמוזי שזיף אורגני 100 גרם,נטורה נובה,IT,נטורה נובה - סמוזי ש,גרמים,100.00,100 גרם,false,,5.90,0.0590,true,1,410755
8024985008051,false,סמוזי נטורה נובה סמוצי פירות אדומים 100,נטורה נובה Natura Nuova,IT,נטורה נובה - סמוזי פ,גרמים,100.00,100 גרם,false,,5.90,0.0590,true,1,260110
8076800105056,false,"ברילה ספגטי 1 ק""ג קופסה",ברילה Barilla,IT,פסטה ספגטי בקופסה בר,אלף,1.00,"ק""ג",false,,12.90,12.9000,true,1,451093
8076800105735,false,"ברילה פנה ריגטה 1 ק""ג קופסה",ברילה,IT,פנה ריגטה בקופסה ברי,אלף,1.00,"ק""ג",false,,12.90,12.9000,true,1,451109
8076800195019,false,ברילה - צ.א ספגטי מס1 קפליני 500 גרם,ברילה גי.אי.אר פרטלי,IT,ספגטי קפליני מס' 1 ב,גרמים,500.00,100 גרם,false,,6.90,0.0138,true,1,23780
8076800195033,false,ברילה - צ.א ספגטיני מס3 חדש 500 גרם,ברילה גי.אי.אר פרטלי,IT,ספגטי מס' 3 ברילה 50,גרמים,500.00,100 גרם,false,,6.90,0.0138,true,1,23781
8076800195057,false,ברילה - צ.א ספגטי מס5 חדש 500 גרם,ברילה גי.אי.אר פרטלי,IT,ספגטיני מס' 5 ברילה,גרמים,500.00,100 גרם,false,,6.90,0.0138,true,1,23782
8076800195132,false,ברילה - צ.א בבטה מס13 500 גרם,ברילה גי.אי.אר פרטלי,IT,ספגטי בבטה מס' 13 בר,גרמים,500.00,100 גרם,false,,6.90,0.0138,true,1,23783
8076800315097,false,ברילה - צ.א בוקטיני מס9 500 גרם,ברילה גי.אי.אר פרטלי,IT,ספגטי בוקטיני מס' 9,גרמים,500.00,100 גרם,false,,6.90,0.0138,true,1,23784
8076802085738,false,ברילה - צ.ק פנה רגטה חדש 500 גרם,ברילה גי.אי.אר פרטלי,IT,פנה רגטה מס' 73 בריל,גרמים,500.00,100 גרם,false,,6.90,0.0138,true,1,23786
8076802085981,false,ברילה - צ.ק פוזילי חדש 500 גרם,ברילה גי.אי.אר פרטלי,IT,פסטה פוזילי 98 ברילה,גרמים,500.00,100 גרם,false,,6.90,0.0138,true,1,23789
8076808050440,false,ברילה פסטה מקרוני מס 44 500 גר,ברילה Barilla,IT,פסטה מקרוני מס' 44 ב,גרמים,500.00,100 גרם,false,,6.90,0.0138,true,1,118161
8076808060654,false,ברילה - צ.ק פרפלה חדש 500 גרם,ברילה גי.אי.אר פרטלי,IT,פסטה פרפלה 65 ברילה,גרמים,500.00,100 גרם,false,,6.90,0.0138,true,1,23791
8076808070882,false,פסטה ברילה קנלוני מס'88 250ג',פאסטיפיקו ריגו אס.אר,IT,קנלוני ברילה 250 גרם,גרמים,250.00,100 גרם,false,,14.90,0.0596,true,1,68580
8076808150072,false,ברילה - צ.א ספגטוני מס7 חדש 500 גרם,ברילה גי.אי.אר פרטלי,IT,ספגטי מס' 7 ברילה 50,גרמים,500.00,100 גרם,false,,6.90,0.0138,true,1,23793
8076809501415,false,ברילה קנלוני/פנה 500 ג' מצה פנה טרקולור 500 גרם,ברילה Barilla,IT,ברילה פסטה פנה טריקו,גרמים,500.00,100 גרם,false,,14.90,0.0298,true,1,118162
8076809512268,false,ברילה - צ.ק גירנדולה חדש 500 גרם,ברילה גי.אי.אר פרטלי,IT,פסטה גירנדולה מס' 34,גרמים,500.00,100 גרם,false,,6.90,0.0138,true,1,23795
8076809513388,false,ברילה - רוטב ארביאטה 400 גרם,ברילה גי.אי.אר פרטלי,IT,ברילה רוטב ארביאטה 4,גרמים,400.00,100 גרם,false,,16.90,0.0422,true,1,23796
8076809513395,false,רוטב פסטה ברילה פורמודרו 400ג',ברילה גי.אי.אר פרטלי,IT,ברילה רוטב פורמודרו,גרמים,400.00,100 גרם,false,,16.90,0.0422,true,1,23797
8076809513654,false,בסיס רוטב עגבניות לבולונז 400 גרם ברילה,ברילה גי.אי.אר פרטלי,IT,ברילה רוטב עגבניות ל,גרמים,400.00,100 גרם,false,,16.90,0.0422,true,1,23798
8076809513692,false,רוטב עגבניות נפולטנה בתוספת ירקות,ברילה גי.אי.אר פרטלי,IT,ברילה רוטב נפוליטנה,גרמים,400.00,100 גרם,false,,16.90,0.0422,true,1,23799
8076809513739,false,רוטב פסטה ברילה בזיליקום 400 ג',ברילה גי.אי.אר פרטלי,IT,ברילה רוטב בזיליקום,גרמים,400.00,100 גרם,false,,16.90,0.0422,true,1,23800
8076809514774,false,ברילה איטריות ביצים פפרדלה 250ג',ברילה גי.אי.אר פרטלי,IT,ברילה פפרדלה ביצים 2,גרמים,250.00,100 גרם,false,,18.90,0.0756,true,1,118163
8076809523738,false,פסטה ברילה לזניה 500ג',ברילה גי.אי.אר פרטלי,IT,לזניה ברילה 500 גרם,גרמים,500.00,100 גרם,false,,23.90,0.0478,true,1,23806
8076809529433,false,ברילה פנטה רגטה מחיטה מלאה 500ג',"ש. שסטוביץ בע""מ",IT,פנה רגטה מחיטה מלאה,גרמים,500.00,100 גרם,false,,14.90,0.0298,true,1,23808
8076809545440,false,ברילה ספגטי ללא גלוטן 400 גרם,"ש. שסטוביץ בע""מ",IT,ברילה אטריות ללא גלו,גרמים,400.00,100 גרם,false,,15.90,0.0398,true,1,23810
8076809545457,false,ברילה אטריות ללא גלוטן 400 ג' צינורות 400 ג',"ש. שסטוביץ בע""מ",IT,ברילה צינורות עבה קמ,גרמים,400.00,100 גרם,false,,15.90,0.0398,true,1,23811
8076809578998,false,ברילה - צ.ק. סטלינה 500 גרם,ברילה Barilla,,פסטה סטלינה מס' 27,גרמים,500.00,100 גרם,false,,6.90,0.0138,true,1,301908
8121300207004,false,טרוביה - סטיביה ממתיק בצנצנת 270 גרם,טרוביה Truvia,US,טרוביה - סטיביה ממתי,גרמים,270.00,100 גרם,false,,33.90,0.1256,true,1,267075
8152641568585,false,מטריה שקופה פיטרייה,,,מטריה שקופה פיטרייה,אין,0.00,יחידה,false,,22.00,0.0000,true,1,485954
8410076600622,false,חטיפי גרנולה Crunchy שיבולת שועל מלאה ושבבי שוקולד מריר,ג'נרל מילס סאן אדריא,ES,חטיף קראנצי שבבי שוק,גרמים,210.00,100 גרם,false,,19.90,0.0948,true,1,14133
8410076610379,false,נייטשר ואלי פרוטאין בוטנים ושבבי שוקולד 160 ג',סריילטו ספיין פודס,ES,פרוטאין בוטנים ושבבי,גרמים,160.00,100 גרם,false,,26.90,0.1681,true,1,14140
8410076610386,false,נייטשר ואלי פרוטאין בוטנים עם ציפוי בטעם קרמל מלוח 160 ג',סריילטו ספיין פודס,ES,נייטשר ואלי פרוטאין,גרמים,160.00,100 גרם,false,,26.90,0.1681,true,1,67584
8410076610492,false,סוויט אנד סולטי שוקולד מריר בציפוי חמאת בוטנים,יבואן ומשווק: ש. שסט,ES,חטיף בוטנים ושיבולת,גרמים,150.00,100 גרם,false,,19.90,0.1327,true,1,14142
8410076610508,false,"נייטשר וואלי צ'ואי שוקולד מריר בוטנים ושקדים, חמישיה 5 * 30 גרם",נייצ'ר ואלי Nature Valley,ES,חטיף צ'ואי שוקולד מר,גרמים,150.00,100 גרם,false,,19.90,0.1327,true,1,14143
8410076621047,false,עוגות אישיות בטעם שוקולד עם חתיכות בטעם שוקולד,"גלאטס סירו בע""מ",ES,חטיף פייבר 1 בטעם שו,גרמים,120.00,100 גרם,false,,14.90,0.1242,true,1,264632
8410104039134,false,"פיניש מנקה ומחדש מדיח 250מ""ל",הדקלאים אגודת שיתופי,PL,פיניש מנקה ומחדש מדי,מיליליטרים,250.00,"100 מ""ל",false,,15.90,0.0636,true,1,23033
8410104045111,false,"פיניש מלח למדיח כלים 2ק""ג",פ.פ.ח. שאביט,IL,"פיניש מלח למדיח 2 ק""",אלף,2.00,"ק""ג",false,,16.90,8.4500,true,1,23035
8410128783587,false,ויוה סוי שיבולת שועל קרטונית 1 ליטר,קלידאד פסקואל,ES,ויוה סוי שיבולת שועל,ליטר,1.00,ליטר,false,,11.90,11.9000,true,1,444871
8410128785734,false,ויוה סוי בריסטה משפחתי 1 ליטר,קלידאד פסקואל,ES,ויוה סוי סויה בריסטה,ליטר,1.00,ליטר,false,,11.90,11.9000,true,1,472880
8410342004789,false,טוראס-שוקולד מריר 72% ללא סוכר 100 גרם,,,שוקולד מריר 72% ללא,גרמים,100.00,100 גרם,false,,14.90,0.1490,true,1,444085
8410342004796,false,שוקולד מריר 85% ללא סוכר טוראס 100ג',צ'יקולטס טוארס,ES,שוקולד מריר 85% ללא,גרמים,100.00,100 גרם,false,,14.90,0.1490,true,1,444086
8410376011203,false,עוגיות מיני רולינו ג,,,עוגיות מיני רולינו ג,גרמים,100.00,100 גרם,false,,6.50,0.0650,true,1,427086
8410376011210,false,עוגיות גולון מיני שו,,,עוגיות גולון מיני שו,גרמים,100.00,100 גרם,false,,6.50,0.0650,true,1,426953
8410376037883,false,גוליאן עוגיות שוקו צפס ללא גלוטן 130 ג ו,תות תעשיות מזון (201,ES,עוגיות עם שבבי שוקול,גרמים,130.00,100 גרם,false,,11.90,0.0915,true,1,117828
8410376047509,false,"גולון ביסקויט ללת""ס 400 גרם",גלטס גולון,,טוסטדה ללא תוספת סוכ,גרמים,400.00,100 גרם,false,,15.60,0.0390,true,1,431519
8410628460605,false,טונה ספרדית בשמן זית בצנצנת 190 גרם,,ES,טונה ספרדית בשמן זית,גרמים,190.00,100 גרם,false,,28.50,0.1500,true,1,155965
8410655000423,false,"מארז בירה סאן מיגל 4*330 מ""ל",,,סאן מיגל בקבוק 4*330,ליטר,1.32,ליטר,false,,21.90,16.5909,true,1,116326
8413664611611,false,פאפאס ארגנטה ציפס דליקטס 180 גרם,,ES,ARGENTE חטיף תפוח א,גרמים,180.00,100 גרם,false,,16.90,0.0939,true,1,443719
8413664611956,false,פאפאס ארגנטה-ציפס עם עשבי תיבול 160 ג,,,ARGENTE חטיף תפוח א,גרמים,160.00,100 גרם,false,,16.90,0.1056,true,1,444010
8413664811844,false,ARGENTE חטיף תפוח א,,,ARGENTE חטיף תפוח א,גרמים,160.00,100 גרם,false,,16.90,0.1056,true,1,443720
8413664811905,false,פאפאס ארגנטה ציפס ש.זית קינואה מלח 150 ג,,ES,ARGENTE חטיף תפוח א,גרמים,150.00,100 גרם,false,,16.90,0.1127,true,1,443721
8423207206488,false,חטיף דגנים מלאים מצופה שוקולד חלב 120 גר,אף.סי תבליני בגליל ב,ES,סלים דליס חטיף דגנים,גרמים,120.00,100 גרם,false,,13.90,0.1158,true,1,23823
8423207206495,false,חטיף דגנים מלאים מצופה שוקולד מריר 120 ג,אף.סי תבליני בגליל ב,ES,סלים דליס חטיף דגנים,גרמים,120.00,100 גרם,false,,13.90,0.1158,true,1,23824
8423207207362,false,חטיף דגנים סלים דליס שוקולד לבן 120 גר,ביסנצ'ורי אס.אל.יו,ES,סלים דליס חטיף דגנים,גרמים,120.00,100 גרם,false,,13.90,0.1158,true,1,23827
8423207208260,false,מרבה סלים דליס 125 ג' ללא גלוטן שוקולד חלב,ביסנצ'ורי אס.אל.יו,ES,סלים דליס ללא גלוטן,גרמים,78.00,100 גרם,false,,13.90,0.1782,true,1,23834
8423207208680,false,מרבה חטיפי סלים דליס לילדים שוקולד חלב,ביסנצ'ורי אס.אל.יו,ES,סלים דליס קידס בציפו,גרמים,121.00,100 גרם,false,,13.90,0.1149,true,1,23835
8423207208697,false,מרבה סלים דליס לילדים עם שוקולד לבן חדש,ביסנצ'ורי אס.אל.יו,ES,סלים דליס קידס עוגיו,גרמים,120.00,100 גרם,false,,13.90,0.1158,true,1,23836
8423207208703,false,מרבה חטיפי סלים דליס לילדים שוקולד מריר,ביסנצ'ורי אס.אל.יו,ES,סלים דליס אקסטרא חטי,גרמים,120.00,100 גרם,false,,13.90,0.1158,true,1,23837
8423207208871,false,פרכיות תירס בטעם טבעי סלים דליס 130ג',סלים דליס Slim Delis,ES,פריכיות תירס בטעם טב,גרמים,130.00,100 גרם,false,,10.90,0.0838,true,1,4319
8423207208888,false,פריכיות תירס בטעם עגבניות ועשבי תיבול סלים דליס 123 ג',סלים דליס Slim Delis,ES,פריכיות תירס בטעם עג,גרמים,123.00,100 גרם,false,,10.90,0.0886,true,1,4320
8423207208895,false,פריכיות תירס בטעם זיתים ועירית סלים דליס 123 ג',סלים דליס Slim Delis,ES,פריכיות תירס זיתים ו,גרמים,123.00,100 גרם,false,,10.90,0.0886,true,1,4321
8423207209885,false,מרבה חטיפי סלים דליס מהדורה מיוחדת שוקולד חלב,סלים דליס Slim Delis,ES,סלים דליס אקסטרא חטי,גרמים,120.00,100 גרם,false,,13.90,0.1158,true,1,111788
8423207210287,false,מרבה סלים דליס שוקולד לבן בטעם יוגורט 120 ג',סלים דליס Slim Delis,ES,סלים דליס חטיף דגנים,גרמים,120.00,100 גרם,false,,13.90,0.1158,true,1,131992
8423207210942,false,חטיף דגנים מצופה שוקולד לבן ופירות יער,אף.סי תבליני בגליל ב,ES,סלים דליס טופינג פיר,גרמים,90.00,100 גרם,false,,13.90,0.1544,true,1,236892
8424842050016,false,צ'יפס בטעם כמהין 125 גרם,RUBIO,ES,חטיף צ'יפס בטעם כמהי,גרמים,130.00,100 גרם,false,,13.90,0.1069,true,1,387847
8424842050030,false,צ'יפס עם מלח הימלאיה,RUBIO,ES,חטיף צ'יפס עם שמן זי,גרמים,125.00,100 גרם,false,,13.90,0.1112,true,1,387848
8424842201340,false,צ'יפס מסורתי פרימיום,,,חטיף צ'יפס רביו 130,גרמים,130.00,100 גרם,false,,13.90,0.1069,true,1,387850
8435495805199,false,"תינוקלין אבקת כביסה 3 ק""ג",מולינו ניקולי s.p.a,TR,אבקת כביסה תינוקלין,אלף,3.00,"ק""ג",false,,45.90,15.3000,true,1,123023
8435495807605,false,תינוקלין מרכך כביסה היפואלרגני מרוכז 1 ליטר,מולינו ניקולי s.p.a,TR,תינוקלין מרכך כביסה,ליטר,1.00,ליטר,false,,21.90,21.9000,true,1,135067
8435495807636,false,ג'ל כביסה היפואלרגני 2 ל' תינוקלין,תינוקלין,TR,תינוקלין ג'ל כביסה 2,ליטר,2.00,ליטר,false,,38.90,19.4500,true,1,135803
8435495819363,false,תינוקלין - מרכך כביסה פרש & ג'נטל 1 ליטר,ליימן מותגים,TR,תינוקלין מרכך כביסה,ליטר,1.00,ליטר,false,,21.90,21.9000,true,1,336859
8437000906209,false,"טורטיה ספרדי קמח 25 ס""מ 325 גרם",Azteca foods europe,ES,8 טורטיות חיטה תומר,גרמים,325.00,100 גרם,false,,8.90,0.0274,true,1,68864
8445290427120,false,דגני פיטנס Fitness שוקולד מריר ובננה,נסטלה צרפת איטנקורט,FR,פיטנס שוקולד מריר נה,גרמים,330.00,100 גרם,false,,22.90,0.0694,true,1,474808
8606018615827,false,גלידת וניל עם שברי עוגיות אוראו 480 ג',פרונרי סרביה,IL,גלידת וניל עם שברי ע,מיליליטרים,300.00,"100 מ""ל",false,,13.90,0.0463,true,1,493988
8606109023609,false,"פרוויטה מיץ תפוחי עץ ודובדבנים 750 מ""ל",,IL,מיץ פרוויטה תפוחי עץ,מיליליטרים,750.00,"100 מ""ל",false,,12.30,0.0164,true,1,304268
8606109023647,false,פרוויטה - מיץ סלק ותפוחי עץ 750 מל,,IL,מיץ פרוויטה מיץ סלק,מיליליטרים,750.00,"100 מ""ל",false,,12.30,0.0164,true,1,304271
8681863065287,false,מלח הימלאיה וילי פוד 350 גר,שף סיזונס גידה סאן,TR,מלח הימלאיה 350 גרם,גרמים,350.00,100 גרם,false,,25.90,0.0740,true,1,438554
8683323063024,false,ממתק בטעם תותי פרוטי בצורת שטיח,ליימן מותגים,TR,יוגטה חיספוסים שטיחי,גרמים,220.00,100 גרם,false,,6.90,0.0314,true,1,119211
8690120559995,false,וופל מצופה שוקולד מריר 35ג'*24 יח' NO1,קומרה,TR,מארז וופלים רויאל קנ,גרמים,840.00,100 גרם,false,,28.90,0.0344,true,1,331401
8690526009353,false,אי טי אי - מיני חטיף בוטנים נוגט קרמל מצופה שוקולד חלב 140 גרם,eti gida sanayi,TR,מיני חטיף בוטנים נוג,גרמים,140.00,100 גרם,false,,9.90,0.0707,true,1,259009
8690637704277,false,"שמפו ומרכך לשיער רגיל 600 מ""ל דאב",יונילוור - תורכיה,TR,שמפו יום יומי 2ב1 דא,מיליליטרים,600.00,"100 מ""ל",false,,19.90,0.0332,true,1,11778
8690637704291,false,שמפו לשיקום אינטנסיבי לשיער פגום,יוניליוור טורקיה. אז,TR,"שמפו משקם דאב 600 מ""",מיליליטרים,600.00,"100 מ""ל",false,,19.90,0.0332,true,1,11779
8690637704376,false,שמפו יום יומי לשיער רגיל,יוניליוור טורקיה. אז,TR,שמפו יום יומי דאב 60,מיליליטרים,600.00,"100 מ""ל",false,,19.90,0.0332,true,1,11780
8690637704390,false,"מרכך לשיער רגיל 600 מ""ל דאב",יוניליוור טורקיה. אז,TR,מרכך יום יומי דאב 60,מיליליטרים,600.00,"100 מ""ל",false,,19.90,0.0332,true,1,11781
8690766156374,false,שוקולד גודייבה מריר 72% מוצרי קקאו 90 גר,"אולקר מקבוצת פלאדיס,",TR,גודייבה שוקולד מריר,גרמים,90.00,100 גרם,false,,14.90,0.1656,true,1,227428
8690766156381,false,גודייבה שוקולד מריר 90% מוצקי קקאו 90 גרם,"אולקר מקבוצת פלאדיס,",TR,גודייבה ש.מריר מעולה,גרמים,90.00,100 גרם,false,,14.90,0.1656,true,1,221435
8690766156398,false,שוקולד חלב מעולה בתוספת שברי שקדים קלויים דבש ומלח 90ג',"אולקר מקבוצת פלאדיס,",TR,גודייבה שוקולד חלב ש,גרמים,90.00,100 גרם,false,,14.90,0.1656,true,1,238918
8690766156411,false,שוקולד מריר מעולה בטעם פלפל ורוד עם חתיכות תות מסוכר 90ג',"אולקר מקבוצת פלאדיס,",TR,גודייבה שוקולד מריר,גרמים,90.00,100 גרם,false,,14.90,0.1656,true,1,238903
8690777204071,false,פלפלים כבושים - חריפים,יוליניבר,TR,פלפל חריף סרה 640 גר,גרמים,640.00,100 גרם,false,,13.90,0.0217,true,1,3812
8690777206051,false,חצילים קלויים על האש סארה 650 גר',קוראהן פזלרמה וי דיס,TR,חציל קלוי על האש סרה,גרמים,650.00,100 גרם,false,,13.90,0.0214,true,1,3813
8690777221405,false,פלפל אדום קלויים על האש 650 גרם SERA,קוראהן פזלרמה וי דיס,TR,פלפל אדום קלוי על הא,גרמים,650.00,100 גרם,false,,13.90,0.0214,true,1,3814
8690784516440,false,דאק נוזל לניקוי מתקדם בניחוח לבנדה בודד 750מל,ג'ונסון,NL,דאק ג'ל נוזל לניקוי,מיליליטרים,750.00,"100 מ""ל",false,,11.50,0.0153,true,1,104254
8690946270074,false,פסטה ספגטי 500 גרם B,,,פסטה ספגטי 500 גרם B,גרמים,500.00,100 גרם,false,,3.90,0.0078,true,1,481475
8690946270111,false,פסטה פוזלי 500 גרם B,,,פסטה פוזלי 500 גרם B,גרמים,500.00,100 גרם,false,,3.90,0.0078,true,1,481476
8690946272207,false,פסטה פנה 500 גרם BAH,,,פסטה פנה 500 גרם BAH,גרמים,500.00,100 גרם,false,,3.90,0.0078,true,1,481478
8690946272320,false,פסטה מקרוני 500 גרם,,,פסטה מקרוני 500 גרם,גרמים,500.00,100 גרם,false,,3.90,0.0078,true,1,481479
8691058141238,false,ערמונים שלמים קלויים וקלופים 100 ג' Avel,,,AVEL ערמונים שלמים ק,גרמים,100.00,100 גרם,false,,4.90,0.0490,true,1,132873
8691900174032,false,קוטקס תחבושות נורמל 24 יח,,,תחבושות קוטקס נורמל,100 יח',24.00,100 יח',false,,17.90,0.7458,true,1,440645
8692952157165,false,"VEGA-מאג 300 מ""ל",,,"VEGA-מאג 300 מ""ל",אין,0.00,יחידה,false,,5.90,0.0000,true,1,350967
8693495037853,false,קולגייט מברשת סלים ספוט זוג,הנסיך- מפעל לייצור ט,CN,זוג מברשות סלים סופט,אין,0.00,יחידה,false,,33.90,0.0000,true,1,23853
8693495048019,false,מברשת שיניים קולגייט צרקול גולד 360,,,מברשת שיניים קולגייט,אין,0.00,יחידה,false,,10.90,0.0000,true,1,201480
8693495051002,false,מברשת שיניים לילדים מיניונים קולגייט 6+,קולגייט Colgate,,קולגייט מברשת ילדים,אין,0.00,יחידה,false,,10.90,0.0000,true,1,88934
8694732005116,false,סבון אסלה כחול שלישי,,,סבון אסלה כחול שלישי,אין,0.00,יחידה,false,,11.90,0.0000,true,1,474437
8694732005123,false,סבון אסלה צהוב שלישי,,,סבון אסלה צהוב שלישי,אין,0.00,יחידה,false,,11.90,0.0000,true,1,474438
8697975032505,false,"בקבוק ספורט 630 מ""ל",,,"בקבוק ספורט 630 מ""ל",אין,0.00,יחידה,false,,24.90,0.0000,true,1,438233
8698996000207,false,מגבות נייר 1/6,,,מגבות נייר 1/6,מטרים,0.00,מטר,false,,11.90,0.0000,true,1,483927
8698996003413,false,נייר סופג 9=1 JUMB,,,נייר סופג 9=1 JUMB,אין,0.00,יחידה,false,,19.90,0.0000,true,1,458355
8698996006353,false,ממחטות אף 3 שכבות 100 יח',,,ממחטות אף בקרטון 10,אין,0.00,יחידה,false,,10.90,0.0000,true,1,491555
8710428005762,false,תרכובת מזון לתינוקות על בסיס חלבון סויה איזומיל טף שלב 2,אבוט מעבדות רפואיות,ES,סימילאק צמחי שלב 2,גרמים,400.00,100 גרם,false,,44.90,0.1122,true,1,31759
8710502064814,false,עוגיות מרבה שוקולד ציפס במרקם רך 175 גר,בנקטבקריי מרבה בי.וי,NL,מרבה עוגיות שוקוציפס,גרמים,175.00,100 גרם,false,,9.90,0.0566,true,1,23864
8710502231018,false,מרבה מיני עוגיות שוקולד צ'יפס 175 גרם,"מרבה בע""מ",NL,מרבה עוגיות שוקולד צ,גרמים,175.00,100 גרם,false,,11.90,0.0680,true,1,274528
8710502470028,false,עוגיות שוקולד צ'יפס ממולאות בקרם נוגט,קריניציה ויטמינה אס,NL,מרבה עוגיות נוגטלי 1,גרמים,160.00,100 גרם,false,,9.90,0.0619,true,1,23875
8710502470035,false,מרבה פטיסרי עוגיות נוגטלי אגוזים 200 גרם,מרבה,NL,מרבה פטיסרי - עוגיות,גרמים,200.00,100 גרם,false,,11.50,0.0575,true,1,453629
8710800027573,false,סוכריות מיני מנטוס פירות שקית 178ג',ליימן מותגים,NL,מיני מנטוס שקית,גרמים,178.00,100 גרם,false,,17.80,0.1000,true,1,14187
8710800961310,false,סוכריות מנטוס תות מארז 37.5X4ג',פרפטי ואן מלה ברדה,NL,מנטוס 1/4 תות,גרמים,150.00,100 גרם,false,,11.30,0.0753,true,1,14189
8710908326691,false,תחליב רחצה דאב אדמונית 750 מל,יוניליוור גרמניה (בו,DE,תחליב רחצה אדמונית ד,מיליליטרים,750.00,"100 מ""ל",false,,21.90,0.0292,true,1,11800
8710908404184,false,דאו דאב ספריי אוריגינל 0% אלומיניום 150,"פרמול איטליה, קומון",IT,דאודורנט ספריי 0% אל,מיליליטרים,150.00,"100 מ""ל",false,,14.90,0.0993,true,1,472055
8711000371206,false,קפסולות קפה אספרסו ריסטרטו 10*52 ג' ג'ייקובס,קריניציה ויטמינה אס,FR,ג'ייקובס קפסולות קפה,גרמים,52.00,100 גרם,false,,18.90,0.3635,true,1,137175
8711000371244,false,קפסולות קפה אספרסו לונגו 10*52 ג' ג'ייקובס,ג'ייקובס Jacobs,FR,ג'ייקובס קפסולות קפה,גרמים,52.00,100 גרם,false,,18.90,0.3635,true,1,193009
8711327475663,false,פיינט וניל שוקולד לבן 260 ג' מגנום,"מפעל גלידות בווספרם,",HU,גלידת שמנת בטעם וניל,גרמים,260.00,100 גרם,false,,22.90,0.0881,true,1,300716
8712000051099,false,"שישיית בירה היינקן 0.0% אלכוהול 330 מ""ל",פארייפאבה אגרואינדוס,NL,הייניקן בירה 0% בק',ליטר,1.98,ליטר,false,,33.90,17.1212,true,1,140874
8712400802536,false,תרכובת מזון המשך לפעוטות על בסיס חלב שלב 3,נוטרישיה קאלק ב. ו.,NL,נוטרילון שלב 3- 800,גרמים,800.00,100 גרם,false,,69.90,0.0874,true,1,5920
8712561594240,false,"דאב תחליב רחצה להזנה עמוקה500 מ""ל-מרכז","יוניליוור גרמניה, Gm",DE,דאב תחליב רחצה להזנה,מיליליטרים,500.00,"100 מ""ל",false,,19.90,0.0398,true,1,11830
8712561594608,false,"דאב תחליב רחיצה להזנה עמוקה 750 מ""ל",יוניליוור גרמניה (בו,DE,תחליב רחצה להזנה עמו,מיליליטרים,750.00,"100 מ""ל",false,,21.90,0.0292,true,1,11831
8712561611183,false,"דאב - תחליב רחצה תה ירוק ומלפפון 500 מ""ל",יוניליוור גרמניה (בו,DE,דאב תחליב רחצה תה יר,מיליליטרים,500.00,"100 מ""ל",false,,19.90,0.0398,true,1,11832
8712561626286,false,"תחליב רחצה דאב זוהר כמשי 750 מ""ל",יוניליוור גרמניה (בו,DE,תחליב רחצה זוהר כמשי,מיליליטרים,750.00,"100 מ""ל",false,,21.90,0.0292,true,1,11835
8712561631570,false,"תחליב רחצה דאב חלב קוקוס 750 מ""ל",יוניליוור גרמניה (בו,DE,תחליב רחצה חלב קוקוס,מיליליטרים,750.00,"100 מ""ל",false,,21.90,0.0292,true,1,11837
8712561646024,false,"תחליב רחצה דאב קרם פיסטוק ומגנול 750 מ""ל",יוניליוור גרמניה (בו,DE,תחליב רחצה קרם פיסטו,מיליליטרים,750.00,"100 מ""ל",false,,21.90,0.0292,true,1,393448
8714599410530,false,גייקובס קרונינג שקית רפיל 200 גרם,גייקובס,UA,גייקובס קפה נמס 200ג,גרמים,200.00,100 גרם,false,,21.90,0.1095,true,1,104053
8714599412336,false,קפה נמס בריסטה אמריקנו קלוי וטחון 160 ג' ג'ייקובס,ג'ייקובס דאו אגברטס,RU,ג'ייקובס בריסטה אמרי,גרמים,160.00,100 גרם,false,,29.90,0.1869,true,1,366356
8714599513781,false,קפה נמס גולד מיובש בהקפאה 200 ג' ג'ייקובס,אל.אל. סי ג''יקובס ד,RU,קפה ג'יקובס גולד 200,גרמים,200.00,100 גרם,false,,30.90,0.1545,true,1,5907
8714599513866,false,"ג'ייקובס קרוננג מיובש בהקפאה כשל""פ 200 ג'",אל.אל.סי גייקובס דאו,DE,קפה ג'יקובס קרונונג,גרמים,200.00,100 גרם,false,,29.90,0.1495,true,1,5909
8714789177229,false,מברשת שיניים אקסטרה קלין מדיום - מארז רביעיה,הנסיך- מפעל לייצור ט,CN,מב.שיניים אקסטרא קלי,אין,0.00,יחידה,false,,11.90,0.0000,true,1,23878
8714789218465,false,מברשת שיניים קולגייט 360 מדיום זוג,הנסיך- מפעל לייצור ט,CN,זוג מברשות שיניים 36,אין,0.00,יחידה,false,,30.90,0.0000,true,1,23881
8714789303925,false,מברשת שיניים 360 Sensitive אקסטרא סופט - מארז זוג,קולגייט- פלמוליב,CH,זוג מברשת שיניים 360,אין,0.00,יחידה,false,,30.90,0.0000,true,1,23885
8714789402918,false,נוזל לניקוי כללי ולרצפה בניחוח פרחי בר,הנסיך- מפעל לייצור ט,GR,חגיגת הפרחים אדום אג,ליטר,1.50,ליטר,false,,21.90,14.6000,true,1,23886
8714789402932,false,נוזל לניקוי כללי ולרצפה בניחוח ורדים,הנסיך- מפעל לייצור ט,GR,אג'קס חגיגת הפרחים ו,ליטר,1.50,ליטר,false,,21.90,14.6000,true,1,23887
8714789402970,false,נוזל לניקוי כללי ולרצפה בניחוח פרחי אביב,הנסיך- מפעל לייצור ט,GR,אג'קס חגיגת הפרחים י,ליטר,1.50,ליטר,false,,21.90,14.6000,true,1,23888
8714789450315,false,פלמוליב נוזל כלים לימון 1.5 ליטר,הנסיך- מפעל לייצור ט,GR,פלמוליב שקוף לימון 1,ליטר,1.50,ליטר,false,,16.90,11.2667,true,1,23890
8714789797786,false,פלמוליב כלים שקוף גרם בלסטר 750,יבואן ומשווק: ש. שסט,GR,פלמוליב לכלים 4ב1 כ,מיליליטרים,750.00,"100 מ""ל",false,,12.90,0.0172,true,1,23907
8714789831275,false,קולגייט מברשת שיניים 360 אופטיק וואיט זוג,קולגייט פלמוליב,CN,קולגייט מברשת שיניים,אין,0.00,יחידה,false,,30.90,0.0000,true,1,23911
8714789834467,false,פלמוליב נ.כלים 1.5 ליטר-מרכז,פלמוליב Palmolive,GR,פלמוליב נוזל כלים 1.,ליטר,1.50,ליטר,false,,16.90,11.2667,true,1,23912
8714789930848,false,"משחת שיניים אופטיק וויט אינסטנט 75 מ""ל קולגייט",הנסיך- מפעל לייצור ט,PL,משחת שיניים אופטיק ו,מיליליטרים,75.00,"100 מ""ל",false,,21.90,0.2920,true,1,23918
8715700419732,false,מתבל עגבניות היינץ 7,ה.י. היינץ,NL,היינץ קטשופ 700 גרם,גרמים,700.00,100 גרם,false,,14.90,0.0213,true,1,6016
8715700423906,false,קטשופ מתובל עגבניות 50% פחות סוכר 555ג' היינץ,היינץ צפון אמריקה מק,NL,מתבל עגבניות היינץ 2,גרמים,555.00,100 גרם,false,,11.90,0.0214,true,1,115132
8717163607305,false,סבון מוצק גרגירים 4 *100 ג' דאב,יוניליוור גרמניה Gm,DE,סבון מוצק גרגירים דא,גרמים,400.00,100 גרם,false,,17.90,0.0447,true,1,11857
8717163655764,false,"רקסונה - דאודורנט ספריי לאישה שוואר פרש 150 מ""ל",קוסטר - תורכיה,TR,רקסונה ספריי שאוורפר,מיליליטרים,150.00,"100 מ""ל",false,,15.90,0.1060,true,1,223128
8718114734484,false,מיונז מיילי 320 גרם,בונגראן,FR,מיונז מיילי 320 גרם,גרמים,320.00,100 גרם,false,,17.90,0.0559,true,1,112418
8718951030169,false,משחת שיניים Sensifoam לשיניים רגישות ולהלבנה,קולגייט Colgate,PL,משחת קולגייט סנסטיב,מיליליטרים,75.00,"100 מ""ל",false,,19.90,0.2653,true,1,220075
8718951030206,false,"קולגייט סנסיטיב מולטי פרוטקשן משחת שיניים 75 מ""ל",קולגייט-פלמוליב,PL,משחת קולגייט סנסטיב,מיליליטרים,75.00,"100 מ""ל",false,,19.90,0.2653,true,1,220076
8718951044913,false,מרידול משחת שיניים הלבנה 75 מל,קולגייט פלמוליב,PL,משחת שיניים הלבנה מר,מיליליטרים,75.00,"100 מ""ל",false,,22.90,0.3053,true,1,23928
8718951093331,false,מרידול מברשת שיניים אקסטרה סופט זוג,קולגייט פלמוליב,,מברשת שיניים מרידול,אין,0.00,יחידה,false,,37.90,0.0000,true,1,23931
8718951144064,false,מרידול מברשת שיניים פרודונט אקספרט זוג,מרידול Meridol,,זוג מברשות שיניים פר,אין,0.00,יחידה,false,,37.90,0.0000,true,1,23936
8718951159808,false,מברשות שיניים 360 מדיום- מארז שלישייה,קולגייט פלמוליב,CN,מארז שלישייה מברשת 3,אין,0.00,יחידה,false,,35.90,0.0000,true,1,88940
8718951166288,false,"משחת שיניים קולגייט מקס וייט 125 מ""ל",הנסיך- מפעל לייצור ט,PL,קולגייט משחת שיניים,מיליליטרים,125.00,"100 מ""ל",false,,19.90,0.1592,true,1,132882
8718951166561,false,משחת שיניים לרעננות מוגברת max fresh cooling crystals,הנסיך- מפעל לייצור ט,PL,קולגייט משחת שיניים,מיליליטרים,125.00,"100 מ""ל",false,,19.90,0.1592,true,1,132883
8718951175600,false,"משחת שיניים קולגייט אוטאל קליין מינט 75 מ""ל",,,קולגייט משחת שיניים,מיליליטרים,75.00,"100 מ""ל",false,,14.90,0.1987,true,1,259527
8718951176874,false,"קולגייט מי פה מיניון 250 מ""ל",קולגייט-פלמוליב,PL,שטיפת פה מיניונים בט,מיליליטרים,250.00,"100 מ""ל",false,,15.90,0.0636,true,1,326533
8718951190191,false,"אג'קס ספריי לימון וסודה 500 מ""ל",קולגייט פלמוליב פירא,GR,אג'קס טריגר בוסט לימ,מיליליטרים,500.00,"100 מ""ל",false,,15.90,0.0318,true,1,133307
8718951236790,false,"קולגייט טוטאל משחת שיניים קלין מינט לפה בריא 100 מ""ל",קולגייט Colgate,PL,משחת שיניים קלין מינ,מיליליטרים,100.00,"100 מ""ל",false,,18.90,0.1890,true,1,135051
8718951264618,false,"קולגייט אופטיק וייט פחם צ'רקול משחת שיניים, 75 מ""ל",קולגייט-פלמוליב,PL,קולגייט אופטיק וייט,מיליליטרים,75.00,"100 מ""ל",false,,29.90,0.3987,true,1,219829
8718951286733,false,מ שיניים קולגייט אופטיק וייט לסטינג 75מל,קולגייט Colgate,PL,קולגייט אופטיק וייט,מיליליטרים,75.00,"100 מ""ל",false,,29.90,0.3987,true,1,346237
8718951315303,false,משחת שיניים קולגייט הגנה מקסימלית - מארז זוג,קולגייט-פלמוליב,PL,משחת שיניים קולגייט,מיליליטרים,200.00,"100 מ""ל",false,,20.90,0.1045,true,1,235105
8718951333048,false,"פלמוליב סבון לידיים למטבח, 300 מ""ל",הנסיך- מפעל לייצור ט,IT,סבון ידיים פלמוליב,מיליליטרים,300.00,"100 מ""ל",false,,10.90,0.0363,true,1,279717
8718951334120,false,"סופלין מרכך כביסה מרוכז לבנדר 650 מ""ל",CP UK,GR,סופלין מרכך כביסה מר,מיליליטרים,650.00,"100 מ""ל",false,,12.90,0.0198,true,1,219939
8718951382787,false,"משחת שיניים אופטיק וויט חימר ומינרלים 75 מ""ל קולגייט",קולגייט Colgate,PL,משחת שיניים אופטיק ו,מיליליטרים,75.00,"100 מ""ל",false,,29.90,0.3987,true,1,390219
8718951428522,false,"פלמוליב - ג'ל רחצה 4 ב-1 המפ לגבר 750 מ""ל",CP - Turkey+60,TR,סבון רחצה לגבר 4 ב-1,מיליליטרים,750.00,"100 מ""ל",false,,21.90,0.0292,true,1,390204
8718951431614,false,"סבון רחצה סו פירם מינרלים 750 מ""ל פלמוליב",קולגייט פלמוליב,IL,ג'ל רחצה פלמוליב So,מיליליטרים,750.00,"100 מ""ל",false,,21.90,0.0292,true,1,346252
8718951461444,false,"זוג משחת שיניים טוטאל הלבנה ביטיו *100 מ""ל קולגייט",קולגייט פלמוליב,PL,משחת שיניים קולגייט,מיליליטרים,200.00,"100 מ""ל",false,,32.90,0.1645,true,1,402162
8718951470323,false,קולגייט מברשת שיניים סופט פואם פחם זוג,קולגייט Colgate,CN,זוג מברשת שיניים סופ,אין,0.00,יחידה,false,,39.90,0.0000,true,1,475587
8718951498754,false,שישיית מברשות שיניים סופר פלקסי קולגייט,קולגייט פלמוליב,VN,מברשת שיניים פלקסי פ,אין,0.00,יחידה,false,,18.90,0.0000,true,1,440744
8718951509627,false,"משחת שיניים אופטיק וויט לאוהבי קפה 75 מ""ל קולגייט",קולגייט פלמוליב,PL,קולגייט וואייט להסרת,אין,0.00,יחידה,false,,29.90,0.0000,true,1,421255
8719200997998,false,מרגרינה למריחה בישול וטיגון 200 ג' בלו בנד,אתר חיפה מרגרינה - F,IL,בלו בנד לבישול וטיגו,גרמים,200.00,100 גרם,false,,4.90,0.0245,true,1,191486
8719200998001,false,מרגרינה לאפיה ובישול בלי מלח 200 ג' בלו בנד,מיוצר עי קונדיטוריית,IL,בלו בנד ללא מלח 200,גרמים,200.00,100 גרם,false,,4.90,0.0245,true,1,191487
8719200998094,false,מרגרינה מזולה בטעם טבעי ללא תוספת מלח,"מיוצר ע""י יוניליוור",IL,מזולה מרגרינה לאפייה,גרמים,200.00,100 גרם,false,,6.90,0.0345,true,1,191495
8719200998100,false,מרגרינה בטעם חמאה לאפייה 200 ג' מזולה,פארייפאבה אגרואינדוס,IL,מזולה מרגרינה לאפייה,גרמים,200.00,100 גרם,false,,6.90,0.0345,true,1,191496
8720100012445,false,וופל טוסט בלגי 6 יח 250 גרם בקרסלנד,דה בנקט גרופ,,וופל טוסט בלגי 250 ג,גרמים,250.00,100 גרם,false,,9.90,0.0396,true,1,117832
8720181114458,false,"אקס - דאודורנט ספריי לגבר לבן 150 מ""ל",,,דאורדורנט ספריי אקס,מיליליטרים,150.00,"100 מ""ל",false,,10.90,0.0727,true,1,433216
8720181201332,false,דאב אל סבון מוצק גרגרים 90 גרם *4,,DE,סבון מוצק גרגירים דא,גרמים,400.00,100 גרם,false,,17.90,0.0447,true,1,440521
8720182253156,false,דאב אל סבון מוצק מלפפונים 90 גרם *4,,DE,סבון מוצק מלפפון ות,גרמים,400.00,100 גרם,false,,17.90,0.0447,true,1,440522
8720182253194,false,סבון מוצק דאב מלפפונים ותה ירוק שישיית,,DE,סבון מוצק מלפפונים ד,גרמים,540.00,100 גרם,false,,24.90,0.0461,true,1,443505
8720182256362,false,שישיית סבון מוצק דאב קלאסי 540 גר',,DE,סבון מוצק קלאסי דאב,גרמים,540.00,100 גרם,false,,24.90,0.0461,true,1,443506
8720182256850,false,רביעיית מארז דאב סבון מוצק 360 גר',,DE,סבון מוצק לבן דאב 4*,גרמים,400.00,100 גרם,false,,17.90,0.0447,true,1,440523
8722700197508,false,גלייז חומץ בלסמי 250,,,גלייז חומץ בלסמי 250,מיליליטרים,250.00,"100 מ""ל",false,,43.90,0.1756,true,1,451013
8723400756552,false,מארז סוכריות מנטוס Mentos ריינבואו,פרפטי ואן מלה ברדה,NL,RAINBOW רביעית סוכרי,גרמים,150.00,100 גרם,false,,11.30,0.0753,true,1,14191
8801055707966,false,קפה טייסטר צו'יס נס קפה בריסטה 180ג',נסטלה קוריאה - קפה,IL,נס קפה טייסטרס צ'ויס,גרמים,180.00,100 גרם,false,,32.90,0.1828,true,1,21909
8801055709434,false,קפה נמס טייסטר צ'ויס קולומביה 100 גר',נסטלה קוריאה - קפה,KR,נסקפה טייסטרס צ'ויס,גרמים,100.00,100 גרם,false,,25.90,0.2590,true,1,357585
8801055709458,false,אבקה להכנת משקה קפה בטעם קפוצ'ינו קרמל,נסקפה Nescafe,KR,נסקפה קפוצ'ינו קרמל,גרמים,170.00,100 גרם,false,,20.50,0.1206,true,1,436069
8801055709465,false,אבקה להכנת משקה קפה בטעם קפוצ'ינו וניל,לוטה נסטלה קוריאה,DE,נסקפה קפוצ'ינו וניל,גרמים,185.00,100 גרם,false,,20.50,0.1108,true,1,400218
8801055709489,false,אבקה להכנת משקה קפה בטעם קפוצ'ינו אגוזים,נסקפה Nescafe,KR,נסקפה קפוצ'ינו אגוזי,גרמים,185.00,100 גרם,false,,20.50,0.1108,true,1,400234
8803733084512,false,קופסא 1.6 ליטר L&L,,,קופסא 1.6 ליטר L&L,אין,0.00,יחידה,false,,59.90,0.0000,true,1,50899
8803733085823,false,קופסא מרובעת - 1.6,,,קופסא מרובעת - 1.6,אין,0.00,יחידה,false,,65.90,0.0000,true,1,113178
8803733138857,false,"קופסא 950 מ""ל לאוכל",,,"קופסא 950 מ""ל לאוכל",אין,0.00,יחידה,false,,57.70,0.0000,true,1,124373
8803733180689,false,"קופסא 806 -350מ""ל L",,,"קופסא 806 -350מ""ל L",אין,0.00,יחידה,false,,25.90,0.0000,true,1,113166
8803733180788,false,"קופסא 807 -470 מ""ל עם מכסה ורוד/כחול/צהוב",,,"קופסא807 -470מ""ל L&L",אין,0.00,יחידה,false,,29.90,0.0000,true,1,113167
8803733180887,false,"קופסא 808 -850מ""ל L",,,"קופסא 808 -850מ""ל L",אין,0.00,יחידה,false,,29.90,0.0000,true,1,113168
8803733180986,false,קופסאת 809 1.3 ליטר,,,קופסאת 809 1.3 ליטר,אין,0.00,יחידה,false,,49.90,0.0000,true,1,59205
8803733181587,false,"קופסא 815 550 מ""ל",,,"קופסא 815 550 מ""ל",אין,0.00,יחידה,false,,24.90,0.0000,true,1,113171
8803733182218,false,קופסא 1.2 ליטר 822D עם מכסה ורוד/כחול/צהוב,,,קופסא 1.2 ליטר - L,אין,0.00,יחידה,false,,42.90,0.0000,true,1,113182
8803733182409,false,קופסא 1.6 ליטר L&L,,,קופסא 1.6 ליטר L&L,אין,0.00,יחידה,false,,52.90,0.0000,true,1,113183
8803733182577,false,קופסא 2.3 ליטר 825 L,,,קופסא 2.3 ליטר 825 L,אין,0.00,יחידה,false,,61.90,0.0000,true,1,48260
8803733813020,false,קופסת ואקום לקמח 813,,,קופסת ואקום לקמח 813,אין,0.00,יחידה,false,,59.90,0.0000,true,1,50903
8803733954006,false,קופסאת 954 לביצים,,,קופסאת 954 לביצים,אין,0.00,יחידה,false,,59.90,0.0000,true,1,50904
8809168840471,false,חטיף אצות מיובשות מז,ג'י וואן גלובול נאט,KR,חטיף אצות מיובשות 9,גרמים,4.50,100 גרם,false,,24.90,5.5333,true,1,412834
8850180040028,false,קמח טמפורה להכנת בלי,קרנחם אוטאי פחרה,TH,קמח טמפורה להכנת בלי,גרמים,500.00,100 גרם,false,,10.90,0.0218,true,1,15281
8850206250592,false,רוטב צ'ילי סריראצ'ה 540 גרם (מזרח ומערב),יאן וואל יון קו.לטד,TH,רוטב צ'ילי סיראצ'ה מ,גרמים,540.00,100 גרם,false,,19.90,0.0369,true,1,412819
8850367992164,false,קרם קוקוס 250 מל 20-22% ללא חומר משמר,טאפ פאד ונגפורן,TH,קרם קוקוס ללא גלוטן,גרמים,250.00,100 גרם,false,,7.90,0.0316,true,1,15284
8850389103111,false,"משקה קל סאפה בטעם ענבים 300 מ""ל",סאפה פובליק קומפני ל,TH,סאפה משקה אלוורה ענב,מיליליטרים,300.00,"100 מ""ל",false,,7.90,0.0263,true,1,43202
8850389105832,false,סאפה אלוורה תפוחים 1 ליטר,סאפה פובליק קומפני ל,TH,סאפה משקה אלוורה תפו,ליטר,1.00,ליטר,false,,13.90,13.9000,true,1,10396
8850632604402,false,יוגטה מקלות חמוצות שטיח בטעם מעורב24 יח',"ג'נרל קנדי בע""מ",TH,יוגטה ממתק תות ענבים,גרמים,50.00,100 גרם,false,,4.90,0.0980,true,1,14198
8851613101378,false,"נוזל קוקוס ארוי די 250 מ""ל",כלורוקס אוקלנד,TH,משקה קוקוס ארוי-די,מיליליטרים,250.00,"100 מ""ל",false,,10.90,0.0436,true,1,4360
8858271002870,false,"רוטב פאד תאי 250 מ""ל מקסצאפ","ייאן וואל יון בע""מ",TH,רוטב פאד תאי MAXCHUP,מיליליטרים,250.00,"100 מ""ל",false,,10.90,0.0436,true,1,15300
8858271002887,false,רוטב טריאקי 250 מ'ל - מקסצ'אפ,דאנינג יוה פודס קו,TH,רוטב טריאקי MAXCHUP,מיליליטרים,250.00,"100 מ""ל",false,,11.90,0.0476,true,1,15301
8858271004034,false,"רוטב צילי חריף 700 מ""ל מקסצאפ",דאנינג יוה פודס קו,TH,רוטב צ'ילי חריף MAXC,מיליליטרים,700.00,"100 מ""ל",false,,15.90,0.0227,true,1,15306
8858271004126,false,רוטב חמוץ מתוק 700 גרם מקסצאפ,יאן ונזל יון,TH,רוטב חמוץ מתוק MAXCH,מיליליטרים,700.00,"100 מ""ל",false,,15.90,0.0227,true,1,15307
8858271004799,false,"רוטב צילי מתוק אל פורפסיס 700 מ""ל",יאן ונזל יון,TH,רוטב צ'ילי מתוק מזרח,מיליליטרים,700.00,"100 מ""ל",false,,12.90,0.0184,true,1,15309
8858271005451,false,רוטב סויה פורמולה 1 - 250 מל מקסצאפ,yan wal yun corpara,TH,רוטב סויה בהיר-פורמו,מיליליטרים,700.00,"100 מ""ל",false,,10.90,0.0156,true,1,462200
8858271005772,false,"רוטב סויה ללא גלוטן 300 מ""ל",יאן ונזל יון,TH,רוטב סויה ללא גלוטן,מיליליטרים,300.00,"100 מ""ל",false,,16.90,0.0563,true,1,412804
8888021200256,false,סוללות אנרג'יזר MAX AA שמינייה,יצרן: אנרג'ייזר סינג,SG,AAאנרג'ייזר סוללות מ,אין,0.00,יחידה,false,,29.90,0.0000,true,1,6767
8888021200720,false,סוללות אנרג'יזר MAX AAA שמינייה,יצרן: אנרג'ייזר סינג,SG,AAAאנרג'ייזר סוללות,אין,0.00,יחידה,false,,29.90,0.0000,true,1,6768
8901314308443,false,מברשת שיניים שישייה,,,מברשת שיניים שישייה,אין,0.00,יחידה,false,,13.90,0.0000,true,1,405636
8901314532022,false,קולגייט זיז זג שרקול רבעייה סופט,,,רביעיית מברשת שיניים,אין,0.00,יחידה,false,,14.90,0.0000,true,1,395414
8901537024014,false,"אורז בסמטי מובחר 1 ק""ג - דוואט) יורה דיעה",הנסיך- מפעל לייצור ט,IN,וילי פוד אורז בסמטי,גרמים,1000.00,100 גרם,false,,14.90,0.0149,true,1,3822
8901537076679,false,"אורז בסמטי חום מלא 1 ק""ג דאוואט",האי נאם סי או אל.טי.,IN,אורז בסמטי חום מלא 1,אלף,1.00,"ק""ג",false,,16.90,16.9000,true,1,122490
8934868127130,false,"Sunlight נוזל כלים 750 מ""ל +משאבה",,,נוזל כלים סאן בניחוח,מיליליטרים,750.00,"100 מ""ל",false,,9.90,0.0132,true,1,298489
9000101380255,false,דיסקס לכביסה ניקיון הגייני 22 יח' פרסיל,פרסיל Persil,HU,פרסיל דיסקס לכביסה ל,יח',22.00,יח',false,,36.90,1.6773,true,1,327556
9000101417081,false,סבון אסלה ברף דלקס מגנוליה 50 גרם,,,סבון אסלה - ברף דלקס,גרמים,50.00,100 גרם,false,,9.90,0.1980,true,1,240340
9000101418163,false,"סבון אסלה בניחוח מתחלף תפוח ירוק נופר, 3 יחידות",ברף Bref,RS,ברף בניחוח מתחלף תפו,גרמים,150.00,100 גרם,false,,21.90,0.1460,true,1,430313
9000101511635,false,קפסולות ג'ל לכביסה פרסיל דיסקס לעור רגיש,פרסיל Persil,HU,פרסיל דיסקס סנסיטיב,יח',22.00,יח',false,,36.90,1.6773,true,1,430237
9000101512526,false,פרסיל - פאוור קאפס קפסולות ג'ל מרוכזות לכביסה 26 יח',פרסיל Persil,RS,פרסיל פאוור קאפס לכב,יח',26.00,יח',false,,36.90,1.4192,true,1,430238
9002859053849,false,גונץ-שוקולד סטיקס מריר תפוז 75 גרם,,,שוקולד סטיקס מריר תפ,גרמים,75.00,100 גרם,false,,11.90,0.1587,true,1,447921
9002859058172,false,בונבוניירה בננה ציפוי שוקולד מריר 300 גר,,AT,בננה ציפוי שוקולד מר,גרמים,300.00,100 גרם,false,,14.90,0.0497,true,1,20884
9002859075674,false,גונץ - אפרוחי שוקולד ברשת 100 גרם,,,אפרוחי שוקולד ברשת 1,גרמים,100.00,100 גרם,false,,9.90,0.0990,true,1,447691
9002859105630,false,גונץ מרציפן מצופה שוקולד חלב ונוגט 75 גר,,AT,מרציפן מצופה שוקולד,גרמים,75.00,100 גרם,false,,10.90,0.1453,true,1,447873
9002859105753,false,גונץ-ארנבי שוקולד חלב ברשת 100 גר,,,ארנבי שוקולד חלב ברש,גרמים,100.00,100 גרם,false,,9.90,0.0990,true,1,447622
9002975393843,false,סוכריות גילי הריבו גולדברס 70 גרם,"האריבו , ג'י.אם.בי.א",AT,סוכריות גומי בטעמי פ,גרמים,70.00,100 גרם,false,,7.90,0.1129,true,1,297305
9002975393850,false,סוכריות גילי הריבו וורמס 70 גרם,"האריבו , ג'י.אם.בי.א",AT,סוכריות גומי בטעמי פ,גרמים,70.00,100 גרם,false,,7.90,0.1129,true,1,297306
9008700128575,false,נקטר פסיפלורה 1 ל' RAUCH,ראוך Rauch,HU,נקטר פסיפלורה 1 ליטר,ליטר,1.00,ליטר,false,,11.20,11.2000,true,1,137840
9044400851672,false,סוכריות פז סוגים שונים + 3 מילויים,פז פרודקשיין יורו,HU,פז דמויות מתחלפות 25,גרמים,25.50,100 גרם,false,,11.90,0.4667,true,1,436658
9120025834723,false,חטיף אוראו מצונן 120 גרם רבנות,בובארד איטליה אס.פי.,IT,חטיף אוראו מצונן 120,גרמים,120.00,100 גרם,false,,14.90,0.1242,true,1,454037
9120025839896,false,חטיף מילקה מצונן 128 גרם,בובארד איטליה אס.פי.,IT,חטיף מילקה מצונן 128,גרמים,128.00,100 גרם,false,,14.90,0.1164,true,1,454598
9120097310583,false,חטיף שוקו בננה מיניונים מצונן 108 גרם,בובארד איטליה אס.פי.,IT,חטיף שוקו בננה מיניו,גרמים,108.00,100 גרם,false,,14.90,0.1380,true,1,454054
9310072028750,false,טים טם Tim Tam וופל שוקולד ציפוי כפול,"ארנוטס ביסקוויטס בע""",AU,טים טם קרם דאבל 200,גרמים,200.00,100 גרם,false,,20.90,0.1045,true,1,67688
9322969000022,false,פריכיות תירס עם סויה וזרעי פשתן ללא גלוטן,אף.סי תבליני בגליל ב,AU,פריכיות תירס עם סויה,גרמים,150.00,100 גרם,false,,13.90,0.0927,true,1,6771
9322969000039,false,פריכיות תירס 150 גרם עם 5 סוגי דגנים,,,פריכיות תירס עם 4 דג,גרמים,150.00,100 גרם,false,,13.90,0.0927,true,1,128080
9720188050109,false,טופוטי ממרח טופו בטעם גבינה 227 ג`,טופוטי ברנדס אינק.ג',IL,טופוטי ממרח טופו בטע,גרמים,225.00,100 גרם,false,,22.70,0.1009,true,1,7530
9720188060108,false,טופוטי ממרח על בסיס סויה בסגנון שמנת 340ג',טופוטי ברנדס אינק.ג',IL,טופוטי ממרח טופו בטע,גרמים,340.00,100 גרם,false,,22.70,0.0668,true,1,7532
9770793914006,false,עיתון גירוסלים פוסט יום שישי,,,עיתון ג`רוסלם פוסט,אין,0.00,יחידה,false,,22.00,0.0000,true,1,50408
9771565025005,false,עיתון מעריב שישי,,,`מעריב סופהשבוע`,אין,0.00,יחידה,false,,20.00,0.0000,true,1,50411
9771565038319,false,ידיעות אחרונות יום א,,,ידיעות אחרונות יום א,אין,0.00,יחידה,false,,0.50,0.0000,true,1,11040
9771565038326,false,ידיעות אחרונות יום ב,,,ידיעות אחרונות יום ב,אין,0.00,יחידה,false,,0.50,0.0000,true,1,11041
9771565038333,false,ידיעות אחרונות יום ג,,,ידיעות אחרונות יום ג,אין,0.00,יחידה,false,,0.50,0.0000,true,1,11042
9771565038340,false,ידיעות אחרונות יום ד,,,ידיעות אחרונות יום ד,אין,0.00,יחידה,false,,0.50,0.0000,true,1,11043
9771565038357,false,עיתון יום חול ידיעות,,,ידיעות אחרונות יום ה,אין,0.00,יחידה,false,,0.50,0.0000,true,1,11044
9771565039125,false,עיתון לאישה יום ב,,,לאשה יום ב`,אין,0.00,יחידה,false,,19.90,0.0000,true,1,11046
9771565051066,false,ידיעות אחרונות יום ו,,,ידיעות אחרונות יום ו,אין,0.00,יחידה,false,,12.00,0.0000,true,1,11057
