code,internal_code,name,manufacturer_name,manufacture_country,manufacturer_item_description,unit_qty,quantity,unit_of_measure,weighted,qty_in_package,price,unit_of_measure_price,allow_discount,status,item_id
12,true,עגבניות,,,עגבניות,קילוגרמים,1.00,"ק""ג",true,,7.90,7.9000,true,1,3071
13,true,עגבניות שרי אשכול,,,עגבניות שרי אשכול,קילוגרמים,1.00,"ק""ג",true,,17.90,17.9000,true,1,3228
16,true,עגבניות שרי לובלו,,,עגבניות שרי וורוד,קילוגרמים,1.00,"ק""ג",true,,24.90,24.9000,true,1,30875
17,true,עגבניה מגי,,,עגבניה מגי,קילוגרמים,1.00,"ק""ג",true,,16.90,16.9000,true,1,16672
19,true,עגבניה שרי מנומר,,,עגבניה שרי מנומר,קילוגרמים,1.00,"ק""ג",true,,24.90,24.9000,true,1,11896
20,true,מלפפון,,,מלפפון,קילוגרמים,1.00,"ק""ג",true,,7.90,7.9000,true,1,3073
21,true,עגבניות שרי צהוב,,,עגבניות שרי צהוב,קילוגרמים,1.00,"ק""ג",true,,24.90,24.9000,true,1,23645
31,true,גזר ארוז,,,גזר ארוז,קילוגרמים,1.00,"ק""ג",true,,4.90,4.9000,true,1,3074
40,true,סלק,,,סלק,קילוגרמים,1.00,"ק""ג",true,,6.90,6.9000,true,1,3075
46,true,גזר בתפזורת,,,גזר בתפזורת,קילוגרמים,1.00,"ק""ג",true,,6.90,6.9000,true,1,5113
50,true,כרוב לבן,,,כרוב לבן,קילוגרמים,1.00,"ק""ג",true,,4.90,4.9000,true,1,3076
51,true,כרוב אדום,,,כרוב אדום,קילוגרמים,1.00,"ק""ג",true,,7.90,7.9000,true,1,3077
61,true,פטריות שמפיניון,,,פטריות שמפיניון,קילוגרמים,1.00,"ק""ג",true,,41.90,41.9000,true,1,2753
71,true,צנון,,,צנון,קילוגרמים,1.00,"ק""ג",true,,7.90,7.9000,true,1,3080
93,true,בצל יבש,,,בצל יבש,קילוגרמים,1.00,"ק""ג",true,,5.90,5.9000,true,1,3083
95,true,בצל אדום,,,בצל אדום,קילוגרמים,1.00,"ק""ג",true,,7.90,7.9000,true,1,3084
105,true,זנגויל גינגר טרי,,,זנגויל טרי,קילוגרמים,1.00,"ק""ג",true,,25.00,25.0000,true,1,3086
110,true,בטטה מתוקה,,,בטטה מתוקה,קילוגרמים,1.00,"ק""ג",true,,9.90,9.9000,true,1,3087
131,true,דלורית,,,דלורית,קילוגרמים,1.00,"ק""ג",true,,5.90,5.9000,true,1,3089
141,true,חציל,,,חציל,קילוגרמים,1.00,"ק""ג",true,,7.90,7.9000,true,1,3090
151,true,פלפל ירוק כהה,,,פלפל ירוק כהה,קילוגרמים,1.00,"ק""ג",true,,10.90,10.9000,true,1,3091
152,true,פלפל ירוק חריף,,,פלפל ירוק חריף,קילוגרמים,1.00,"ק""ג",true,,11.90,11.9000,true,1,3092
153,true,פלפל אדום,,,פלפל אדום,קילוגרמים,1.00,"ק""ג",true,,12.90,12.9000,true,1,3093
154,true,פלפל צהוב,,,פלפל צהוב,קילוגרמים,1.00,"ק""ג",true,,12.90,12.9000,true,1,3094
156,true,פלפל כתום,,,פלפל כתום,קילוגרמים,1.00,"ק""ג",true,,12.90,12.9000,true,1,3095
157,true,פלפל שושקה,,,פלפל שושקה,קילוגרמים,1.00,"ק""ג",true,,14.90,14.9000,true,1,3096
160,true,לפת,,,לפת,קילוגרמים,1.00,"ק""ג",true,,7.90,7.9000,true,1,3097
161,true,פלפל בהיר,,,פלפל בהיר,קילוגרמים,1.00,"ק""ג",true,,10.90,10.9000,true,1,3098
169,true,דלעת ערמונים,,,דלעת ערמונים,קילוגרמים,1.00,"ק""ג",true,,14.90,14.9000,true,1,4434
170,true,קולורבי,,,קולורבי,קילוגרמים,1.00,"ק""ג",true,,9.90,9.9000,true,1,3099
172,true,שעועית ירוקה רחבה,,,שעועית ירוקה רחבה,קילוגרמים,1.00,"ק""ג",true,,29.90,29.9000,true,1,3171
180,true,קישואים,,,קישואים,קילוגרמים,1.00,"ק""ג",true,,9.90,9.9000,true,1,2736
182,true,קישוא כרעה,,,קישוא כרעה,קילוגרמים,1.00,"ק""ג",true,,11.90,11.9000,true,1,32149
185,true,קישוא זוקיני,,,קישוא זוקיני ירוק,קילוגרמים,1.00,"ק""ג",true,,12.90,12.9000,true,1,3100
191,true,שעועית ירוקה,,,שעועית ירוקה,קילוגרמים,1.00,"ק""ג",true,,29.90,29.9000,true,1,3102
195,true,לוביה,,,לוביה,קילוגרמים,1.00,"ק""ג",true,,39.90,39.9000,true,1,3213
200,true,תירס ארוז,,,תירס ארוז,קילוגרמים,1.00,"ק""ג",true,,8.90,8.9000,true,1,27249
210,true,שום לח,,,שום לח,קילוגרמים,1.00,"ק""ג",true,,21.90,21.9000,true,1,3103
240,true,פול ירוק,,,פול ירוק,קילוגרמים,1.00,"ק""ג",true,,12.90,12.9000,true,1,27233
260,true,חסה ערבית ראש,,,חסה ערבית ראש,יחידה,1.00,יחידה,false,1,5.90,5.9000,true,1,3107
265,true,פלפל רומרו,,,פלפל רומרו,קילוגרמים,1.00,"ק""ג",true,,14.90,14.9000,true,1,3110
279,true,שום יבש יחידה,,,שום יבש יחידה,Unknown,0.00,Unknown,false,1,6.90,0.0000,true,1,2961
284,true,שום,,,שום יבש,קילוגרמים,1.00,"ק""ג",true,,25.00,25.0000,true,1,3111
288,true,תפוא אדום ארוז,,,תפוא אדום ארוז,קילוגרמים,1.00,"ק""ג",true,,6.90,6.9000,true,1,3112
290,true,תפוא לבן ארוז,,,תפוא לבן ארוז,קילוגרמים,1.00,"ק""ג",true,,6.90,6.9000,true,1,2733
292,true,בטטה קסביה,,,בטטה קסביה,קילוגרמים,1.00,"ק""ג",true,,15.00,15.0000,true,1,3113
294,true,תפוא לבן בתפזורת,,,תפוא לבן בתפזורת,קילוגרמים,1.00,"ק""ג",true,,7.90,7.9000,true,1,3333
296,true,תפוא אדום בתפזורת,,,תפוא אדום בתפזורת,קילוגרמים,1.00,"ק""ג",true,,7.90,7.9000,true,1,3334
307,true,שומר,,,שומר,קילוגרמים,1.00,"ק""ג",true,,8.90,8.9000,true,1,3115
310,true,מלון,,,מלון,קילוגרמים,1.00,"ק""ג",true,,6.90,6.9000,true,1,26892
319,true,אבטיח מיני,,,אבטיח מיני,קילוגרמים,1.00,"ק""ג",true,,7.90,7.9000,true,1,3226
340,true,פטרוזיליה,,,פטרוזיליה,Unknown,0.00,Unknown,false,1,4.00,0.0000,true,1,3116
341,true,שמיר,,,שמיר,Unknown,0.00,Unknown,false,1,4.00,0.0000,true,1,3117
342,true,נענע,,,נענע,Unknown,0.00,Unknown,false,1,4.00,0.0000,true,1,3118
343,true,כוסברה,,,כוסברה,Unknown,0.00,Unknown,false,1,4.00,0.0000,true,1,3119
344,true,שורש פטרוזיליה,,,שורש פטרוזיליה,Unknown,0.00,Unknown,false,1,5.90,0.0000,true,1,3120
345,true,סלרי ראש,,,סלרי ראש,Unknown,0.00,Unknown,false,1,5.90,0.0000,true,1,3121
374,true,פטריות שמפניון ארוז,,,פטריות שמפניון ארוז 250 ג,Unknown,0.00,Unknown,false,1,9.90,0.0000,true,1,4570
427,true,פטריות פורטובלה,,,פטריות פורטובלה,קילוגרמים,1.00,"ק""ג",true,,41.90,41.9000,true,1,3123
500,true,תפוז,,,תפוז,קילוגרמים,1.00,"ק""ג",true,,7.90,7.9000,true,1,3124
501,true,תפוז סיני,,,תפוז סיני,קילוגרמים,1.00,"ק""ג",true,,10.90,10.9000,true,1,3125
504,true,תפוז למיץ ברשת,,,תפוז למיץ ברשת,קילוגרמים,1.00,"ק""ג",true,,6.90,6.9000,true,1,3126
513,true,קלמנטינות,,,קלמנטינות,קילוגרמים,1.00,"ק""ג",true,,8.90,8.9000,true,1,3451
520,true,אשכוליות,,,אשכוליות,קילוגרמים,1.00,"ק""ג",true,,7.90,7.9000,true,1,3128
525,true,פומלית,,,פומלית,קילוגרמים,1.00,"ק""ג",true,,7.90,7.9000,true,1,3129
530,true,לימון,,,לימון,קילוגרמים,1.00,"ק""ג",true,,9.90,9.9000,true,1,3130
540,true,בננות,,,בננות,קילוגרמים,1.00,"ק""ג",true,,7.90,7.9000,true,1,3131
546,true,קוקוס יחידה,,,קוקוס יחידה,Unknown,0.00,Unknown,false,1,5.90,0.0000,true,1,3448
561,true,אבוקדו,,,אבוקדו,קילוגרמים,1.00,"ק""ג",true,,14.90,14.9000,true,1,3132
570,true,רימון,,,רימון,קילוגרמים,1.00,"ק""ג",true,,9.90,9.9000,true,1,3133
573,true,פומלה,,,פומלה,קילוגרמים,1.00,"ק""ג",true,,8.90,8.9000,true,1,2988
580,true,חבושים,,,חבושים,קילוגרמים,1.00,"ק""ג",true,,14.90,14.9000,true,1,3134
595,true,אפרסק,,,אפרסק,קילוגרמים,1.00,"ק""ג",true,,14.90,14.9000,true,1,3136
603,true,אגס,,,אגס,קילוגרמים,1.00,"ק""ג",true,,15.90,15.9000,true,1,2732
605,true,קיווי,,,קיווי,קילוגרמים,1.00,"ק""ג",true,,19.90,19.9000,true,1,3140
606,true,אגס אדום,,,אגס אדום/חום,קילוגרמים,1.00,"ק""ג",true,,15.90,15.9000,true,1,3139
610,true,סברס,,,סברס,קילוגרמים,1.00,"ק""ג",true,,29.90,29.9000,true,1,3138
620,true,גויאבות,,,גויאבות,קילוגרמים,1.00,"ק""ג",true,,15.90,15.9000,true,1,3141
660,true,מנגו,,,מנגו,קילוגרמים,1.00,"ק""ג",true,,12.90,12.9000,true,1,3143
683,true,אפרסמון קרמבו,,,אפרסמון קרמבו,קילוגרמים,1.00,"ק""ג",true,,15.90,15.9000,true,1,14896
691,true,תפוח עץ סמיט,,,תפוח עץ סמיט,קילוגרמים,1.00,"ק""ג",true,,11.90,11.9000,true,1,3147
695,true,אננס,,,אננס,קילוגרמים,1.00,"ק""ג",true,,35.00,35.0000,true,1,5379
756,true,תפוח עץ קריספ פינק,,,תפוח עץ קריספ פינק,קילוגרמים,1.00,"ק""ג",true,,19.90,19.9000,true,1,1168
763,true,שזיף אבטיח,,,שזיף אבטיח,קילוגרמים,1.00,"ק""ג",true,,21.90,21.9000,true,1,5066
777,true,תפוח עץ מוזהב,,,תפוח עץ מוזהב,קילוגרמים,1.00,"ק""ג",true,,11.90,11.9000,true,1,3158
779,true,תפוח עץ חרמון,,,תפוח עץ חרמון,קילוגרמים,1.00,"ק""ג",true,,11.90,11.9000,true,1,3148
785,true,תפוח עץ גאלה,,,תפוח עץ גאלה,קילוגרמים,1.00,"ק""ג",true,,11.90,11.9000,true,1,3149
790,true,תפוח עץ יונתן,,,תפוח עץ יונתן,קילוגרמים,1.00,"ק""ג",true,,11.90,11.9000,true,1,3150
846,true,נקטרינה,,,נקטרינה,קילוגרמים,1.00,"ק""ג",true,,14.90,14.9000,true,1,3153
851,true,שזיף אדום,,,שזיף אדום,קילוגרמים,1.00,"ק""ג",true,,16.90,16.9000,true,1,3154
852,true,שזיף שגיב,,,שזיף שגיב,קילוגרמים,1.00,"ק""ג",true,,15.90,15.9000,true,1,3246
866,true,פטיה צהובה יח,,,פטיה צהובה יח,Unknown,0.00,Unknown,false,1,15.90,0.0000,true,1,3156
867,true,פטיה ורודה יח,,,פטיה ורודה יח,Unknown,0.00,Unknown,false,1,16.90,0.0000,true,1,17779
870,true,משמש,,,משמש,קילוגרמים,1.00,"ק""ג",true,,22.90,22.9000,true,1,3157
880,true,קובו,,,קובו,קילוגרמים,1.00,"ק""ג",true,,24.90,24.9000,true,1,24497
890,true,תמר צהוב,,,תמר צהוב,קילוגרמים,1.00,"ק""ג",true,,16.90,16.9000,true,1,3267
1020,true,דמי פקדון 1.20 שח רב,,,דמי פקדון 1.20 שח רביעיה,Unknown,0.00,Unknown,false,1,1.20,0.0000,true,1,1867
1104,true,פטריות פורטובלה יח,,,פטריות פורטובלה יח,Unknown,0.00,Unknown,false,1,11.90,0.0000,true,1,469
5355,true,עוגת שטרודל בטעמים,,,עוגת שטרודל בטעמים,Unknown,0.00,Unknown,false,1,34.90,0.0000,true,1,305
5560,true,חלבה וניל ללא סוכר ב,,,חלבה וניל ללא סוכר במשקל,קילוגרמים,1.00,"ק""ג",true,,65.00,65.0000,true,1,8952
5577,true,חלבה אלארז בטעמים,,,חלבה אלארז בטעמים,קילוגרמים,1.00,"ק""ג",true,,65.00,65.0000,true,1,7898
6116,true,מארז5לחמניות כריך/קש,בונז'ור,,מארז5לחמניות כריך/קשר/קלועה,Unknown,0.00,Unknown,false,1,12.90,0.0000,true,1,6474
6130,true,מארז 5 יח בייבי חליו,בונז'ור,,מארז 5 יח בייבי חליות,Unknown,0.00,Unknown,false,1,11.90,0.0000,true,1,6476
6147,true,מארז5לחמניות ח.מלאה/,בונז'ור,,מארז5לחמניות ח.מלאה/דגנים,Unknown,0.00,Unknown,false,1,13.90,0.0000,true,1,6477
6154,true,לחמניה סוגים שונים,בונז'ור,,לחמניה סוגים שונים,Unknown,0.00,Unknown,false,1,2.90,0.0000,true,1,6643
6192,true,עוגיות שוקוציפס,בונז'ור,,לחם מתובל שום ושמיר,קילוגרמים,1.00,"ק""ג",true,,56.90,56.9000,true,1,7050
6215,true,בורקס פילו בטעמים,בונז'ור,,בורקס פילו בטעמים,קילוגרמים,1.00,"ק""ג",true,,50.00,50.0000,true,1,9082
6222,true,סופגניה מיני,בונז'ור,,סופגניה מיני,Unknown,0.00,Unknown,false,1,3.00,0.0000,true,1,7951
6338,true,מארז8 מיני סופגניות,בונז'ור,,מארז8 מיני סופגניות,Unknown,0.00,Unknown,false,1,20.00,0.0000,true,1,7952
6390,true,עוגיות אוזני פיל,בונז'ור,,מארז 6 לחמניות ילדים חיטה מלאה,קילוגרמים,1.00,"ק""ג",true,,29.90,29.9000,true,1,9608
6468,true,לחמי מחמצת בונזור,בונז'ור,,לחם מחמצת,Unknown,0.00,Unknown,false,1,17.90,0.0000,true,1,18667
12636,true,מארז6 סופגניות גדולו,בונז'ור,,מארז6 סופגניות גדולות,Unknown,0.00,Unknown,false,1,22.00,0.0000,true,1,2527
900087,true,שיפודי שוארמה הודו ט,,,שיפודי שוארמה הודו טרי,קילוגרמים,1.00,"ק""ג",true,,74.90,74.9000,true,1,2464
901589,true,פילה עגל טרי,,,פילה עגל טרי,קילוגרמים,1.00,"ק""ג",true,,245.00,245.0000,true,1,2621
901602,true,שניצל הודו פרוס טרי,,,שניצל הודו פרוס טרי,קילוגרמים,1.00,"ק""ג",true,,39.90,39.9000,true,1,2635
901640,true,זנב עגל טרי,,,זנב עגל טרי,קילוגרמים,1.00,"ק""ג",true,,55.00,55.0000,true,1,2849
903545,true,גבינה צהובה 28% נעם,,,גבינה צהובה 28% נעם במשקל***,קילוגרמים,1.00,"ק""ג",true,,44.79,44.7900,true,1,2878
903576,true,גבינת גאודה במשקל כש,הנרי בליך,,גבינת גאודה במשקל כשרה,קילוגרמים,1.00,"ק""ג",true,,79.00,79.0000,true,1,3506
910000,true,עוף טרי שלם,,,עוף טרי שלם,קילוגרמים,1.00,"ק""ג",true,,19.90,19.9000,true,1,3396
910017,true,עוף טרי מפורק,,,עוף טרי מפורק,קילוגרמים,1.00,"ק""ג",true,,20.90,20.9000,true,1,3397
910031,true,חזה עוף טרי שלם,,,חזה עוף טרי שלם,קילוגרמים,1.00,"ק""ג",true,,36.90,36.9000,true,1,3398
910062,true,בשר עוף טחון טרי,,,בשר עוף טחון טרי,קילוגרמים,1.00,"ק""ג",true,,36.90,36.9000,true,1,3400
910079,true,שניצל עוף טרי,,,שניצל עוף פרוס טרי,קילוגרמים,1.00,"ק""ג",true,,38.90,38.9000,true,1,3401
910093,true,כרעיים עוף טרי,,,כרעיים עוף טרי,קילוגרמים,1.00,"ק""ג",true,,28.90,28.9000,true,1,3403
910116,true,ירך עוף טרי,,,ירך עוף טרי,קילוגרמים,1.00,"ק""ג",true,,28.90,28.9000,true,1,3405
910130,true,שוקיים עוף טרי,,,שוקיים עוף טרי,קילוגרמים,1.00,"ק""ג",true,,32.90,32.9000,true,1,3407
910154,true,כנפיים עוף טרי.,,,כנפיים עוף טרי,קילוגרמים,1.00,"ק""ג",true,,11.90,11.9000,true,1,3408
910178,true,לבבות עוף טרי,,,לבבות עוף טרי,קילוגרמים,1.00,"ק""ג",true,,29.90,29.9000,true,1,3409
910192,true,כבד עוף טרי,,,כבד עוף טרי,קילוגרמים,1.00,"ק""ג",true,,19.90,19.9000,true,1,3410
910208,true,פרגיות עוף טרי,,,פרגיות עוף טרי,קילוגרמים,1.00,"ק""ג",true,,69.90,69.9000,true,1,3411
910215,true,פרגיות עוף משופד,,,פרגיות עוף משופד,קילוגרמים,1.00,"ק""ג",true,,72.90,72.9000,true,1,3412
910253,true,גרון עוף טרי,,,גרון עוף טרי,קילוגרמים,1.00,"ק""ג",true,,9.90,9.9000,true,1,3414
910277,true,חזה הודו טרי,,,חזה הודו טרי,קילוגרמים,1.00,"ק""ג",true,,34.90,34.9000,true,1,3416
910291,true,פלפל צילי חריף יחידה,,,פלפל צילי חריף יחידה,Unknown,0.00,Unknown,false,1,10.00,0.0000,true,1,3417
910321,true,שוקיים הודו טרי,,,שוקיים הודו טרי,קילוגרמים,1.00,"ק""ג",true,,29.90,29.9000,true,1,3419
910369,true,כנפיים הודו טרי,,,כנפיים הודו טרי,קילוגרמים,1.00,"ק""ג",true,,12.90,12.9000,true,1,3422
910390,true,גרון הודו טרי,,,גרון הודו טרי,קילוגרמים,1.00,"ק""ג",true,,29.90,29.9000,true,1,3425
910420,true,שווארמה הודו טרי,,,שווארמה הודו טרי,קילוגרמים,1.00,"ק""ג",true,,69.90,69.9000,true,1,3427
911007,true,רצועות עוף סיני,,,רצועות עוף סיני,קילוגרמים,1.00,"ק""ג",true,,39.90,39.9000,true,1,4131
911014,true,פילה עוף טרי,,,פילה עוף טרי,קילוגרמים,1.00,"ק""ג",true,,38.90,38.9000,true,1,4132
911069,true,צלי כתף עגל טרי,,,צלי כתף עגל טרי,קילוגרמים,1.00,"ק""ג",true,,90.00,90.0000,true,1,4133
911519,true,שניצל עגל טרי,,,שניצל עגל טרי,קילוגרמים,1.00,"ק""ג",true,,95.00,95.0000,true,1,4138
911540,true,בשר עגל טרי,,,בשר עגל טרי,קילוגרמים,1.00,"ק""ג",true,,85.00,85.0000,true,1,4140
911694,true,צלעות טלה טרי,,,צלעות כבש טרי,קילוגרמים,1.00,"ק""ג",true,,180.00,180.0000,true,1,4145
911700,true,כתף טלה טרי עם עצם,,,כתף כבש טרי,קילוגרמים,1.00,"ק""ג",true,,120.00,120.0000,true,1,4146
911854,true,סטייק טרי עם עצם,,,סטייק עם עצם טרי,קילוגרמים,1.00,"ק""ג",true,,129.90,129.9000,true,1,4243
911878,true,עצם מח,,,עצם מח,קילוגרמים,1.00,"ק""ג",true,,40.00,40.0000,true,1,4435
920047,true,גבינה צהובה נעם 22%,,,גבינה צהובה נעם 22% במשקל***,קילוגרמים,1.00,"ק""ג",true,,42.58,42.5800,true,1,4152
920054,true,לחם דגנים/שיפון רוסי,,,לחם דגנים/שיפון רוסי בונזור אפוי חל,Unknown,0.00,Unknown,false,1,13.90,0.0000,true,1,4153
920061,true,חלה מתוקה קלועה,,,חלה מתוקה קלועה,Unknown,0.00,Unknown,false,1,11.90,0.0000,true,1,4154
920115,true,מארז לחמניה אצבע 10,,,מארז לחמניה אצבע 10 יח בשקית,Unknown,0.00,Unknown,false,1,16.90,0.0000,true,1,4638
920122,true,מארז 10 לחמניות קטנו,,,מארז 10 לחמניות קטנות פטיט פן בשקית,Unknown,0.00,Unknown,false,1,12.90,0.0000,true,1,4639
925127,true,גבינת סטילטון במשקל,וואקפום,,גבינת סטילטון במשקל,קילוגרמים,1.00,"ק""ג",true,,189.00,189.0000,true,1,3572
930183,true,צוואר טלה טרי,,,צוואר כבש טרי,קילוגרמים,1.00,"ק""ג",true,,90.00,90.0000,true,1,4162
961118,true,גבינת פרמזאנו ריגאנו,,,גבינת פרמזאנו ריגאנו  ריסטרטו,קילוגרמים,1.00,"ק""ג",true,,159.00,159.0000,true,1,4473
961170,true,גבינת גאודה עיזים מי,הנרי בליך,,גבינת גאודה עיזים מיושנת במשקל,קילוגרמים,1.00,"ק""ג",true,,169.00,169.0000,true,1,4479
961217,true,דג פילה הרינג בשמן/כ,,,דג פילה הרינג בשמן/כבוש במשקל,קילוגרמים,1.00,"ק""ג",true,,45.00,45.0000,true,1,4483
961361,true,דג פלמידה בינוני במש,,,דג פלמידה בינוני במשקל,קילוגרמים,1.00,"ק""ג",true,,59.00,59.0000,true,1,5140
970509,true,קרם ציז במשקל,אלוויר,,קרם ציז במשקל,קילוגרמים,1.00,"ק""ג",true,,69.00,69.0000,true,1,5114
995410,true,נבטים סיניים,,,נבטים סיניים,Unknown,0.00,Unknown,false,1,7.00,0.0000,true,1,6115
999005,true,כבד עגל טרי,,,כבד עגל טרי,קילוגרמים,1.00,"ק""ג",true,,40.00,40.0000,true,1,2920
999043,true,גבינת צדר במשקל,וואקפום,,גבינת צדר במשקל,קילוגרמים,1.00,"ק""ג",true,,120.00,120.0000,true,1,4363
1216293,true,חלבה פולי קפה אלארז,,,חלבה פולי קפה אלארז,קילוגרמים,1.00,"ק""ג",true,,65.00,65.0000,true,1,57206
2439530,true,סינטה בקר טרי אזול א,,,סינטה בקר טרי ארגנטיני,קילוגרמים,1.00,"ק""ג",true,,150.00,150.0000,true,1,51687
2766056,true,עגבניות שרי ווטני/תמ,,,עגבניות שרי ויטני,יחידה,1.00,יחידה,false,1,10.90,10.9000,true,1,23626
2866916,true,פילה סלמון ארוז טרי,,,פילה סלמון ארוז טרי במגשית,קילוגרמים,1.00,"ק""ג",true,,139.90,139.9000,true,1,21157
2866992,true,פילה אמנון טרי ארוז,,,פילה אמנון טרי ארוז מגשית,קילוגרמים,1.00,"ק""ג",true,,96.90,96.9000,true,1,21156
4230722,true,זוג דג דניס טרי שלם,,,זוג דג דניס טרי שלם ארוז במגשית,קילוגרמים,1.00,"ק""ג",false,1,45.00,45.0000,true,1,27629
5678318,true,ענבים לבנים אוטם קרי,,,ענבים לבנים אוטם קריספ,קילוגרמים,1.00,"ק""ג",true,,29.90,29.9000,true,1,38514
5678585,true,ענב טלי סקרלוטה אדום,,,ענב סקרלוטה,קילוגרמים,1.00,"ק""ג",true,,25.90,25.9000,true,1,34622
5678738,true,ענבים לבנים אררה ללא,,,ענבים לבנים אררה ללא גרעינים,קילוגרמים,1.00,"ק""ג",true,,22.90,22.9000,true,1,38696
5736353,true,גבינת פרמזאנו ריגאנו,,,גבינת פרמזאנו ריגאנו ריסטרטו,קילוגרמים,1.00,"ק""ג",true,,159.00,159.0000,true,1,43660
8403900,true,גבינת גאודה עגבניות,הנרי בליך,NL,גבינת גאודה עגבניות וזיתים במשקל,קילוגרמים,1.00,"ק""ג",true,,109.00,109.0000,false,1,44779
8403917,true,גבינת גאודה פסטו ירו,הנרי בליך,NL,גבינת גאודה פסטו ירוק במשקל,קילוגרמים,1.00,"ק""ג",true,,129.00,129.0000,false,1,44778
8403931,true,גבינת גאודה כמון במש,הנרי בליך,NL,גבינת גאודה כמון במשקל,קילוגרמים,1.00,"ק""ג",true,,109.00,109.0000,false,1,44780
8940153,true,גבינת פילדלפיה במשקל,,,גבינת פילדלפיה במשקל קרם ציז,קילוגרמים,1.00,"ק""ג",true,,60.00,60.0000,true,1,58228
32147230,false,מיץ לימון סיציליה200,סידג,CH,מיץ לימון משומר 200 מל,מיליליטרים,200.00,"100 מ""ל",false,12,7.50,3.7500,true,1,7683
40099132,false,מסטיק הובה בובה צאנק,,,מסטיק הובה בובה צאנק תות 35 גר,Unknown,0.00,Unknown,false,1,3.00,0.0000,true,1,12660
40111216,false,חטיף באונטי 57 ג,מרס,,חטיף באונטי 57 ג,Unknown,0.00,Unknown,false,1,3.90,0.0000,true,1,1800
40173351,false,בירה מייזל חיטה אורג,,,בירה מייזל חיטה אורגינל 500מל בק. פקדון,מיליליטרים,500.00,"100 מ""ל",false,20,11.90,2.3800,true,1,47931
42123866,false,מסטיק הובה בובה טעם,,,מסטיק הובה בובה טעם קלאסי 35 גר,Unknown,0.00,Unknown,false,1,3.00,0.0000,true,1,6065
42182115,false,מסטיק פייב ספירמינט,,,גמסטיק 5 בטעם מנטה עדינה 31 גר,Unknown,0.00,Unknown,false,1,6.90,0.0000,true,1,9432
42188889,false,מסטיק סטיקס פייב אבט,,,מסטיק 5 בטעם אבטיח 31 גר,Unknown,0.00,Unknown,false,1,6.90,0.0000,true,1,10311
50204830,false,אוטן אקטיב תרסיס ללא,,,אוטן אקטיב תרסיס ללא גז נגד יתושים 100 מ,מיליליטרים,10000.00,"100 מ""ל",false,1,19.90,0.1990,true,1,4825
50409013,false,מלפפון חמוץ מסורתי 6,EMPIRE BESPOKE FOODS,,מלפפון חמוץ מסורתי 670 גר מר אלסווד,גרמים,670.00,100 גרם,false,1,23.00,3.4328,true,1,17237
50409020,false,מלפפון חמוץ מתוק 670,EMPIRE BESPOKE FOODS,,מלפפון חמוץ מתוק 670 גר מר אלסווד,גרמים,670.00,100 גרם,false,1,23.00,3.4328,true,1,17235
54051140,false,מעדן סויה אלפרו וניל,ALPRO,,מעדן סויה אלפרו וניל 4 יח,מיליליטרים,600.00,"100 מ""ל",false,1,17.90,2.9833,true,1,6726
54051157,false,מעדו סויה אלפרו שוקו,ALPRO,,מעדו סויה אלפרו שוקו 4 יח,מיליליטרים,600.00,"100 מ""ל",false,1,17.90,2.9833,true,1,6725
54125063,false,בירה דובדבנים 250מל,בווריה,,בירה דובדבנים 250מל רודנבאך בק.פקדון,מיליליטרים,250.00,"100 מ""ל",false,24,11.90,4.7600,true,1,46869
59013662,false,דאודורנט דאב רול און,יוניליוור,,דאודורנט דאב רול און קקאו 50מל,Unknown,0.00,Unknown,false,1,16.90,0.0000,true,1,48761
59016441,false,דאודורנט רקסונה רול,יוניליוור,GB,דאודורנט רקסונה רול און פרוט ספין 50מל,Unknown,0.00,Unknown,false,6,19.90,0.0000,true,1,46720
59079378,false,דאודורנט אקס רול און,יוניליוור,GB,דאודורנט אקס רול און אייס ציל 50מל,Unknown,0.00,Unknown,false,12,16.90,0.0000,true,1,45199
59082538,false,דאודורנט רקסונה רול,יוניליוור,GB,דאודורנט רקסונה רול און ליצי 50מל,Unknown,0.00,Unknown,false,6,19.90,0.0000,true,1,44302
59082637,false,דאודאורנט רקסונה רול,יוניליוור,,דאודאורנט רקסונה רול און אינבזיבל 50מל,Unknown,0.00,Unknown,false,1,19.90,0.0000,true,1,43896
59085645,false,דאודורנט דאב רולאון,יוניליוור,,דאודורנט דאב רולאון אסאי 50מל,Unknown,0.00,Unknown,false,1,16.90,0.0000,true,1,52849
72909799,false,חטיף קליק מלוי נוגט,יוניליוור,,חטיף קליק מלוי נוגט 35 גרם,Unknown,0.00,Unknown,false,1,5.00,0.0000,true,1,3432
72917329,false,חטיף אגוזי 45 גר,,,חטיף אגוזי 45 גר,Unknown,0.00,Unknown,false,1,5.00,0.0000,true,1,1901
72940754,false,מעדן מילקי וניל 135,,,מעדן מילקי וניל 135 גרם,גרמים,135.00,100 גרם,false,1,2.90,2.1481,true,1,1906
72940761,false,מעדן מילקי שוקו 135,,,מעדן מילקי שוקו 135 גרם,גרמים,135.00,100 גרם,false,1,2.90,2.1481,true,1,1907
72940952,false,מילקי פי 2 קצפת 111,,,מילקי פי 2 קצפת 111 גרם,גרמים,111.00,100 גרם,false,1,4.00,3.6036,true,1,2889
72941041,false,מילקי מיני שוקולד 71,,,מילקי מיני שוקולד 71 גר,Unknown,0.00,Unknown,false,1,2.00,0.0000,true,1,2287
72945308,false,שמרים קוביות 50 גרם,,,שמרים קוביות 50 גרם,Unknown,0.00,Unknown,false,1,4.20,0.0000,true,1,1908
72961506,false,פרילי תות 125 גר,,,פרילי תות 125 גר,גרמים,125.00,100 גרם,false,1,3.60,2.8800,true,1,1910
72961520,false,פרילי אננס125 גר,,,פרילי אננס125 גר,גרמים,125.00,100 גרם,false,1,3.60,2.8800,true,1,1912
72961544,false,באדי תות125 גר,,,באדי תות125 גר,גרמים,125.00,100 גרם,false,1,3.10,2.4800,true,1,1913
72963753,false,שמנת של פעם 27% 200,,,שמנת של פעם 27% 200 מל,מיליליטרים,200.00,"100 מ""ל",false,1,4.50,2.2500,true,1,1917
72983225,false,מעדן מילקי הפוך 123,,,מעדן מילקי הפוך 123 גר,גרמים,123.00,100 גרם,false,1,4.00,3.2520,true,1,4444
72986370,false,גל.וניל בן אנד גריס,מוצרי איכות אמריקאיי,,גל.וניל בן אנד גריס 500 מל פיינט,מיליליטרים,473.00,"100 מ""ל",false,1,19.90,4.2072,true,1,3631
72986424,false,גל.קרם עוגיות בן אנד,מוצרי איכות אמריקאיי,,גל.קרם עוגיות בן אנד גריס 500 מל פיינט,גרמים,0.00,100 גרם,false,1,19.90,0.0000,true,1,3632
72986448,false,גל.טופי קראנץ בן אנד,מוצרי איכות אמריקאיי,,גל.טופי קראנץ בן אנד גריס 500 מל פיינט,גרמים,0.00,100 גרם,false,1,19.90,0.0000,true,1,3633
72986455,false,גל.ניו יורק סופר בן,מוצרי איכות אמריקאיי,,גל.ניו יורק סופר בן אנד גריס 500 מל פיינ,גרמים,0.00,100 גרם,false,1,19.90,0.0000,true,1,3634
72986479,false,גל.צאנקי בן אנד גריס,מוצרי איכות אמריקאיי,,גל.צאנקי בן אנד גריס 500 מל פיינט,גרמים,0.00,100 גרם,false,1,19.90,0.0000,true,1,3635
72989425,false,גל.שוקולד בראוניס בן,מוצרי איכות אמריקאיי,,גל.שוקולד בראוניס בן אנד גריס 500 מל פיי,גרמים,0.00,100 גרם,false,1,19.90,0.0000,true,1,4529
72991886,false,גל.דולצה דה לצה בן א,מוצרי איכות אמריקאיי,,גל.דולצה דה לצה בן אנד גריס 500 מל פיינט,גרמים,0.00,100 גרם,false,1,19.90,0.0000,true,1,3636
72993637,false,מעדן דני שוקולד 125,,,מעדן דני שוקולד 125 גר,גרמים,125.00,100 גרם,false,1,2.70,2.1600,true,1,7409
72994061,false,חטיף פסק זמן טו גווד,,,חטיף פסק זמן טו גווד 40 גר,גרמים,40.00,100 גרם,false,1,6.10,15.2500,true,1,32593
76106071,false,מיץ ליים סיציליה 200,סידג,CH,מיץ ליים סיציליה 200 מל,מיליליטרים,200.00,"100 מ""ל",false,12,7.50,3.7500,true,1,44187
80042563,false,מחית עגבניות מוטטי 7,,,מחית עגבניות מוטטי 700 גר,גרמים,700.00,100 גרם,false,1,12.90,1.8429,true,1,5637
80050025,false,סוכריות טיק טק תפוז,פררו,,סוכריות טיק טק תפוז יחידה,Unknown,0.00,Unknown,false,1,3.80,0.0000,true,1,1956
80050124,false,סוכריות טיק טק מנטה,פררו,,סוכריות טיק טק מנטה יחידה,Unknown,0.00,Unknown,false,1,3.80,0.0000,true,1,1957
80052487,false,חטיף רפאלו שלישיה,פררו,,חטיף רפאלו שלישיה,Unknown,0.00,Unknown,false,1,5.00,0.0000,true,1,1959
80052760,false,חטיף קינדר בואנו יחי,פררו,,חטיף קינדר בואנו יחידה,Unknown,0.00,Unknown,false,1,4.00,0.0000,true,1,1960
80094746,false,מארז 2יח פודינג עם ש,,IT,מארז 2יח פודינג עם שוקולד איטלקי 100גר,גרמים,200.00,100 גרם,false,1,6.90,3.4500,true,1,57705
80094883,false,מארז 2יח פנקוטה קרמל,,IT,מארז 2יח פנקוטה קרמל איטלקי 90גר,גרמים,180.00,100 גרם,false,1,6.90,3.8333,true,1,53611
80136194,false,חטיף הפי היפו קרם אג,פררו,,חטיף הפי היפו קרם אגוזים 5 יח,גרמים,104.00,100 גרם,false,1,12.90,12.4038,true,1,33825
80176800,false,ממרח נוטלה 750 גרם,פררו,,ממרח נוטלה אגוזי לוז עם קקאו 750 גרם,גרמים,750.00,100 גרם,false,1,25.90,3.4533,true,1,1962
80177173,false,ממרח נוטלה 350 גר,פררו,,ממרח נוטלה אגוזי לוז עם קקאו 350 גר,גרמים,350.00,100 גרם,false,1,14.90,4.2571,true,1,3320
80177609,false,שוקולד קינדר אצבעות,פררו,,שוקולד קינדר אצבעות 50 ג,Unknown,0.00,Unknown,false,1,3.90,0.0000,true,1,1964
80177616,false,שוקולד קינדר אצבעות,פררו,,שוקולד קינדר אצבעות 100 ג,גרמים,100.00,100 גרם,false,1,7.50,7.5000,true,1,1965
80227618,false,צלפים בחומץ יין לבן,,,צלפים בחומץ יין לבן 95 גר פונטי,גרמים,95.00,100 גרם,false,1,14.00,14.7368,true,1,8178
80227816,false,בצלצלי פנינה פונטי 3,,,בצלצלי פנינה פונטי 380 גר,גרמים,380.00,100 גרם,false,1,17.90,4.7105,true,1,9069
80227823,false,אנטיפסטי בצלים בחומץ,,,אנטיפסטי בצלים בחומץ בלסמי350גר פונטי,גרמים,350.00,100 גרם,false,1,17.90,5.1143,true,1,8175
80273561,false,פלפל שחור טוסקנה במט,דרגוריה אלמנטריה,,תבלין פלפל שחור 45 ג מטחנה טוסקנה,Unknown,0.00,Unknown,false,1,13.90,0.0000,true,1,1967
80273592,false,פלפל 4 עונות טוסקנה,דרגוריה אלמנטריה,,תבלין פלפל 4 עונות 45 ג במטחנה טוסקנה,Unknown,0.00,Unknown,false,1,13.90,0.0000,true,1,1968
80273639,false,מלח ים טוסקנה במטחנה,דרגוריה אלמנטריה,,תבלין מלח ים 90 ג במטחנה טוסקנה,Unknown,0.00,Unknown,false,1,13.90,0.0000,true,1,1969
80273677,false,צילי טוסקנה בטחנה 20,דרגוריה אלמנטריה,,תסבלין צילי 20 ג במטחנה טוסקנה,Unknown,0.00,Unknown,false,1,13.90,0.0000,true,1,1971
80273684,false,עשבי פרובנס טוסקנה ב,דרגוריה אלמנטריה,,תערובת עשבי פרובנס במטחנה טוסקנה,Unknown,0.00,Unknown,false,1,13.90,0.0000,true,1,1972
80522713,false,צלפים במי מלח 125 גר,,,צלפים במי מלח 125 גר פונטי,גרמים,125.00,100 גרם,false,1,14.00,11.2000,true,1,8205
80651000,false,שום וצילי טוסקנה בטח,דרגוריה אלמנטריה,,תבלין שום וצילי 30 ג במטחנה טוסקנה,Unknown,0.00,Unknown,false,1,13.90,0.0000,true,1,1980
80651017,false,עשבי טוסקנה במטחנה 1,דרגוריה אלמנטריה,,תערובת עשבי טוסקנה 16 ג במטחנה טוסקנה,Unknown,0.00,Unknown,false,1,13.90,0.0000,true,1,1981
80651765,false,גינגר זנגויל טוסקנה,דרגוריה אלמנטריה,,תבלין גינגר זנגויל במטחנה טוסקנה,Unknown,0.00,Unknown,false,1,13.90,0.0000,true,1,1983
80718499,false,מלפפונים פונטי חמוץ,,,מלפפונים פונטי חמוץ מתוק 380 גר,גרמים,380.00,100 גרם,false,1,19.90,5.2368,true,1,9068
80724353,false,ארטישוק מתובל פונטי,,,ארטישוק מתובל 280 גר פונטי,גרמים,280.00,100 גרם,false,1,24.90,8.8929,true,1,8177
80761761,false,חטיף קינדר בואנו לבן,פררו,,חטיף קינדר בואנו לבן יחידה,Unknown,0.00,Unknown,false,1,4.00,0.0000,true,1,10478
80768838,false,מנטוס וויט ביג פירות,פרפטי ואן מלה,,מנטוס וויט ביג פירות 70 יח,יחידה,70.00,יחידה,false,1,18.00,0.2571,true,1,25793
80773429,false,מנטוס פיור מעוגל תות,פרפטי ואן מלה,,מנטוס פיור מעוגל תות 60 גר,Unknown,0.00,Unknown,false,1,10.00,0.0000,true,1,35608
80773443,false,מנטוס פיור מעוגל פיר,פרפטי ואן מלה,,מנטוס פיור מעוגל פירות מנטה 60 גר,Unknown,0.00,Unknown,false,1,10.00,0.0000,true,1,30750
80776307,false,מנטוס פיור ביג מעוגל,,,מנטוס פיור ביג מעוגל פירות מנטה,Unknown,0.00,Unknown,false,1,18.00,0.0000,true,1,30753
80780595,false,מנטוס פיור ביג מעוגל,,,מנטוס פיור ביג מעוגל מנטה עדינה,Unknown,0.00,Unknown,false,1,18.00,0.0000,true,1,30752
80790990,false,מנטוס פיור מעוגל מנט,פרפטי ואן מלה,,מנטוס פיור מעוגל מנטה עדינה 60 גר,Unknown,0.00,Unknown,false,1,10.00,0.0000,true,1,30749
80794233,false,מנטוס פיור ביג מעוגל,,,מנטוס פיור ביג מעוגל מנטה,Unknown,0.00,Unknown,false,1,18.00,0.0000,true,1,30751
80804697,false,מנטוס וויט ביג מנטה,פרפטי ואן מלה,,מנטוס וויט ביג מנטה מתוקה 70 יח,יחידה,70.00,יחידה,false,1,18.00,0.2571,true,1,25792
80831402,false,סוכריות מנטוס מנטה ע,פרפטי ואן מלה,NL,סוכריות מנטוס מנטה עדינה ל.ס.21 גר,Unknown,0.00,Unknown,false,1,6.90,0.0000,true,1,46144
80832560,false,סוכריות מנטוס פירות,פרפטי ואן מלה,NL,סוכריות מנטוס פירות יער ל.ס. 21 גר,Unknown,0.00,Unknown,false,1,6.90,0.0000,true,1,60254
80843184,false,מנטוס פיור מעוגל ענב,פרפטי ואן מלה,,מנטוס פיור מעוגל ענבים 60 גר,Unknown,0.00,Unknown,false,1,10.00,0.0000,true,1,52785
80854753,false,סוכריות מנטוס מנטה ל,פרפטי ואן מלה,NL,סוכריות מנטוס ל.ס 21גר אוויר נקי,Unknown,0.00,Unknown,false,1,6.90,0.0000,true,1,46143
80862260,false,מסטיק מנטוס וויט מנט,,,מסטיק מנטוס וויט מנטה מתוקה 150 גרם,Unknown,0.00,Unknown,false,1,18.00,0.0000,true,1,59252
80864295,false,מסטיק מנטוס וויט פיו,,,מסטיק מנטוס וויט פיור מנטה עדינה 60 גר,גרמים,60.00,100 גרם,false,1,10.00,16.6667,true,1,56100
80896081,false,מנטוס פיור מעוגל אבט,פרפטי ואן מלה,,מנטוס פיור מעוגל אבטיח 60 גר,Unknown,0.00,Unknown,false,1,10.00,0.0000,true,1,35609
80913467,false,מנטוס פיור מעוגל מנט,פרפטי ואן מלה,,מנטוס פיור מעוגל מנטה 60 גר,Unknown,0.00,Unknown,false,1,10.00,0.0000,true,1,30748
80926481,false,מנטוס פיור ביג מעוגל,,,מנטוס פיור ביג מעוגל אבטיח,Unknown,0.00,Unknown,false,1,18.00,0.0000,true,1,39296
80929277,false,מסטיק מנטוס וויט מנט,,,מסטיק מנטוס וויט מנטה עדינה 150 גרם,Unknown,0.00,Unknown,false,1,18.00,0.0000,true,1,59251
80936848,false,סוכריות טיק טק תות ש,פררו,,סוכריות טיק טק תות שדה יחידה,Unknown,0.00,Unknown,false,1,3.80,0.0000,true,1,15933
80945468,false,מסטיק מנטוס וויט פיו,,,מסטיק מנטוס וויט פיור מנטה מתוקה 60 גר,גרמים,60.00,100 גרם,false,1,10.00,16.6667,true,1,56101
80948698,false,מנטוס פיור מעוגל טרו,פרפטי ואן מלה,,מנטוס פיור מעוגל טרופי 60 גר,Unknown,0.00,Unknown,false,1,10.00,0.0000,true,1,38169
80957706,false,מסטיק מנטוס וויט מנט,,,מסטיק מנטוס וויט מנטה 150 גרם,Unknown,0.00,Unknown,false,1,18.00,0.0000,true,1,59250
80974215,false,מנטוס פיור ביג מעוגל,,,מנטוס פיור ביג מעוגל תות,Unknown,0.00,Unknown,false,1,18.00,0.0000,true,1,39295
80979128,false,מנטוס פיור מעוגל דוב,פרפטי ואן מלה,,מנטוס פיור מעוגל דובדבן 60 גר,Unknown,0.00,Unknown,false,1,10.00,0.0000,true,1,52784
80982470,false,מנטוס פיור מעוגל מנט,פרפטי ואן מלה,,מנטוס פיור מעוגל מנטה חזקה60 גר,Unknown,0.00,Unknown,false,1,10.00,0.0000,true,1,51718
80986348,false,מסטיק מנטוס וויט פיו,,,מסטיק מנטוס וויט פיור מנטה 60 גר,גרמים,60.00,100 גרם,false,1,10.00,16.6667,true,1,56099
80995128,false,מסטיק מנטוס מעוגל טע,פרפטי ואן מלה,TR,מסטיק מנטוס מעוגל טעם הדרים 60 גר,Unknown,0.00,Unknown,false,1,10.00,0.0000,true,1,61841
87108538,false,סוכריות מנטוס תות בג,,,סוכריות מנטוס תות בגליל,Unknown,0.00,Unknown,false,1,3.50,0.0000,true,1,7377
87108651,false,מארז 4 יח סוכריות מנ,פרפטי ואן מלה,,מארז 4 יח סוכריות מנטוס מנטה,יחידה,4.00,יחידה,false,1,11.50,2.8750,true,1,2012
87108712,false,מארז 4 יח סוכריות מנ,פרפטי ואן מלה,,מארז 4 יח סוכריות מנטוס פירות,יחידה,4.00,יחידה,false,1,11.50,2.8750,true,1,2013
87342802,false,דאודורנט אקס רול און,יוניליוור,GB,דאודורנט אקס רול און גולד 50מל,Unknown,0.00,Unknown,false,12,16.90,0.0000,true,1,45200
90087011,false,מיץ תפוחים 100% 1 ל,,,מיץ תפוחים 100% 1 ל בקרטון,ליטרים,1.00,ליטר,false,1,11.90,11.9000,true,1,3466
90087066,false,מיץ תפוזים 100% 1 לי,,,מיץ תפוזים 100% 1 ליטר ראוך בקרטון,ליטרים,1.00,ליטר,false,1,11.90,11.9000,true,1,27693
90087271,false,נקטר אוכמניות 100% 1,,,נקטר אוכמניות 100% 1 ל בקרטון,ליטרים,1.00,ליטר,false,1,11.90,11.9000,true,1,3465
90087547,false,מיץ עגבניות 1 ל ראוך,,,מיץ עגבניות 1 ל ראוך בקרטון,ליטרים,1.00,ליטר,false,1,11.90,11.9000,true,1,6187
90087769,false,מיץ אננס 100% 1 ל בק,,,מיץ אננס 100% 1 ל בקרטון,ליטרים,1.00,ליטר,false,1,11.90,11.9000,true,1,3467
90087974,false,חומץ תפוחים 5%  750,,,"חומץ תפוחים 5%  750 מ""ל",מיליליטרים,750.00,"100 מ""ל",false,1,12.90,1.7200,true,1,10375
90162602,false,משקה אנרגיה רד בול 2,,AT,משקה אנרגיה רד בול 250 מל פיקדון,מיליליטרים,250.00,"100 מ""ל",false,24,6.50,2.6000,true,1,41666
90162800,false,משקה אנרגיה רד בול ל,,AT,משקה אנרגיה רד בול ללא סוכר 250מל פיקדון,מיליליטרים,250.00,"100 מ""ל",false,1,6.50,2.6000,true,1,41667
90424038,false,משקה אנרגיה רד בול י,,AT,משקה אנרגיה רד בול יילו 250מל פיקדון,מיליליטרים,250.00,"100 מ""ל",false,1,6.50,2.6000,true,1,41682
90446269,false,משקה אנרגיה רד בול א,,AT,משקה אנרגיה רד בול אבטיח 250 מל פיקדון,מיליליטרים,250.00,"100 מ""ל",false,24,6.50,2.6000,true,1,51794
90448867,false,משקה אנרגיה רד בול ל,,AT,משקה אנרגיה רד בול ל.פחמימות250מל פיקדון,מיליליטרים,250.00,"100 מ""ל",false,1,6.50,2.6000,true,1,59363
96033531,false,דאודורנט דאב רולאון,יוניליוור,,דאודורנט דאב רולאון רימונים 50מל,Unknown,0.00,Unknown,false,1,16.90,0.0000,true,1,60314
96130339,false,דאודורנט דאב רולאון,יוניליוור,,דאודורנט דאב רולאון אורגינל 0% 50מל,Unknown,0.00,Unknown,false,1,16.90,0.0000,true,1,52850
96198100,false,סוכריות פישרמנס דבש,,,סוכריות פישרמנס דבש לימון ללא סוכר 25 גר,Unknown,0.00,Unknown,false,1,6.90,0.0000,true,1,51294
96198117,false,סוכריות פישרמנס ספיר,,,סוכריות פישרמנס ספירמינט ללא סוכר 25 גר,Unknown,0.00,Unknown,false,1,6.90,0.0000,true,1,51297
96198124,false,סוכריות פישרמנס דובד,,,סוכריות פישרמנס דובדבן ללא סוכר 25 גר,Unknown,0.00,Unknown,false,1,6.90,0.0000,true,1,51295
96198155,false,סוכריות פישרמנס מנטה,,,סוכריות פישרמנס מנטה ללא סוכר 25 גר,Unknown,0.00,Unknown,false,1,6.90,0.0000,true,1,51293
96198162,false,סוכריות פישרמנס מנטה,,,סוכריות פישרמנס מנטה ירוק ללא סוכר 25 גר,Unknown,0.00,Unknown,false,1,6.90,0.0000,true,1,51296
8112100298,false,שמן שומשום 185 מל,Flavor full foods in,,שמן שומשום 185 מל,מיליליטרים,185.00,"100 מ""ל",false,1,14.90,8.0541,true,1,1998
9800800056,false,חטיף נוטלה טו גו 52,פררו,,חטיף נוטלה טו גו 52 גר,Unknown,0.00,Unknown,false,1,5.90,0.0000,true,1,25287
11182170603,false,שעועית גדולה חמאה 43,הנובר פודס,,שעועית גדולה חמאה 439 גר,גרמים,439.00,100 גרם,false,1,14.00,3.1891,true,1,6455
11182700916,false,שעועית לבנה צפונית 4,הנובר פודס,,שעועית לבנה צפונית 439 גר,גרמים,439.00,100 גרם,false,1,10.90,2.4829,true,1,9896
11182700923,false,שעועית אדומה בהירה 4,הנובר פודס,,שעועית אדומה בהירה 439 גר,גרמים,439.00,100 גרם,false,1,10.90,2.4829,true,1,9897
11182700930,false,שעועית אדומה כהה 439,הנובר פודס,,שעועית אדומה כהה 439 גר,גרמים,439.00,100 גרם,false,1,10.90,2.4829,true,1,9898
11182700954,false,שעועית שחורה 439 גר,הנובר פודס,,שעועית שחורה 439 גר,גרמים,439.00,100 גרם,false,1,10.90,2.4829,true,1,9895
11182701388,false,שעועית קינג פינטו439,הנובר פודס,,שעועית קינג פינטו439 גר,גרמים,439.00,100 גרם,false,1,10.90,2.4829,true,1,35646
11210000094,false,רוטב טבסקו 60 מל,מק. אילהיני קו,,רוטב טבסקו 60 מל,מיליליטרים,60.00,"100 מ""ל",false,1,10.90,18.1667,true,1,5441
11210006508,false,רוטב טבסקו הבאנרו 60,מק. אילהיני קו,,רוטב טבסקו הבאנרו 60 מל,Unknown,0.00,Unknown,false,1,15.90,0.0000,true,1,4455
11210007253,false,רוטב טבסקו עם שום 60,מק. אילהיני קו,,רוטב טבסקו עם שום 60 מל,מיליליטרים,60.00,"100 מ""ל",false,1,10.90,18.1667,true,1,2952
11210009387,false,רוטב טבסקו ירוק 60 מ,מק. אילהיני קו,,רוטב טבסקו ירוק 60 מל,מיליליטרים,60.00,"100 מ""ל",false,1,10.90,18.1667,true,1,2951
11210607040,false,רוטב טבסקו ציפוטליי,מק. אילהיני קו,,רוטב טבסקו ציפוטליי 60 מל,מיליליטרים,60.00,"100 מ""ל",false,1,12.60,21.0000,true,1,9697
11210618503,false,רוטב טבסקו סקורפיון,מק. אילהיני קו,,רוטב טבסקו סקורפיון אקסטרא 60 מל,Unknown,0.00,Unknown,false,1,15.90,0.0000,true,1,45995
11210698055,false,רוטב טבסקו סיראצה חר,מק. אילהיני קו,,רוטב טבסקו סיראצה חריף 566 מל,מיליליטרים,566.00,"100 מ""ל",false,1,29.90,5.2827,true,1,33037
12231119185,false,יין נו רסין סוביניון,,,יין נו רסין סוביניון בלאן - 750 מל,מיליליטרים,750.00,"100 מ""ל",false,1,60.00,8.0000,true,1,47589
13409515198,false,רוטב ברביקיו סוויט ב,סוויט בייבי רייז שיק,,רוטב ברביקיו סוויט בייבי ציפוטלי510ג,גרמים,510.00,100 גרם,false,1,23.90,4.6863,true,1,19945
13409918104,false,רוטב ברביקיו סוויט ב,סוויט בייבי רייז שיק,,רוטב ברביקיו סוויט בייבי אורגינל510ג,גרמים,510.00,100 גרם,false,1,23.90,4.6863,true,1,19940
14100074120,false,עוגיות מילאנו סנדביץ,פפרידג פראם,,עוג. מילנו סנדביץ שוקולד 170 גרם,גרמים,170.00,100 גרם,false,1,22.90,13.4706,true,1,2337
14100074359,false,עוגיות מילאנו סנדביץ,פפרידג פראם,,עוג. מילנו סנדביץ תפוז 198 גרם,גרמים,198.00,100 גרם,false,1,22.90,11.5657,true,1,8903
14100077084,false,עוגיות שוקו ציפס צאנ,פפרידג פראם,,עוגיות שוקו ציפס צאנק פקאן 206 גר,גרמים,206.00,100 גרם,false,1,22.90,11.1165,true,1,8904
14100077121,false,עוגיות מילאנו שוקוצי,פפרידג פראם,,עוג.שוקו ציפס קרנץ מקדמיה  206 גר,גרמים,206.00,100 גרם,false,1,22.90,11.1165,true,1,1766
14100078609,false,עוגיות מילאנו קראנץ,פפרידג פראם,,עוגיות קראנץ מריר פפרידג 220 גר,גרמים,220.00,100 גרם,false,1,22.90,10.4091,true,1,8906
14100082033,false,עוגיות מילאנו שוקוצי,פפרידג פראם,,עוג.שוקו ציפס בראוניס 244 גר,גרמים,244.00,100 גרם,false,1,22.90,9.3852,true,1,8905
16000120259,false,דגני בוקר עם ח.מ. לל,,US,דגני בוקר עם ח.מ. ללג גנרל מילס 331 גר,גרמים,331.00,100 גרם,false,6,29.90,9.0332,true,1,59664
16000182424,false,חטיף נייטשר ואלי קרם,ג'נראל מילס,,חטיף נייטשר ואלי קרם שדקים שברי שקד 4 יח,Unknown,0.00,Unknown,false,1,17.90,0.0000,true,1,52791
16000185517,false,דגני פייבר וואן 555,נסטלה,,דגני פייבר וואן 555 גרם,גרמים,555.00,100 גרם,false,1,21.90,3.9459,true,1,58137
16000281684,false,חטיף דגנים קראנצי פק,,,חטיף דגנים קראנצי פקאן  5 יח,גרמים,210.00,100 גרם,false,1,17.90,8.5238,true,1,7480
16000423534,false,חטיף דגנים נייטשר וו,,,חטיף דגנים נייטשר וואלי 5יח ש.ש.שוקולד,גרמים,210.00,100 גרם,false,1,17.90,8.5238,true,1,10565
16000548404,false,חטיף דגנים קראנצי 5י,,,חטיף דגנים קראנצי 5יח שיבולת שועל 210 ג,גרמים,210.00,100 גרם,false,1,17.90,8.5238,true,1,3436
16000548503,false,חטיף דגנים קראנצי,,,חטיף דגנים קראנצי מייפל ס.חום210גר נ.ואל,גרמים,210.00,100 גרם,false,1,17.90,8.5238,true,1,3437
16000548602,false,חטיף דגנים קראנצי,,,ח.דגנים קראנצי נ.ואלי קינמון 210 גר,גרמים,210.00,100 גרם,false,1,17.90,8.5238,true,1,3438
16000548909,false,חטיף דגנים קראנצי 5י,,,חטיף דגנים קראנצי 5יח בריאות מעורב 210ג,גרמים,210.00,100 גרם,false,1,17.90,8.5238,true,1,3439
16229001711,false,מי קוקוס ארוי די ללא,תאי אגרי פוד,,מי קוקוס ארוי די ללא סוכר 400 מל,מיליליטרים,400.00,"100 מ""ל",false,1,11.90,2.9750,true,1,4433
16229902506,false,קרם קוקוס ארוי די לל,תאי אגרי פוד,,קרם קוקוס ארוי די ללא סוכר 400 מל,מיליליטרים,400.00,"100 מ""ל",false,1,11.90,2.9750,true,1,39698
16229909819,false,קרם קוקוס 100% ארוי,תאי וורלד,,קרם קוקוס 100% ארוי די 1 ל בקרטון,ליטרים,1.00,ליטר,false,1,24.90,24.9000,true,1,23941
16229917593,false,מי קוקוס 100% פוקו 3,ויט וורלד קומפני,,מי קוקוס 100% פוקו 330 מל,מיליליטרים,330.00,"100 מ""ל",false,1,9.90,3.0000,true,1,27659
16229917609,false,מי קוקוס 100% עם רימ,ויט וורלד קומפני,,מי קוקוס 100% עם רימונים 330 מל,מיליליטרים,330.00,"100 מ""ל",false,1,9.90,3.0000,true,1,41528
16229917616,false,מי קוקוס 100% עם גוי,ויט וורלד קומפני,,מי קוקוס 100% עם גויאבה פוקו 330 מל,מיליליטרים,330.00,"100 מ""ל",false,1,9.90,3.0000,true,1,27662
16229917630,false,מי קוקוס 100% עם אננ,ויט וורלד קומפני,,מי קוקוס 100% עם אננס פוקו 330 מל,מיליליטרים,330.00,"100 מ""ל",false,1,9.90,3.0000,true,1,27663
16229917647,false,מי קוקוס 100% עם מנג,ויט וורלד קומפני,,מי קוקוס 100% עם מנגו פוקו 330 מל,מיליליטרים,330.00,"100 מ""ל",false,1,9.90,3.0000,true,1,27661
16229917654,false,מי קוקוס 100% עם ליצ,ויט וורלד קומפני,,מי קוקוס 100% עם ליצי פוקו 330 מל,מיליליטרים,330.00,"100 מ""ל",false,1,9.90,3.0000,true,1,27660
16229918354,false,רוטב קארי אדום 250 מ,תאי אגרי פוד,TH,רוטב קארי אדום 250 מל ארוי די,מיליליטרים,250.00,"100 מ""ל",false,12,10.90,4.3600,true,1,40192
16229918361,false,רוטב קארי ירוק 250 מ,תאי אגרי פוד,TH,רוטב קארי ירוק 250 מל ארוי די,מיליליטרים,250.00,"100 מ""ל",false,12,10.90,4.3600,true,1,40191
16229918378,false,רוטב קארי מאסמן 250,תאי אגרי פוד,TH,רוטב קארי מאסמן 250 מל ארוי די,מיליליטרים,250.00,"100 מ""ל",false,12,10.90,4.3600,true,1,40193
16500980322,false,S.O.Sצמר פלדה עם חומ,,,S.O.Sצמר פלדה עם חומר פעיל,Unknown,0.00,Unknown,false,1,13.90,0.0000,true,1,1767
17252500004,false,סירופ שוקולד בוסקו 6,בוסקו פרודקטס,,סירופ שוקולד בוסקו 624 גר,גרמים,624.00,100 גרם,false,1,20.90,3.3494,true,1,13737
17252502244,false,סירופ מייפל בוסקו 70,בוסקו פרודקטס,,סירופ מייפל בוסקו 709 מל,מיליליטרים,709.00,"100 מ""ל",false,1,20.90,2.9478,true,1,8513
18000701223,false,תערובת לעוגת שוקולד,,,תערובת לעוגת שוקולד 517 גרם,גרמים,517.00,100 גרם,false,1,18.90,3.6557,true,1,1768
18000703494,false,תערובת לעוגת וניל 51,,,תערובת לעוגת וניל 517 גרם,גרמים,517.00,100 גרם,false,1,18.90,3.6557,true,1,1769
18000703517,false,תערובת לעוגת שיש 550,,,תערובת לעוגת שיש 550 גרם,גרמים,550.00,100 גרם,false,1,18.90,3.4364,true,1,2335
18000766413,false,תערובת לבראוניס 552,,,תערובת לבראוניס 552 גרם,גרמים,552.00,100 גרם,false,1,18.90,3.4239,true,1,2336
18787784051,false,סבון מוצק דר ברונר,דר ברונר,,סבון מוצק דר ברונר  אורגני לבנדר 140גר,גרמים,140.00,100 גרם,false,12,22.90,16.3571,true,1,37758
18787785058,false,סבון מוצק דר ברונר,דר ברונר,,סבון מוצק דר ברונר  אורגני מנטה 140גר,גרמים,140.00,100 גרם,false,12,22.90,16.3571,true,1,37762
18787786055,false,סבון מוצק דר ברונר,דר ברונר,,סבון מוצק דר ברונר  אורגני עץ התה 140גר,גרמים,140.00,100 גרם,false,12,22.90,16.3571,true,1,37760
18787789056,false,סבון מוצק דר ברונר,דר ברונר,,סבון מוצק דר ברונר  אורגני תה ירוק140גר,גרמים,140.00,100 גרם,false,12,22.90,16.3571,true,1,37925
21200010545,false,ריבועי דבק דו צדדי ס,3m,,ריבועי דבק דו צדדי ספוגי צבע לבן 16יח,יחידה,16.00,יחידה,false,1,19.90,1.2437,true,1,21698
21200013393,false,דבק דו צדדי ספוגי לב,3m,,דבק דו צדדי ספוגי לבן,יחידה,1.00,יחידה,false,1,29.90,29.9000,true,1,21699
21200471032,false,דבק דו צדדי ספוגי חז,3m,,דבק דו צדדי ספוגי חזק במיוחד,יחידה,1.00,יחידה,false,1,29.90,29.9000,true,1,24645
21200492891,false,גליל ניירות דביקים 3,3m,,גליל ניירות דביקים 30 דף סקוטש ברייט,יחידה,30.00,יחידה,false,1,17.90,0.5967,true,1,21679
21200513152,false,כרית קרצוף 3יח לא שו,3m,,כרית קרצוף 3יח לא שורטים ורודים,יחידה,3.00,יחידה,false,1,14.90,4.9667,true,1,21684
21200572357,false,כרית קרצוף 3יח לניקו,3m,,כרית קרצוף 3יח לניקוי חזק ירוקים,יחידה,3.00,יחידה,false,1,14.90,4.9667,true,1,21682
21723339994,false,רוטב דגים טיפארוס 30,Tang sang hah co. lt,,רוטב דגים טיפארוס 300 מל,מיליליטרים,300.00,"100 מ""ל",false,1,9.90,3.3000,true,1,60954
21723758887,false,רוטב דגים טיפארוס 70,Tang sang hah co. lt,,רוטב דגים טיפארוס 700 מל,מיליליטרים,730.00,"100 מ""ל",false,1,15.90,2.1781,true,1,8170
22200956932,false,דאו.ספיד סטיק גל לגב,Colgate - USA,,דאו.ספיד סטיק גל לגבר כחול 24/7,גרמים,51.00,100 גרם,false,1,18.90,37.0588,true,1,4194
22224200820,false,ממתק ליקריץ תות וולב,קניס קנדי,,ממתק ליקריץ תות וולבי 110 גר,גרמים,110.00,100 גרם,false,1,12.90,11.7273,true,1,14017
22224200837,false,ממתק ליקריץ שחור וול,קניס קנדי,,ממתק ליקריץ שחור וולבי 110 גר,גרמים,110.00,100 גרם,false,1,12.90,11.7273,true,1,14009
22314015037,false,ממרח ערמונים בצנצנת,,FR,ממרח ערמונים בצנצנת 250 גרם צרפת,גרמים,250.00,100 גרם,false,12,21.90,8.7600,true,1,50782
24000335238,false,סירופ מולסה בלאקסטרא,בי אנד ג'י,,סירופ מולסה בלאקסטראפ 355 מל בקבוק,מיליליטרים,355.00,"100 מ""ל",false,1,26.90,7.5775,true,1,8970
24100226429,false,קרקר ציז היט אורגינל,קיבלר,,קרקר ציז היט אורגינל 127 גר,גרמים,127.00,100 גרם,false,1,10.90,8.5827,true,1,22213
24463061095,false,רוטב חריף סיראצה 435,הוי פונג פודס,,רוטב חריף סיראצה 435 גר,גרמים,435.00,100 גרם,false,1,32.90,7.5632,true,1,10100
25675120020,false,מקלות חמצוצים פטל100,,,מקלות חמצוצים פטל100גר,גרמים,100.00,100 גרם,false,1,8.90,8.9000,true,1,4183
25675120037,false,מקלות חמצוצים תות 10,,,מקלות חמוץ 100 ג תות,גרמים,100.00,100 גרם,false,1,8.90,8.9000,true,1,4185
25675120044,false,מקלות חמצוצים תפוח ע,,,מקלות חמוץ 100 ג תפוחי עץ,גרמים,100.00,100 גרם,false,1,8.90,8.9000,true,1,4186
25675120068,false,מקלות חמצוצים קולה 1,,,מקלות חמוץ 100 ג קולה,גרמים,100.00,100 גרם,false,1,8.90,8.9000,true,1,4184
25675120105,false,מקלות חמצוצים דובדבן,,,מקלות חמצוצים דובדבן חמוץ 100גר,גרמים,100.00,100 גרם,false,1,8.90,8.9000,true,1,17130
25675301108,false,מקלות חמוצוצים תות 5,,,מקלות חמוצוצים תות 50 גר,Unknown,0.00,Unknown,false,1,4.90,0.0000,true,1,1770
25675301153,false,מקלות חמוצוצים פטל 5,,,מקלות חמוצוצים פטל 50 גר,Unknown,0.00,Unknown,false,1,4.90,0.0000,true,1,5228
25675301184,false,מקלות חמוצוצים קולה,,,מקלות חמוצוצים קולה 50 גר,Unknown,0.00,Unknown,false,1,4.90,0.0000,true,1,3829
25675301207,false,מקלות חמוצוצים תפוח,,,מקלות חמוצוצים תפוח עץ 50 גר,Unknown,0.00,Unknown,false,1,4.90,0.0000,true,1,1771
29801025203,false,עוגיות חמאה באטרס קר,HAMLET NV,,עוגיות חמאה באטרס קריספי 200 גר,גרמים,200.00,100 גרם,false,1,18.90,9.4500,true,1,7875
30000315958,false,קואקר פרוטאין בננה א,FRITO-LAY TRADING CO,,קואקר פרוטאין בננה אגוזים 366 ג שקית,גרמים,366.00,100 גרם,false,1,22.90,6.2568,true,1,41771
30000315989,false,קואקר פרוטאין חמוציו,FRITO-LAY TRADING CO,,קואקר פרוטאין חמוציות ושקדים 366 ג שקית,גרמים,366.00,100 גרם,false,1,22.90,6.2568,true,1,41770
30100211471,false,קרקר סנדוויץ קיבלר צ,קיבלר,,קרקר סנדוויץ קיבלר צאדר 612 גר 12 יח,גרמים,612.00,100 גרם,false,1,38.90,6.3562,true,1,22076
30100211631,false,קרקר סנדוויץ קיבלר צ,קיבלר,,קרקר סנדוויץ קיבלר צאדר לבן 612 גר 12 יח,גרמים,612.00,100 גרם,false,1,38.90,6.3562,true,1,22077
30100472414,false,קרקר סנדוויץ קיבלר צ,קיבלר,,קרקר סנדוויץ קיבלר צאדר שמיניה 311 גר,גרמים,311.00,100 גרם,false,1,26.90,8.6495,true,1,16527
30100487180,false,קרקר קיבלר גבינת צאד,קיבלר,,קרקר קיבלר גבינת צאדר311 גר שמיניה,גרמים,311.00,100 גרם,false,1,26.90,8.6495,true,1,23570
31200001597,false,חמוציות אושן ספריי 1,אושן ספריי,,חמוציות אושן ספריי 170 ג,גרמים,170.00,100 גרם,false,1,12.90,7.5882,true,1,4731
31290140107,false,שוקולד גודאיבה סטיקס,,,שוקולד גודאיבה סטיקס 72% מריר 90 גר,Unknown,0.00,Unknown,false,18,14.90,0.0000,true,1,47874
31290140176,false,שוקולד גודאיבה סטיקס,,,שוקולד גודאיבה סטיקס מריר שקד 90 גר,Unknown,0.00,Unknown,false,18,14.90,0.0000,true,1,47875
31290140190,false,שוקולד גודאיבה סטיקס,,,שוקולד גודאיבה סטיקס מלח ים 90 גר,Unknown,0.00,Unknown,false,18,14.90,0.0000,true,1,47876
31290140237,false,שוקולד גודאיבה סטיקס,,,שוקולד גודאיבה סטיקס חלב 90 גר,Unknown,0.00,Unknown,false,18,14.90,0.0000,true,1,47878
33200140702,false,דפים למייבש פרש ניחו,,,דפים למייבש פרש ניחוח מרענן 100 יח,יחידה,100.00,יחידה,false,1,28.90,0.2890,true,1,10094
33200147701,false,דפים למייבש פרש סופט,,,דפים למייבש פרש סופט 100 יח,יחידה,100.00,יחידה,false,1,28.90,0.2890,true,1,5098
33617000026,false,פת פריכה ואזה קלה מק,,,פת פריכה ואזה קלה מקמח מלא260ג,גרמים,260.00,100 גרם,false,1,13.90,5.3462,true,1,14765
33617322616,false,פת פריכה ואזה קלה מק,,,פת פריכה ואזה קלה מקמח שיפון 270 גר,גרמים,270.00,100 גרם,false,1,13.90,5.1481,true,1,11267
33617340610,false,פת פריכה ואזה מקמח ש,,,פת פריכה ואזה מקמח שיפון 250 גרם,גרמים,250.00,100 גרם,false,1,13.90,5.5600,true,1,11266
34000148301,false,נטיפי שוקולד מריר הר,,,נטיפי שוקולד מריר הרשי לאפיה 340 גר,גרמים,340.00,100 גרם,false,1,20.00,5.8824,true,1,31714
34000196173,false,שוקולד הרשי קוקיס אנ,הרשיז,,שוקולד הרשי קוקיס אנד קרים 113 גר,גרמים,113.00,100 גרם,false,1,8.90,7.8761,true,1,21513
34000312177,false,סירופ  שוקולד הרשי 6,,,סירופ  שוקולד הרשי 680 מל,מיליליטרים,680.00,"100 מ""ל",false,1,20.00,2.9412,true,1,5286
34000442652,false,שוקולד הרשי ריסז 120,הרשיז,,שוקולד הרשי ריסז 120 גר,גרמים,120.00,100 גרם,false,1,8.90,7.4167,true,1,21514
34000470563,false,הרשי ריסז מיניס 215,הרשיז,US,הרשי ריסז מיניס 215 גרם,גרמים,215.00,100 גרם,false,8,19.90,9.2558,true,1,42634
34000544028,false,סוכריות טוויזלר תות,הרשיז,US,סוכריות טוויזלר תות שדה 198 גר,גרמים,198.00,100 גרם,false,12,8.90,4.4949,true,1,2991
34000544431,false,סוכיות טוויזלר דובדב,הרשיז,US,סוכיות טוויזלר דובדבן 172 גרם,גרמים,172.00,100 גרם,false,12,8.90,5.1744,true,1,55638
34000996643,false,סוכריות הרשי דרופס 2,הרשיז,US,סוכריות הרשי דרופס 215 גרם,גרמים,215.00,100 גרם,false,8,19.90,9.2558,true,1,42633
35000458476,false,מברשת שיניים קולגייט,קולגייט,VN,מברשת שיניים קולגייט ילדים רביעייה,יחידה,4.00,יחידה,false,18,22.90,5.7250,true,1,41890
35000689535,false,זוג מב.שיניים קולגיי,CP- China-SH,,זוג מב.שיניים קולגייט מקס וייט סופט,Unknown,0.00,Unknown,false,1,27.90,0.0000,true,1,8601
36000183399,false,חיתול האגיס ליטל סוו,KC צ'כיה,,חיתול האגיס ליטל סווימרס סמול,Unknown,0.00,Unknown,false,1,29.90,0.0000,true,1,1788
36000516876,false,מגבוני אף קלינקס לוש,KC USA,,מגבוני אף קלינקס לושן 75 יח שלוש שכבות,יחידה,75.00,יחידה,false,1,12.90,0.1720,true,1,43983
36000516890,false,מגבוני אף קלינקס לוש,KC USA,,מגבוני אף קלינקס לושן 120 יח שלוש שכבות,יחידה,120.00,יחידה,false,1,14.90,0.1242,true,1,43984
37600207188,false,חמאת בוטנים סקיפי קל,הורמל,,חמאת בוטנים סקיפי קלאסי 462 גר,גרמים,462.00,100 גרם,false,1,20.90,4.5238,true,1,17116
37600207256,false,חמאת בוטנים סקיפי שי,הורמל,,חמאת בוטנים סקיפי שיברי בוטנים 462 גר,גרמים,462.00,100 גרם,false,1,20.90,4.5238,true,1,17117
37600207287,false,חמאת בוטנים סקיפי עם,הורמל,,חמאת בוטנים סקיפי עם דבש 462 גר,גרמים,462.00,100 גרם,false,1,20.90,4.5238,true,1,17118
37600297943,false,סלסה צי ציז חריפה 43,,US,סלסה צי ציז חריפה 439 גרם,גרמים,439.00,100 גרם,false,12,19.90,4.5330,true,1,61668
37600297967,false,סלסה צי ציז חריפות ע,,US,סלסה צי ציז חריפות עדינה 439 גרם,גרמים,439.00,100 גרם,false,12,19.90,4.5330,true,1,61667
38000138607,false,חטיף תפוא פרינגלס מל,פרינגלס,,חטיף תפוא פרינגלס מלח וחומץ 158 גר,גרמים,158.00,100 גרם,false,1,10.90,6.8987,true,1,49735
38000138638,false,חטיף תפוא פרינגלס פי,פרינגלס,US,חטיף תפוא פרינגלס פיצה 158 גר,גרמים,158.00,100 גרם,false,14,10.90,6.8987,true,1,26645
38000138720,false,חטיף תפוא פרינגלס רא,פרינגלס,,חטיף תפוא פרינגלס ראנץ 158 גר,גרמים,149.00,100 גרם,false,1,10.90,7.3154,true,1,38652
38000138874,false,חטיף תפוא פרינגלס חל,פרינגלס,US,חטיף תפוא פרינגלס חלפיניו 158 גר,גרמים,158.00,100 גרם,false,14,10.90,6.8987,true,1,26646
38000183690,false,חטיף פרינגלס מידי בר,פרינגלס,,חטיף פרינגלס מידי ברביקיו 71 גר,Unknown,0.00,Unknown,false,1,5.50,0.0000,true,1,36094
38000183928,false,חטיף תפוא פרינגלס חר,פרינגלס,,חטיף תפוא פרינגלס חרדל ודבש 158 גר,גרמים,158.00,100 גרם,false,1,10.90,6.8987,true,1,48810
38000197840,false,חטיף פרינגלס גלי חרי,פרינגלס,,חטיף פרינגלס גלי חריף מתוק 130 גרם,גרמים,130.00,100 גרם,false,1,10.90,8.3846,true,1,49451
38000202278,false,חטיף פרינגלס גלי אור,פרינגלס,,חטיף תפוא פרינגלס חרדל ודבש 158 גר,גרמים,130.00,100 גרם,false,1,10.90,8.3846,true,1,46680
38000217647,false,עוגיות פופ טארט פרוט,קלוג קומפני,US,עוגיות פופ טארט פרוט לופס 384 גרם,גרמים,384.00,100 גרם,false,12,23.90,6.2240,true,1,52525
38000221675,false,עוגיות פופ טארט שוקו,קלוג קומפני,US,עוגיות פופ טארט שוקולד ציפס 384 גרם,גרמים,384.00,100 גרם,false,12,23.90,6.2240,true,1,46234
38000222795,false,עוגיות פופ טארט סמור,קלוג קומפני,US,עוגיות פופ טארט סמורס 384 גרם,גרמים,384.00,100 גרם,false,12,23.90,6.2240,true,1,46236
38000232152,false,חטיף תפוא פרינגלס בר,פרינגלס,,חטיף תפוא פרינגלס ברביקיו 158 גר,גרמים,158.00,100 גרם,false,1,10.90,6.8987,true,1,45163
38000232169,false,חטיף פרינגלס מידי או,פרינגלס,,חטיף פרינגלס מידי אורגינל 67 גר,Unknown,0.00,Unknown,false,1,5.50,0.0000,true,1,45164
38000232176,false,חטיף תפוא פרינגלס בצ,פרינגלס,,חטיף תפוא פרינגלס בצל שמנת 158 גר,גרמים,158.00,100 גרם,false,1,10.90,6.8987,true,1,45162
38000232183,false,חטיף תפוא פרינגלס או,פרינגלס,,חטיף תפוא פרינגלס אורגינל 149 גר,גרמים,149.00,100 גרם,false,1,10.90,7.3154,true,1,45161
38000251894,false,עוגיות פופ טארט תפוח,קלוג קומפני,US,עוגיות פופ טארט תפוח פריך 384 גרם,גרמים,384.00,100 גרם,false,12,23.90,6.2240,true,1,57825
38000845253,false,חטיף פרינגלס מידי שמ,פרינגלס,,חטיף פרינגלס מידי שמנת בצל 71 גר,Unknown,0.00,Unknown,false,1,5.50,0.0000,true,1,25044
38527591053,false,ד.בוקר קואקר מרובעים,BEVERAGES FOODS & SE,,ד.בוקר קואקר מרובעים קינמון 412 ג,גרמים,412.00,100 גרם,false,1,19.90,4.8301,true,1,11832
38527591060,false,ד.בוקר קואקר מרובעים,BEVERAGES FOODS & SE,,ד.בוקר קואקר מרובעים 412 ג,גרמים,412.00,100 גרם,false,1,19.90,4.8301,true,1,11837
39000008051,false,אורטגה טאקו דינר 12,בי אנד ג'י,,אורטגה טאקו דינר 12 יח,יחידה,1.00,יחידה,false,1,33.90,33.9000,true,1,12545
39000008204,false,תבלון לטקו אורגטה 35,בי אנד ג'י,,תבלון לטקו אורגטה 35 גר,Unknown,0.00,Unknown,false,1,10.00,0.0000,true,1,9270
39000008907,false,רוטב לטאקו אוטגה 226,בי אנד ג'י,,רוטב לטאקו אוטגה 226 גר,מיליליטרים,226.00,"100 מ""ל",false,1,17.50,7.7434,true,1,9269
39000010351,false,פלפל חלפנו פרוס אורט,בי אנד ג'י,,פלפל חלפנו פרוס אורטגה 354 גר צנצנת,מיליליטרים,354.00,"100 מ""ל",false,1,18.90,5.3390,true,1,22460
40000512943,false,סוכריות אם אנד אמס ש,,,שוקולד אם אנד אם 300 גרם,גרמים,300.00,100 גרם,false,,19.90,6.6333,true,1,46963
40000513056,false,סוכריות אם אנד אמס ב,,,שוקולד בוטנים  אם אנד אם 300 גרם,גרמים,300.00,100 גרם,false,,19.90,6.6333,true,1,46962
40000513568,false,סוכריות אמ אנד אמס ע,,,שוקולד אם אנד אם 155 גרם,גרמים,155.00,100 גרם,false,,11.90,7.6774,true,1,46961
40000513629,false,סוכריות אם אנד אמס ח,,,שוקולד חמאת בוטנים אם אנד אם 155 גרם,גרמים,155.00,100 גרם,false,,11.90,7.6774,true,1,46960
40000514480,false,סוכריות אם אנד אמס ש,,,רסוכריות אם אנד אמס שוקולד48 גר,Unknown,0.00,Unknown,false,,5.00,0.0000,true,1,46966
40000514510,false,סוכריות אם אנד אמס ב,,,שוקולד בוטנים אם אנד אם 49 גר,Unknown,0.00,Unknown,false,,5.00,0.0000,true,1,46964
41143028681,false,צימוקים סאן מייד 400,,US,צימוקים סאן מייד 400 גרם בקופסא,גרמים,400.00,100 גרם,false,12,22.90,5.7250,true,1,48142
41143072004,false,תאנים מוזהבות מיובשו,,US,תאנים מוזהבות מיובשות סאן מייד 170גרם,גרמים,170.00,100 גרם,false,12,26.90,15.8235,true,1,48144
41143072400,false,תאנים מיובשות סאן מי,,US,תאנים מיובשות סאן מייד 198 גרם,גרמים,198.00,100 גרם,false,12,26.90,13.5859,true,1,48143
41143299081,false,שזיף מגולען סאן מייד,,US,שזיף מגולען סאן מייד 198 גר,גרמים,198.00,100 גרם,false,12,19.90,10.0505,true,1,48147
41152232017,false,רוטב קרנברי גל רובי,קלמנט פאפס,US,רוטב קרנברי גל רובי קיטס 397 מל,מיליליטרים,397.00,"100 מ""ל",false,24,14.50,3.6524,true,1,33044
41152282012,false,רוטב קרנברי פרי רובי,קלמנט פאפס,US,גלי קרנברי למילוי עוגה 397 גר,מיליליטרים,454.00,"100 מ""ל",false,24,14.50,3.1938,true,1,33043
41190017522,false,רוטב וושסטר שופרייט,,US,רוטב וושסטר שופרייט 296 מל,מיליליטרים,296.00,"100 מ""ל",false,12,16.90,5.7095,true,1,53519
41190022663,false,קואקר נמס שופרייט מי,ווקפרן פוד,,קוואקר נמס שופרייט מייפל 350  גר,גרמים,350.00,100 גרם,false,1,22.50,6.4286,true,1,18182
41190022687,false,קואקר נמס שופרייט ל.,ווקפרן פוד,,קוואקר נמס שופרייט ל.ס.336 גר,גרמים,336.00,100 גרם,false,1,22.50,6.6964,true,1,18181
41190064564,false,סלסה שופרייט חריפה 4,ווקפרן פוד,US,רוטב סלסה שופרייט חריף 454 ג,גרמים,454.00,100 גרם,false,12,19.90,4.3833,true,1,50791
41335000501,false,רוטב קנס איטלקי מרינ,קנס פודס,,רוטב קנס איטלקי מרינדה 473 גר,גרמים,473.00,100 גרם,false,1,29.90,6.3214,true,1,9017
41335000532,false,רוטב קנס אלף האיים 4,קנס פודס,,רוטב קנס אלף האיים 473 גר,גרמים,473.00,100 גרם,false,1,29.90,6.3214,true,1,5842
41335000549,false,רוטב קנס ראנץ באטר מ,קנס פודס,,רוטב קנס ראנץ באטר מילק 473 גר,גרמים,473.00,100 גרם,false,1,29.90,6.3214,true,1,23932
41335000594,false,רוטב קנס קיסר 473 מל,קנס פודס,,רוטב קנס קיסר 473 מל,מיליליטרים,473.00,"100 מ""ל",false,1,29.90,6.3214,true,1,12725
41335001294,false,רוטב קנס וינגרט בלסמ,קנס פודס,,רוטב קנס וינגרט בלסמי 473 מל,מיליליטרים,473.00,"100 מ""ל",false,1,29.90,6.3214,true,1,26521
41390001079,false,רוטב סויה מופחת נתרן,,,רוטב סויה מופחת נתרן קיקומן 444 מל,מיליליטרים,444.00,"100 מ""ל",false,1,20.90,4.7072,true,1,19971
41390001451,false,רוטב סויה קיקומן 1.2,,,רוטב סויה קיקומן 1.2 ליטר,ליטרים,1.20,ליטר,false,1,39.90,33.2500,true,1,1829
41390010309,false,רוטב טריאקי קיקומן 4,,,רוטב טריאקי קיקומן 444 מל,מיליליטרים,444.00,"100 מ""ל",false,1,20.90,4.7072,true,1,19972
41421177452,false,רוטב היקורי מעושן מר,בי אנד ג'י,,רוטב היקורי מעושן מרוכז 103 מל,מיליליטרים,103.00,"100 מ""ל",false,1,17.90,17.3786,true,1,18306
41500000428,false,חרדל פרנצס חום חריף,פרנצ'ס,US,חרדל פרנצס חום חריף 340 גר,גרמים,340.00,100 גרם,false,12,19.90,5.8529,true,1,43563
41500013107,false,רוטב וורצסטר פרנצס 2,רקיט בנקיזר,,רוטב וורצסטר פרנצס 296 מל,מיליליטרים,296.00,"100 מ""ל",false,1,20.00,6.7568,true,1,45734
41500013183,false,רוטב וורצסטר פרנשס 4,,US,רוטב וורצסטר פרנשס 443 מל,מיליליטרים,448.00,"100 מ""ל",false,6,26.90,6.0045,true,1,59287
41500805016,false,רוטב רד הוט חריף 148,רקיט בנקיזר,,רוטב רד הוט חריף 148 מל,מיליליטרים,148.00,"100 מ""ל",false,1,13.90,9.3919,true,1,5101
41500805023,false,רוטב רד הוט קלאסי 35,רקיט בנקיזר,,רוטב רד הוט קלאסי 354 מל,מיליליטרים,354.00,"100 מ""ל",false,1,27.90,7.8814,true,1,4542
41500818467,false,רוטב וורצסטר פרנשס ד,,US,רוטב וורצסטר פרנשס דל נתרן 443 מל,מיליליטרים,448.00,"100 מ""ל",false,6,26.90,6.0045,true,1,59288
41501008034,false,קונכיות מתירס אורטגה,בי אנד ג'י,,קונכיות מתירס אורטגה למילוי ל.ג.140 גר,גרמים,140.00,100 גרם,false,1,21.90,15.6429,true,1,23597
41740000806,false,בורשט גולדס 710 מל,גולד פיור פוד,,בורשט גולדס 710 מל,מיליליטרים,710.00,"100 מ""ל",false,1,19.90,2.8028,true,1,8784
42400108153,false,דגני פוסט טוטי פרוטי,פוסט ארצות הברית,US,דגני פוסט טוטי פרוטי 354 גר,גרמים,354.00,100 גרם,false,14,22.90,6.4689,true,1,50180
44600300580,false,כלורקס קלין אפ פרש מ,,,כלורקס קלין אפ פרש מרסס 946 מל,מיליליטרים,946.00,"100 מ""ל",false,1,19.90,2.1036,true,1,49669
44738219068,false,במבושוט רצועות 565 ג,Theppadungporn cocon,TH,במבושוט רצועות 565 גר,גרמים,565.00,100 גרם,false,24,13.90,2.4602,true,1,16337
46214372250,false,עוגיות שוקוציפס מרבה,Merba BV,,עוגיות שוקוציפס מרבה שטרודל תפוחי 225 גר,גרמים,225.00,100 גרם,false,1,10.90,4.8444,true,1,1835
46214382259,false,עוגיות שוקוציפס מרבה,Merba BV,,עוגיות שוקוציפס מרבה בראוניז 225 גר,גרמים,225.00,100 גרם,false,1,10.90,4.8444,true,1,1836
46214731552,false,עוגיות שוקוציפס מרבה,Merba BV,,עוגיות שוקוציפס מרבה שוקולד 225 גר,גרמים,225.00,100 גרם,false,1,10.90,4.8444,true,1,1837
47800175477,false,רוטב היקורי מעושן מר,בי אנד ג'י,,רוטב היקורי מעושן מרוכז 103 מל,מיליליטרים,103.00,"100 מ""ל",false,1,17.90,17.3786,true,1,16939
48256214758,false,אסטוניש אבקת הפלא לכ,אסטוניש,,אסטוניש אבקת הפלא לכביסה 1 קג,קילוגרמים,1.00,"ק""ג",false,1,25.90,25.9000,true,1,4584
49319110017,false,ציר דגים דאשינומוטו,JFC JAPAN INC.,,ציר דגים דאשינומוטו 50 גר,Unknown,0.00,Unknown,false,1,18.50,0.0000,true,1,3825
49568010342,false,מיונז טבעוני  340 גר,ארת איילנד,,מיונז טבעוני  340 גרם,גרמים,340.00,100 גרם,false,1,24.90,7.3235,true,1,26374
49568200347,false,מיונז טבעוני מופחת ש,ארת איילנד,,מיונז טבעוני מופחת שומן 340 גרם,גרמים,340.00,100 גרם,false,1,24.90,7.3235,true,1,26373
50000015474,false,מזון חתולים פריסקיז,,,מזון חתולים פריסקיז מעדני הים 1.43 קג,קילוגרמים,1.43,"ק""ג",false,1,38.90,27.2028,true,1,51233
50000084500,false,מזון חתולים פריסקיז,נסטלה פורינה  USA מק,,מזון חתולים פריסקיז מעדני השף 1.4 קג,קילוגרמים,1.40,"ק""ג",false,1,38.90,27.7857,true,1,4981
50000100347,false,מזון חתולים פריסקיז,נסטלה פורינה  USA מק,,מזון חתולים פריסקיז מעדני החתול 1.43 קג,קילוגרמים,1.43,"ק""ג",false,1,38.90,27.2028,true,1,5276
50000170180,false,מזון חתולים פריסקיז,,,מזון חתולים פריסקיז עוף ברוטב 156 גר,גרמים,156.00,100 גרם,false,1,6.50,4.1667,true,1,9045
50000225224,false,מזון חתולים פריסקיז,נסטלה פורינה  USA קר,,מזון חתולים פריסקיז פריים פילה הודו 156ג,גרמים,156.00,100 גרם,false,1,6.50,4.1667,true,1,22984
50000237951,false,פריסקיז פארטי מיקס ג,,,פריסקיז פארטי מיקס גריל קראנץ 60 גר,Unknown,0.00,Unknown,false,10,11.90,0.0000,true,1,61056
50000292592,false,מזון חתולים פנסי פיס,נסטלה פורינה  USA סט,,מזון חתולים פנסי פיסט סלמון וסול85 גרם,גרמים,85.00,100 גרם,false,1,6.50,7.6471,true,1,23184
50000397587,false,אבקה שוקו חם נסטלה ש,נסטלה,,אבקה שוקו חם נסטלה שוקולד חלב 121 גר,גרמים,121.00,100 גרם,false,1,22.90,18.9256,true,1,35179
50000420445,false,מזון חתולים פריסקיז,נסטלה פורינה  USA קר,,מזון חתולים פריסקיז כבד עוף 156 גר,גרמים,156.00,100 גרם,false,1,6.50,4.1667,true,1,12452
50000421541,false,מזון חתולים פריסקיז,נסטלה פורינה  USA קר,,מזון חתולים פריסקיז מיקס גריל 156 גר,גרמים,156.00,100 גרם,false,1,6.50,4.1667,true,1,9046
50000424948,false,מזון חתולים פריסקיז,נסטלה פורינה  USA קר,,מזון חתולים פריסקיז דגי אוקיאנוס טונה156,גרמים,156.00,100 גרם,false,1,6.50,4.1667,true,1,9042
50000426447,false,מזון חתולים פנסי פיס,נסטלה פורינה  USA סט,,מזון חתולים פנסי פיסט נתחי הודו 85 גרם,גרמים,85.00,100 גרם,false,1,6.50,7.6471,true,1,2132
50000429042,false,מזון חתולים פנסי פיס,נסטלה פורינה  USA ג',,מזון חתולים פנסי פיסט כבד מעודן 85 גר,גרמים,85.00,100 גרם,false,1,6.50,7.6471,true,1,5546
50000429448,false,מזון חתולים פנסי פיס,נסטלה פורינה  USA סט,,מזון חתולים פנסי פיסט מוס סלמון 85 גרם,גרמים,85.00,100 גרם,false,1,6.50,7.6471,true,1,2133
50000429646,false,מזון חתולים פנסי פיס,נסטלה פורינה  USA ג',,מזון חתולים פנסי פיסט דג אוקיינוס 85 גרם,גרמים,85.00,100 גרם,false,1,6.50,7.6471,true,1,2134
50000434640,false,מזון חתולים פנסי פיס,נסטלה פורינה  USA סט,,מזון חתולים פנסי פיסט לבבות וכבד 85 גרם,גרמים,85.00,100 גרם,false,1,6.50,7.6471,true,1,2135
50000578238,false,פריסקיז פארטי מיקס ק,,,פריסקיז פארטי מיקס קרייזי ציז 60 גר,Unknown,0.00,Unknown,false,10,11.90,0.0000,true,1,61059
51131939639,false,מתלה ניקל מוברש עם פ,3m,,מתלה ניקל מוברש עם פס הדבקה,יחידה,1.00,יחידה,false,1,49.90,49.9000,true,1,21707
51131978393,false,זוג דבק סופר גלו גל,3m,,זוג דבק סופר גלו גל 4 גרם,יחידה,2.00,יחידה,false,1,18.90,9.4500,true,1,21691
51135807514,false,דבק סופר גלו 4 שפופר,3m,,דבק סופר גלו 4 שפופרות מיני חד פעמיות,יחידה,4.00,יחידה,false,1,15.90,3.9750,true,1,21701
51141234892,false,גליל ניירות דביקים 6,3m,,גליל ניירות דביקים 60 דף סקוטש ברייט,יחידה,60.00,יחידה,false,1,25.90,0.4317,true,1,53575
51141239590,false,מטלית לניגוב נירוסטה,3m,,מטלית לניגוב נירוסטה אינה מותירה סיבים,יחידה,1.00,יחידה,false,1,12.90,12.9000,true,1,21686
51141348346,false,מתלה שקוף קטן 2יח עם,3m,,מתלה שקוף קטן 2יח עם שני פסי הדבקה לשימו,יחידה,2.00,יחידה,false,1,15.90,7.9500,true,1,21703
51141913131,false,ספוג קרצוף לאמבטיה ס,3m,US,ספוג קרצוף לאמבטיה סקוטש ברייט,יחידה,1.00,יחידה,false,6,22.90,22.9000,true,1,38183
51141917733,false,דבק סופר גלו בקבוק פ,3m,,דבק סופר גלו בקבוק פטנט 4 גרם,יחידה,1.00,יחידה,false,1,20.90,20.9000,true,1,21700
51141986555,false,זוג ספוגים ללכלוך חז,3m,ES,זוג ספוגים ללכלוך חזק במיוחד סקוטש ברייט,יחידה,2.00,יחידה,false,12,12.90,6.4500,true,1,38186
51497269869,false,תבלין נשוויל היט 283,,,תבלין נשוויל היט 283 גר,גרמים,283.00,100 גרם,false,1,34.90,12.3322,true,1,60333
52100002453,false,תערובת סטייק מונטריא,מקורמיק,,תערובת סטייק מונטריאול מקורמיק,Unknown,0.00,Unknown,false,1,19.90,0.0000,true,1,37639
52100002460,false,תערובת לעוף מונטריאו,מקורמיק,,תערובת לעוף מונטריאול מקורמיק,Unknown,0.00,Unknown,false,1,19.90,0.0000,true,1,37641
52100002477,false,תבלין קרי הודי מקורמ,מקורמיק,,תבלין קרי מקורמיק,Unknown,0.00,Unknown,false,1,18.90,0.0000,true,1,37637
52100002613,false,כורכום טחון מקורמיק,מקורמיק,,כורכום טחון מקורמיק 27.8 גר,Unknown,0.00,Unknown,false,1,18.90,0.0000,true,1,37658
52100002699,false,פלפל לבן טחון מקורמי,מקורמיק,,פלפל לבן טחון מקורמיק 28 גרם,Unknown,0.00,Unknown,false,12,22.90,0.0000,true,1,43573
52100004266,false,עלי טימין מקורמיק 10,מקורמיק,,טימין מקורמיק,Unknown,0.00,Unknown,false,1,18.90,0.0000,true,1,37638
52100004389,false,קנמון טחון מקורמיק 6,מקורמיק,,קנמון טחון מקורמיק 67 גר,Unknown,0.00,Unknown,false,1,19.90,0.0000,true,1,40638
52100004426,false,מקלות קינמון מקורמיק,,,מקלות קינמון מקורמיק,Unknown,0.00,Unknown,false,1,27.90,0.0000,true,1,37646
52100004488,false,פפריקה  מקורמיק 60.1,,,פפריקה מקורמיק,Unknown,0.00,Unknown,false,1,22.90,0.0000,true,1,37644
52100005966,false,שבבי שום מקורמיק 85,,,שום שבבים מקורמיק,Unknown,0.00,Unknown,false,1,27.90,0.0000,true,1,37648
52100006260,false,אבקת שום מקורמיק 88.,,,אבקת שום מקורמיק,Unknown,0.00,Unknown,false,1,27.90,0.0000,true,1,37647
52100006468,false,אבקת בצל מקורמיק 56.,,,אבקת בצל מקורמיק 56.7 גר,Unknown,0.00,Unknown,false,1,18.90,0.0000,true,1,37661
52100006512,false,כמון טחון מקורמיק 42,מקורמיק,,כמון טחון מקורמיק 42.5 גר,Unknown,0.00,Unknown,false,1,22.90,0.0000,true,1,37663
52100006765,false,פלפל אדום מקורמיק 42,מקורמיק,,פלפל אדום מקורמיק 42.50 גר,Unknown,0.00,Unknown,false,1,18.90,0.0000,true,1,37664
52100006987,false,עלי דפנה מקורמיק 3.4,מקורמיק,,עלי דפנה מקורמיק 3.4 גר,Unknown,0.00,Unknown,false,1,18.90,0.0000,true,1,37666
52100029924,false,פלפל שחור טחון מקורמ,מקורמיק,,פלפל שחור טחון מקורמיק 42 גרם,Unknown,0.00,Unknown,false,12,22.90,0.0000,true,1,43554
52100030043,false,פלפל שחור טחון גס מק,מקורמיק,,פלפל שחור טחון מקורמיק,Unknown,0.00,Unknown,false,1,19.90,0.0000,true,1,37642
52100030234,false,פלפל שחור שלם מקורמי,מקורמיק,,פלפל שחור שלם מקורמיק 53 גר,Unknown,0.00,Unknown,false,1,27.90,0.0000,true,1,37669
52100034898,false,תמצית ליים טהורה מקו,מקורמיק,,תמצית ליים טהורה מקורמיק 29 מל,Unknown,0.00,Unknown,false,1,16.90,0.0000,true,1,43567
52100036670,false,מלח הימליה ורוד מקור,מקורמיק,,מלח הימליה ורוד מקורמיק מטחנה 70 גר,Unknown,0.00,Unknown,false,1,18.90,0.0000,true,1,40637
52100040806,false,תערובת מקורמיק שום ב,מקורמיק,,תערובת מקורמיק שום בצל פלפל מלח ים120,גרמים,120.00,100 גרם,false,1,24.90,20.7500,true,1,40634
52100041155,false,תערובת מקורמיק מלח ה,מקורמיק,,תערובת מקורמיק מלח הימליה פלפל ושום184ג,גרמים,184.00,100 גרם,false,1,24.90,13.5326,true,1,40633
52100070643,false,תמצית שקדים מקורמיק,מקורמיק,,תמצית שקדים מקורמיק 29 מל,Unknown,0.00,Unknown,false,1,10.90,0.0000,true,1,37632
52100070667,false,תמצית אניס טהורה מקו,מקורמיק,,תמצית אניס טהורה מקורמיק 29 מל,Unknown,0.00,Unknown,false,1,16.90,0.0000,true,1,43565
52100070735,false,תמצית קוקוס מקורמיק,מקורמיק,,תמצית קוקוס מקורמיק 29 מל,Unknown,0.00,Unknown,false,1,16.90,0.0000,true,1,43568
52100070766,false,תמצית מייפל מקורמיק,מקורמיק,,תמצית מייפל מקורמיק 29 מל,Unknown,0.00,Unknown,false,1,16.90,0.0000,true,1,50846
52100070780,false,תמצית תפוז טהורה מקו,מקורמיק,,תמצית תפוז טהורה מקורמיק 29 מל,Unknown,0.00,Unknown,false,1,16.90,0.0000,true,1,43566
52100070827,false,תמצית רום מקורמיק 29,מקורמיק,,תמצית רום 29 מל,Unknown,0.00,Unknown,false,1,11.90,0.0000,true,1,8712
52100070865,false,תמצית וניל טהור מקור,מקורמיק,,תמצית וניל טהור 29 מל,Unknown,0.00,Unknown,false,18,29.90,0.0000,true,1,2887
52100070995,false,תמצית וניל מקורמיק 2,מקורמיק,,תמצית וניל מקורמיק 29 מל,Unknown,0.00,Unknown,false,1,10.90,0.0000,true,1,37633
52100071121,false,עלי בזיליקום מקורמיק,,,עלי בזיליקום מקורמיק,Unknown,0.00,Unknown,false,12,27.90,0.0000,true,1,37645
52100071138,false,אורגנו עלים מקורמיק,מקורמיק,,תבלין אורגנו ליוס 38 ג במיכל,Unknown,0.00,Unknown,false,1,19.90,0.0000,true,1,2886
52100136387,false,פלפל שום מקורמיק 34.,מקורמיק,,תבלין פלפל שום 34 ג במטחנה,Unknown,0.00,Unknown,false,1,19.90,0.0000,true,1,10423
52100142593,false,תבלין המבורגר מקורמי,,,תבלין גריל להמבורגר 77 ג במיכל,Unknown,0.00,Unknown,false,1,19.90,0.0000,true,1,37601
52100634586,false,מלח ים ושום מקורמיק,מקורמיק,,תבלין מלח שום 44 גר במטחנה,Unknown,0.00,Unknown,false,1,19.90,0.0000,true,1,10425
52100746029,false,מלח ים מקורמיק 60 ג,מקורמיק,,מלח מקורמיק 60 ג במטחנה,Unknown,0.00,Unknown,false,1,18.90,0.0000,true,1,6851
52100746043,false,תערובת פלפלים מקורמי,מקורמיק,,תבלין תערובת פלפלים 24 גר במטחנה,Unknown,0.00,Unknown,false,1,18.90,0.0000,true,1,10426
55369901673,false,מארז 4יח רסק תפוע אפ,לייהי אורצ'רדס,,רסק תפוחי עץ ואפרסק ל.ס4יח 452גר,גרמים,452.00,100 גרם,false,1,16.00,3.5398,true,1,11072
55369902557,false,מארז 4יח רסק תפוע בי,לייהי אורצ'רדס,,"רסק תפו""ע רביעיה ביתי 452 ג",גרמים,452.00,100 גרם,false,1,16.00,3.5398,true,1,7329
55369902564,false,מארז 4 יח רסק תפוע ל,לייהי אורצ'רדס,,"רסק תפו""ע רביעיה ללא סוכר 452 ג",גרמים,452.00,100 גרם,false,1,16.00,3.5398,true,1,7328
55369903295,false,רסק תפוע ללא סוכר652,לייהי אורצ'רדס,,רסק תפוע ללא סוכר652 גר צנצנת,גרמים,709.00,100 גרם,false,1,16.00,2.2567,true,1,21723
55500012046,false,כלורקס קלין אפ מרסס,,,כלורקס קלין אפ מרסס 946 מל,מיליליטרים,946.00,"100 מ""ל",false,1,19.90,2.1036,true,1,2854
58449450009,false,דייסת אינסטנט מיקס 4,,,דייסת אינסטנט מיקס 400 גר,גרמים,400.00,100 גרם,false,1,26.90,6.7250,true,1,32741
58449450030,false,דייסת מייפל ואגוזי ל,,,דייסת מייפל ואגוזי לוז 400 גר ללא גלוטן,גרמים,400.00,100 גרם,false,1,26.90,6.7250,true,1,32740
58449779032,false,ד.בוקר טבעות תירס וא,נאטשר פאת פוד,,ד.בוקר טבעות תירס ואורז אורגני 325 גר,גרמים,325.00,100 גרם,false,1,24.90,7.6615,true,1,32735
58449860013,false,דגני בוקר אמאזון אור,נאטשר פאת פוד,,דגני בוקר אמאזון אורגני 400 גר,גרמים,400.00,100 גרם,false,12,24.90,6.2250,true,1,32734
58449860020,false,דגני בוקר גורילה מאנ,נאטשר פאת פוד,,דגני בוקר גורילה מאנצ אורגני 284 גר,גרמים,284.00,100 גרם,false,1,24.90,8.7676,true,1,32732
58449860037,false,דגני בוקר קוואלה קרי,נאטשר פאת פוד,,דגני בוקר קוואלה קריספ ורגני 325 גר,גרמים,325.00,100 גרם,false,1,24.90,7.6615,true,1,32733
58449870241,false,דגני בוקר כדורי תחרס,נאטשר פאת פוד,,דגני בוקר כדורי תחרס אורגני 400 גר,גרמים,400.00,100 גרם,false,12,24.90,6.2250,true,1,46803
64144090013,false,תרסיס שמן פאם חמאה 1,קונגרה פודס,,תרסיס שמן פאם חמאה 141 ג,גרמים,141.00,100 גרם,false,1,18.90,13.4043,true,1,12242
64144090020,false,תרסיס שמן פאם זית 14,קונגרה פודס,,תרסיס שמן פאם זית 141 ג,גרמים,141.00,100 גרם,false,1,18.90,13.4043,true,1,12241
64144090051,false,תרסיס שמן פאם קנולה,קונגרה פודס,,תרסיס שמן פאם קנולה 170 ג,מיליליטרים,148.00,"100 מ""ל",false,1,18.90,12.7703,true,1,18930
70177077563,false,תה ארל גריי טווינינג,טוינינג,,תה ארל גריי טווינינגס 25 שקיקים,יחידה,25.00,יחידה,false,1,18.90,0.7560,true,1,19376
70177077693,false,תה ברקפסט טווינינגס,טוינינג,,תה ברקפסט טווינינגס 25 שקיקים,יחידה,25.00,יחידה,false,1,18.90,0.7560,true,1,19377
70177078775,false,תה ליידי גריי טוויני,טוינינג,,תה ליידי גריי טווינינגס 25 שקיקים,יחידה,25.00,יחידה,false,1,18.90,0.7560,true,1,19375
70177078904,false,תה אינגליש ברקפסט טו,טוינינג,,תה אינגליש ברקפסט טווינינגס 50 שקיקים,יחידה,50.00,יחידה,false,1,34.90,0.6980,true,1,22635
70177078966,false,תה ארל גריי טווינינג,טוינינג,,תה ארל גריי טווינינגס 50 שקיקים,יחידה,50.00,יחידה,false,1,34.90,0.6980,true,1,22634
70177084738,false,תה טווינינגס שחור פי,טוינינג,,תה טווינינגס שחור פירות אדומים 25 שקיקים,יחידה,25.00,יחידה,false,1,18.90,0.7560,true,1,53679
70177084769,false,תה טווינינגס שחור ונ,טוינינג,,תה טווינינגס שחור ונילה 25 שקיקים,יחידה,25.00,יחידה,false,1,18.90,0.7560,true,1,53677
70177086664,false,תה ירוק טהור טווינינ,טוינינג,,תה ירוק טהור טווינינגס 25 שקיקים,יחידה,25.00,יחידה,false,1,19.90,0.7960,true,1,8951
70177120948,false,תה טווינינגס שחור תפ,טוינינג,,תה טווינינגס שחור תפוח קינמון 25 שקיקים,יחידה,25.00,יחידה,false,1,18.90,0.7560,true,1,53678
70177173159,false,תה ירוק לימון טוויני,טוינינג,,תה ירוק לימון טווינינגס 25 שקיקים,יחידה,25.00,יחידה,false,1,19.90,0.7960,true,1,23574
70177173166,false,תה ירוק יסמין טוויני,טוינינג,,תה ירוק יסמין טווינינגס 25 שקיקים,יחידה,25.00,יחידה,false,1,19.90,0.7960,true,1,23577
70177173203,false,תה ירוק מנטה טווינינ,טוינינג,,תה ירוק מנטה טווינינגס 25 שקיקים,יחידה,25.00,יחידה,false,1,19.90,0.7960,true,1,23576
70177173746,false,תה ירוק דבש ו למון ט,טוינינג,,תה ירוק לימון ודבש טווינינגס 25 שקיקים,יחידה,25.00,יחידה,false,1,19.90,0.7960,true,1,23573
70177175221,false,תה ירוק גינגר טוויני,טוינינג,,תה ירוק גינגר טווינינגס 25 שקיקים,יחידה,25.00,יחידה,false,1,19.90,0.7960,true,1,37695
70177176914,false,תה ארל גריי טווינינג,טוינינג,,תה ארל גריי טווינינגס נטול קפאין 25יח,יחידה,25.00,יחידה,false,1,19.90,0.7960,true,1,40194
70177177669,false,חליטת לימון גינגר טו,טוינינג,,חליטת לימון גינגר טווינינגס 25 שקיקים,יחידה,20.00,יחידה,false,1,17.90,0.8950,true,1,37700
70177177683,false,חליטת קמומיל דבש טוו,טוינינג,,חליטת קמומיל דבש טווינינגס 25 שקיקים,יחידה,20.00,יחידה,false,1,17.90,0.8950,true,1,37702
70177177737,false,חליטת קמומיל טווינינ,טוינינג,,חליטת קמומיל טווינינגס 25 שקיקים,יחידה,20.00,יחידה,false,1,17.90,0.8950,true,1,37705
70177177744,false,חליטת מנטה טווינינגס,טוינינג,,חליטת מנטה טווינינגס 25 שקיקים,יחידה,20.00,יחידה,false,1,17.90,0.8950,true,1,37706
70177273330,false,חליטת ורבנה טווינינג,טוינינג,,חליטת ורבנה טווינינגס 25 שקיקים,יחידה,25.00,יחידה,false,1,17.90,0.7160,true,1,50900
70221011116,false,שוקולד טובלרון חלב 1,מונדליז,,שוקולד טובלרון חלב 100 ג,גרמים,100.00,100 גרם,false,1,6.90,6.9000,true,1,2351
70450020873,false,שזיפים ללא חרצנים סן,סנסוויט גרוורס קליפו,,שזיפים ללא חרצנים סן סוויט 500 גר,גרמים,500.00,100 גרם,false,1,24.90,4.9800,true,1,6548
70970471254,false,סוכריות מייק אנד איי,גאסט בורן,,סוכריות פירות טרופי מייק אנד אייק141 גר,גרמים,102.00,100 גרם,false,1,10.00,9.8039,true,1,14035
70970471261,false,סוכריות מייק אנד איי,גאסט בורן,,סוכריות פירות מייק אנד אייק141 גר,גרמים,102.00,100 גרם,false,1,10.00,9.8039,true,1,14036
70970473562,false,סוכריות מייק אנד איי,גאסט בורן,,סוכריות מייק אנד אייק גלי מגה מיקס141ג,גרמים,141.00,100 גרם,false,1,10.00,7.0922,true,1,36906
70970473609,false,סוכריות מייק אנד איי,גאסט בורן,US,סוכריות מייק אנד אייק חמוץ 141 גר,גרמים,141.00,100 גרם,false,12,10.00,7.0922,true,1,41573
71567994767,false,סוכריות גלי בלי פלופ,ג'לי בלי קנדי,,סוכריות גלי בלי פלופס 120 גרם,גרמים,120.00,100 גרם,false,1,12.90,10.7500,true,1,39693
71570001667,false,סוכריות גלי בלי מעור,ג'לי בלי קנדי,,סוכריות גלי בלי מעורב 70 גרם,Unknown,0.00,Unknown,false,1,11.90,0.0000,true,1,39690
71570001841,false,סוכריות גלי בלי חמוץ,ג'לי בלי קנדי,,סוכריות גלי בלי חמוץ  70 גר,Unknown,0.00,Unknown,false,1,11.90,0.0000,true,1,35647
71570001858,false,סוכריות גלי בלי מיקס,ג'לי בלי קנדי,,סוכריות גלי בלי מיקס פירות 70 גרם,Unknown,0.00,Unknown,false,1,11.90,0.0000,true,1,39692
71570004293,false,סוכריות גלי בלי פנינ,ג'לי בלי קנדי,,סוכריות גלי בלי פנינים 70 גרם,Unknown,0.00,Unknown,false,1,10.00,0.0000,true,1,39691
72600005846,false,חטיף טורטייה דיפר תי,הר פודס,,חטיף טורטייה דיפר תירס לבן 383 גר,גרמים,383.00,100 גרם,false,1,28.90,7.5457,true,1,17995
72600009257,false,חטיף טורטייה ציפס תי,הר פודס,,חטיף טורטייה ציפס תירס לבן 255 גר,גרמים,255.00,100 גרם,false,1,24.90,9.7647,true,1,17996
72600062290,false,חטיף הר במבה גבינה ח,הר פודס,,חטיף הר במבה גבינה חריף 198,גרמים,198.00,100 גרם,false,1,24.90,12.5758,true,1,25195
72600062306,false,חטיף גבינה הר ציפס כ,הר פודס,,חטיף גבינה הר ציפס כתום 198 גר,גרמים,198.00,100 גרם,false,1,24.90,12.5758,true,1,16719
72600062313,false,חטיף הר במבה גבינה ב,הר פודס,,חטיף הר במבה גבינה באפלו כחולה 198,גרמים,198.00,100 גרם,false,1,24.90,12.5758,true,1,25194
72600062320,false,חטיף גבינה הר ציפס פ,הר פודס,,חטיף גבינה הר ציפס פיצה 198 גר,גרמים,198.00,100 גרם,false,1,24.90,12.5758,true,1,24713
73970102043,false,משקה דובדבן שחור דר,פפסי קולה,,משקה דובדבן שחור דר בראונס 355 מל פקדון,מיליליטרים,355.00,"100 מ""ל",false,1,10.50,2.9577,true,1,3927
73970102067,false,משקה מוגז רוט ביר 35,פפסי קולה,,משקה מוגז רוט ביר 355מל דר בראון,מיליליטרים,355.00,"100 מ""ל",false,1,10.50,2.9577,true,1,3926
73970102074,false,משקה קרים סודה דר בר,פפסי קולה,,משקה קרים סודה דר בראונס 355 מל פקדון,מיליליטרים,355.00,"100 מ""ל",false,1,10.50,2.9577,true,1,3925
74261021333,false,רוטב סויה מיושן תמרי,מנדרין סוי סוס,,רוטב סויה מיושן תמרי 1 לי,ליטרים,1.00,ליטר,false,1,37.90,37.9000,true,1,10306
74261110334,false,רוטב סויה תמרי 1 ל,מנדרין סוי סוס,,רוטב סויה תמרי 1 ל,ליטרים,1.00,ליטר,false,1,35.90,35.9000,true,1,4540
74261130165,false,רוטב טריאקי תמרי  כת,מנדרין סוי סוס,,רוטב טריאקי תמרי  כתום 500 מל,מיליליטרים,500.00,"100 מ""ל",false,1,28.90,5.7800,true,1,10308
74261150101,false,רוטב סויה תמרי 296 מ,מנדרין סוי סוס,,רוטב סויה תמרי 296 מל זכוכית,מיליליטרים,296.00,"100 מ""ל",false,1,16.90,5.7095,true,1,4541
74261150163,false,רוטב סויה תמרי דל נת,מנדרין סוי סוס,,רוטב סויה תמרי דל נתרן 500 מל,מיליליטרים,500.00,"100 מ""ל",false,1,27.90,5.5800,true,1,53554
74261155106,false,רוטב וורצסטר טבעוני,,,רוטב וורצסטר טבעוני 296 מל,מיליליטרים,296.00,"100 מ""ל",false,1,21.90,7.3986,true,1,49403
74261201339,false,רוטב סויה תמרי דל נת,מנדרין סוי סוס,,רוטב סויה תמרי דל נתרן 1 לי,ליטרים,1.00,ליטר,false,1,37.90,37.9000,true,1,5618
74410470050,false,אצות קומבו 57 גרם רו,Qingdao Sun-growing,,אצות קומבו 57 גרם רונגצאנג,גרמים,57.00,100 גרם,false,1,12.00,21.0526,true,1,12849
74570004003,false,גלידה האגן דאז פיינט,האגן דאז,,גלידה האגן דאז פיינט וניל,גרמים,417.00,100 גרם,false,1,22.90,5.4916,true,1,4737
74570174003,false,גלידה האגן דאז פיינט,האגן דאז,,גלידה האגן דאז פיינט אגוזי מקדמיה,מיליליטרים,473.00,"100 מ""ל",false,1,22.90,4.8414,true,1,4740
74570274000,false,גלידה האגן דאז פיינט,האגן דאז,,גלידה האגן דאז פיינט קרם עוגיות,מיליליטרים,473.00,"100 מ""ל",false,1,22.90,4.8414,true,1,4741
74570610051,false,גלידה האגן דאז פיינט,האגן דאז,,גלידה האגן דאז פיינט שוקולד בלגי,גרמים,417.00,100 גרם,false,1,22.90,5.4916,true,1,4739
74570703890,false,גלידה האגן דאז פיינט,האגן דאז,,גלידה האגן דאז פיינט פרלינים,מיליליטרים,473.00,"100 מ""ל",false,1,22.90,4.8414,true,1,4742
74570950010,false,גלידה האגן דאז פיינט,האגן דאז,,גלידה האגן דאז פיינט גבינה ותות,מיליליטרים,473.00,"100 מ""ל",false,1,22.90,4.8414,true,1,4744
74680008526,false,מיונז לחיץ ווברס שום,ווברס,,מיונז לחיץ עם שום קלוי ווברס 311 גר,גרמים,311.00,100 גרם,false,1,23.90,7.6849,true,1,14840
74680008557,false,מיונז לחיץ ווברס ציפ,ווברס,,מיונז לחיץ ציפוטלה ווברס 311 גר,גרמים,311.00,100 גרם,false,1,23.90,7.6849,true,1,14842
74680008571,false,מיונז לחיץ ווברס סרי,ווברס,,מיונז לחיץ ווברס סרירצה 311 גר,גרמים,311.00,100 גרם,false,12,23.90,7.6849,true,1,28070
74880020403,false,שצימי טוגראשי 15 גרם,JFC JAPAN INC.,,תבלין טוגראשי 15 גרם,גרמים,15.00,100 גרם,false,1,18.50,123.3333,true,1,2728
75039007979,false,רוטב פסטה מריה בזילי,ג'יאובני פוד,US,רוטב פסטה מריה בזיליקום 680 גרם,גרמים,680.00,100 גרם,false,12,17.90,2.6324,true,1,38731
75039008013,false,רוטב פסטה מריה 680 ג,ג'יאובני פוד,US,רוטב פסטה מריה 680 גרם,גרמים,680.00,100 גרם,false,12,17.90,2.6324,true,1,38730
75810021354,false,רוטב סויה תמרי סאן ג,סאן-ג'י,,רוטב סויה תמרי סאן גיי ללא גלוטן592מל,מיליליטרים,592.00,"100 מ""ל",false,1,38.90,6.5709,true,1,13228
76840001767,false,גל. בן אנד גריס חמאת,מוצרי איכות אמריקאיי,,גל. בן אנד גריס חמאת בוטנים,מיליליטרים,473.00,"100 מ""ל",false,1,19.90,4.2072,true,1,45346
76840001774,false,גל. בן אנד גריס בצק,מוצרי איכות אמריקאיי,,גל. בן אנד גריס בצק עוגיות שוקו ציפס,מיליליטרים,473.00,"100 מ""ל",false,1,19.90,4.2072,true,1,45345
76840002306,false,חטיף בצק עוגיות 227ג,,,חטיף בצק עוגיות 227גר בן אנד גריס,גרמים,227.00,100 גרם,false,8,22.90,10.0881,true,1,53681
76840002535,false,חטיף בצק עוגיות חצי,,,חטיף בצק עוגיות חצי אפוי 180גר בן אנד גר,גרמים,180.00,100 גרם,false,8,22.90,12.7222,true,1,53682
76840002542,false,גלידה בן אנד גריס פי,מוצרי איכות אמריקאיי,,גלידה בן אנד גריס פיינט נטפליקס צילד 473,מיליליטרים,473.00,"100 מ""ל",false,1,19.90,4.2072,true,1,46500
76840100125,false,גל.וניל עם פאדג בן א,מוצרי איכות אמריקאיי,,גל.וניל עם פאדג בן אנד גריס 500 מל פיינט,מיליליטרים,500.00,"100 מ""ל",false,1,19.90,3.9800,true,1,10184
76840100156,false,גל. בן אנד גריס דובד,מוצרי איכות אמריקאיי,,גל. בן אנד גריס דובדבנים פאדג 473 מל,מיליליטרים,473.00,"100 מ""ל",false,1,19.90,4.2072,true,1,3667
76840100583,false,גל.וניל עוגיות בן אנ,מוצרי איכות אמריקאיי,,גל.וניל עוגיות בן אנד גריס 473 מל פיינט,מיליליטרים,473.00,"100 מ""ל",false,1,19.90,4.2072,true,1,9738
76840100989,false,גלידב בן אנד גריס פי,,,גלידב בן אנד גריס פיש פוד 500מל,גרמים,473.00,100 גרם,false,1,19.90,4.2072,true,1,9120
76840400027,false,גל.שוקולד בן אנד גרי,מוצרי איכות אמריקאיי,,גל.שוקולד בן אנד גריס 500 מל פיינט,גרמים,0.00,100 גרם,false,1,19.90,0.0000,true,1,3643
76840400218,false,גל.תות שדה  בן אנד ג,מוצרי איכות אמריקאיי,,גל.תות שדה  בן אנד גריס 473 מל פיינט,מיליליטרים,473.00,"100 מ""ל",false,1,19.90,4.2072,true,1,15726
76840620029,false,גלידה בן אנד גריס תו,מוצרי איכות אמריקאיי,,גלידה בן אנד גריס תות שדה,מיליליטרים,500.00,"100 מ""ל",false,1,19.90,3.9800,true,1,3700
77245110610,false,סוכ.מאסט מנטה ללא סו,,,סוכ.מאסט מנטה ללא סוכר 80 גר,גרמים,80.00,100 גרם,false,1,8.90,11.1250,true,1,3805
77975010167,false,בייגלה סניידרס טוויס,,,בייגלה סניידרס טוויסט עם דבש 340 גרם,גרמים,340.00,100 גרם,false,1,16.90,4.9706,true,1,33942
77975022757,false,בייגלה אמריקאי ענק ק,,,בייגלה אמריקאי ענק קופסא 382 גר,גרמים,382.00,100 גרם,false,1,16.90,4.4241,true,1,8040
77975036976,false,סלסה סניידרס חריף עד,סניידרס,,סלסה סניידרס חריף עדין 439 גר,גרמים,439.00,100 גרם,false,1,16.90,3.8497,true,1,23259
77975036983,false,סלסה סניידרס חריף439,סניידרס,,סלסה סניידרס חריף439 גר,גרמים,439.00,100 גרם,false,1,16.90,3.8497,true,1,23258
77975091975,false,בייגלה סניידרס סנדוו,סניידרס,US,בייגלה סניידרס סנדוויף פיצה228.6 גרם,גרמים,229.00,100 גרם,false,12,16.90,7.3799,true,1,43370
77975093085,false,בייגלה סניידרס מצופה,,,בייגלה סניידרס מצופה שוקולד חלב 141 גרם,גרמים,141.00,100 גרם,false,1,16.90,11.9858,true,1,60488
77975093108,false,בייגלה סניידרס מצופה,,,בייגלה סניידרס מצופה שוקולד לבן 141 גרם,גרמים,141.00,100 גרם,false,1,16.90,11.9858,true,1,60489
77975094624,false,שברי בייגלה סניידרס,,,שברי בייגלה סניידרס במילוי ח.בוטנים280ג,גרמים,280.00,100 גרם,false,1,16.90,6.0357,true,1,48706
77975094631,false,בייגלה סניידס סנדווי,סניידרס,,בייגלה סניידס סנדוויץ קרם צדר226.8גר,גרמים,227.00,100 גרם,false,1,16.90,7.4449,true,1,49358
77975094761,false,שברי בייגלה סניידרס,,,שברי בייגלה סניידרס צדר 340 גרם,גרמים,340.00,100 גרם,false,1,16.90,4.9706,true,1,51382
77975094778,false,שברי בייגלה סיידרס ד,,,שברי בייגלה סיידרס דבש חרדל 340 גר,גרמים,340.00,100 גרם,false,1,16.90,4.9706,true,1,52102
77975095157,false,שברי בייגלה סניידרס,,,שברי בייגלה סניידרס חלפיניו 318 גרם,גרמים,318.00,100 גרם,false,1,16.90,5.3145,true,1,59246
78895153453,false,רוטב סויה בהיר לי קו,לי קום קי פודס,CN,רוטב סויה בהיר לי קום קי 250 מל,מיליליטרים,250.00,"100 מ""ל",false,12,11.90,4.7600,true,1,48419
78895153460,false,רוטב סויה כהה לי קום,לי קום קי פודס,CN,רוטב סויה כהה לי קום קי 250 מל,מיליליטרים,250.00,"100 מ""ל",false,12,12.90,5.1600,true,1,48420
80432402931,false,וויסקי שיבאס ריגאל 7,,,וויסקי שיבאס ריגאל 700 מל פקדון,מיליליטרים,700.00,"100 מ""ל",false,1,125.00,17.8571,true,1,14930
84213017420,false,תערובת מיסלי אורגני,מסטמכר,,תערובת מיסלי אורגני אגוזים צימוקים 500ג,גרמים,500.00,100 גרם,false,1,20.00,4.0000,true,1,2006
84213017475,false,תערובת מיסלי אורגני,מסטמכר,,תערובת מיסלי אורגני עם פירות 500 ג,גרמים,500.00,100 גרם,false,1,20.00,4.0000,true,1,2007
84213017499,false,תערובת מיסלי אורגני,מסטמכר,,תערובת מיסלי אורגני פירות יער 500 ג,גרמים,500.00,100 גרם,false,1,20.00,4.0000,true,1,2008
84909007087,false,גרגירי טפיוקה שופרא,אינטר פוד,,גרגירי טפיוקה שופרא 400 גר,גרמים,400.00,100 גרם,false,1,8.50,2.1250,true,1,14823
85696608037,false,טופו רך ללא גלוטן 34,Morinaga NUTRITIONAL,,טופו רך ללא גלוטן 349 גר,גרמים,349.00,100 גרם,false,1,11.90,3.4097,true,1,18136
85696608044,false,טופו ללא גלוטן 349 ג,Morinaga NUTRITIONAL,,טופו ללא גלוטן 349 גר,גרמים,349.00,100 גרם,false,1,11.90,3.4097,true,1,18135
87000006928,false,קפטיין מורגן כהה 750,captain morgan,,קפטיין מורגן כהה 750 מל פקדון,מיליליטרים,75000.00,"100 מ""ל",false,1,89.00,0.1187,true,1,2297
87752003435,false,יין ברטנורא פינו גרי,,IT,יין ברטנורא פינו גריגיו 750 מל,מיליליטרים,750.00,"100 מ""ל",false,12,65.00,8.6667,true,1,44066
87752006481,false,יין ברטנורא גויווין,,IT,יין ברטנורא גויווין לבן 750 מל,מיליליטרים,750.00,"100 מ""ל",false,12,60.00,8.0000,true,1,44068
88586421860,false,יין ריזלינג טו ויינז,"ארה""ב סיינט מישל ווי",,יין ריזלינג טו ויינז קולומביה750מל פיקדו,מיליליטרים,750.00,"100 מ""ל",false,1,45.00,6.0000,true,1,7996
88586425868,false,יין גוורצטרמינר טו ו,"ארה""ב סיינט מישל ווי",,יין גוורצטרמינר טו ויינז 750מל פיקד,מיליליטרים,750.00,"100 מ""ל",false,1,45.00,6.0000,true,1,7999
88586603846,false,יין שרדונה שאטו סיינ,"ארה""ב סיינט מישל ווי",,יין שרדונה שאטו סיינט מישל 750,מיליליטרים,750.00,"100 מ""ל",false,1,60.00,8.0000,true,1,31499
88586625848,false,יין גוורצטרמינר שאטו,"ארה""ב סיינט מישל ווי",,יין גוורצטרמינר שאטו סנט מישל 750מ פיקדו,מיליליטרים,750.00,"100 מ""ל",false,1,60.00,8.0000,true,1,7992
89041081056,false,שמן סויה בתיבול צילי,Flavor full foods in,,שמן סויה בתיבול צילי 185 מל,מיליליטרים,185.00,"100 מ""ל",false,1,11.90,6.4324,true,1,5310
89397344300,false,רוטב פסטה דיניקולה ע,ג'יאובני פוד,US,רוטב פסטה דיניקולה עם בזיליקום 737 גר,גרמים,737.00,100 גרם,false,12,16.90,2.2931,true,1,2115
89397344348,false,רוטב פסטה דיניקולה ע,ג'יאובני פוד,US,רוטב פסטה דיניקולה עם שום קלוי 737 מל,מיליליטרים,737.00,"100 מ""ל",false,12,16.90,2.2931,true,1,2117
89397344362,false,רוטב פסטה דיניקולה מ,ג'יאובני פוד,US,רוטב פסטה דיניקולה מרינדה 737 מל,מיליליטרים,737.00,"100 מ""ל",false,12,16.90,2.2931,true,1,11089
89819013173,false,יין ברינגר פאונדרס א,ברינגר,US,יין ברינגר פאונדרס אסטייט ק.סובניון 750,מיליליטרים,750.00,"100 מ""ל",false,12,60.00,8.0000,true,1,38287
96086001338,false,מצות אביב 1 קג,,,מצות אביב 1 קג,קילוגרמים,1.00,"ק""ג",false,1,14.90,14.9000,true,1,18739
305210416383,false,קרם תחליב גוף וזלין,יוניליוור,,קרם תחליב גוף וזלין לגבר 618מל,מיליליטרים,618.00,"100 מ""ל",false,1,23.90,3.8673,true,1,33312
305213079004,false,קרם תחליב גוף וזלין,יוניליוור,,קרם תחליב גוף וזלין צהוב 603 מל,מיליליטרים,603.00,"100 מ""ל",false,1,23.90,3.9635,true,1,33310
308910525744,false,אטריות אורז דקות 454,Oriental food co. lt,,אטריות אורז דקות 454 ג,גרמים,454.00,100 גרם,false,1,10.90,2.4009,true,1,30057
608614310463,true,אוכמניות יבוא לאקי ב,,,אוכמניות יבוא לאקי ברי בקופסא,Unknown,0.00,Unknown,false,,14.90,0.0000,true,1,61036
611745285685,false,אבוקדו בשל ארוז יח,,,אבוקדו בשל ארוז יח,Unknown,0.00,Unknown,false,1,9.90,0.0000,true,1,27270
613008742348,false,משקה תה אריזונה גינס,ARIZONA,BG,משקה תה אריזונה גינסנג דבש 1ל בק.פקדון,ליטרים,1.00,ליטר,false,1,11.90,11.9000,true,1,47921
613008742409,false,משקה תה אריזונה אפרס,ARIZONA,BG,משקה תה אריזונה אפרסק 1ליטר בק.פקדון,ליטרים,1.00,ליטר,false,1,11.90,11.9000,true,1,47920
613008753290,false,משקה תה אריזונה אפרס,ARIZONA,,משקה תה אריזונה אפרסק 450מל בק.פקדון,מיליליטרים,450.00,"100 מ""ל",false,1,7.90,1.7556,true,1,41445
613008753320,false,משקה תה אריזונה גינס,ARIZONA,,משקה תה אריזונה גינסנג דבש450מל בק.פקדון,מיליליטרים,450.00,"100 מ""ל",false,1,7.90,1.7556,true,1,41446
613008753351,false,משקה תה אריזונה רימו,ARIZONA,,משקה תה אריזונה רימונים 450מל בק.פקדון,מיליליטרים,450.00,"100 מ""ל",false,1,7.90,1.7556,true,1,41443
613008755461,false,משקה תה אריזונה אוכמ,ARIZONA,BG,משקה תה אריזונה אוכמניות 1ליטר בק.פקדון,ליטרים,1.00,ליטר,false,1,11.90,11.9000,true,1,47919
628154383659,false,דגני פוסט פרוטי פבלס,פוסט ארצות הברית,US,דגני פוסט פרוטי פבלס 311 גרם,גרמים,311.00,100 גרם,false,14,22.90,7.3633,true,1,59286
633824913432,false,וודקה ואן גוך אסאי 7,"ארודן בע""מ",,וודקה ואן גוך אסאי 750 מל פקדון,מיליליטרים,750.00,"100 מ""ל",false,1,139.00,18.5333,true,1,43150
638060269435,false,זוג ספוגים ללכלוך חז,3m,ES,זוג ספוגים ללכלוך חזק במיוחד סקוטש ברייט,יחידה,2.00,יחידה,false,12,12.90,6.4500,true,1,44940
639138513238,false,פילה הרינג מעושן 190,רוג'ן פיש,,פילה הרינג מעושן 190 גר ניר רוגן,גרמים,190.00,100 גרם,false,1,12.90,6.7895,true,1,6688
639138527617,false,הרינג עגבניות ניו רו,רוג'ן פיש,,הרינג עגבניות ניו רוגן 190 גר,גרמים,190.00,100 גרם,false,1,12.90,6.7895,true,1,6690
639138527631,false,פילה הרינג ברוטב חרד,רוג'ן פיש,,פילה הרינג ברוטב חרדל 190 גר ניו רוגן,גרמים,190.00,100 גרם,false,1,12.90,6.7895,true,1,6689
649660013281,false,מיץ שזיפים ללא סוכר,היל ויו,,מיץ שזיפים ללא סוכר 946מל היל ויו,מיליליטרים,946.00,"100 מ""ל",false,1,19.90,2.1036,true,1,22802
649660432020,false,שזיפים מיובשים ללא ג,ש.האופים,,לפתן שזיפים מגולענים ל.ס.567 גר היל ויו,גרמים,567.00,100 גרם,false,1,29.90,5.2734,true,1,22886
651080161510,false,קיסמי שיניים עם חוט,JORDAN,,קיסמי שיניים עם חוט גורדון פלקרס 36יח,יחידה,36.00,יחידה,false,1,11.90,0.3306,true,1,32632
651080647519,false,קיסמי שיניים עם חוט,JORDAN,,קיסמי שיניים עם חוט מנטה גורדון פלקרס,יחידה,36.00,יחידה,false,1,11.90,0.3306,true,1,31512
666522900053,false,ריבת דומדומניות  ציי,היסטון סוויטס ספרדס,,ריבת דומדומניות  צייברס 340 גרם,גרמים,340.00,100 גרם,false,1,21.90,6.4412,true,1,36162
666522900084,false,ריבת גינגר צייברס340,היסטון סוויטס ספרדס,,ריבת גינגר צייברס340 גרם,גרמים,340.00,100 גרם,false,1,21.90,6.4412,true,1,36160
666522900138,false,ריבת קרם לימון צייבר,היסטון סוויטס ספרדס,,ריבת קרם לימון צייברס 320 גרם,גרמים,320.00,100 גרם,false,1,21.90,6.8437,true,1,36159
667803002893,false,קרם לשיער טריזמה מקס,טריזמה,,קרם לשיער טריזמה מקסימייזר לנפח 70 מל,Unknown,0.00,Unknown,false,1,29.90,0.0000,true,1,25922
686412282984,false,טונה אורטיז לבנה בשמ,,,טונה אורטיז לבנה בשמן זית 220 גר צנצנת,גרמים,220.00,100 גרם,false,1,44.90,20.4091,true,1,47408
691535501010,false,חטיף חלבון נוגו שוקו,,US,חטיף חלבון נוגו שוקולד,יחידה,1.00,יחידה,false,15,12.90,12.9000,true,1,44406
691535505018,false,חטיף חלבון נוגו וניל,,US,חטיף חלבון נוגו וניל,יחידה,1.00,יחידה,false,15,12.90,12.9000,true,1,44404
691535507012,false,חטיף חלבון נוגו בננה,,US,חטיף חלבון נוגו בננה,יחידה,1.00,יחידה,false,15,12.90,12.9000,true,1,44403
691535513013,false,חטיף חלבון נוגו ח. ב,,US,חטיף חלבון נוגו ח. בוטנים ללא סוכר,יחידה,1.00,יחידה,false,12,12.90,12.9000,true,1,44412
691535514010,false,חטיף חלבון נוגו שוקו,,US,חטיף חלבון נוגו שוקו פירות ללא סוכר,יחידה,1.00,יחידה,false,12,12.90,12.9000,true,1,59602
691535521018,false,חטיף חלבון נוגו שוקו,,US,חטיף חלבון נוגו שוקוציפ ללא גלוטן,יחידה,1.00,יחידה,false,12,12.90,12.9000,true,1,44409
691535528017,false,חטיף חלבון נוגו קוקו,,US,חטיף חלבון נוגו קוקוס ללא גלוטן,יחידה,1.00,יחידה,false,12,12.90,12.9000,true,1,44413
691535529014,false,חטיף חלבון נוגו פרצל,,US,חטיף חלבון נוגו פרצל ללא גלוטן,יחידה,1.00,יחידה,false,12,12.90,12.9000,true,1,44411
693493008365,false,מעדן טבעוני פומאז שק,,IL,מעדן טבעוני פומאז שקד שוקולד 120גר,גרמים,120.00,100 גרם,false,8,10.90,9.0833,true,1,51990
693493116671,false,מארז 50יח מסכות פנים,,,מארז 50יח מסכות פנים כירוגיות 3 שכבות,יחידה,50.00,יחידה,false,1,9.90,0.1980,true,1,56916
707595100114,false,פלפל אדום קלוי 480גר,NESTOS,,פלפל אדום קלוי 480גרם נסטוס,גרמים,480.00,100 גרם,false,1,15.90,3.3125,true,1,25199
707595100145,false,סלק פרוס 700 גרם נסט,NESTOS,,סלק פרוס 700 גרם נסטוס,גרמים,700.00,100 גרם,false,1,15.90,2.2714,true,1,25197
707595100169,false,חציל קלוי על האש 480,NESTOS,,חציל קלוי על האש 480 גרם נסטוס,גרמים,480.00,100 גרם,false,1,15.90,3.3125,true,1,25198
707596280204,false,יין בלו נאן רוזה 750,bluenun,,יין בלו נאן רוזה 750 מל פיקדון,מיליליטרים,750.00,"100 מ""ל",false,1,40.00,5.3333,true,1,5709
723830000100,false,בירה לגוניטאס איי פי,,,בירה לגוניטאס איי פי אי 355מל בק.פקדון,מיליליטרים,355.00,"100 מ""ל",false,24,12.90,3.6338,true,1,49720
728028507898,false,תבלין טקסס גולד 393,,,תבלין טקסס גולד 393 גר,גרמים,393.00,100 גרם,false,1,34.90,8.8804,true,1,60332
728229123590,false,חטיף טרה ירקות אקזוט,Global Gourmet Produ,,חטיף טרה ירקות אקזוטים 110 ג,גרמים,110.00,100 גרם,false,1,16.90,15.3636,true,1,5759
728229123613,false,חטיף טרה מתפוח אדמה,Global Gourmet Produ,,חטיף טרה מתפוח אדמה כחול 110 ג,גרמים,110.00,100 גרם,false,1,16.90,15.3636,true,1,5758
728229123811,false,חטיף טרה מירקות אקזו,Global Gourmet Produ,,חטיף טרה מירקות אקזוטים מתובל 110 ג,גרמים,110.00,100 גרם,false,1,16.90,15.3636,true,1,5982
728229124764,false,חטיף טרה בטטה מלח ים,Global Gourmet Produ,,חטיף טרה בטטה מלח ים 110 ג,גרמים,110.00,100 גרם,false,1,16.90,15.3636,true,1,38691
728229124771,false,חטיף טרה מבטטה טעם ב,Global Gourmet Produ,,חטיף טרה מבטטה טעם ברביקו 110 ג,גרמים,110.00,100 גרם,false,1,16.90,15.3636,true,1,22207
728229124795,false,חטיף טרה בטטה 110 ג,Global Gourmet Produ,,חטיף טרה בטטה 110 ג כשלפ,גרמים,110.00,100 גרם,false,1,16.90,15.3636,true,1,35484
728229130154,false,חטיף טרה בטטה וסלק 1,Global Gourmet Produ,,חטיף טרה בטטה וסלק 110 ג,גרמים,110.00,100 גרם,false,1,16.90,15.3636,true,1,8846
729612380033,false,גלילוני וופל בולרו ק,,,גלילוני וופל בולרו קרם אגוזים 400 גר,גרמים,400.00,100 גרם,false,1,16.90,4.2250,true,1,2315
729612381030,false,גלילוני וופל בולרו ק,,,גלילוני וופל בולרו קרם שקדים 400 גר,גרמים,400.00,100 גרם,false,1,16.90,4.2250,true,1,2314
729612383034,false,גלילוני וופל בולרו ק,,,גלילוני וופל בולרו קרם לימון 400 גר,גרמים,400.00,100 גרם,false,1,16.90,4.2250,true,1,2318
729612384031,false,גלילוני וופל בולרו ק,,,גלילוני וופל בולרו קרם וניל 400 גר,גרמים,400.00,100 גרם,false,1,16.90,4.2250,true,1,2317
729906510016,false,פתיתי שבולת שועל ללא,,,פתיתי שבולת שועל ללא גלוטן ללס 510גר,גרמים,510.00,100 גרם,false,6,27.90,5.4706,true,1,46804
753182340302,false,אבקת וואסבי 35 גר קי,Qingdao Sun-growing,,אבקת וואסבי 35 גר קינגדאוו,גרמים,35.00,100 גרם,false,1,15.00,42.8571,true,1,13818
761720050101,false,סירופ קארו כהה 453 מ,אי סי איץ,,סירופ קארו כהה 453 מל,מיליליטרים,453.00,"100 מ""ל",false,1,28.90,6.3797,true,1,57464
761720051108,false,סירופ קארו בהיר 453,אי סי איץ,,סירופ קארו בהיר 453 מל,מיליליטרים,453.00,"100 מ""ל",false,1,28.90,6.3797,true,1,3877
761720988183,false,אבקת אפיה ללא אלומינ,"י. כהן בע""מ",,אבקת אפיה ללא אלומיניום 340 גרם,גרמים,340.00,100 גרם,false,1,24.90,7.3235,true,1,36163
764793213336,false,יין פונצי ויניו ורדה,,PT,יין פונצי ויניו ורדה בלאן 750 מל,מיליליטרים,750.00,"100 מ""ל",false,6,45.00,6.0000,true,1,52152
768404001640,false,גל.קפה בן אנד גריס 5,מוצרי איכות אמריקאיי,,גל.קפה בן אנד גריס 500 מל פיינט,מיליליטרים,500.00,"100 מ""ל",false,1,19.90,3.9800,true,1,8578
769493100054,false,גל אנרגיה פירות יער,,US,גל אנרגיה פירות יער 32גרם,יחידה,1.00,יחידה,false,24,6.90,6.9000,true,1,44400
769493100078,false,גל אנרגיה טעם אספרסו,,US,גל אנרגיה טעם אספרסו 32גרם,יחידה,1.00,יחידה,false,24,6.90,6.9000,true,1,44399
769904000997,false,שקדי מרק 200 גר ללא,נטורפוד,IL,שקדי מרק 200 גר ללא גלוטן,גרמים,200.00,100 גרם,false,20,14.90,7.4500,true,1,10231
770009011924,false,נייר אפיה 24יח 100%,SOURCE ATLANTIQUE,,נייר אפיה 24יח 100% טבעי אורגניקזון,יחידה,24.00,יחידה,false,1,22.90,0.9542,true,1,13941
770009260018,false,נייר אלומיניום 100%,SOURCE ATLANTIQUE,,נייר אלומיניום 100% ממוחזר 10 מטר,מטרים,10.00,מטר,false,1,22.90,2.2900,true,1,14879
777915888299,false,רוטב סויה אקיטה ללא,אקיטה דלסון,,רוטב סויה אקיטה 450 מל,מיליליטרים,450.00,"100 מ""ל",false,1,18.90,4.2000,true,1,5173
786150000274,false,בירה לף בראון 330מל,,,בירה לף בראון 330מל בק.פקדון,מיליליטרים,330.00,"100 מ""ל",false,1,10.00,3.0303,true,1,58747
786150000281,false,מארז 6יח בירה לף ברא,,,מארז 6יח בירה לף בראון 330מל בק.פקדון,מיליליטרים,1980.00,"100 מ""ל",false,1,47.90,2.4192,true,1,58748
810044130126,false,ספוג ניקוי סקרופ מאמ,,US,ספוג ניקוי סקרופ מאמי,יחידה,1.00,יחידה,false,24,17.90,17.9000,true,1,61198
810044130133,false,ספוג ניקוי סקרופ דאד,,US,ספוג ניקוי סקרופ דאדי,יחידה,1.00,יחידה,false,24,17.90,17.9000,true,1,61197
812130020496,false,טרוביה סטיביה תערובת,,,טרוביה סטיביה תערובת סוכר חום 510גר,יחידה,510.00,יחידה,false,1,24.90,0.0488,true,1,44344
812664009356,false,ממרח תמרינדי מרוכז נ,,,ממרח תמרינדי מרוכז נפטון 400 גרם,גרמים,400.00,100 גרם,false,1,15.90,3.9750,true,1,35216
818570001606,false,תמצית אפיה שקד טהור,וטרקינס,US,תמצית אפיה שקד טהור ויטקנס 59 מל,Unknown,0.00,Unknown,false,24,29.90,0.0000,true,1,32330
818570007066,false,תמצית אפיה וניל טהור,וטרקינס,US,תמצית אפיה וניל טהור ויטקנס 29 מל,Unknown,0.00,Unknown,false,12,31.90,0.0000,true,1,32327
819046000086,false,חטיף אינקה ציפס בטטה,Global Gourmet Produ,,חטיף אינקה ציפס בטטה 142 גר,גרמים,142.00,100 גרם,false,1,16.90,11.9014,true,1,28168
819046001274,false,חטיף אינקה ציפס ירקו,Global Gourmet Produ,,חטיף אינקה ציפס ירקות שורש טרופי 142 גר,גרמים,142.00,100 גרם,false,1,16.90,11.9014,true,1,58346
835811000396,false,נייר אפיה תבנית מאור,הנג טונג,CN,נייר אפיה תבנית מאורכת 30יח,יחידה,30.00,יחידה,false,24,11.90,0.3967,true,1,45042
835811000402,false,כפות חד פעמי עבה במי,,,כפות חד פעמי עבה במיוחד 50יח קרם,יחידה,50.00,יחידה,false,1,21.90,0.4380,true,1,40658
835811000419,false,כפיות חד פעמי עבה במ,,,כפיות חד פעמי עבה במיוחד 50יח קרם,יחידה,50.00,יחידה,false,1,21.90,0.4380,true,1,40657
835811000426,false,מזלגות חד  פעמי עבה,,,מזלגות חד  פעמי עבה במיוחד 50יח קרם,יחידה,50.00,יחידה,false,1,21.90,0.4380,true,1,40656
835811000440,false,צלחות גדולות 1קג קרם,,,צלחות גדולות 1קג קרם,קילוגרמים,1.00,"ק""ג",false,1,42.90,42.9000,true,1,40654
835811001232,false,נייר אפיה עגול 10יח,הנג טונג,CN,נייר אפיה עגול 10יח קוטר 26,יחידה,10.00,יחידה,false,24,12.90,1.2900,true,1,48203
835811001652,false,כוסות חד פעמי לשתיה,ווינפאק סחר בעמ,,כוסות חד פעמי לשתיה קרה 330 סמק 40יח,יחידה,40.00,יחידה,false,1,12.90,0.3225,true,1,22723
835811001805,false,כוס קינוח אלגנט חד פ,,,כוס קינוח אלגנט חד פעמי+מכסה 12יח 120סמק,יחידה,12.00,יחידה,false,1,16.90,1.4083,true,1,20010
835811001935,false,קוקטים לאפייה 50 יח,,,קוקטים לאפייה 50 יח 5.50 אונז,יחידה,50.00,יחידה,false,1,15.90,0.3180,true,1,17482
835811002215,false,עטרות מאפינס צבעוני,,,עטרות מאפינס צבעוני 200יח מס 4,יחידה,200.00,יחידה,false,24,9.90,0.0495,true,1,27291
835811002239,false,עטרות מאפינס צבעוני,,,עטרות מאפינס צבעוני 200יח מס 3,יחידה,200.00,יחידה,false,24,7.90,0.0395,true,1,27290
835811002246,false,עטרות מאפינס צבעוני,,,עטרות מאפינס צבעוני 200יח מס 2,יחידה,200.00,יחידה,false,24,7.90,0.0395,true,1,27289
835811004455,false,קישקשים מנייר 125יח,הנג טונג,CN,קישקשים מנייר 125יח צבעוני פי וי סי,יחידה,125.00,יחידה,false,24,9.90,0.0792,true,1,45041
835811004660,false,עטרות מס 1.5 אלומ. ל,,,עטרות מס 1.5 אלומ. לאפיה 100יח כסף/זהב,יחידה,100.00,יחידה,false,1,6.50,0.0650,true,1,14643
835811005018,false,כוס קריסטל יהלום 50,,,כוס קריסטל יהלום 50 יח,יחידה,50.00,יחידה,false,1,14.90,0.2980,true,1,11275
835811005322,false,פחם דרום אמריקאי 2 ק,,,פחם דרום אמריקאי 2 קג,קילוגרמים,2.00,"ק""ג",false,1,18.50,9.2500,true,1,12028
835811005407,false,כוסות קפה לדרך+מכסה,,,כוסות קפה לדרך+מכסה 12 אונז 12 יח,יחידה,12.00,יחידה,false,1,15.90,1.3250,true,1,11631
835811005704,false,נייר עטיפה לכריכים 1,,,נייר עטיפה לכריכים 100 יח 35/25 סמ,Unknown,0.00,Unknown,false,1,9.90,0.0000,true,1,10367
835811006183,false,כוס קינוח קריסטל 120,,,כוס קינוח קריסטל 120מל 24יח,יחידה,24.00,יחידה,false,1,21.90,0.9125,true,1,14504
835811006206,false,כוסות 9 אונס מקנה סו,,,כוסות 9 אונס מקנה סוכר מתכלות 25 יח,יחידה,1.00,יחידה,false,1,12.90,12.9000,true,1,11984
835811006695,false,תבניות קוקוטים לאפיה,,,תבניות קוקוטים לאפיה 20 יח 5.5 אונז,יחידה,20.00,יחידה,false,1,8.90,0.4450,true,1,15436
835811007203,false,קמח מצה 500 גרם,,,קמח מצה 500 גרם,גרמים,500.00,100 גרם,false,1,8.90,1.7800,true,1,5837
835811008347,false,גפרור ענק,,,גפרור ענק,יחידה,10.00,יחידה,false,1,5.90,0.5900,true,1,10653
835811008606,false,סיר אלומיניום 3 יח ח,,,סיר אלומיניום 3 יח חד פעמי,Unknown,0.00,Unknown,false,1,16.90,0.0000,true,1,8347
835811008699,false,כפות עבות במיוחד 50,,,כפות עבות במיוחד 50 יח צבעוני,יחידה,50.00,יחידה,false,1,21.90,0.4380,true,1,10827
835811008927,false,כוס ויסקי גבוהה 10 י,,,כוס ויסקי גבוהה 10 יח,יחידה,10.00,יחידה,false,1,16.90,1.6900,true,1,10825
835811008934,false,מזלג עבה במיוחד 50 י,,,מזלג עבה במיוחד 50 יח צבעוני,יחידה,50.00,יחידה,false,1,21.90,0.4380,true,1,10801
835811008958,false,כפיות עבה במיוחד 50,,,כפיות עבה במיוחד 50 יח צבעוני,יחידה,50.00,יחידה,false,1,21.90,0.4380,true,1,10802
835811009016,false,כוסות מקרטון 4 אונז,,,כוסות מקרטון 4 אונז 50 יח,יחידה,50.00,יחידה,false,1,8.90,0.1780,true,1,7842
835811009023,false,כוסות מקרטון 8 אונז,,,כוסות מקרטון 8 אונז 50 יח,Unknown,0.00,Unknown,false,1,13.90,0.0000,true,1,10475
835811009337,false,כוס יין 12 יח 6 אונס,,,כוס יין 12 יח 6 אונס,יחידה,20.00,יחידה,false,1,13.90,0.6950,true,1,10806
835811009351,false,כוס קריסטל 8 אונז 18,,,כוס קריסטל 8 אונז 18 יח,יחידה,18.00,יחידה,false,1,14.90,0.8278,true,1,10817
835811009429,false,צלחות גדולות צבעוני,,,צלחות גדולות צבעוני מעורב 25 יח,יחידה,25.00,יחידה,false,1,16.90,0.6760,true,1,8350
835811009436,false,צלחות ענק צבעוני מעו,,,צלחות ענק צבעוני מעורב 25 יח,יחידה,25.00,יחידה,false,1,21.90,0.8760,true,1,8349
835811009795,false,כוס מרובעת 10 אונס 2,,,כוס מרובעת 10 אונס 20 יח,יחידה,20.00,יחידה,false,1,22.90,1.1450,true,1,10822
837038000371,false,פלפל 4 צבעים במטחנה,NATURAL HERBS & SPIC,,פלפל 4 צבעים במטחנה 185 גר,גרמים,185.00,100 גרם,false,1,45.00,24.3243,true,1,23438
837038000692,false,פלפל שחורבמטחנה 185,NATURAL HERBS & SPIC,,פלפל שחורבמטחנה 185 גר,גרמים,185.00,100 גרם,false,1,40.00,21.6216,true,1,14674
839762000641,false,משקה איילנד מנגו 1 ל,The Egyptian Co. for,,משקה איילנד מנגו 1 ל פקדון,ליטרים,1.00,ליטר,false,1,13.90,13.9000,true,1,4930
839762000658,false,משקה איילנד גויאבה 1,The Egyptian Co. for,,משקה איילנד גויאבה 1 ל פיקדון,ליטרים,1.00,ליטר,false,1,13.90,13.9000,true,1,4929
841058006633,false,גל גילוח אדג מועשר ב,,,גל גילוח אדג מועשר בשיבולת שועל 210גר,גרמים,210.00,100 גרם,false,1,17.90,8.5238,true,1,48554
842515006722,false,מארז משמשים מיובשים,,,משמש מיובש אורגני 250 גר,גרמים,250.00,100 גרם,false,1,21.90,8.7600,true,1,39710
842515010125,false,מארז תאנים מיובשות ב,,,תאנים מיובשות בשמש אורגני 250 גר,גרמים,250.00,100 גרם,false,1,21.90,8.7600,true,1,39711
842515020155,false,מארז צימוקים מיובשים,,,צימוקים סולטנה מיובשים אורגני 250 גר,גרמים,250.00,100 גרם,false,1,21.90,8.7600,true,1,39709
850006036028,false,מקלונים לניגוב עבאדי,עבאדי,IL,מקלונים לניגוב עבאדי סלק ובצל 400 גרם,גרמים,400.00,100 גרם,false,1,18.90,4.7250,true,1,59096
850307005617,false,איטריות ביצים דקות ו,א.ל.ב. גולד,DE,איטריות ביצים דקות ורמיצלי פאדן 500גר,גרמים,500.00,100 גרם,false,20,11.90,2.3800,true,1,36254
850307005624,false,איטריות ביצים עבות ו,א.ל.ב. גולד,DE,איטריות ביצים עבות ורמיצלי פאדן 500גר,גרמים,500.00,100 גרם,false,20,11.90,2.3800,true,1,36255
851621000050,false,מארז שישיית בירה 166,,,מארז שישיית בירה 1664 330מל פקדון,ליטרים,1.98,ליטר,false,1,39.90,20.1515,true,1,42168
856591000062,false,עוגיות עבאדי מלוח 40,עבאדי,,עוגיות עבאדי מלוח 400 ג,גרמים,400.00,100 גרם,false,1,18.90,4.7250,true,1,4703
856591000109,false,עוגיות מזרחיות פריך,עבאדי,,עוגיות מזרחיות פריך במיוחד 400 ג עבאדי,גרמים,400.00,100 גרם,false,1,18.90,4.7250,true,1,9384
856591000512,false,מקלונים עבאדי לניגוב,עבאדי,IL,מקלונים עבאדי לניגוב טעם טבעי 400 גרם,גרמים,400.00,100 גרם,false,1,18.90,4.7250,true,1,9383
856591000949,false,עבאדי קטנטנים מלוח 3,עבאדי,,עבאדי קטנטנים מלוח 350 גרם,גרמים,350.00,100 גרם,false,15,17.90,5.1143,true,1,53118
856591000956,false,עבאדי קטנטנים טעם גר,עבאדי,,עבאדי קטנטנים טעם גריל 350 גרם,גרמים,350.00,100 גרם,false,15,17.90,5.1143,true,1,59098
856591000970,false,מקלונים לניגוב עבאדי,עבאדי,IL,מקלונים לניגוב עבאדי טעם חריף 400 גרם,גרמים,400.00,100 גרם,false,1,18.90,4.7250,true,1,59097
859547004084,false,ספוג ניקוי סקרופ דאד,,US,ספוג ניקוי סקרופ דאדי לימון,יחידה,1.00,יחידה,false,24,17.90,17.9000,true,1,58343
859547004329,false,ספוג ניקוי סקרופ דאד,,US,ספוג ניקוי סקרופ דאדי,יחידה,1.00,יחידה,false,24,17.90,17.9000,true,1,58340
859547004466,false,ספוג ניקוי סקרופ מאמ,,US,ספוג ניקוי סקרופ מאמי,יחידה,1.00,יחידה,false,24,17.90,17.9000,true,1,58341
877300000777,false,ממרח צימיצורי נפטון,"נפטון מוצרי מזון בע""",,ממרח צימיצורי נפטון ירוק פיקנטי 180 גר,גרמים,180.00,100 גרם,false,1,11.90,6.6111,true,1,25435
877300003259,false,רוטב נפטון סצואן 340,"נפטון מוצרי מזון בע""",IL,רוטב נפטון סצואן 340 גר,גרמים,340.00,100 גרם,false,6,14.90,4.3824,true,1,28057
884912002372,false,ד.בוקר פוסט קרנברי ס,פוסט ארצות הברית,,ד.בוקר פוסט קרנברי סלקט 368 גר,גרמים,368.00,100 גרם,false,1,24.90,6.7663,true,1,12564
884912004710,false,ד.בוקר פוסט גרייפ נא,פוסט ארצות הברית,,ד.בוקר פוסט גרייפ נאט 581 גר,גרמים,581.00,100 גרם,false,1,21.90,3.7694,true,1,20557
884912014245,false,ד.בוקר פוסט הני בנצם,פוסט ארצות הברית,,ד.בוקר פוסט הני בנצם רוסטד 411 גר,גרמים,411.00,100 גרם,false,1,19.90,4.8418,true,1,9813
884912102102,false,ד.בוקר פוסט סלקט אוכ,פוסט ארצות הברית,,ד.בוקר פוסט סלקט אוכמניות 453 גר,גרמים,453.00,100 גרם,false,1,24.90,5.4967,true,1,26603
884912116505,false,ד.בוקר פוסט בננה נאט,פוסט ארצות הברית,,ד.בוקר פוסט בננה נאט קראנץ 439 גר,גרמים,439.00,100 גרם,false,1,24.90,5.6720,true,1,9815
884912117625,false,דגני פוסט גולדן קריס,פוסט ארצות הברית,,דגני פוסט גולדן קריספ 311 גר,גרמים,311.00,100 גרם,false,1,22.90,7.3633,true,1,42711
884912126115,false,ד.בוקר פוסט גריט גרי,פוסט ארצות הברית,,ד.בוקר פוסט גריט גריינם 453 גר,גרמים,453.00,100 גרם,false,1,24.90,5.4967,true,1,9814
884912180629,false,ד.בוקר פוסט מרובעים,פוסט ארצות הברית,,ד.בוקר פוסט מרובעים שרדד 464 גר,גרמים,464.00,100 גרם,false,1,21.90,4.7198,true,1,20553
884912342737,false,דגני פוסט וופל קריספ,פוסט ארצות הברית,,דגני פוסט וופל קריספ 326 גר,גרמים,326.00,100 גרם,false,1,22.90,7.0245,true,1,44593
884912359155,false,דגני פוסט האני באנצס,פוסט ארצות הברית,US,דגני פוסט האני באנצס רוסטד 340 גרם,גרמים,340.00,100 גרם,false,12,19.90,5.8529,true,1,59283
884912359162,false,דגני פוסט האני באנצס,פוסט ארצות הברית,US,דגני פוסט האני באנצס שקדים 340 גרם,גרמים,340.00,100 גרם,false,12,19.90,5.8529,true,1,59282
884912359414,false,דגני פוסט האני באנצס,פוסט ארצות הברית,US,דגני פוסט האני באנצס קינמון 340 גרם,גרמים,340.00,100 גרם,false,12,19.90,5.8529,true,1,59278
884912359421,false,דגני פוסט האני באנצס,פוסט ארצות הברית,US,דגני פוסט האני באנצס מייפל פקאן 340 גרם,גרמים,340.00,100 גרם,false,12,19.90,5.8529,true,1,59280
884912359483,false,דגני פוסט האני באנצס,פוסט ארצות הברית,US,דגני פוסט האני באנצס תות 311 גרם,גרמים,311.00,100 גרם,false,12,19.90,6.3987,true,1,59279
884912365200,false,דגני בוקר פוסט אוראו,פוסט ארצות הברית,,דגני בוקר פוסט אוראו 311 גרם,גרמים,311.00,100 גרם,false,8,19.90,6.3987,true,1,61363
884912377142,false,דגני פוסט האני באנצס,פוסט ארצות הברית,US,דגני פוסט האני באנצס וניל 340 גרם,גרמים,340.00,100 גרם,false,12,19.90,5.8529,true,1,59281
885320010584,false,תבשיל אורז וקינואה ט,,CA,תבשיל אורז וקינואה טבעונית 170 גרם,גרמים,170.00,100 גרם,false,12,21.90,12.8824,true,1,56552
885320010676,false,תבשיל אטריות גוגו טב,,CA,תבשיל אטריות גוגו טבעוני עדשים בטעם גבינ,גרמים,156.00,100 גרם,false,12,21.90,14.0385,true,1,58731
888849000234,false,חטיף חלבון קווסט שוק,,US,חטיף חלבון קווסט שוקולד כפול,יחידה,1.00,יחידה,false,12,16.90,16.9000,true,1,45429
888849000418,false,חטיף חלבון קווסט שוק,,US,חטיף חלבון קווסט שוקולד בראוני,יחידה,1.00,יחידה,false,12,16.90,16.9000,true,1,45422
888849001224,false,חטיף חלבון קווסט סמו,,US,חטיף חלבון קווסט סמורס,יחידה,1.00,יחידה,false,12,16.90,16.9000,true,1,45433
888849004621,false,חטיף חלבון קווסט שבו,,US,חטיף חלבון קווסט שבולת שועל שוקולד ציפס,יחידה,1.00,יחידה,false,12,16.90,16.9000,true,1,45432
888849008049,false,עוגיית חלבון קווסט ח,,US,עוגיית חלבון קווסט חמאת בוטנים שוקולד,יחידה,1.00,יחידה,false,12,16.90,16.9000,true,1,45437
897581000365,false,מרשמלו טבעוני 283 גר,,,מרשמלו טבעוני 283 גרם,גרמים,283.00,100 גרם,false,1,22.90,8.0919,true,1,41382
897581000372,false,מרשמלו מיני טבעוני 2,,,מרשמלו מיני טבעוני 283 גרם,גרמים,283.00,100 גרם,false,1,22.90,8.0919,true,1,41381
897581000471,false,מיני מרשמלו טבעוני ע,,US,מיני מרשמלו טבעוני עם מייפל 142 גר,גרמים,142.00,100 גרם,false,10,14.90,10.4930,true,1,58948
898193001252,false,בונומלי חליטת קמומיל,הייר ליבינג,GB,בונומלי חליטת קמומיל אורגני 25 גר,יחידה,1.00,יחידה,false,4,15.90,15.9000,true,1,61611
1230000068314,false,תחליף בשר טחון ביונד,,,תחליף בשר טחון ביונד מיט 300 גר,גרמים,300.00,100 גרם,false,8,34.90,11.6333,true,1,52486
1230000116022,false,המבורגר ביונד מיט מא,,,המבורגר ביונד מיט מארז זוג 113גר,גרמים,226.00,100 גרם,false,8,34.90,15.4425,true,1,59638
3012999250066,false,סירופ גרנדין ברדינה,ברדינה,,סירופ גרנדין ברדינה 700 מל,מיליליטרים,700.00,"100 מ""ל",false,1,20.00,2.8571,true,1,11318
3014260023089,false,מארז 3 מב.שיניים אור,על בד,,מארז 3 מב.שיניים אורל בי קלאסיק 40מדיום,יחידה,3.00,יחידה,false,1,14.90,4.9667,true,1,21017
3014260228842,false,קצף גילוח גילט לעור,פרוקטר אנד גמבל,,קצף גילוח גילט לעור רגיל 200 מל,מיליליטרים,200.00,"100 מ""ל",false,1,15.90,7.9500,true,1,8961
3014260240226,false,קצף גילוח גילט לעור,פרוקטר אנד גמבל,,קצף גילוח גילט לעור רגיש 200 מל,מיליליטרים,200.00,"100 מ""ל",false,1,15.90,7.9500,true,1,8962
3014260280772,false,חוט דנטלי אורל בי מנ,פרוקטר אנד גמבל,,חוט דנטלי אורל בי מנטה עם שעווה 50 מטר,Unknown,0.00,Unknown,false,1,16.90,0.0000,true,1,7028
3014260287030,false,סכיני גילוח גילט דו,פרוקטר אנד גמבל,,סכיני גילוח גילט דו להבי 5 יח בשקית,יחידה,5.00,יחידה,false,1,12.90,2.5800,true,1,6179
3014260289287,false,ס.גילוח בלו 2 פלוס ל,פרוקטר אנד גמבל,,ס.גילוח בלו 2 פלוס לנשים 5 יח,Unknown,0.00,Unknown,false,1,15.90,0.0000,true,1,10507
3014260836665,false,מארז זוג מברשת שיניי,פרוקטר אנד גמבל,,מארז זוג מברשת שיניים אורל בי אקספרט מדי,יחידה,2.00,יחידה,false,1,34.90,17.4500,true,1,24845
3016570006844,false,שמפניה טטינגה פרסטיג,,,שמפניה טטינגה פרסטיג רוזה 750מל פקדון,מיליליטרים,750.00,"100 מ""ל",false,1,440.00,58.6667,true,1,15189
3029330032120,false,מארז 4יח לחמניות מקס,,FR,מארז 4יח לחמניות מקסי המבורגר גאקט,גרמים,330.00,100 גרם,false,10,15.90,4.8182,true,1,43080
3035542004206,false,ליקר קואנטרו 750 מל,רמי קואנטרו,,ליקר קואנטרו 750 מל פקדון,מיליליטרים,750.00,"100 מ""ל",false,1,150.00,20.0000,true,1,11260
3045140105526,false,מאגדת 5 יח שוקולד מי,מונדליז,DE,מאגדת 5 יח שוקולד מילקה חלב 100 גרם,גרמים,500.00,100 גרם,false,10,27.90,5.5800,true,1,50941
3045201106004,false,מסיר כתמים אידיאל כד,מרקה,,מסיר כתמים אידיאל כדור מסתובב 150 מל,מיליליטרים,150.00,"100 מ""ל",false,1,22.90,15.2667,true,1,12076
3045201107001,false,מסיר כתמים אידיאל כד,מרקה,,מסיר כתמים אידיאל כדור מסאג 150 מל,מיליליטרים,150.00,"100 מ""ל",false,1,22.90,15.2667,true,1,12075
3045201108008,false,מסיר כתמים אידיאל כד,מרקה,,מסיר כתמים אידיאל כדור מבריש 150 מל,מיליליטרים,150.00,"100 מ""ל",false,1,22.90,15.2667,true,1,12077
3045206312257,false,מגבוני דזיטול נגד חי,מרקה,,מגבוני דזיטול נגד חיידקים 24 יח,יחידה,24.00,יחידה,false,1,12.90,0.5375,true,1,12079
3045206360609,false,נוזל דזיטול מחטא בגד,מרקה,ES,נוזל דזיטול מחטא בגדים בכביסה 1ליטר,ליטרים,1.00,ליטר,false,12,19.90,19.9000,true,1,57555
3046920010047,false,שוקולד לינדט אקסלנס7,לינדט,,שוקולד לינדט אקסלנס78%מריר100 גרם,גרמים,100.00,100 גרם,false,1,16.90,16.9000,true,1,31389
3046920010801,false,שוקולד לינדט אקסלנס,לינדט,,שוקולד לינדט אקסלנס הזלנט 100 גר,גרמים,100.00,100 גרם,false,1,16.90,16.9000,true,1,30855
3046920010856,false,שוקולד לינדט אקסלנס,לינדט,,שוקולד לינדט אקסלנס למון גינגר100גרם,גרמים,100.00,100 גרם,false,1,16.90,16.9000,true,1,44866
3046920016377,false,שוקולד לינדט אקסלנס,לינדט,,שוקולד לינדט אקסלנס 100%ריר 50 גרם,Unknown,0.00,Unknown,false,1,16.90,0.0000,true,1,47939
3046920027281,false,שוקולד לינדט אקסלנס,לינדט,,שוקולד לינדט אקסלנס קרמלסולט100 גר,גרמים,100.00,100 גרם,false,1,16.90,16.9000,true,1,20477
3046920028004,false,שוקולד לינדט אקסלנס,לינדט,,שוקולד לינדט אקסלנס70%מריר100 גרם,גרמים,100.00,100 גרם,false,1,16.90,16.9000,true,1,1779
3046920028363,false,שוקולד לינדט אקסלנס,לינדט,,שוקולד לינדט אקסלנס85%מריר100 גרם,גרמים,100.00,100 גרם,false,1,16.90,16.9000,true,1,4613
3046920028721,false,שוקולד לינדט אקסלנס,לינדט,,שוקולד לינדט אקסלנס 99% מריר100גרם,Unknown,0.00,Unknown,false,1,16.90,0.0000,true,1,26577
3046920028752,false,שוקולד לינדט אקסלנס,לינדט,,שוקולד לינדט אקסלנס מנטה 100 גרם,גרמים,100.00,100 גרם,false,1,16.90,16.9000,true,1,6849
3046920029674,false,שוקולד לינדט אקסלנס,לינדט,,שוקולד לינדט אקסלנס מלח 100 גרם,גרמים,100.00,100 גרם,false,1,16.90,16.9000,true,1,8437
3046920029681,false,שוקולד לינדט אקסלנס,לינדט,,שוקולד לינדט אקסלנס מילד85%מריר100 גרם,גרמים,100.00,100 גרם,false,1,16.90,16.9000,true,1,47654
3046920029759,false,שוקולד לינדט אקסלנס9,לינדט,,שוקולד לינדט אקסלנס90%מריר100גר,גרמים,100.00,100 גרם,false,1,16.90,16.9000,true,1,20475
3046920029780,false,שוקולד לינדט אקסלנס7,לינדט,DE,שוקולד לינדט אקסלנס70%מילד100 גרם,גרמים,100.00,100 גרם,false,20,16.90,16.9000,true,1,26180
3059940007768,false,מ.אוויר אירוויק ספרי,RB בריטניה,,מ.אוויר אירוויק ספריי וניל 240 מל,מיליליטרים,240.00,"100 מ""ל",false,1,10.90,4.5417,true,1,10459
3059943015104,false,מטהר אוויר אירוויק נ,RB פולין,,מטהר אוויר אירוויק נטול גז פריסיה 345 מל,מיליליטרים,345.00,"100 מ""ל",false,1,14.90,4.3188,true,1,9729
3059943015128,false,מטהר אוויר אירוויק נ,RB פולין,,מטהר אוויר אירוויק נטול גז לבנדר 345 מל,מיליליטרים,345.00,"100 מ""ל",false,1,14.90,4.3188,true,1,9730
3059943016507,false,מ.אוויר אירוויק ספרי,RB בריטניה,,מ.אוויר אירוויק ספריי לבנדר 240 מל,מיליליטרים,240.00,"100 מ""ל",false,1,10.90,4.5417,true,1,10458
3059943016569,false,מ.אוויר אירוויק ספרי,RB בריטניה,,מ.אוויר אירוויק ספריי פריסיה יסמין240מ,מיליליטרים,240.00,"100 מ""ל",false,1,10.90,4.5417,true,1,10456
3059944022415,false,ויט ארומטיק רצועות ש,רקיט בנקיזר צרפת,,ויט ארומטיק רצועות שעווה 10 יח,Unknown,0.00,Unknown,false,1,21.90,0.0000,true,1,9613
3067140243114,false,ציקוריה קרמל 100 גרם,LEROUX COFFEE SUB,,ציקוריה קרמל 100 גרם,גרמים,100.00,100 גרם,false,1,24.90,24.9000,true,1,1781
3068320014067,false,מים מינרלים אויאן 75,,,מים מינרלים אויאן 750 מל פלסטיק,מיליליטרים,750.00,"100 מ""ל",false,1,9.90,1.3200,true,1,16106
3068320055008,false,מים מינרלים אויאן 50,,,מים מינרלים אויאן 500 מל פלסטיק,מיליליטרים,500.00,"100 מ""ל",false,1,6.90,1.3800,true,1,17015
3068320103389,false,מים מינרלים אויאן 75,,,מים מינרלים אויאן 750 מל זכוכית,מיליליטרים,750.00,"100 מ""ל",false,1,12.90,1.7200,true,1,10409
3073780538442,false,ממרח גבינת לואש קירי,"מפעלי גבינות    ""ביל",,ממרח גבינת לואש קירי200 גרם,גרמים,200.00,100 גרם,false,1,21.90,10.9500,true,1,3715
3073780574242,false,גבינת לואש קירי מותכ,,,גבינת לואש קירי מותכת 16 יח 240 גר,גרמים,240.00,100 גרם,false,1,22.90,9.5417,true,1,26904
3073780574310,false,גבינת לואש קירי מותכ,,,גבינת לואש קירי מותכת 24 יח 360גר,גרמים,360.00,100 גרם,false,1,28.90,8.0278,true,1,2721
3073780591591,false,גבינת לואש קירי מותכ,"מפעלי גבינות    ""ביל",,גבינת לואש קירי מותכת 12 יח 192 גר,גרמים,192.00,100 גרם,false,1,14.90,7.7604,true,1,2720
3073780828628,false,גבינת בייבי בל אדום,בל,,גבינת בייבי בל אדום 120 גר,גרמים,120.00,100 גרם,false,1,19.90,16.5833,true,1,10004
3073780839631,false,גבינת קירי מותכת 6 י,"מפעלי גבינות    ""ביל",,גבינת קירי מותכת 6 יח 100 ג,גרמים,100.00,100 גרם,false,1,12.90,12.9000,true,1,16040
3073781003338,false,גבינת לואש קירי לייט,"מפעלי גבינות    ""ביל",,גבינת לואש קירי לייט מותכת 8 יח 120גר,גרמים,120.00,100 גרם,false,1,13.90,11.5833,true,1,16041
3073781162790,false,גבינת בייבי בל אדום,בל,,גבינת בייבי בל אדום 120 גר,גרמים,120.00,100 גרם,false,1,16.90,14.0833,true,1,59420
3073781177220,false,גבינת בייבי בל רול 1,בל,FR,גבינת בייבי בל רול 102גר,גרמים,102.00,100 גרם,false,8,16.90,16.5686,true,1,60803
3090291119403,false,גבינת נורמנטל 150גר,סבנסיה,FR,גבינת נורמנטל 150גר פרוס איל דה פרנס,גרמים,150.00,100 גרם,false,8,22.90,15.2667,true,1,52024
3090291123035,false,גבינת מונטאוור 150גר,סבנסיה,FR,גבינת מונטאוור 150גר פרוס איל דה פרנס,גרמים,150.00,100 גרם,false,8,22.90,15.2667,true,1,52023
3120581446381,false,יין שבלי פטיט שארטון,,FR,יין פטיט שבלי שארטון טרבושה 750 מל,מיליליטרים,750.00,"100 מ""ל",false,6,80.00,10.6667,true,1,41394
3134375003513,false,דבק כללי חזק במיוחד,3m,,דבק כללי חזק במיוחד 30 גרם,יחידה,1.00,יחידה,false,1,16.90,16.9000,true,1,21702
3141360054405,false,ציטרופרש מפיג ריחות,RB הונגריה,,ציטרופרש מפיג ריחות למדיח,Unknown,0.00,Unknown,false,1,16.90,0.0000,true,1,27235
3147690014607,false,יין אדום פורט קאלווא,ברדינה,,יין אדום פורט קאלווארש 750 מל,מיליליטרים,750.00,"100 מ""ל",false,1,60.00,8.0000,true,1,17077
3147690045908,false,ברנדי ארמניאק לה מזי,ברדינה,,ברנדי ארמניאק לה מזייר 700 מל פקדון,מיליליטרים,700.00,"100 מ""ל",false,1,115.00,16.4286,true,1,11281
3155700000212,false,שמן אגוזי 500  מל לא,,,שמן אגוזי 500  מל לאפליס,מיליליטרים,500.00,"100 מ""ל",false,1,44.90,8.9800,true,1,22719
3155700000700,false,שמן אגוזי מלך 1 ל לא,,,שמן אגוזי מלך 1 ל לאפליס,ליטרים,1.00,ליטר,false,1,64.90,64.9000,true,1,20030
3155930006015,false,בירה דספרדוס קראפט 3,הייניקן,NL,בירה דספרדוס קראפט 330 מל בק. פקדון,מיליליטרים,330.00,"100 מ""ל",false,24,8.90,2.6970,true,1,36870
3159560595000,false,יין רוזה דאנזו קאלוו,צרפת גראן שה דה פראנ,,יין רוזה דאנזו קאלווה 750מל פקדון,מיליליטרים,750.00,"100 מ""ל",false,1,45.00,6.0000,true,1,13581
3161712996146,false,גבינת מיני ברי 125גר,סבנסיה,FR,גבינת מיני ברי 125גרם איל דה פרנס,גרמים,125.00,100 גרם,false,12,24.90,19.9200,true,1,52020
3161712996153,false,גבינת מיני ברי כחולה,סבנסיה,FR,גבינת מיני ברי כחולה 125גרם איל דה פרנס,גרמים,125.00,100 גרם,false,12,24.90,19.9200,true,1,52022
3161911229199,false,חמאה רכה אלויר 250 ג,אלוויר,,חמאה רכה אלויר 250 גרם,גרמים,250.00,100 גרם,false,1,19.90,7.9600,true,1,1783
3161911366429,false,חמאה רכה מלוחה אלויר,אלוויר,,חמאה רכה מלוחה אלויר 250 גרם,גרמים,250.00,100 גרם,false,1,19.90,7.9600,true,1,2301
3161911393210,false,חמאת נורמנדי מלוחה 2,אלוויר,FR,חמאת נורמנדי מלוחה 200גר אלוויר,גרמים,200.00,100 גרם,false,40,17.90,8.9500,true,1,59005
3175360000377,false,גבינת רמבול אגוזים ב,בונגראן,,גבינת רמבול אגוזים במשקל,קילוגרמים,1.00,"ק""ג",true,,179.00,179.0000,true,1,36248
3175460000017,false,גבינת בורסן שום ועשב,בל,,גבינת בורסן שום ועשבי תיבול 150 גרם,גרמים,150.00,100 גרם,false,1,18.90,12.6000,true,1,7067
3175460000062,false,גבינת בורסן פלפל 150,בל,,גבינת בורסן פלפל 150 גרם,גרמים,150.00,100 גרם,false,1,18.90,12.6000,true,1,5475
3175460000864,false,גבינת בורסן טבעי 150,,,גבינת בורסן טבעי 150 גרם,גרמים,150.00,100 גרם,false,1,18.90,12.6000,true,1,3575
3175460030083,false,גבינת בורסן בצל ועיר,בל,,גבינת בורסן בצל ועירית 150 גרם,גרמים,150.00,100 גרם,false,1,18.90,12.6000,true,1,5563
3176580111935,false,גבינת ברי איל דפרנס,בונגראן,,גבינת ברי איל דפרנס במשקל,קילוגרמים,1.00,"ק""ג",true,,159.00,159.0000,true,1,40731
3176780013275,false,יין לה ורסן רוזה דה,,,יין לה ורסן רוזה דה לואר 750 מל,מיליליטרים,750.00,"100 מ""ל",false,6,60.00,8.0000,true,1,52457
3176780030616,false,יין לבן לה רוש נואר,,FR,יין לבן לה רוש נואר מוסקדה סברא 750מל פק,מיליליטרים,750.00,"100 מ""ל",false,12,60.00,8.0000,true,1,60581
3178530402278,false,עוגיות גאלט חמאה קרמ,סן מישל,,עוגיות גאלט חמאה קרמל סן מישל 150 גרם,גרמים,150.00,100 גרם,false,1,14.90,9.9333,true,1,25314
3178530402353,false,עוגיות מדלן רכות סן,סן מישל,,עוגיות מדלן רכות סן מישל 175 גרם,גרמים,175.00,100 גרם,false,1,11.90,6.8000,true,1,25319
3178530407938,false,עוגיות מיני מדליין ס,סן מישל,,עוגיות מיני מדליין סן מישל 175גרם,גרמים,175.00,100 גרם,false,1,11.90,6.8000,true,1,25317
3178530409673,false,עוגיות סן מישל פלמיה,סן מישל,FR,עוגיות אוזני פיל סנט מישל  100 גר,גרמים,100.00,100 גרם,false,12,14.90,14.9000,true,1,31270
3178530411478,false,עוגיות גאלט חמאה סנט,סן מישל,,עוגיות גאלט חמאה סנט מישל קלאסי 150 גרם,גרמים,150.00,100 גרם,false,1,14.90,9.9333,true,1,25313
3178530412703,false,עוגיות סן מישל דונאט,סן מישל,FR,עוגיות סן מישל דונאט שוקולד180 גרם,גרמים,180.00,100 גרם,false,12,16.90,9.3889,true,1,44526
3178530417340,false,עוגת אישית סנט מישל,סן מישל,FR,עוגת אישית סנט מישל בראוניז שוקולד210גרם,גרמים,210.00,100 גרם,false,12,17.90,8.5238,true,1,51082
3178530417357,false,עוגת אישית סנט מישל,סן מישל,FR,עוגת אישית סנט מישל בראוניז לבן210גרם,גרמים,210.00,100 גרם,false,12,17.90,8.5238,true,1,51083
3178530417418,false,עוגיות סן מישל דונאט,סן מישל,FR,עוגיות סן מישל דונאט שוקוציפס180 גרם,גרמים,180.00,100 גרם,false,12,16.90,9.3889,true,1,44530
3179730011017,false,מים מינרלים פרייה 75,נסטלה,,מים מינרלים פרייה 750 מל פיקדון,מיליליטרים,750.00,"100 מ""ל",false,1,10.90,1.4533,true,1,2955
3179730011024,false,מים מינרליים פרייה 3,נסטלה,,מים מינרליים פרייה 330 מל פיקדון,מיליליטרים,330.00,"100 מ""ל",false,1,6.90,2.0909,true,1,3539
3179732348913,false,מים מינרלים פרייה 1,נסטלה,,מים מינרלים פרייה 1 ל פיקדון פלסטיק ירוק,ליטרים,1.00,ליטר,false,1,10.90,10.9000,true,1,8593
3179732348944,false,מארז 6יח מים  פרייה,נסטלה,,מארז 6יח מים  פרייה 1ליטר פלסטיק פקדון,ליטרים,6.00,ליטר,false,1,45.00,7.5000,true,1,8643
3180421057603,false,יין בורגון פינו מולא,,FR,יין פינו נואר בורגון מולארד 750 מל,מיליליטרים,750.00,"100 מ""ל",false,6,80.00,10.6667,true,1,41386
3183280028036,false,מלח ים גס אטלנטי 1 ק,,,מלח ים גס אטלנטי 1 קג לה בלינה,קילוגרמים,1.00,"ק""ג",false,1,16.90,16.9000,true,1,43107
3185130000124,false,יין קרמאן דאלזאס בלן,צרפת פפאפנהיים,,יין קרמאן דאלזאס בלן דה בלאן 750 מל,מיליליטרים,750.00,"100 מ""ל",false,1,70.00,9.3333,true,1,25689
3185130051027,false,יין ריזלינג פפאפנהיי,צרפת פפאפנהיים,,יין ריזלינג פפאפנהיים 750 מל פיקדון,מיליליטרים,750.00,"100 מ""ל",false,1,60.00,8.0000,true,1,8237
3185130071025,false,יין לבן פינו גרי פפא,צרפת פפאפנהיים,,יין לבן פינו גרי פפאפנהיים 750 מל פקדון,מיליליטרים,750.00,"100 מ""ל",false,1,65.00,8.6667,true,1,11378
3185130081024,false,יין גוורצטרמינר פפאפ,צרפת פפאפנהיים,,יין גוורצטרמינר פפאפנהיים 750 מל פיקדון,מיליליטרים,750.00,"100 מ""ל",false,1,65.00,8.6667,true,1,8238
3185370001233,false,שמפניה מואט ושנדו בר,,,יין נתזים מואט ושנדו ברוט 750 מל פיקדון,מיליליטרים,750.00,"100 מ""ל",false,1,269.00,35.8667,true,1,26829
3185370061503,false,שמפניה מואט רוזה 750,,,יין מואט אריזת מתנה 750 מל,מיליליטרים,750.00,"100 מ""ל",false,1,299.00,39.8667,true,1,26298
3228022910023,false,חמאה צרפתית פרזידנט,לקטליס,,חמאה צרפתית פרזידנט 200 גרם,גרמים,200.00,100 גרם,false,1,12.90,6.4500,true,1,1787
3252920012305,false,חמאה 250גרם לה גאל,,GR,חמאה 250גרם לה גאל,גרמים,250.00,100 גרם,false,,22.90,9.1600,true,1,49475
3252920012350,false,חמאה במליחות מעודנת,,GR,חמאה במליחות מעודנת 250גר לה גאל,גרמים,250.00,100 גרם,false,,22.90,9.1600,true,1,49476
3252920013494,false,חמאה מלוחה 250גר מלח,,GR,חמאה מלוחה 250גר מלח אטלנטי לה גאל,גרמים,250.00,100 גרם,false,,22.90,9.1600,true,1,49474
3252920022526,false,גבינת שמנת עשבי תיבו,,,גבינת שמנת עשבי תיבול 150גר לה גל,גרמים,150.00,100 גרם,false,,13.90,9.2667,true,1,49463
3252920022557,false,גבינת שמנת תות 150גר,,,גבינת שמנת תות 150גר לה גל,גרמים,150.00,100 גרם,false,,13.90,9.2667,true,1,49462
3254550033217,false,גבינת ברי איסיני 220,איסיני סנט מור,,גבינת ברי איסיני 220 גרם,גרמים,220.00,100 גרם,false,1,31.90,14.5000,true,1,20488
3254550033279,false,גבינת קממבר איסיני 2,איסיני סנט מור,,גבינת קממבר איסיני 250 גרם,גרמים,250.00,100 גרם,false,1,31.90,12.7600,true,1,20489
3257698101107,false,יין גילהם לבן 750 מל,גאטה,,יין גילהם לבן 750 מל,מיליליטרים,750.00,"100 מ""ל",false,1,60.00,8.0000,true,1,31567
3257698301101,false,יין גילהם אדום 750 מ,גאטה,,יין גילהם אדום 750 מל,מיליליטרים,750.00,"100 מ""ל",false,1,60.00,8.0000,true,1,31568
3263286301316,false,יין גי פי שונה קולומ,,,יין גי פי שונה קולומברד סוביני750מל,מיליליטרים,750.00,"100 מ""ל",false,1,45.00,6.0000,true,1,42910
3263286328993,false,יין גי פי מרלו 750 מ,,,יין גי פי מרלו 750 מל,מיליליטרים,750.00,"100 מ""ל",false,1,45.00,6.0000,true,1,43190
3263286329396,false,יין טרה ארגנטה מלבק,,AR,יין טרה ארגנטה מלבק 750 מל,מיליליטרים,750.00,"100 מ""ל",false,6,45.00,6.0000,true,1,41393
3263286529321,false,יין שבלי לבן בואיה 7,,FR,יין שבלי לבן בואיה 750 מל פקדון,מיליליטרים,750.00,"100 מ""ל",false,6,100.00,13.3333,true,1,48393
3272770003148,false,גבינת שברו עיזים פרמ,בונגראן,,גבינת שברו עיזים פרמידה 150 ג,גרמים,150.00,100 גרם,false,1,21.90,14.6000,true,1,4170
3272810233177,false,יין בורדו דומיין דה,גי סי אף פטרסבך,FR,יין בורדו דומיין דה שבאל בלאן אדום 750 מ,מיליליטרים,750.00,"100 מ""ל",false,6,45.00,6.0000,true,1,37891
3274664142452,false,מאגדת גלידה קוטדור,,,מאגדת גלידה קוטדור  וניל 4 יח,יחידה,4.00,יחידה,false,8,49.90,12.4750,true,1,48800
3274932102003,false,חמאה 250גרם לה גאל,,GR,חמאה 250גרם לה גאל,גרמים,250.00,100 גרם,false,,22.90,9.1600,true,1,50083
3296180000160,false,יין פרין קוט דה רון,,,יין פרין קוט דה רון רזרב 750 מל פקדון,מיליליטרים,750.00,"100 מ""ל",false,1,60.00,8.0000,true,1,8312
3296180007794,false,יין פרובנס מירבאל סט,,FR,יין מירבאל סטודיו 750 מל,מיליליטרים,750.00,"100 מ""ל",false,6,80.00,10.6667,true,1,42984
3296184016242,false,יין פרובנס מירבל רוז,,,יין פרובנס מירבל רוזה יבש 750 מל,מיליליטרים,750.00,"100 מ""ל",false,1,115.00,15.3333,true,1,50901
3335121604934,false,חרדל צאטל חלק 370 גר,קובינור,,חרדל צאטל חלק 370 גר,גרמים,370.00,100 גרם,false,1,10.00,2.7027,true,1,6027
3335121614933,false,חרדל צאטל גרגרים 370,קובינור,,חרדל צאטל גרגרים 370 גר,גרמים,370.00,100 גרם,false,1,11.90,3.2162,true,1,6028
3341501000173,false,גבינת סנט אגור במשקל,בונגראן,,גבינת סנט אגור במשקל,קילוגרמים,1.00,"ק""ג",true,,199.00,199.0000,true,1,2304
3344060020729,false,יין וורה פייר ברווין,,FR,יין וורה פייר ברווין מתוק 750 מל,מיליליטרים,750.00,"100 מ""ל",false,6,60.00,8.0000,true,1,41398
3365500000385,false,גבינת קממבר 250גר צר,,FR,גבינת קממבר 250גר צרפתית בנייר,גרמים,250.00,100 גרם,false,1,24.90,9.9600,true,1,47228
3387390320244,false,דגני פיטנס עם פירות,נסטלה צרפת איטנקורט,,דגני בוקר פיטנס עם פירות 375 ג,גרמים,375.00,100 גרם,false,1,19.90,5.3067,true,1,5037
3387390525960,false,דגני קראנץ טעם שוקול,נסטלה צרפת רומילי,,דגני בוקר קראנצ טעם שוקולד חלב 500 ג,גרמים,500.00,100 גרם,false,1,22.90,4.5800,true,1,7895
3387390730852,false,דגני פיטנס לגוף חטוב,נסטלה צרפת איטנקורט,,דגני בוקר פיטנס לגוף חטוב 375 ג,גרמים,375.00,100 גרם,false,1,19.90,5.3067,true,1,5036
3415581114126,false,גלידה האגן דאז פיינט,האגן דאז,,גלידה האגן דאז פיינט קרמל מלוח 430גר,גרמים,430.00,100 גרם,false,1,22.90,5.3256,true,1,14480
3415581117110,false,גלידה האגן דאז פיינט,האגן דאז,,גלידה האגן דאז פיינט קרמל וביסקויט,גרמים,430.00,100 גרם,false,1,22.90,5.3256,true,1,10144
3415581187113,false,גלידה האגן דאז פיינט,האגן דאז,,גלידה האגן דאז פיינט וניל בראוניס,מיליליטרים,500.00,"100 מ""ל",false,1,22.90,4.5800,true,1,4746
3415587400186,false,שלגון האגן דאז מקדמי,,,שלגון האגן דאז מקדמיה,יחידה,1.00,יחידה,false,1,10.00,10.0000,true,1,40411
3415587404054,false,שלגון האגן דאז שוקול,,,שלגון האגן דאז שוקולד ושקדים,יחידה,1.00,יחידה,false,1,10.00,10.0000,true,1,40412
3415587405181,false,שלגון האגן דאז תות ש,,,שלגון האגן דאז תות שדה,יחידה,1.00,יחידה,false,1,10.00,10.0000,true,1,40413
3417840007514,false,יין סאנסר דומיין דה,,,יין סאנסר דומיין דה רוסיניול לבן 750 מל,מיליליטרים,750.00,"100 מ""ל",false,1,80.00,10.6667,true,1,47192
3436804100412,false,יין שבלי סנט קלייר ב,צרפת בורדו,,יין שאבלי סנט קלייר ברוקרד 750 מל,מיליליטרים,750.00,"100 מ""ל",false,1,100.00,13.3333,true,1,21140
3451492750954,false,יין שאבלי דומיין דה,דומיין דה מאלאנד,,יין שבלי דומיין דה מאלאנד 750 מל,מיליליטרים,750.00,"100 מ""ל",false,1,100.00,13.3333,true,1,43487
3451790476945,false,קרם ציז במשקל,אלוויר,,קרם ציז במשקל,קילוגרמים,1.00,"ק""ג",true,,69.00,69.0000,true,1,8627
3451790940217,false,חמאה רכה אלוויר גליל,אלוויר,,חמאה רכה אלוויר גליל גורמה 250 גרם,גרמים,250.00,100 גרם,false,1,18.90,7.5600,true,1,15196
3455720750433,false,יין שמפנייה רוזה אלכ,צרפת אלכסנדר בונה,,יין פרל רוזה ברוט אלכסנדר בונה 750 מל,מיליליטרים,750.00,"100 מ""ל",false,1,180.00,24.0000,true,1,18053
3455720750457,false,יין שמפנייה בלאן דה,צרפת אלכסנדר בונה,,יין בלאן דה נואר אלכסנדר 750 מל פקדון,מיליליטרים,750.00,"100 מ""ל",false,1,155.00,20.6667,true,1,11469
3455720750495,false,יין שמפנייה גראנד רז,צרפת אלכסנדר בונה,,יין גרנד רזרב ברוט אלכסנדר 750מל פקדון,מיליליטרים,750.00,"100 מ""ל",false,1,155.00,20.6667,true,1,11470
3480341002685,false,גבינת טרטר אפרטיף בנ,בונגראן,,גבינת טרטר אפרטיף בנוסח פרובנס 100 גרם,גרמים,100.00,100 גרם,false,1,19.90,19.9000,true,1,41568
3480341002692,false,גבינת טרטר אפרטיף בנ,בונגראן,,גבינת טרטר אפרטיף בנוסח איטלקי 100 גרם,גרמים,100.00,100 גרם,false,1,19.90,19.9000,true,1,41567
3500610044564,false,יין דומיין דה לה ויו,,FR,יין ויונייה דומיין דה לה בום 750מל פקדון,מיליליטרים,750.00,"100 מ""ל",false,1,60.00,8.0000,true,1,37889
3500610063046,false,יין בורדו דומיין דה,גי סי אף פטרסבך,FR,יין בורדו דומיין דה שבאל בלאן לבן 750 מ,מיליליטרים,750.00,"100 מ""ל",false,6,45.00,6.0000,true,1,37892
3500610086977,false,יין צרלס רוסו קברנה,,FR,יין צרלס רוסו קברנה סוביניון 750 מל,מיליליטרים,750.00,"100 מ""ל",false,6,45.00,6.0000,true,1,50481
3500610090394,false,יין צרלס רוסו גרנאש,,FR,יין צרלס רוסו גרנאש סינסאולט רוזה 750 מל,מיליליטרים,750.00,"100 מ""ל",false,6,45.00,6.0000,true,1,50484
3500610144806,false,יין ויקטורי רוזה יבש,,FR,יין ויקטורי רוזה יבש 750 מל,מיליליטרים,750.00,"100 מ""ל",false,6,65.00,8.6667,true,1,50479
3523230025638,false,גבינת בושה עיזים טבע,אוריאל,,גבינת בושה עיזים טבעי 125 גר,גרמים,125.00,100 גרם,false,1,19.90,15.9200,true,1,12862
3523230025652,false,גבינת בושה עיזים 125,אוריאל,,גבינת בושה עיזים 125 גרם,גרמים,125.00,100 גרם,false,1,19.90,15.9200,true,1,23635
3523230026826,false,גבינת פירמידה עיזים,אוריאל,,גבינת פירמידה עיזים טבעי 140גרם,גרמים,140.00,100 גרם,false,1,19.90,14.2143,true,1,23634
3523230026888,false,גבינת פירמידה עיזים,אוריאל,,גבינת פירמידה עיזים שום ועשבי תיבול 140ג,גרמים,140.00,100 גרם,false,1,19.90,14.2143,true,1,23633
3523230032278,false,גבינת עיזים למריחה 1,אוריאל,,גבינת עיזים למריחה 150 גרם,גרמים,150.00,100 גרם,false,1,19.90,13.2667,true,1,21119
3523230038959,false,גבינת בושה מפוחם 125,אוריאל,,גבינת בושה מפוחם 125 גרם,גרמים,125.00,100 גרם,false,1,19.90,15.9200,true,1,45739
3523230045827,false,גבינת סנט מור עיזים,אוריאל,,גבינת סנט מור עיזים 160 גרם,גרמים,160.00,100 גרם,false,1,24.90,15.5625,true,1,35774
3525490010027,false,יין לה גומלייה קברנה,,,יין לה גומלייה קברנה סוביניון 750מל פקדו,מיליליטרים,750.00,"100 מ""ל",false,1,60.00,8.0000,true,1,13491
3525490010041,false,יין לה גומלייה מורבד,,,יין לה גומלייה מורבדה 750 מל פקדון,מיליליטרים,750.00,"100 מ""ל",false,1,60.00,8.0000,true,1,13490
3525490010317,false,יין לה גומלייה פינו,,,יין לה גומלייה פינו גרי 750 מל,מיליליטרים,750.00,"100 מ""ל",false,1,60.00,8.0000,true,1,27941
3525490011987,false,יין לה גומלייה שרדונ,,,יין לה גומלייה שרדונה 750 מל,מיליליטרים,750.00,"100 מ""ל",false,1,60.00,8.0000,true,1,18304
3525490016302,false,יין לה גומלייה מלבק,,,יין לה גומלייה מלבק 750 מל,מיליליטרים,750.00,"100 מ""ל",false,1,60.00,8.0000,true,1,17896
3525490024970,false,יין לה ויט שרדונה 75,,,יין לה ויט שרדונה 750 מל,מיליליטרים,750.00,"100 מ""ל",false,1,60.00,8.0000,true,1,38974
3525490097219,false,יין לה בלה אנגל קברנ,,FR,יין לה בלה אנגל קברנה ס. 750 מל,מיליליטרים,750.00,"100 מ""ל",false,6,45.00,6.0000,true,1,53569
3525490097233,false,יין לה בלה אנגל שרדו,,FR,יין לה בלה אנגל שרדונה 750 מל,מיליליטרים,750.00,"100 מ""ל",false,6,45.00,6.0000,true,1,53568
3525490098476,false,יין לה בלה אנגל רוזה,,FR,יין לה בלה אנגל רוזה 750 מל,מיליליטרים,750.00,"100 מ""ל",false,6,45.00,6.0000,true,1,56626
3525490098636,false,יין לה בלה אנגל קולו,,FR,יין לה בלה אנגל קולומברד 750 מל,מיליליטרים,750.00,"100 מ""ל",false,6,45.00,6.0000,true,1,53567
3525490098667,false,יין לה בלה אנגל גאמי,,FR,יין לה בלה אנגל גאמיי 750 מל,מיליליטרים,750.00,"100 מ""ל",false,6,45.00,6.0000,true,1,53570
3525490098728,false,יין לה בלה אנגל גוור,,FR,יין לה בלה אנגל גוורצטרמיינר 750 מל,מיליליטרים,750.00,"100 מ""ל",false,6,45.00,6.0000,true,1,56627
3542862722111,false,גבינת קומטה גורה פלו,,FR,גבינת קומטה גורה פלור 200גר,גרמים,200.00,100 גרם,false,,39.90,19.9500,true,1,59014
3563490014898,false,חרדל ריין דה דיזון ל,ריין דיגון,,חרדל ריין דה דיזון לחיץ265 גר,גרמים,265.00,100 גרם,false,1,12.90,4.8679,true,1,7042
3569401014360,false,יין אדום קריניאן קוט,,,יין אדום קריניאן קוט קטלאן 750 מל,מיליליטרים,750.00,"100 מ""ל",false,6,65.00,8.6667,true,1,60155
3569401014407,false,יין רוזה ליפארי מענב,,,יין רוזה ליפארי מענבי פינו נואר 750 מל,מיליליטרים,750.00,"100 מ""ל",false,6,65.00,8.6667,true,1,60154
3574660058857,false,שמן  בייבי  גונסונס,Johnson Toilet-IT,IT,שמן  בייבי  גונסונס 500מל חדש,מיליליטרים,500.00,"100 מ""ל",false,1,32.90,6.5800,true,1,41119
3574660089547,false,טמפון אובה קלאסי נור,Johnson Toilet-IT,,טמפון אובה קלאסי נורמל 32 יח,יחידה,32.00,יחידה,false,1,29.90,0.9344,true,1,6815
3574660115154,false,טמפון אובה קלאסי סופ,Johnson Toilet-IT,,טמפון אובה קלאסי סופר 32 יח,יחידה,32.00,יחידה,false,1,29.90,0.9344,true,1,6816
3574660239829,false,קרם ידיים ניוטרוגינה,,,קרם ידיים ניוטרוגינה קל 75 מל,מיליליטרים,75.00,"100 מ""ל",false,1,25.90,34.5333,true,1,33159
3574660333466,false,טמפון אובה מיני 32 פ,Johnson Toilet-IT,,טמפון אובה מיני 32 פרוקומפורט,יחידה,32.00,יחידה,false,1,29.90,0.9344,true,1,12334
3574660342291,false,קרם ידיים ניוטרוגינה,,,קרם ידיים ניוטרוגינה 75 מל,מיליליטרים,75.00,"100 מ""ל",false,1,25.90,34.5333,true,1,33158
3574660514643,false,קרם רב שימושי ניוטרו,גונסונס,,קרם רב שימושי ניוטרוגינה עשיר 300 מל,מיליליטרים,300.00,"100 מ""ל",false,1,25.90,8.6333,true,1,33278
3574660571769,false,שפתון לחות נוטרוגינה,גונסונס,GR,שפתון לחות נוטרוגינה,יחידה,1.00,יחידה,false,1,17.90,17.9000,true,1,49766
3574660638325,false,קרם החתלה בייבי גונס,Johnson Toilet-IT,,קרם החתלה בייבי גונסון 100 מל,מיליליטרים,100.00,"100 מ""ל",false,1,19.90,19.9000,true,1,11096
3574660676136,false,קרם רב שימושי ניוטרו,גונסונס,,קרם רב שימושי ניוטרוגינה קליל 300 מל,מיליליטרים,300.00,"100 מ""ל",false,1,25.90,8.6333,true,1,49387
3574661003924,false,נוזל שטיפת פה ליסטרי,,IT,נוזל שטיפת פה ליסטרין טוטל קר 500מל,מיליליטרים,500.00,"100 מ""ל",false,1,22.90,4.5800,true,1,39777
3574661098531,false,תחליב גוף ניוטרוגינה,ניוטרוגינה,,תחליב גוף ניוטרוגינה מועשר 400 מל,מיליליטרים,400.00,"100 מ""ל",false,1,35.90,8.9750,true,1,39189
3574661114637,false,נוזל שטיפת פה ליסטרי,,IT,נוזל שטיפת פה ליסטרין זירו 500מל,מיליליטרים,500.00,"100 מ""ל",false,1,19.90,3.9800,true,1,39775
3574661199894,false,קרם ידיים ניוטרוגינה,,,קרם ידיים ניוטרוגינה ויזבלי ריניז 75 מל,Unknown,0.00,Unknown,false,1,25.90,0.0000,true,1,33162
3574661200019,false,תחליב גוף ניוטרוגינה,ניוטרוגינה,,תחליב גוף ניוטרוגינה ויזבלי משאבה 400מל,מיליליטרים,400.00,"100 מ""ל",false,1,35.90,8.9750,true,1,23401
3574661391373,false,תחליב גוף ניוטרוגינה,ניוטרוגינה,,תחליב גוף ניוטרוגינה הידרו בוסט 400מל,מיליליטרים,400.00,"100 מ""ל",false,1,25.90,6.4750,true,1,40275
3574661391434,false,תחליב גוף ניוטרטגינה,,,תחליב גוף ניוטרטגינה תרסיס 200מל,מיליליטרים,200.00,"100 מ""ל",false,1,25.90,12.9500,true,1,48737
3574661392486,false,קרם ידיים ניוטרוגינה,,,קרם ידיים ניוטרוגינה הידרו בוסט 75 מל,מיליליטרים,75.00,"100 מ""ל",false,1,25.90,34.5333,true,1,40277
3574661392493,false,קרם גוף ניוטרוגינה ה,גונסונס,,קרם גוף ניוטרוגינה הידרו בוסט 200מל,מיליליטרים,200.00,"100 מ""ל",false,1,25.90,12.9500,true,1,40276
3574661425139,false,קרם החתלה בייבי גונס,Johnson Toilet-IT,IT,קרם החתלה בייבי גונסונס 100 מל,מיליליטרים,100.00,"100 מ""ל",false,1,18.90,18.9000,true,1,41122
3574661487328,false,מגן תחתון קרפרי רגיל,Johnson Toilet-IT,,מגן תחתון קרפרי רגיל 56 יחידות,יחידה,56.00,יחידה,false,1,18.90,0.3375,true,1,42624
3574661487618,false,מגן תחתון קרפרי מקסי,Johnson Toilet-IT,,מגן תחתון קרפרי מקסי מבושם 48 יח,יחידה,48.00,יחידה,false,1,18.90,0.3937,true,1,42626
3574661487625,false,מגן תחתון קרפרי מקסי,Johnson Toilet-IT,,מגן תחתון קרפרי מקסי לארג 48 יח,יחידה,48.00,יחידה,false,1,18.90,0.3937,true,1,42625
3574661491806,false,נוזל שטיפת פה ליסטרי,,IT,נוזל שטיפת פה ליסטרין אדוונס הלבנה 500מל,מיליליטרים,500.00,"100 מ""ל",false,1,22.90,4.5800,true,1,50159
3574661500355,false,מגן תחתון קרפרי לונג,Johnson Toilet-IT,,מגן תחתון קרפרי לונג רגיל 40 יח,יחידה,40.00,יחידה,false,1,18.90,0.4725,true,1,42628
3574661501901,false,קרפרי שטיפה אינטימית,Johnson Toilet-IT,,קרפרי שטיפה אינטימית אלוורה 200 מל,מיליליטרים,200.00,"100 מ""ל",false,1,19.90,9.9500,true,1,42620
3574661506272,false,קרפרי מגבונים אינטימ,Johnson Toilet-IT,,קרפרי מגבונים אינטימיים אלוורה 20יח,יחידה,20.00,יחידה,false,1,19.90,0.9950,true,1,42621
3574661530697,false,תרחיץ ושמפו גונסון,Johnson Toilet-IT,IT,תרחיץ ושמפו גונסון  בייבי 500מל חדש,מיליליטרים,500.00,"100 מ""ל",false,1,14.90,2.9800,true,1,41246
3574661552576,false,מגן תחתון קרפרי רגיל,Johnson Toilet-IT,,מגן תחתון קרפרי רגיל טנגה לבן 56 יח,יחידה,56.00,יחידה,false,1,18.90,0.3375,true,1,46169
3574661552804,false,מגן תחתון קרפרי אלוו,Johnson Toilet-IT,,מגן תחתון קרפרי אלוורה 56 יח,יחידה,56.00,יחידה,false,1,18.90,0.3375,true,1,46168
3574661552811,false,מגן תחתון קרפרי כותו,Johnson Toilet-IT,IT,מגן תחתון קרפרי כותון אוורירי 56 יח,יחידה,56.00,יחידה,false,5,18.90,0.3375,true,1,46166
3574661554877,false,מגן תחתון קרפרי כותו,Johnson Toilet-IT,IT,מגן תחתון קרפרי כותון מבושם 56 יח,יחידה,56.00,יחידה,false,5,18.90,0.3375,true,1,46167
3574661554884,false,מגן תחתון קרפרי רגיל,Johnson Toilet-IT,,מגן תחתון קרפרי רגיל טנגה ריחני 56 יח,יחידה,56.00,יחידה,false,1,18.90,0.3375,true,1,46170
3574669907682,false,טלק  בייבי  גונסונס,Johnson Toilet-IT,IT,טלק  בייבי  גונסונס 500גר חדש,גרמים,500.00,100 גרם,false,1,32.90,6.5800,true,1,41111
3574669907729,false,שמפו בייבי  גונסונס,Johnson Toilet-IT,IT,שמפו בייבי  גונסונס גולד 750מל חדש,מיליליטרים,750.00,"100 מ""ל",false,1,14.90,1.9867,true,1,60151
3574669908443,false,אלסבון וקצף אמבט גונ,Johnson Toilet-IT,IT,אלסבון וקצף אמבט גונסון בייבי 750 מל חדש,מיליליטרים,750.00,"100 מ""ל",false,1,14.90,1.9867,true,1,41126
3574669908665,false,אלסבון בייבי גונסון,Johnson Toilet-IT,IT,אלסבון בייבי גונסון לפני שינה 750 מל חדש,מיליליטרים,750.00,"100 מ""ל",false,1,14.90,1.9867,true,1,41123
3574669908948,false,אלסבון בייבי גונסון,Johnson Toilet-IT,IT,אלסבון בייבי גונסון לרחצה עדינה750מל חדש,מיליליטרים,750.00,"100 מ""ל",false,1,14.90,1.9867,true,1,41124
3600523651870,false,שמפו אלביב 500מל פול,,,שמפו אלביב 500מל פול רזיסט לוריאל,מיליליטרים,500.00,"100 מ""ל",false,1,14.90,2.9800,true,1,57951
3607340717635,false,גל רחצה אדידס אייס ד,,,גל רחצה אדידס אייס דייב 400מל,מיליליטרים,400.00,"100 מ""ל",false,1,10.90,2.7250,true,1,36100
3607343817547,false,דאודורנט אדידס ספריי,,,דאודורנט אדידס ספריי קליימקול לגבר 150מל,מיליליטרים,150.00,"100 מ""ל",false,1,14.90,9.9333,true,1,48566
3607347320449,false,גל רחצה אדידס ספורט,,,גל רחצה אדידס ספורט אנרגי 400מל,מיליליטרים,400.00,"100 מ""ל",false,1,10.90,2.7250,true,1,36098
3608580071389,false,ממרח ערמונים בון מאמ,,FR,ממרח ערמונים בון מאמא 370 גרם,גרמים,370.00,100 גרם,false,6,25.90,7.0000,true,1,52553
3608580075646,false,קונפיטורה שזיפים בון,,FR,קונפיטורה שזיפים בון מאמא 370 גרם,גרמים,370.00,100 גרם,false,6,19.90,5.3784,true,1,52552
3608580077343,false,ממרח בון מאמא קרמל מ,,FR,ממרח בון מאמא קרמל מלוח 220 גרם,גרמים,220.00,100 גרם,false,6,24.90,11.3182,true,1,57467
3608580730231,false,קונפיטורה תות בון מא,,,קונפיטורה תות בון מאמא 370 גרם,גרמים,370.00,100 גרם,false,1,19.90,5.3784,true,1,23236
3608580730248,false,קונפיטורה דובדבן בון,,,קונפיטורה דובדבן בון מאמא 370 גרם,גרמים,370.00,100 גרם,false,1,19.90,5.3784,true,1,23237
3608580730255,false,קונפיטורה משמש בון מ,,,קונפיטורה משמש בון מאמא 370 גרם,גרמים,370.00,100 גרם,false,1,19.90,5.3784,true,1,23239
3608580730279,false,קונפיטורה מרמלדת תפו,,,קונפיטורה מרמלדת תפוז בון מאמא 370 גרם,גרמים,370.00,100 גרם,false,1,19.90,5.3784,true,1,47852
3608580730286,false,קונפיטורה 4 פירות בו,,,קונפיטורה 4 פירות בון מאמא 370 גרם,גרמים,370.00,100 גרם,false,1,19.90,5.3784,true,1,23240
3608580730323,false,קונפיטורה פטל בון מא,,,קונפיטורה פטל בון מאמא 370 גרם,גרמים,370.00,100 גרם,false,1,19.90,5.3784,true,1,23238
3614221653715,false,גל רחצה אדידס קליימק,,,גל רחצה אדידס קליימקול 400מל,מיליליטרים,400.00,"100 מ""ל",false,1,10.90,2.7250,true,1,36099
3614223736485,false,דאודורנט אדידס ספריי,,,דאודורנט אדידס ספריי אדיפיור 200מל,מיליליטרים,200.00,"100 מ""ל",false,1,19.90,9.9500,true,1,37605
3614224050986,false,דאודורנט אדידס ספריי,,,דאודורנט אדידס ספריי אדיפיור 72ש גבר150מ,מיליליטרים,150.00,"100 מ""ל",false,1,14.90,9.9333,true,1,48568
3614224051235,false,דאודורנט אדידס ספריי,,,דאודורנט אדידס ספריי אדיפאוור לגבר200,מיליליטרים,200.00,"100 מ""ל",false,1,19.90,9.9500,true,1,41042
3662444002759,false,מארז 8יח לחמניות שוק,,FR,מארז 8יח לחמניות שוקוציפס ראובנס 280גר,גרמים,280.00,100 גרם,false,7,17.90,6.3929,true,1,43098
3662444002766,false,לחם בריוש צרפתי פרוס,,,לחם בריוש צרפתי פרוס פיצפוצי שוקולד500,גרמים,500.00,100 גרם,false,1,20.90,4.1800,true,1,39697
3662444005453,false,עוגת רויאל בריוש קרם,,FR,עוגת רויאל בריוש קרם פטיסייר ושו 400 גרם,גרמים,400.00,100 גרם,false,7,29.90,7.4750,true,1,61538
3662444005477,false,עוגת רויאל בריוש שוק,,FR,עוגת רויאל בריוש שוקולד 400 גרם,גרמים,400.00,100 גרם,false,7,29.90,7.4750,true,1,61536
3663559000135,false,שיזפים מיובשים אורגנ,קומפני לה פרוניה,FR,שיזפים מיובשים אורגניים קומפני 250 גר,גרמים,250.00,100 גרם,false,20,26.90,10.7600,true,1,39718
3665468301723,false,מטהר אוויר אירוויק נ,RB פולין,PL,מטהר אוויר אירוויק נ.גז ערפילי בוקר 237מ,מיליליטרים,237.00,"100 מ""ל",false,1,14.90,6.2869,true,1,61171
3760031471664,false,יין דומיין לפאז קוט,,FR,יין דומיין לפאז קוט אסט 750 מל,מיליליטרים,750.00,"100 מ""ל",false,6,60.00,8.0000,true,1,44857
3760031471725,false,יין לפאז קוט סוד אדו,,FR,יין לפאז קוט סוד אדום 750 מל,מיליליטרים,750.00,"100 מ""ל",false,6,60.00,8.0000,true,1,44855
3760031472821,false,יין לפאז קוט פלוראל,,FR,יין לפאז קוט פלוראל 750 מל,מיליליטרים,750.00,"100 מ""ל",false,6,60.00,8.0000,true,1,44856
3760040420073,false,יין קברנה מרלו ויניי,צרפת פול מאס,,יין קברנה מרלו וינייה דה ניקול פול מאס 7,מיליליטרים,750.00,"100 מ""ל",false,1,60.00,8.0000,true,1,15045
3760040420134,false,יין שרדונה ויונייה ד,צרפת פול מאס,,יין שרדונה ויונייה דה ניקול פול מאס 750מ,מיליליטרים,750.00,"100 מ""ל",false,1,60.00,8.0000,true,1,15046
3760040422794,false,יין פול מאס רזרב מור,צרפת פול מאס,,יין פול מאס אסטייט מורבד 2010 750מל פקדו,מיליליטרים,750.00,"100 מ""ל",false,1,60.00,8.0000,true,1,11750
3760040422961,false,יין פול מאס רזרב קרי,צרפת פול מאס,,יין פול מאס אסטייט קריניאן 750מל פקדון,מיליליטרים,750.00,"100 מ""ל",false,1,60.00,8.0000,true,1,12474
3760263790021,false,יין שבלי דומיין אלכס,,,יין דומיין אלכסנדר שאבלי לבן 750 מל,מיליליטרים,750.00,"100 מ""ל",false,1,80.00,10.6667,true,1,37163
3800016701055,false,לפתן אפרסק חצאים בסי,,,לפתן אפרסק חצאים בסירופ 700 מל,מיליליטרים,700.00,"100 מ""ל",false,1,8.90,1.2714,true,1,36225
3800016701161,false,לפתן שזיף חצאים בסיר,,,לפתן שזיף חצאים בסירופ 700 מל,מיליליטרים,700.00,"100 מ""ל",false,1,8.90,1.2714,true,1,36226
3800016701178,false,לפתן משמש חצאים בסיר,,,לפתן משמש חצאים בסירופ 700 מל,מיליליטרים,700.00,"100 מ""ל",false,1,8.90,1.2714,true,1,36224
3838945509015,false,נקטר אוכמניות שחורות,FRUCTAL,,נקטר אוכמניות שחורות פרוקטל 1ל 25% פרי,ליטרים,1.00,ליטר,false,1,14.90,14.9000,true,1,20029
3838945509077,false,מיץ אננס 100% פרי 1,FRUCTAL,,מיץ אננס 100% פרי 1 ליטר,ליטרים,1.00,ליטר,false,1,14.90,14.9000,true,1,18214
4000417022004,false,שוקולד ריטר צימוק אג,,,שוקולד ריטר צימוק אגוז 100 ג,גרמים,100.00,100 גרם,false,1,8.90,8.9000,true,1,5347
4000417025005,false,שוקולד ריטר עם מרצפן,,,שוקולד ריטר עם מרצפן 100 ג,גרמים,100.00,100 גרם,false,1,8.90,8.9000,true,1,5314
4000417026002,false,שוקולד ריטר נוגט פרל,,,שוקולד ריטר נוגט פרלין 100 ג,גרמים,100.00,100 גרם,false,1,8.90,8.9000,true,1,5592
4000417101211,false,גלילי ופל אמיצלי קרם,,,גלילי ופל אמיצלי קרם אגוזים 150 גרם,גרמים,150.00,100 גרם,false,1,18.90,12.6000,true,1,61026
4000417101310,false,גלילי ופל אמיצלי קרם,,,גלילי ופל אמיצלי קרם קקאו 150 גרם,גרמים,150.00,100 גרם,false,1,17.90,11.9333,true,1,61649
4000417211002,false,שוקולד ריטר מוס קרמל,,,שוקולד ריטר מוס קרמל שברי שקדים 100 ג,גרמים,100.00,100 גרם,false,1,8.90,8.9000,true,1,25088
4000417212009,false,שוקולד ריטר מריר תפו,ריטר,,שוקולד ריטר מריר תפוז שקד 100 ג,גרמים,100.00,100 גרם,false,1,8.90,8.9000,true,1,39933
4000417222008,false,שוקולד ריטר חלב שברי,ריטר,,שוקולד ריטר חלב שברי אגוזים 100 ג,גרמים,100.00,100 גרם,false,1,8.90,8.9000,true,1,24666
4000417294005,false,שוקולד ריטר מילוי קר,ריטר,,שוקולד ריטר מילוי קרם מוקצף 100 ג,גרמים,100.00,100 גרם,false,1,8.90,8.9000,true,1,14318
4000417298003,false,שוקולד ריטר ספורט קו,,,שוקולד ריטר ספורט קוקוס 100 ג,גרמים,100.00,100 גרם,false,1,8.90,8.9000,true,1,14705
4000417328205,false,שוקולד מיני ריטר אגו,ריטר,DE,שוקולד מיני ריטר אגוז שלם 116 גרם,גרמים,116.00,100 גרם,false,1,17.90,15.4310,true,1,56523
4000417707000,false,שוקולד ריטר חלב קשיו,,,שוקולד ריטר חלב קשיו שלם 100 ג,גרמים,100.00,100 גרם,false,1,10.90,10.9000,true,1,57856
4000417708007,false,שוקולד ריטר מריר שקד,,,שוקולד ריטר מריר שקד שלם 100 ג,גרמים,100.00,100 גרם,false,1,10.90,10.9000,true,1,57857
4000512364535,false,סוכריות גומי טרולי כ,,,סוכריות גומי טרולי כריש טעם פירות 200,גרמים,200.00,100 גרם,false,18,9.90,4.9500,true,1,58983
4000522009747,false,בייגלה שמיניות ציו ת,Intersnack,,בייגלה שמיניות ציו תפוא 100 גר שקית,גרמים,100.00,100 גרם,false,1,4.50,4.5000,true,1,21809
4000522061752,false,בייגלה מקלות ציו מלו,Intersnack,,בייגלה מקלות ציו מלוח 100 גר שקית,גרמים,100.00,100 גרם,false,1,4.50,4.5000,true,1,20556
4000539280726,false,שוקולד לינדט אקסלנס7,לינדט,,שוקולד לינדט אקסלנס70%מילד100 גרם,גרמים,100.00,100 גרם,false,1,16.90,16.9000,true,1,60546
4000539280740,false,שוקולד לינדט אקסלנס7,לינדט,,שוקולד לינדט אקסלנס78%מריר100 גרם,גרמים,100.00,100 גרם,false,1,16.90,16.9000,true,1,60745
4000576481889,false,צמרוני אוזניים לתינו,,DE,צמרוני אוזניים לתינוקות 72יח,Unknown,0.00,Unknown,false,24,6.90,0.0000,true,1,33218
4000869032569,false,מטהר אוויר מוצק הפי,רלווי,,מטהר אוויר מוצק הפי פרש,Unknown,0.00,Unknown,false,1,6.90,0.0000,true,1,4130
4001499013676,false,נוזל  לניקוי חלונות,ארדל רקס,,נוזל  לניקוי חלונות 500מל אקולוגי פרוש,מיליליטרים,500.00,"100 מ""ל",false,1,19.90,3.9800,true,1,20590
4001499112942,false,נוזל לניקוי כללי ומס,ארדל רקס,,נוזל לניקוי כללי ומסיר שומנים 500מל אקול,מיליליטרים,500.00,"100 מ""ל",false,1,22.90,4.5800,true,1,20645
4001499116193,false,מרכך כביסה אקולוגי 7,ארדל רקס,,מרכך כביסה אקולוגי 750 מל פרח הכותנה,מיליליטרים,750.00,"100 מ""ל",false,1,19.90,2.6533,true,1,20597
4001499152061,false,מרסס לניקוי כללי 500,ארדל רקס,,מרסס לניקוי כללי 500מל סודה אקולוגי פרוש,מיליליטרים,500.00,"100 מ""ל",false,1,22.90,4.5800,true,1,20607
4001499162916,false,נוזל כלים אקולוגי סו,ארדל רקס,DE,נוזל כלים אקולוגי סודה 500 מל פרוש,מיליליטרים,500.00,"100 מ""ל",false,8,16.90,3.3800,true,1,33991
4001499180057,false,נוזל לניקוי אמבטיה ו,ארדל רקס,,נוזל לניקוי אמבטיה ומקלחון 500מל אקולוגי,מיליליטרים,500.00,"100 מ""ל",false,1,19.90,3.9800,true,1,20591
4001499185267,false,נוזל לניקוי אסלות לב,ארדל רקס,,נוזל לניקוי אסלות לבנדר 750מל אקולוגי,מיליליטרים,750.00,"100 מ""ל",false,1,18.90,2.5200,true,1,20594
4001499909153,false,מרסס לניקוי כללי 500,ארדל רקס,,מרסס לניקוי כללי 500מל לבנדראקולוגי פרוש,מיליליטרים,500.00,"100 מ""ל",false,1,22.90,4.5800,true,1,20610
4001499917349,false,נוזל לניקוי רב תכלית,ארדל רקס,,נוזל לניקוי רב תכליתי 500מל אקולוגי פרוש,מיליליטרים,500.00,"100 מ""ל",false,1,19.90,3.9800,true,1,20646
4001499923760,false,נוזל להסרת כתמים לפנ,ארדל רקס,,נוזל להסרת כתמים לפני כביסה אקולוגי 500מ,מיליליטרים,500.00,"100 מ""ל",false,1,29.90,5.9800,true,1,21623
4001499944505,false,נוזל כלים אקולוגי פט,ארדל רקס,,נוזל כלים אקולוגי פטל 500 מל פרוש,מיליליטרים,500.00,"100 מ""ל",false,1,16.90,3.3800,true,1,39783
4001499948817,false,נוזל כביסה אקולוגי צ,ארדל רקס,,נוזל כביסה אקולוגי צבעונית/כהה1.8לי פרוש,מיליליטרים,1800.00,"100 מ""ל",false,1,45.90,2.5500,true,1,60669
4001499957598,false,סבון אסלה כדוריות פר,ארדל רקס,DE,סבון אסלה כדוריות פרוש בניחוח פטל,Unknown,0.00,Unknown,false,9,15.90,0.0000,true,1,61044
4001499957628,false,סבון אסלה כדוריות פר,ארדל רקס,DE,סבון אסלה כדוריות פרוש בניחוח לימון,Unknown,0.00,Unknown,false,9,15.90,0.0000,true,1,61045
4001499957659,false,סבון אסלה כדוריות פר,ארדל רקס,DE,סבון אסלה כדוריות פרוש תה לבן,Unknown,0.00,Unknown,false,9,15.90,0.0000,true,1,61046
4001499960178,false,נוזל ניקוי כללי אקול,ארדל רקס,DE,נוזל ניקוי כללי אקולוגי בסיס חומץ טבעי1ל,ליטרים,1.00,ליטר,false,10,16.90,16.9000,true,1,60670
4001499960239,false,נוזל כביסה מסיר כתמי,ארדל רקס,,נוזל כביסה מסיר כתמים אקולוגי 1.8לי פרוש,מיליליטרים,1800.00,"100 מ""ל",false,1,45.90,2.5500,true,1,60668
4001507161948,false,שבולת שועל דקה 500 ג,פורטין מולנברקה ג'ב,,שבולת שועל דקה 500 גרם הכנה מהירה,גרמים,500.00,100 גרם,false,1,5.90,1.1800,true,1,24583
4001518003800,false,טורינוס מקלות פריכים,גריסון,DE,טורינוס מקלות פריכים פלפל שחור ומלח 125,גרמים,125.00,100 גרם,false,8,14.90,11.9200,true,1,50812
4001518003817,false,טורינוס מקלות פריכים,גריסון,DE,טורינוס מקלות פריכים גבינת גאדה 125 גרם,גרמים,125.00,100 גרם,false,8,14.90,11.9200,true,1,50814
4001518106112,false,טורינוס מקלות פריכים,גריסון,DE,טורינוס מקלות פריכים רוזמרין 125 גרם,גרמים,125.00,100 גרם,false,8,14.90,11.9200,true,1,50813
4002448017684,false,ספריי להסרת אבנית סי,RB פולין,,ספריי להסרת אבנית סיליט באנג 750 מל,מיליליטרים,750.00,"100 מ""ל",false,1,13.90,1.8533,true,1,4513
4002448019480,false,מסיר שומנים סיליט בא,RB פולין,,מסיר שומנים סיליט באנג 750 מל,מיליליטרים,750.00,"100 מ""ל",false,1,13.90,1.8533,true,1,5330
4002575016253,false,מרציפן מצופה שוקולד,,,מרציפן מצופה שוקולד 100 גר,גרמים,100.00,100 גרם,false,1,10.20,10.2000,true,1,1791
4002590000022,false,סוכריות קלפני אוכמני,,,סוכריות קלפני אוכמניות 150 גרם,גרמים,150.00,100 גרם,false,1,10.00,6.6667,true,1,1792
4002590000039,false,סוכריות קלפני הדרים,,,סוכריות קלפני הדרים 150 גרם,גרמים,150.00,100 גרם,false,1,10.00,6.6667,true,1,1793
4002590000046,false,סוכריות קלפני מרענן,,,סוכריות קלפני מרענן 150 גרם,גרמים,150.00,100 גרם,false,1,10.00,6.6667,true,1,1794
4002590000626,false,סוכריות קלפני דובדבן,,,סוכריות קלפני דובדבן 150 גרם,גרמים,150.00,100 גרם,false,1,10.00,6.6667,true,1,61060
4002590000633,false,סוכריות קלפני פירות,,,סוכריות קלפני פירות 150 גרם,גרמים,150.00,100 גרם,false,1,10.00,6.6667,true,1,1795
4002590703541,false,סוכריות קלפני תות 15,,,סוכריות קלפני תות 150 גרם,גרמים,150.00,100 גרם,false,1,10.00,6.6667,true,1,19756
4002631025069,false,בירה פילזנר קוניגסב,קוניגסבכר,,בירה פילזנר קוניגסבכר 500 מל פחית,מיליליטרים,500.00,"100 מ""ל",false,1,7.90,1.5800,true,1,18851
4002720004371,false,קפה מליטה קלוי וטחון,Melitta Kaffee GmbH,,קפה מליטה קלוי וטחון בלה קרמה 250 גר,גרמים,250.00,100 גרם,false,1,23.90,9.5600,true,1,10224
4002720005736,false,קפה מליטה לפילטר פרי,Melitta Kaffee GmbH,,קפה מליטה לפילטר פריומיום 250 גר,גרמים,250.00,100 גרם,false,1,18.90,7.5600,true,1,6158
4002720008300,false,פולי קפה מליטה 1 קג,מליטה אירופה,,פולי קפה מליטה 1 קג 1000 גרם,קילוגרמים,1.00,"ק""ג",false,1,100.00,100.0000,true,1,6686
4002911138021,false,להבונים בשקית 100 יח,,,להבונים בשקית 100 יח,יחידה,100.00,יחידה,false,1,22.90,0.2290,true,1,19144
4003301051340,false,יין מייבאך ריזלינג 7,,DE,יין מייבאך ריזלינג 750 מל,מיליליטרים,750.00,"100 מ""ל",false,6,45.00,6.0000,true,1,54309
4003301058486,false,יין מייבאך סוביניון,,DE,יין מייבאך סוביניון בלאן 750 מל,מיליליטרים,750.00,"100 מ""ל",false,6,45.00,6.0000,true,1,54307
4003301085673,false,יין מייבאך פורטוגיזר,,DE,יין מייבאך פורטוגיזר רוזה 750 מל,מיליליטרים,750.00,"100 מ""ל",false,6,45.00,6.0000,true,1,54305
4003754021662,false,בונבוניירה מרציפן שז,,,בונבוניירה מרציפן שזיף ויין 210 גרם,גרמים,210.00,100 גרם,false,1,21.90,10.4286,true,1,49215
4003754021679,false,בונבוניירה מרציפן מח,,,בונבוניירה מרציפן מחית דובדבן 210 גרם,גרמים,210.00,100 גרם,false,1,21.90,10.4286,true,1,49214
4003754021693,false,בונבוניירה מרציפן מח,,,בונבוניירה מרציפן מחית תפוז 210 גרם,גרמים,210.00,100 גרם,false,1,21.90,10.4286,true,1,49213
4003754206151,false,מרציפן מצופה שוקולד,,DE,מרציפן מצופה שוקולד מריר ותפוז 140 גרם,גרמים,140.00,100 גרם,false,10,12.90,9.2143,true,1,57588
4003754236141,false,מרציפן מצופה שוקולד,,DE,מרציפן מצופה שוקולד מריר 140 גרם,גרמים,140.00,100 גרם,false,10,12.90,9.2143,true,1,57589
4004666042004,false,מרסס מלרוד מסיר ומשמ,מלרוד,,מרסס מלרוד מסיר ומשמיד עובש 500 מל,מיליליטרים,500.00,"100 מ""ל",false,1,39.90,7.9800,true,1,1797
4004666111656,false,מלרוד גל להשמדת עובש,מלרוד,DE,מלרוד גל להשמדת עובש 250מל,מיליליטרים,250.00,"100 מ""ל",false,6,29.90,11.9600,true,1,57561
4004666111663,false,מלרוד להלבנת מרווחים,מלרוד,DE,מלרוד להלבנת מרווחים בין חרסינות 90מל,Unknown,0.00,Unknown,false,12,27.90,0.0000,true,1,57560
4005808890507,false,קרם ניוואה סופט 200מ,beiersdorf,,קרם ניוואה סופט 200מל,גרמים,250.00,100 גרם,false,1,29.90,11.9600,true,1,37320
4006387084578,false,קנקן בריטה מרלה כחול,בריטה,,קנקן בריטה מרלה כחול כולל פילטר מקסטרה,Unknown,0.00,Unknown,false,1,139.00,0.0000,true,1,36771
4006387085407,false,מארז 3יח פילטר מקסטר,בריטה,,מארז 3יח פילטר מקסטרה פלוס לקנקן בריטה,יחידה,3.00,יחידה,false,1,139.00,46.3333,true,1,36772
4006387098667,false,קנקן בריטה סטרטרפק ס,בריטה,,קנקן בריטה סטרטרפק סטייל+3 פילטרים,Unknown,0.00,Unknown,false,1,199.00,0.0000,true,1,36769
4006508122134,false,נייר פילטר מס 4 מליט,Melitta Kaffee GmbH,,נייר פילטר מס 4 מליטה 40 יח,יחידה,40.00,יחידה,false,1,12.50,0.3125,true,1,25288
4006508123094,false,נייר פילטר מס 2 מליט,Melitta Kaffee GmbH,,נייר פילטר מס 2 מליטה40 יח,יחידה,40.00,יחידה,false,1,11.50,0.2875,true,1,25289
4006814000751,false,שוקולד סנטה עם כובע,WAWI-EURO,,שוקולד סנטה עם קובע 80 גרם,Unknown,0.00,Unknown,false,1,12.90,0.0000,true,1,25251
4006814011061,false,שוקולד סנטה קלאוז בו,WAWI-EURO,,שוקולד סנטה קלאוז בודד 60 ג,Unknown,0.00,Unknown,false,1,5.00,0.0000,true,1,9001
4006814011108,false,שוקולד סנטה קלאוז בו,WAWI-EURO,,שוקולד סנטה קלאוז בודד 150 ג,גרמים,150.00,100 גרם,false,1,10.90,7.2667,true,1,9000
4006814071003,false,מארז סנטה קלאוז 100,WAWI-EURO,,מארז סנטה קלאוז 100 גר ואוי,גרמים,100.00,100 גרם,false,1,10.90,10.9000,true,1,14910
4006814072000,false,מארז סנטה קלאוז 200,WAWI-EURO,,מארז סנטה קלאוז 200 גר ואוי,גרמים,200.00,100 גרם,false,1,17.90,8.9500,true,1,14911
4007519050713,false,שקיות אשפה פלי 25יח,וו.פלץ,,שקיות אשפה פלי 25יח לפח 35 ליטר,יחידה,25.00,יחידה,false,1,11.90,0.4760,true,1,21614
4007519050720,false,שקיות אשפה פלי 20יח,וו.פלץ,,שקיות אשפה פלי 20יח לפח 60 ליטר,יחידה,20.00,יחידה,false,1,11.90,0.5950,true,1,21615
4007519050744,false,שקיות אשפה פלי 10יח,וו.פלץ,,שקיות אשפה פלי 10יח לפח 120 ליטר,יחידה,10.00,יחידה,false,1,11.90,1.1900,true,1,21616
4007519086224,false,שקיות אשפה ריחניות פ,וו.פלץ,,שקיות אשפה ריחניות פלי 22יח לפח 20 ליטר,יחידה,22.00,יחידה,false,1,12.90,0.5864,true,1,21617
4007519086248,false,שקיות אשפה ריחניות פ,וו.פלץ,,שקיות אשפה ריחניות פלי 20יח לפח 35 ליטר,יחידה,20.00,יחידה,false,1,12.90,0.6450,true,1,21618
4007519086262,false,שקיות אשפה ריחניות פ,וו.פלץ,,שקיות אשפה ריחניות פלי 16יח לפח 60 ליטר,יחידה,16.00,יחידה,false,1,12.90,0.8063,true,1,22292
4007993020264,false,מאגדת שלגון טובלרון,,,מאגדת שלגון טובלרון על מקל 4יח,יחידה,4.00,יחידה,false,1,38.90,9.7250,true,1,40115
4007993032533,false,מאגדת שלגון טובלרון,,,מאגדת שלגון טובלרון על מקל 4יח,יחידה,4.00,יחידה,false,1,38.90,9.7250,true,1,61539
4008102002867,false,משקה גרגירים מילפורד,,,משקה גרגירים מילפורד לימון 400 גר,גרמים,400.00,100 גרם,false,1,15.90,3.9750,true,1,1798
4008287051032,false,בירה קרומבאכר פילס 5,מבשלת קרומבאכר,,בירה קרומבאכר פילס 500מל פח.פקדון,מיליליטרים,500.00,"100 מ""ל",false,1,10.00,2.0000,true,1,52113
4008287762020,false,בירה קרומבאכר חיטה 5,מבשלת קרומבאכר,,בירה קרומבאכר חיטה 500מל בק.פקדון,מיליליטרים,500.00,"100 מ""ל",false,1,11.90,2.3800,true,1,33740
4008287905786,false,בירה קרומבאכר חיטה 5,מבשלת קרומבאכר,,בירה קרומבאכר חיטה 500מל פח.פקדון,מיליליטרים,500.00,"100 מ""ל",false,1,10.00,2.0000,true,1,52112
4008400230726,false,ביצת הפתעה קינדר מקס,פררו,,ביצת הפתעה קינדר מקסי 100 גרה,גרמים,100.00,100 גרם,false,1,22.90,22.9000,true,1,25286
4008400290423,false,מארז4יח עוגת ספוג קי,,,מארז4יח עוגת ספוג קינדר פינגווין 30גר,גרמים,120.00,100 גרם,false,1,13.90,11.5833,true,1,52123
4008402101772,false,קיווי אקספרס חום חדש,SC Jonson,,קיווי אקספרס חום חדש לנעליים,Unknown,0.00,Unknown,false,1,14.90,0.0000,true,1,13375
4008500006337,false,אוטן אקטיב סטיק 50 מ,COSMINT,,אוטן אקטיב סטיק 50 מל,Unknown,0.00,Unknown,false,1,19.90,0.0000,true,1,4826
4009175182661,false,מרכך כביסה אקולוגי,ארדל רקס,,מרכך כביסה אקולוגי  750 מל אלוורה פרוש,מיליליטרים,750.00,"100 מ""ל",false,1,19.90,2.6533,true,1,61047
4009300522935,false,תה פומפדור ירוק לימו,TEEKANNE- POMPADOU,,תה פומפדור ירוק לימונית ולואיזה 20 יח,יחידה,20.00,יחידה,false,1,17.90,0.8950,true,1,7885
4009300524588,false,תה פומפדור חליטת פיר,TEEKANNE- POMPADOU,,תה פומפדור חליטת פירות יער 20 יח,יחידה,20.00,יחידה,false,1,15.90,0.7950,true,1,8824
4009300524625,false,תה פומפדור צאי מסאלה,TEEKANNE- POMPADOU,,תה פומפדור צאי מסאלה 20 יח,יחידה,20.00,יחידה,false,1,15.90,0.7950,true,1,8825
4009300525011,false,תה פומפדור ירוק תפוז,TEEKANNE- POMPADOU,,תה פומפדור ירוק תפוז גינגר 20 יח,יחידה,20.00,יחידה,false,1,17.90,0.8950,true,1,11256
4009300525684,false,תה פומפדור לימון גינ,TEEKANNE- POMPADOU,,תה פומפדור לימון גינגר 20 יח,יחידה,20.00,יחידה,false,1,15.90,0.7950,true,1,12834
4009300526438,false,תה פומפדור ירוק  קלא,TEEKANNE- POMPADOU,,תה פומפדור ירוק  קלאסי 20 יח,יחידה,20.00,יחידה,false,1,17.90,0.8950,true,1,17542
4009300527909,false,תה פומפדור גינגר כור,TEEKANNE- POMPADOU,,תה פומפדור גינגר כורכום 20 יח,יחידה,20.00,יחידה,false,1,15.90,0.7950,true,1,35000
4009300528821,false,תה פומפדור ירוק גינג,TEEKANNE- POMPADOU,,תה פומפדור ירוק גינגר קינמון 20 יח,יחידה,20.00,יחידה,false,1,17.90,0.8950,true,1,41504
4009300528845,false,תה פומפדור ירוק לימו,TEEKANNE- POMPADOU,,תה פומפדור ירוק לימונית דבש 20 יח,יחידה,20.00,יחידה,false,1,17.90,0.8950,true,1,41503
4009300530121,false,חליטת פומפדור קרה אפ,,,חליטת פומפדור קרה אפרסק פסיפלורה 18 יח,יחידה,18.00,יחידה,false,1,14.90,0.8278,true,1,51938
4009300595120,false,תה פומפדור גינגר מנג,TEEKANNE- POMPADOU,,תה פומפדור גינגר מנגו 20 יח,יחידה,20.00,יחידה,false,1,15.90,0.7950,true,1,47332
4009900013581,false,מארז5יח אורביט סטיקס,,,מארז5יח אורביט סטיקס ספירמינט 65 גר,Unknown,0.00,Unknown,false,1,10.00,0.0000,true,1,15666
4009900379564,false,מסטיק הובה בובה טייפ,,,מסטיק הובה בובה טייפ פירות 56 גר,Unknown,0.00,Unknown,false,1,6.90,0.0000,true,1,5740
4009900385824,false,מארז5יח אורביט סטיקס,,,מארז5יח אורביט סטיקס פפרמינט 65 גר,Unknown,0.00,Unknown,false,1,10.00,0.0000,true,1,15665
4009900402965,false,מסטיק אורביט וויט טע,,,מסטיק אורביט וויט טעם פירות 64 גר,Unknown,0.00,Unknown,false,1,10.00,0.0000,true,1,13120
4009900403023,false,מסטיק אורביט וויט טע,,,מסטיק אורביט וויט טעם מנטה 64 גר,Unknown,0.00,Unknown,false,1,10.00,0.0000,true,1,13119
4009900406918,false,מסטיק הובה בובה טייפ,,,מסטיק הובה בובה טייפ טריפל מיקס 56 גר,Unknown,0.00,Unknown,false,1,6.90,0.0000,true,1,6734
4009900420129,false,מסטיק אורביט פרופשונ,,,מסטיק אורביט פרופשונל ספירמינט,Unknown,0.00,Unknown,false,1,10.00,0.0000,true,1,46956
4009900426039,false,מסטיק איירוויבז מנטה,,,מסטיק איירוויבז מנטה דאבל,Unknown,0.00,Unknown,false,1,10.00,0.0000,true,1,46958
4009900426121,false,מסטיק איירוויבז אוכמ,,,מסטיק איירוויבז אוכמניות דאבל,Unknown,0.00,Unknown,false,1,10.00,0.0000,true,1,46957
4009900455299,false,סוכריות סקיטלס פירות,,,סוכריות סקיטלס פירות 174 גר,גרמים,174.00,100 גרם,false,1,8.90,5.1149,true,1,46954
4009900465304,false,סוכריות סקיטלס חמוצי,,,סוכריות סקיטלס חמוצים 174 גר,גרמים,174.00,100 גרם,false,1,8.90,5.1149,true,1,18177
4009900479998,false,מסטיק אורביט אוכמניו,,,מסטיק אורביט אוכמניות 64 גר,Unknown,0.00,Unknown,false,1,10.00,0.0000,true,1,17809
4009900482417,false,מסטיק אורביט בבלמינט,,,מסטיק אורביט וויט באבל מינט 64 גר,Unknown,0.00,Unknown,false,1,10.00,0.0000,true,1,14204
4009900483803,false,מסטיק אירוובס בקבוק,,,מסטיק אורביט מנטה אקליפטוס 60 יח,Unknown,0.00,Unknown,false,1,13.90,0.0000,true,1,46983
4009900484060,false,אורביט פרופשיונל פפר,,,אורביט פרופשיונל פפרימנט60יח 84 גר,Unknown,0.00,Unknown,false,1,13.90,0.0000,true,1,14757
4009900484305,false,אורביט פרופשיונל סוו,,,אורביט פרופשיונל סוויטמינט 60יח 84 גר,Unknown,0.00,Unknown,false,1,13.90,0.0000,true,1,46972
4009900491044,false,מסטיק אירוובס בקבוק,,,מסטיק אורביט אירוובס אוכמניות 60 יח,Unknown,0.00,Unknown,false,1,13.90,0.0000,true,1,46984
4009900496247,false,מסטיק אורביט בבלמינט,,,מסטיק אורביט בבלמינט 60 יח,Unknown,0.00,Unknown,false,1,13.90,0.0000,true,1,46981
4009900500166,false,סוכריות סקיטלס 125 ג,,,סוכריות סקיטלס 125 גר,גרמים,125.00,100 גרם,false,1,8.90,7.1200,true,1,46987
4009900504218,false,מסטיק אורביט תפוז בק,,,מסטיק אורביט תפוז בקבוקון 64 גר,Unknown,0.00,Unknown,false,1,10.00,0.0000,true,1,20326
4009900509770,false,אורביט תות בקבוק 60,,,אורביט תות בקבוק 60 יח,Unknown,0.00,Unknown,false,1,13.90,0.0000,true,1,46982
4009900512350,false,מסטיק פייב אבטיח בקב,,,מסטיק פייב אבטיח בקבוק,Unknown,0.00,Unknown,false,1,10.00,0.0000,true,1,46993
4009900531122,false,מסטיק אורביט פרופשונ,,,מסטיק אורביט פרופשונל ספירמינט,Unknown,0.00,Unknown,false,1,10.00,0.0000,true,1,46976
4009900531573,false,סוכריות סקיטלס סמודי,,,סוכריות סקיטלס סמודיס 174 גר,גרמים,174.00,100 גרם,false,1,8.90,5.1149,true,1,46992
4009900534581,false,מסטיק איירוויבז טעם,,,מסטיק איירוויבז טעם דובדבן,Unknown,0.00,Unknown,false,1,10.00,0.0000,true,1,47509
4009900534611,false,מסטיק איירוויבז מלון,,,מסטיק איירוויבז מלון מנטה בקבוק,Unknown,0.00,Unknown,false,1,10.00,0.0000,true,1,46985
4009900534918,false,סוכריות סקיטלס ענקיו,,,סוכריות סקיטלס ענקיות פירות 141 גר,גרמים,141.00,100 גרם,false,1,8.90,6.3121,true,1,51939
4009900535540,false,מסטיק אורביט רפרשרס,מרס,PL,מסטיק אורביט רפרשרס פפירמינט אישי,Unknown,0.00,Unknown,false,16,3.90,0.0000,true,1,50463
4009900535823,false,מסטיק אורביט רפרשרס,מרס,PL,מסטיק אורביט רפרשרס באבלמינט אישי,Unknown,0.00,Unknown,false,16,3.90,0.0000,true,1,50464
4009900536288,false,מסטיק אורביט רפרשרס,מרס,PL,מסטיק אורביט רפרשרס פפירמנט בקבוקון 67 ג,Unknown,0.00,Unknown,false,6,11.90,0.0000,true,1,50460
4009900536486,false,מסטיק אורביט רפרשרס,מרס,PL,מסטיק אורביט רפרשרס באבלמינט בקבוקון67 ג,Unknown,0.00,Unknown,false,6,11.90,0.0000,true,1,50461
4009900539401,false,מסטיק פייב באונס מנט,מרס,PL,מסטיק פייב באונס מנטה 14.4 גרם,Unknown,0.00,Unknown,false,16,3.90,0.0000,true,1,59111
4009900539432,false,מסטיק פייב באונס אבט,מרס,PL,מסטיק פייב באונס אבטיח 14.4 גרם,Unknown,0.00,Unknown,false,16,3.90,0.0000,true,1,59112
4009900539685,false,מסטיק פייב באונס מנט,מרס,PL,מסטיק פייב באונס מנטה בקבוקון 61.8 גרם,Unknown,0.00,Unknown,false,6,11.90,0.0000,true,1,59109
4009900539746,false,מסטיק פייב באונס אבט,מרס,PL,מסטיק פייב באונס אבטיח בקבוקון 61.8 גרם,Unknown,0.00,Unknown,false,6,11.90,0.0000,true,1,59110
4009900540551,false,מסטיק אורביט רפרשרס,מרס,PL,מסטיק אורביט רפרשרס טרופיקל 67 ג,Unknown,0.00,Unknown,false,6,11.90,0.0000,true,1,58160
4011100002227,false,חטיפי מיני באונטי403,מרס,,חטיפי מיני באונטי 408 ג בשקית,גרמים,403.00,100 גרם,false,1,19.90,4.9380,true,1,16185
4011800528416,false,חטיף קורני בייס מתוק,Schwartauer,,חטיף קורני ביס מתוק מלוח 6 יח 150 גרם,גרמים,150.00,100 גרם,false,1,11.90,7.9333,true,1,44001
4011800567613,false,חטיף קורני מילק שוקו,Schwartauer,,חטיף קורני שוקוו וניל 4 יח 120 גר,גרמים,120.00,100 גרם,false,1,11.90,9.9167,true,1,17124
4011800568610,false,חטיף קורני מילק קלאס,Schwartauer,,חטיף קורני סנדוויץ  קרם חלב4יח 120ג,גרמים,120.00,100 גרם,false,1,11.90,9.9167,true,1,17123
4011800577810,false,חטיף קורני פרי נוגט,Schwartauer,DE,חטיף קורני פרי נוגט 6 יח 150 גר,גרמים,150.00,100 גרם,false,10,11.90,7.9333,true,1,56615
4011800629519,false,חטיף קורני בייס אגוז,Schwartauer,,חטיף קורני עם אגוזים 6 יח 150 גר,גרמים,150.00,100 גרם,false,1,11.90,7.9333,true,1,16234
4011800630515,false,חטיף קורני בייס שוקו,Schwartauer,,חטיף קורני שוק.חלב בננה 6 יח 150 גר,גרמים,150.00,100 גרם,false,1,11.90,7.9333,true,1,16231
4011800632519,false,חטיף קורני בייס קוקו,Schwartauer,,חטיף קורני קוקוס שוק.חלב 6 יח 150 גר,גרמים,150.00,100 גרם,false,1,11.90,7.9333,true,1,16233
4011800633516,false,חטיף קורני בייס שוקו,Schwartauer,,חטיף קורני שוקולד מריר 6 יח 138גר,גרמים,138.00,100 גרם,false,1,11.90,8.6232,true,1,16232
4011800635510,false,חטיף קורני פרי אגוז,Schwartauer,,חטיף קורני פרי אגוז שקד6 יח 120ג,גרמים,120.00,100 גרם,false,1,11.90,9.9167,true,1,16238
4011800636517,false,חטיף קורני פרי שוקול,Schwartauer,,חטיף קורני פרי שוקולד חלב6 יח 120ג,גרמים,120.00,100 גרם,false,1,11.90,9.9167,true,1,16236
4011800637514,false,חטיף קורני פרי שוקול,Schwartauer,,חטיף קורני פרי שוקולד לבן 6יח 120ג,גרמים,120.00,100 גרם,false,1,11.90,9.9167,true,1,16237
4012273123009,false,קרם ידיים ניוטרוגינה,,,קרם ידיים ניוטרוגינה נורבגית 50מל,Unknown,0.00,Unknown,false,1,25.90,0.0000,true,1,50318
4013197767010,false,סוכריות טעם פירות בפ,,,סוכריות טעם פירות בפחית 200 גר,גרמים,200.00,100 גרם,false,1,10.90,5.4500,true,1,9472
4013197767027,false,סוכריות טעם דובדבן ב,,,סוכריות טעם דובדבן בפחית 200 גר,גרמים,200.00,100 גרם,false,1,10.90,5.4500,true,1,9473
4013197767034,false,סוכריות טעם לימון בפ,,,סוכריות טעם לימון בפחית 200 גר,גרמים,200.00,100 גרם,false,1,10.90,5.4500,true,1,9476
4013197767119,false,סוכריות טעם מנטה קלי,,,סוכריות טעם מנטה קליר בפחית 200 גר,גרמים,200.00,100 גרם,false,1,10.90,5.4500,true,1,9474
4013227013414,false,ליקר פינה קולדה 70 7,קוימנס רויאל,,ליקר פינה קולדה 70 750 מל פיקדון,מיליליטרים,750.00,"100 מ""ל",false,1,45.00,6.0000,true,1,13980
4014086024245,false,בירה חיטה גרלסבורג,קוניגסבכר,,בירה חיטה גרלסבורג  500 מל פחית צהוב,מיליליטרים,500.00,"100 מ""ל",false,1,7.90,1.5800,true,1,18852
4014400900217,false,בונבוניירה מרסי 400,,,בונבוניירה מרסי 400 גרם,גרמים,400.00,100 גרם,false,1,47.90,11.9750,true,1,3516
4014400901191,false,בונבוניירה מרסי 250,,,בונבוניירה מרסי 250 גרם,גרמים,250.00,100 גרם,false,1,26.90,10.7600,true,1,2401
4014400903409,false,בונבוניירה טופיפי 25,,,בונבוניירה טופיפי 250 גרם,גרמים,250.00,100 גרם,false,1,24.90,9.9600,true,1,1803
4014400904277,false,סוכריות אייס פרש 425,,,סוכריות אייס פרש 425 ג שקית,גרמים,425.00,100 גרם,false,1,15.90,3.7412,true,1,3822
4014400904376,false,סוכריות שוקולדן 325,,,סוכריות שוקולדן 325 ג שקית,גרמים,325.00,100 גרם,false,1,15.90,4.8923,true,1,1804
4014400904390,false,סוכריות וולמיש 325 ג,,,סוכריות וולמיש 325 ג שקית,גרמים,325.00,100 גרם,false,1,15.90,4.8923,true,1,1805
4014400907902,false,סוכ.וורטר ללא סוכר 4,,,סוכ.וורטר ללא סוכר 42 גר בקופסא,Unknown,0.00,Unknown,false,1,6.90,0.0000,true,1,9837
4014400909692,false,סוכ.וורטר קפה ללא סו,,,סוכ.וורטר קפה ללא סוכר 42 גר בקופסא,Unknown,0.00,Unknown,false,1,6.90,0.0000,true,1,11920
4014400910063,false,סוכריות וורטר 135 גר,,,סוכריות וורטר 135 גר בשקית,גרמים,135.00,100 גרם,false,1,9.90,7.3333,true,1,9868
4014400913910,false,סוכריות וורטר מילוי,,,סוכריות וורטר מילוי קרמל 125גר שקית,גרמים,125.00,100 גרם,false,1,9.90,7.9200,true,1,17188
4014400914245,false,שוקולד מרסי חלב מעול,שטורק,DE,שוקולד מרסי חלב מעולה 100 גרם,גרמים,100.00,100 גרם,false,15,10.90,10.9000,true,1,22786
4014400914696,false,סוכריות וורטר ללא סו,,,סוכריות וורטר ללא סוכר 80גר בשקית,גרמים,80.00,100 גרם,false,1,9.90,12.3750,true,1,10295
4014400914924,false,סוכריות וורטר קפה לל,,,סוכריות וורטר קפה ללא סוכר 80גר בשקית,גרמים,80.00,100 גרם,false,1,9.90,12.3750,true,1,10281
4014400920857,false,סוכריות וורטר שוקולד,,,סוכריות וורטר שוקולד ל.סוכר70גר,Unknown,0.00,Unknown,false,1,9.90,0.0000,true,1,19757
4014400923711,false,בונבוניירה טופיפי 12,שטורק,,בונבוניירה טופיפי 125 גרם,גרמים,125.00,100 גרם,false,1,14.00,11.2000,true,1,26915
4014400925319,false,פופקורן וורטר עם קרמ,שטורק,DE,פופקורן וורטר עם קרמל 140 גרם,גרמים,140.00,100 גרם,false,12,15.90,11.3571,true,1,46918
4014400929010,false,וופל מימי קנופרס איש,שטורק,DE,וופל מימי קנופרס אישי 200 גרם 20 יח,גרמים,200.00,100 גרם,false,12,19.90,9.9500,true,1,59253
4014400931327,false,פופקורן וורטר עם קרמ,שטורק,DE,פופקורן וורטר עם קרמל וגרעינים 140 גרם,גרמים,140.00,100 גרם,false,12,15.90,11.3571,true,1,58452
4014522120203,false,סוכריות טעם דובדבן ל,,,סוכריות טעם דובדבן ללא סוכר בודטה 100גר,גרמים,100.00,100 גרם,false,18,8.90,8.9000,true,1,43923
4014522120302,false,סוכריות טעם מנטה ללא,,,סוכריות טעם מנטה ללא סוכר בודטה 100גר,גרמים,100.00,100 גרם,false,18,8.90,8.9000,true,1,43924
4014522180108,false,סוכריות טעם גנגר אור,,,סוכריות טעם גנגר אורגני בודטה 75גר,גרמים,75.00,100 גרם,false,12,8.90,11.8667,true,1,43926
4014600397633,false,סוכריות וולמינט מנטה,רגולדס ג'י.אמ.בי.איי,DE,סוכריות וולמיט מנטה ל.ס 20 גר,Unknown,0.00,Unknown,false,1,7.90,0.0000,true,1,33128
4014600397640,false,סוכריות וולמינט מנטה,רגולדס ג'י.אמ.בי.איי,DE,סוכריות וולמיט מנטה ל.ס 20 גר,Unknown,0.00,Unknown,false,1,7.90,0.0000,true,1,33127
4015000031394,false,ספטיל שפורפרת להסרת,,,ספטיל שפורפרת להסרת כתמים,Unknown,0.00,Unknown,false,1,15.90,0.0000,true,1,1806
4015400564454,false,מגן תחתון אולדייז מג,פרוקטר אנד גמבל,,מגן תחתון אולדייז מגה פק לארג 68 יח,יחידה,68.00,יחידה,false,1,17.90,0.2632,true,1,13687
4015400681670,false,תחבושות אולוויז לילה,,,תחבושות אולוויז לילה בטוח 18 יח,יחידה,18.00,יחידה,false,1,17.90,0.9944,true,1,21013
4015400690313,false,טמפון טמפקס פרל רגול,פרוקטר אנד גמבל,,טמפון טמפקס פרל רגולר 18 יח,יחידה,18.00,יחידה,false,1,25.90,1.4389,true,1,25751
4015400690405,false,טמפון טמפקס פרל סופר,פרוקטר אנד גמבל,,טמפון טמפקס פרל סופר 18 יח,יחידה,18.00,יחידה,false,1,25.90,1.4389,true,1,25752
4015400690498,false,טמפון טמפקס פרל סופר,פרוקטר אנד גמבל,,טמפון טמפקס פרל סופר פלוס 18 יח,יחידה,18.00,יחידה,false,1,25.90,1.4389,true,1,25753
4015400731719,false,תחבושות אולוויז לילה,p&G,,תחבושות אולוויז לילה דואו 20 יח,יחידה,20.00,יחידה,false,1,17.90,0.8950,true,1,24342
4015400746812,false,מגן תחתון אולדייז מג,פרוקטר אנד גמבל,,מגן תחתון אולדייז מגה פק נורמל 80 יח,יחידה,80.00,יחידה,false,1,17.90,0.2237,true,1,24840
4015400755241,false,תחבושות אולוויז נורמ,p&G,,תחבושות אולוויז נורמל פלוס דואו 28 יח,יחידה,28.00,יחידה,false,1,17.90,0.6393,true,1,24343
4015400755487,false,תחבושות אולוויז לונג,p&G,,תחבושות אולוויז לונג פלוס דואו 24 יח,יחידה,24.00,יחידה,false,1,17.90,0.7458,true,1,24344
4015400990482,false,אב.כביסה אריאל קולור,פרוקטר אנד גמבל,,אב.כביסה אריאל קולור 3 קג,קילוגרמים,3.00,"ק""ג",false,1,39.90,13.3000,true,1,22735
4015600762742,false,שמפו הד אנד שולדרס ק,פרוקטר אנד גמבל,,שמפו הד אנד שולדרס קלאסי 500 מל,מיליליטרים,500.00,"100 מ""ל",false,1,24.90,4.9800,true,1,14620
4015600762780,false,שמפו הד אנד שולדרס 2,פרוקטר אנד גמבל,,שמפו הד אנד שולדרס 2ב1 קלאסי 500 מל,מיליליטרים,500.00,"100 מ""ל",false,1,24.90,4.9800,true,1,14621
4015600762902,false,שמפו הד אנד שולדרס מ,פרוקטר אנד גמבל,,שמפו הד אנד שולדרס מנטול 500מל,מיליליטרים,500.00,"100 מ""ל",false,1,24.90,4.9800,true,1,15034
4015600762940,false,שמפו הד אנד שולדרס ת,,,שמפו הד אנד שולדרס תפוח 500מל,מיליליטרים,500.00,"100 מ""ל",false,1,24.90,4.9800,true,1,15026
4015600763022,false,שמפו הד אנד שולדרס מ,,,שמפו הד אנד שולדרס מגע משי 500מל,מיליליטרים,500.00,"100 מ""ל",false,1,24.90,4.9800,true,1,15857
4015600766900,false,שמפו הד אנד שולדרס 2,,,שמפו הד אנד שולדרס 2ב1 ממנטול 500 מל,מיליליטרים,500.00,"100 מ""ל",false,1,24.90,4.9800,true,1,18387
4015600807436,false,דאודורנט גילט פאוור,פרוקטר אנד גמבל,,דאודורנט גילט פאוור בידס 75מל קול וואייב,Unknown,0.00,Unknown,false,1,27.90,0.0000,true,1,41597
4015600807573,false,דאודורנט גילט פאוור,פרוקטר אנד גמבל,,דאודורנט גילט פאוור בידס 75מל פאור ראש,Unknown,0.00,Unknown,false,1,27.90,0.0000,true,1,41598
4017100160110,false,גלילי ופל מיניס קרם,בלזן פולסקה,,גלילי ופל מיניס קרם שוקולד 75 גר,Unknown,0.00,Unknown,false,1,8.90,0.0000,true,1,44515
4017100210105,false,גלילי וופלטן שוקולד,,,גלילי וופלטן שוקולד מריר 75 גרם,Unknown,0.00,Unknown,false,1,9.90,0.0000,true,1,1815
4017100216800,false,גלילי ופל מיניס שוקו,בלזן פולסקה,,גלילי ופל מיניס שוקולד חלב 100 גר,גרמים,100.00,100 גרם,false,1,8.90,8.9000,true,1,1816
4017100219900,false,גלילי וופלטן שוקולד,,,גלילי וופלטן שוקולד חלב 100 גר,גרמים,100.00,100 גרם,false,1,9.90,9.9000,true,1,1817
4017100290008,false,ביסקויט בלזן שוקולד,בלזן פולסקה,,ביסקויט ליבניץ שוקולד חלב 125 גר,גרמים,125.00,100 גרם,false,1,9.90,7.9200,true,1,1818
4017100290503,false,ביסקויט בלזן שוקולד,בלזן פולסקה,,ביסקויט בלזן שוקולד חלב תפוז 125 גר,גרמים,125.00,100 גרם,false,1,9.90,7.9200,true,1,59004
4017100291005,false,ביסקויט בלזן שוקולד,בלזן פולסקה,,עוגיות ליבניץ שוקולד מריר 125 גר,גרמים,125.00,100 גרם,false,1,9.90,7.9200,true,1,1819
4017100364112,false,ביסקויט היט סנדוויץ,,,ביסקויט היט סנדוויץ קקאו 220 גר,גרמים,220.00,100 גרם,false,1,7.90,3.5909,true,1,19040
4019400444075,false,שוקולד הלורן ממולא ס,HALLOREN,,שוקולד הלורן ממולא סקוטש ויסקי 150 גרם,גרמים,150.00,100 גרם,false,1,11.90,7.9333,true,1,25097
4019400444464,false,בונ. ברנדי+שרי ברנדי,,,שוקולד הלורן ממולא שרי ברנדי 150 גרם,גרמים,150.00,100 גרם,false,1,11.90,7.9333,true,1,43662
4020400890045,false,סוכריות ויויל ללס פי,,DE,סוכריות ויויל ללס פירות יער 60 גר,Unknown,0.00,Unknown,false,12,13.90,0.0000,true,1,59588
4022025000137,false,יין בלו נאן גוורצטרמ,,,יין בלו נאן גוורצטרמינר,מיליליטרים,750.00,"100 מ""ל",false,1,45.00,6.0000,true,1,9956
4022025250006,false,יין בלו נאן אותנטיק,bluenun,,יין בלו נאן אותנטיק 750 מל,מיליליטרים,750.00,"100 מ""ל",false,1,40.00,5.3333,true,1,2939
4022025371039,false,יין בלו נאן בלו לבן,בלו נאן,,יין בלו נאן בלו לבן מבעבע 750 מל,מיליליטרים,750.00,"100 מ""ל",false,1,60.00,8.0000,true,1,21831
4022025372036,false,יין בלו נאן מבעבע יב,,,יין בלו נאן מבעבע יבש 750 מל פקדון,מיליליטרים,750.00,"100 מ""ל",false,1,60.00,8.0000,true,1,6944
4022025379035,false,יין בלו נאן רוזה מבע,בלו נאן,,יין בלו נאן רוזה מבעבע 750 מל,מיליליטרים,750.00,"100 מ""ל",false,1,60.00,8.0000,true,1,48747
4023800231647,false,בונבוניירה מוצרט קוג,,,בונבוניירה מוצרט קוגל 200 גר,גרמים,200.00,100 גרם,false,1,19.90,9.9500,true,1,42588
4023800792124,false,מרציפן שלוקוורד מצופ,,DE,מרציפן שלוקוורד מצופה עם אגוז 125 גרם,גרמים,125.00,100 גרם,false,20,8.90,7.1200,true,1,61369
4025700001962,false,שוקולד מילקה לבן 100,מונדליז,,שוקולד מילקה לבן 100 גרם,גרמים,100.00,100 גרם,false,1,6.90,6.9000,true,1,45831
4028208000284,false,נייר פילטר מס 4 ברגי,Melitta Kaffee GmbH,,נייר פילטר מס 4 ברגיטה  80 יח,יחידה,80.00,יחידה,false,1,14.50,0.1813,true,1,6698
4028491409542,false,עוגת שטולן קלאסיק 75,QUICK BURY,,עוגת שטולן קלאסיק 750 גר קויק בורי,גרמים,750.00,100 גרם,false,1,34.00,4.5333,true,1,17914
4037719066986,false,סוכריות פירות טרופיי,,,סוכריות פירות טרופייםבפחית 200 גר,גרמים,200.00,100 גרם,false,1,10.90,5.4500,true,1,47587
4037719068317,false,סוכריות טעם פירות יע,,,סוכריות טעם פירות יער בפחית 200 גר,גרמים,200.00,100 גרם,false,1,10.90,5.4500,true,1,12520
4037719657290,false,סוכריות פירות 300 גר,,,סוכריות פירות 300 גר צנצנת,גרמים,300.00,100 גרם,false,1,19.90,6.6333,true,1,10002
4037719680212,false,סוכריות טעם תות שדה,,,סוכריות טעם תות שדה בפחית 200 גר,גרמים,200.00,100 גרם,false,1,10.90,5.4500,true,1,12521
4044889002904,false,שוקולד ויואני 99% מר,,,שוקולד ויואני 99% מריר אורגני 80 גרם,Unknown,0.00,Unknown,false,1,16.90,0.0000,true,1,32252
4044889004106,false,שוקולד ויואני 100% מ,,,שוקולד ויואני 100% מריר אורגני 100 גרם,גרמים,80.00,100 גרם,false,1,16.90,21.1250,true,1,46573
4046719114306,false,דבק רב שימושי בשפופר,3m,,דבק רב שימושי בשפופרת 30 מל,יחידה,1.00,יחידה,false,1,16.90,16.9000,true,1,21692
4046719419838,false,מטלית מיקרופייבר לשי,3m,,מטלית מיקרופייבר לשימוש כללי סקוטש ברייט,יחידה,3.00,יחידה,false,1,10.00,3.3333,true,1,21681
4046719603237,false,ספוגיות מתכת סקוטש ב,3m,CN,ספוגיות מתכת סקוטש ברייט אל חלד 2יח,יחידה,2.00,יחידה,false,24,8.90,4.4500,true,1,43832
4049366003108,false,יין גוורצטרמינר וובר,קב דה לנדירס,,יין גוורצטרמינר וובר ריב 750 מל,מיליליטרים,750.00,"100 מ""ל",false,1,45.00,6.0000,true,1,26097
4053700288205,false,ויט קרם הסרת שיער לע,רקיט בנקיזר צרפת,,ויט קרם הסרת שיער לעור עדין,Unknown,0.00,Unknown,false,1,19.90,0.0000,true,1,10076
4061445096689,false,קפה נמס דווידוף 57 א,צ'יבו מנופקצ'ורינג,CO,קפה נמס דווידוף 57 אספרסו 100 ג,גרמים,100.00,100 גרם,false,6,21.90,21.9000,true,1,46487
4061445096702,false,קפה נמס דווידוף ארומ,צ'יבו מנופקצ'ורינג,CO,קפה נמס דווידוף ארומה מעודנת 100 ג,גרמים,100.00,100 גרם,false,6,21.90,21.9000,true,1,46486
4061445096726,false,קפה נמס דווידוף ארומ,צ'יבו מנופקצ'ורינג,CO,קפה נמס דווידוף ארומה עשירה100גר,גרמים,100.00,100 גרם,false,6,21.90,21.9000,true,1,46485
4066600601920,false,בירה פאולנר 500מל פח,,,בירה פאולנר 500מל פחית פקדון,מיליליטרים,500.00,"100 מ""ל",false,24,12.90,2.5800,true,1,44616
4066600999614,false,בירה פאולנר 500 מל פ,,,בירה פאולנר 500 מל פקדון זכוכית,מיליליטרים,500.00,"100 מ""ל",false,20,12.90,2.5800,true,1,26993
4067700014849,false,ליקר ייגרמייסטר כשר,ייגרמייסטר,,ליקר ייגרמייסטר כשר 700 מל,מיליליטרים,700.00,"100 מ""ל",false,1,89.90,12.8429,true,1,25361
4072700001188,false,בירה פרנסיס קנר מעונ,,,בירה פרנסיס קנר מעוננת כהה 500 מל פיקדו,מיליליטרים,500.00,"100 מ""ל",false,1,12.90,2.5800,true,1,8616
4084500065536,false,קרם לחות פנטן לחות מ,,,קרם לחות פנטן לחות מוגברת 300 מל,מיליליטרים,300.00,"100 מ""ל",false,1,23.90,7.9667,true,1,19982
4084500065598,false,קרם לחות פנטן לתלתלי,פרוקטר אנד גמבל,,קרם לחות פנטן לתלתלים מושלמים 300 מל,מיליליטרים,300.00,"100 מ""ל",false,1,23.90,7.9667,true,1,20449
4084500081314,false,משחת שיניים אורל בי,פרוקטר אנד גמבל,,משחת שיניים אורל בי לניקוי עמוק 75מל,Unknown,0.00,Unknown,false,1,12.90,0.0000,true,1,42336
4084500088917,false,נוזל כלים פיירי לימו,פרוקטר אנד גמבל,,נוזל כלים פיירי לימון 650 מל,מיליליטרים,650.00,"100 מ""ל",false,1,11.90,1.8308,true,1,19521
4084500149526,false,גל כביסה טייד 2.48 ל,פרוקטר אנד גמבל,,גל כביסה טייד 2.48 ליטר,מיליליטרים,2480.00,"100 מ""ל",false,1,29.90,1.2056,true,1,17053
4084500471733,false,דאודורונט קליר גל 70,פרוקטר אנד גמבל,,דאודורונט קליר גל 70מל ארטיק אייס NPI,Unknown,0.00,Unknown,false,6,14.90,0.0000,true,1,51980
4084500471900,false,דאודורונט קליר גל 70,פרוקטר אנד גמבל,,דאודורונט קליר גל 70מל פאאור ראש NPI,Unknown,0.00,Unknown,false,6,14.90,0.0000,true,1,51981
4084500472020,false,דאודורונט קליר גל 70,פרוקטר אנד גמבל,,דאודורונט קליר גל 70מל ספורט NPI,Unknown,0.00,Unknown,false,6,14.90,0.0000,true,1,51982
4084500739253,false,משחת שיניים אורל בי,פרוקטר אנד גמבל,,משחת שיניים אורל בי לובן מהודר 75מל,Unknown,0.00,Unknown,false,1,19.90,0.0000,true,1,52683
4084500853553,false,נוזל כלים פיירי אורג,על בד,,נוזל כלים פיירי אורגינל 650 מל,מיליליטרים,650.00,"100 מ""ל",false,1,11.90,1.8308,true,1,21019
4084500853836,false,נוזל כלים פיירי ורדי,על בד,,נוזל כלים פיירי ורדים משי 515 מל,מיליליטרים,515.00,"100 מ""ל",false,1,11.90,2.3107,true,1,21024
4084500853898,false,נוזל כלים פיירי אלוו,על בד,,נוזל כלים פיירי אלוורה ומלפפונים 515 מל,מיליליטרים,515.00,"100 מ""ל",false,1,11.90,2.3107,true,1,21023
4210201176688,false,ראש למב.שינים חשמלית,פרוקטר אנד גמבל,,ראש למב.שינים חשמלית אורל בי סנסטיב 4יח,Unknown,0.00,Unknown,false,1,79.90,0.0000,true,1,58923
4210201262183,false,מברשת שיניים חשמלית,,,מברשת שיניים חשמלית אורל בי די100,יחידה,1.00,יחידה,false,1,89.90,89.9000,true,1,45534
4210201365334,false,ראש למב.שינים חשמלית,פרוקטר אנד גמבל,,ראש למב.שינים חשמלית אורל בי פחם 4יח,Unknown,0.00,Unknown,false,1,79.90,0.0000,true,1,57371
4250231144493,false,שוקולד הלורן ממולא ל,HALLOREN,,שוקולד הלורן ממולא ליקר תפוז 150 גרם,גרמים,150.00,100 גרם,false,1,11.90,7.9333,true,1,39498
4250231145056,false,שוקולד הלורן מאדאם פ,HALLOREN,,שוקולד הלורן מאדאם פומפדור תות וודקה150ג,גרמים,150.00,100 גרם,false,1,11.90,7.9333,true,1,42256
4260134390194,false,בירה קירין איציבן 33,,,בירה קירין איציבן 330 מל בקבוק,מיליליטרים,330.00,"100 מ""ל",false,1,10.00,3.0303,true,1,49298
4260147890513,false,איטריות ביצים דקות א,kawh,,איטריות ביצים דקות ורמיצלי אותנטי 500גר,גרמים,500.00,100 גרם,false,1,9.90,1.9800,true,1,11402
4260147890537,false,איטריות ביצים רצועות,kawh,,איטריות ביצים ברצועות רחבות אותנטי 500גר,גרמים,500.00,100 גרם,false,1,9.90,1.9800,true,1,11401
4260147890551,false,איטריות ביצים רצועות,kawh,,איטריות ביצים רצועות אותנטי 500גר,גרמים,500.00,100 גרם,false,1,9.90,1.9800,true,1,11400
4260310552569,false,משקה טוניק 200 מל תו,תומס הנרי,DE,משקה טוניק 200 מל תומס הנרי פקדון,מיליליטרים,200.00,"100 מ""ל",false,24,6.90,3.4500,true,1,28342
4260334140193,false,ממרח אגוזי לוז וקקאו,,,ממרח אגוזי לוז וקקאו אורגני 200 גר,גרמים,200.00,100 גרם,false,1,22.90,11.4500,true,1,40839
4260334140605,false,שוקולד ויגו טבעוני א,ויגו,,שוקולד ויגו טבעוני אגוזים 150גר גנדויה,גרמים,150.00,100 גרם,false,8,18.90,12.6000,true,1,48396
4560198160055,false,טקואן צנון יפני קינג,,,טקואן צנון יפני קינגדאו 500 גר,גרמים,500.00,100 גרם,false,20,25.90,5.1800,true,1,31508
4600659010854,false,וודקה סטוליצניה 40%,אס פי איי SPI (סטולי,,וודקה סטוליצניה 40% 700 מל פקדון,מיליליטרים,700.00,"100 מ""ל",false,1,59.90,8.5571,true,1,1834
4607001414445,false,תחתיות טארטלט למילוי,רמנסקי,,תחתיות טארטלט למילוי מתוק 180 גר,גרמים,180.00,100 גרם,false,1,10.90,6.0556,true,1,20915
4607012351999,false,גרעיני חמניה מלוח מר,MARTIN,,גרעיני חמניה עםמלח מרטין 200 גרם,גרמים,200.00,100 גרם,false,1,12.90,6.4500,true,1,24592
4640018993343,false,טבליות פיניש קואנטום,RB פולין,PL,טבליות פיניש קואנטום למדיח 30 טבליות,יחידה,30.00,יחידה,false,7,34.90,1.1633,true,1,45773
4640018993398,false,טבליות פיניש קואנטום,RB פולין,PL,טבליות פיניש קואנטום לימון למדיח 60 יח,יחידה,60.00,יחידה,false,6,59.90,0.9983,true,1,45776
4710068001692,false,משקה מאסטר לאטה 240,L.S XILAGORA,,משקה מאסטר לאטה 240 מל,מיליליטרים,250.00,"100 מ""ל",false,1,7.60,3.0400,true,1,17108
4710068001715,false,משקה מאסטר טרמיסו 24,L.S XILAGORA,,משקה מאסטר טרמיסו 240 מל פקדון,מיליליטרים,240.00,"100 מ""ל",false,1,7.60,3.1667,true,1,17110
4710068001739,false,משקה מאסטר קולימביאנ,L.S XILAGORA,,משקה מאסטר קולימביאני 240 מל,מיליליטרים,250.00,"100 מ""ל",false,1,7.60,3.0400,true,1,17109
4710068002798,false,משקה מאסטר וניל 240,L.S XILAGORA,,משקה מאסטר וניל 240 מל,מיליליטרים,250.00,"100 מ""ל",false,1,7.60,3.0400,true,1,41818
4710964170799,false,שומשום שחור קלוי 91,Flavor full foods in,,שומשום שחור קלוי 91 גרם,גרמים,90.00,100 גרם,false,1,17.90,19.8889,true,1,10604
4740098090632,false,משקה קוקטייל מרגריטה,,,משקה קוקטייל מרגריטה 330 מל פקדון,מיליליטרים,330.00,"100 מ""ל",false,1,10.00,3.0303,true,1,41952
4740098098355,false,משקה קוקטייל מוחיטו,,,משקה קוקטייל מוחיטו 330 מל פקדון,מיליליטרים,330.00,"100 מ""ל",false,1,10.00,3.0303,true,1,59202
4740098098379,false,משקה קוקטייל מרגריטה,,,משקה קוקטייל מרגריטה 330 מל פקדון,מיליליטרים,330.00,"100 מ""ל",false,1,10.00,3.0303,true,1,59201
4740098098393,false,משקה קוקטייל לה קוק,,,משקה קוקטייל לה קוק ביץ 330 מל פקדון,מיליליטרים,330.00,"100 מ""ל",false,1,10.00,3.0303,true,1,59203
4744131010144,false,מסנן מים לקנקן אקווא,,,מסנן מים לקנקן אקוואפור,יחידה,1.00,יחידה,false,12,29.90,29.9000,true,1,35796
4744131013381,false,קנקן קומפקט לסינון מ,,,קנקן קומפקט לסינון מים 2.4ליטר לבן,יחידה,1.00,יחידה,false,1,69.90,69.9000,true,1,48299
4744131014265,false,שלישיית מסנני מים לק,,,שלישיית מסנני מים לקנקן בריטה,יחידה,3.00,יחידה,false,1,79.90,26.6333,true,1,48302
4750017001861,false,פילה דג סלמון במיץ ע,,,פילה דג סלמון במיץ עגבניות 200 גרם,גרמים,200.00,100 גרם,false,1,9.90,4.9500,true,1,36239
4750142003426,false,בירה פילזנר  אקסטרה,"""cesu alus""",,בירה פילזנר  אקסטרה 500מל פח. פקדון,מיליליטרים,500.00,"100 מ""ל",false,1,7.90,1.5800,true,1,46437
4750142021505,false,בירה פילזנר 500מל 4.,"""cesu alus""",,בירה פילזנר 500מל 4.7% פקדון,מיליליטרים,500.00,"100 מ""ל",false,1,7.90,1.5800,true,1,15409
4750259881245,false,עלי וופל קקאו לעוגה,,LV,בסיס וופל קקאו לעוגה 90 גרם,Unknown,0.00,Unknown,false,16,10.90,0.0000,true,1,43855
4750616001194,true,שפרוטים ריגה בשמן240,,,שפקוטים ריגה בשמן 240 גרם,גרמים,240.00,100 גרם,false,,10.00,4.1667,true,1,27014
4751017941140,false,ממרח סלק וחזרת 245גר,,,ממרח סלק וחזרת 245גר רודולפס,גרמים,245.00,100 גרם,false,6,15.90,6.4898,true,1,45146
4751017941157,false,ממרח עגבניות ובזיליק,,,ממרח עגבניות ובזיליקום 245גר רודולפס,גרמים,245.00,100 גרם,false,6,15.90,6.4898,true,1,45147
4770033223986,false,ברנדי גלורי  5 שנים,stumbras,,ברנדי גלורי  5 שנים  700 מל,מיליליטרים,700.00,"100 מ""ל",false,1,69.90,9.9857,true,1,21979
4770033225133,false,ברנדי גלורי  טעם שזי,stumbras,,ברנדי גלורי  טעם שזיף 500 מל,מיליליטרים,500.00,"100 מ""ל",false,1,54.90,10.9800,true,1,50434
4770299394680,false,חטיפי גבינה  מעושנת,,,חטיפי גבינה  מעושנת 75 גר,Unknown,0.00,Unknown,false,1,9.90,0.0000,true,1,50779
4792055013765,false,תה טרסון ירוק עם אלו,,LK,תה טרסון שחור תפוח קינמון תפזורת 75 גרם,גרמים,100.00,100 גרם,false,24,18.90,18.9000,true,1,48434
4792055019798,false,תה טרסון שחור אנונה2,,LK,תה טרסון שחור אנונה2 גר 40 שקיות,יחידה,20.00,יחידה,false,24,11.90,0.5950,true,1,47448
4792055019828,false,תה טרסון שחור שקד שו,,LK,תה טרסון שחור שקד שוקולד 2 גר 40 שקיות,יחידה,20.00,יחידה,false,24,11.90,0.5950,true,1,47451
4792055019835,false,תה טרסון ירוק אנונה,,LK,תה טרסון ירוק טעם אנונה 2 גר 40 שקיות,יחידה,20.00,יחידה,false,24,11.90,0.5950,true,1,47444
4792055019842,false,תה טרסון ירוק קיווי,,LK,תה טרסון ירוק קיווי רימונים2 גר 40 שקיות,יחידה,20.00,יחידה,false,24,11.90,0.5950,true,1,47447
4792055019866,false,תה טרסון ירוק גוגי ב,,LK,תה טרסון ירוק גוגי ברי 2 גר 40 שקיות,יחידה,20.00,יחידה,false,24,11.90,0.5950,true,1,47446
4792055019880,false,תה טרסון ארל גריי 2,,GB,תה טרסון ארל גריי 2 גר 100 שקיות,יחידה,100.00,יחידה,false,12,29.90,0.2990,true,1,47442
4792055019897,false,תה טרסון ירוק 2 גר 1,,GB,תה טרסון ירוק 2 גר 100 שקיות,יחידה,100.00,יחידה,false,12,29.90,0.2990,true,1,47443
4796019790013,false,שמן קוקוס אורגני גרי,גרין קוקו,,שמן קוקוס אורגני גרין קוקו 300 מל,מיליליטרים,300.00,"100 מ""ל",false,1,19.90,6.6333,true,1,24153
4796019790020,false,שמן קוקוס אורגני גרי,גרין קוקו,,שמן קוקוס אורגני גרין קוקו 500 מל,מיליליטרים,500.00,"100 מ""ל",false,1,28.90,5.7800,true,1,24154
4796019790037,false,שמן קוקוס אורגני גרי,גרין קוקו,,שמן קוקוס אורגני גרין קוקו 1 ל,ליטרים,1.00,ליטר,false,1,43.90,43.9000,true,1,24155
4800888150080,false,דאב דאו.רולאון מלפפו,יוניליוור,,דאב דאו.רולאון מלפפונים 50 מל,Unknown,0.00,Unknown,false,1,16.90,0.0000,true,1,13612
4800888150103,false,דאב דאו.רולאון אורגי,יוניליוור,,דאב דאו.רולאון אורגינל 50 מל,Unknown,0.00,Unknown,false,1,16.90,0.0000,true,1,13611
4800888209368,false,דאו.סטיק רקסונה אקסט,יוניליוור,,דאו.סטיק רקסונה אקסטרא קול 50 גר,Unknown,0.00,Unknown,false,1,15.90,0.0000,true,1,46715
4800888214904,false,דאודורנט דאב סטיק קק,יוניליוור,,דאודורנט דאב סטיק קקאו והיביסקוס 50גר,Unknown,0.00,Unknown,false,1,16.90,0.0000,true,1,48765
4800888219510,false,דאודורנט דאב סטיק מל,יוניליוור,,דאודורנט דאב סטיק מלפפונים 50גר,Unknown,0.00,Unknown,false,1,16.90,0.0000,true,1,52854
4800888219534,false,דאודורנט דאב סטיק או,יוניליוור,,דאודורנט דאב סטיק אורגינל 50גר,Unknown,0.00,Unknown,false,1,16.90,0.0000,true,1,52852
4801234159856,false,מ.אוויר גלייד מיני ג,SC Jonson,,מ.אוויר גלייד מיני גל בניחוח מרכך 70 גר,Unknown,0.00,Unknown,false,1,6.90,0.0000,true,1,14118
4801234159863,false,מ.אוויר גלייד מיני ג,SC Jonson,,מ.אוויר גלייד מיני גל בניחוח חבצלות 70 ג,Unknown,0.00,Unknown,false,1,6.90,0.0000,true,1,14119
4809013009019,false,איטריות להקפצה מנילה,קיו פול,,איטריות להקפצה מנילה 227 גר,גרמים,227.00,100 גרם,false,1,10.90,4.8018,true,1,16578
4860009000014,false,מיץ רימונים 100% טבע,,,מיץ רימונים 100% טבעי גרוזיני 1 ל פיקדון,ליטרים,1.00,ליטר,false,1,16.90,16.9000,true,1,3468
4865602000027,false,מים מינרליים נבגלבי,stumbras,GE,מים מינרליים נבגלבי מוגז 1 ליטר,ליטרים,1.00,ליטר,false,6,8.90,8.9000,true,1,26594
4891130001199,false,רוטב בטעם צדפות 450,Pun chun sauce & pre,,רוטב בטעם צדפות 450 מל,מיליליטרים,450.00,"100 מ""ל",false,1,24.90,5.5333,true,1,4938
4891130005111,false,רוטב הוויסן 360 מל פ,Pun chun sauce & pre,,רוטב הוויסן 360 מל פון צון,גרמים,360.00,100 גרם,false,1,19.90,5.5278,true,1,49434
4891228302023,false,ס.גילוח שיק אקסטרים,אדגוול,,ס.גילוח שיק אקסטרים 3 אולטימייט לגבר 4יח,יחידה,4.00,יחידה,false,1,23.00,5.7500,true,1,23643
4891228430047,false,ס.גילוח שיק אקסטרא 2,Schick,,ס.גילוח שיק אקסטרא 2 לגבר רגיש 10 יח,Unknown,0.00,Unknown,false,1,24.90,0.0000,true,1,6657
4891228430054,false,ס.גילוח שיק 2 אקסטרא,,,ס.גילוח שיק 2 אקסטרא לנשים 5 יח,Unknown,0.00,Unknown,false,1,13.90,0.0000,true,1,5358
4891228430061,false,ס.גילוח שיק אקסטרא 2,Schick,,ס.גילוח שיק אקסטרא 2 לאישה רגיש 10 יח,Unknown,0.00,Unknown,false,1,24.90,0.0000,true,1,6658
4891228430085,false,ס.גילוח שיק אקסטרא 3,Schick,,ס.גילוח שיק אקסטרא 3 כחול 4 יח,Unknown,0.00,Unknown,false,1,21.90,0.0000,true,1,5476
4891228430092,false,ס.גילוח שיק אקסטרים,Schick,,ס.גילוח שיק אקסטרים 3 יח לאשה,Unknown,0.00,Unknown,false,1,21.90,0.0000,true,1,6656
4891228460242,false,ס.גילוח שיק קוואטרו,Schick,,ס.גילוח שיק קוואטרו חד פעמי נשים 3 יח,יחידה,3.00,יחידה,false,1,24.90,8.3000,true,1,7429
4895060582292,false,סוכריות גלי פלורידה,קנדי נובלטי,,סוכריות גלי פירות פלורידה משפחתי 136גר,גרמים,136.00,100 גרם,false,1,16.50,12.1324,true,1,12670
4902765102233,false,תערובת תיבול פוריקקה,,JP,תערובת תיבול פוריקקה גומה נורי 40 גרם,Unknown,0.00,Unknown,false,1,21.90,0.0000,true,1,58174
4903001904192,false,רוטב סויה יאמסה 500,,,רוטב סויה יאמסה 500 מל פרימיום,מיליליטרים,500.00,"100 מ""ל",false,1,19.90,3.9800,true,1,10056
4903001904208,false,רוטב סויה יאמסה 1 ל,,,רוטב סויה יאמסה 1 ל סופר פרימיום,ליטרים,1.00,ליטר,false,1,32.90,32.9000,true,1,10055
4903001925784,false,רוטב סויה יאמסה דל מ,,,רוטב סויה יאמסה דל מלח 500 מל,מיליליטרים,500.00,"100 מ""ל",false,1,19.90,3.9800,true,1,17241
4903001930993,false,רוטב טריאקי יאמסה500,,,רוטב טריאקי יאמסה500 מל פרימיום,מיליליטרים,500.00,"100 מ""ל",false,1,19.90,3.9800,true,1,23253
4903001945706,false,רוטב פונזו יאמאסה500,,,רוטב פונזו יאמאסה500 מל,מיליליטרים,500.00,"100 מ""ל",false,1,19.90,3.9800,true,1,59641
4952078003000,false,מיץ יוזו 300 מל,Chanh Khang Company,,מיץ יוזו 300 מל,מיליליטרים,300.00,"100 מ""ל",false,1,100.00,33.3333,true,1,41150
4970916160708,false,משקה סאקה צוינאמה 30,,,משקה סאקה צוינאמה 300 מל,מיליליטרים,300.00,"100 מ""ל",false,20,25.90,8.6333,true,1,60955
4970916260118,false,משקה ניגורי איש השלג,,,משקה ניגורי איש השלג 180 מל,מיליליטרים,180.00,"100 מ""ל",false,20,31.90,17.7222,true,1,60956
4976879106470,false,משקה סאקה הוקאן סן 7,JFC JAPAN INC.,,משקה סאקה הוקאן סן 720 מל,מיליליטרים,720.00,"100 מ""ל",false,1,50.00,6.9444,true,1,25321
4978094999219,false,מחית סויה  לבנה שירו,Qingdao Sun-growing,,מחית סויה  לבנה שירו מיסו 500 גר,גרמים,500.00,100 גרם,false,1,18.90,3.7800,true,1,13235
4996445000117,false,אטריות סובה 300 גר,Qingdao Sun-growing,,אטריות סובה 300 גר,גרמים,300.00,100 גרם,false,1,12.00,4.0000,true,1,11887
5000146048671,false,סילבו לניקוי והברקה,RB פורטוגל,,סילבו לניקוי והברקה 75גר,Unknown,0.00,Unknown,false,1,15.90,0.0000,true,1,13318
5000146048688,false,בראסו לניקוי והברקה,RB פורטוגל,,בראסו לניקוי והברקה 75 גר,יחידה,1.00,יחידה,false,1,15.90,15.9000,true,1,4188
5000146057710,false,נוזל לניקוי חלונות ו,RB פולין,,נוזל לניקוי חלונות ווינדולין 750 מל,ליטרים,1.50,ליטר,false,1,8.90,5.9333,true,1,1839
5000146401568,false,ווליט דפים למכונת כב,Montrasio,,ווליט דפים למכונת כביסה,Unknown,0.00,Unknown,false,1,14.90,0.0000,true,1,1841
5000146980322,false,ויט קרם הסרת שיער פר,רקיט בנקיזר צרפת,,ויט קרם הסרת שיער פרחים,Unknown,0.00,Unknown,false,1,19.90,0.0000,true,1,10075
5000157143365,false,היינץ מתבל בטעם מיוק,היינץ,PL,היינץ מתבל בטעם מיושאפ 425 מל,מיליליטרים,425.00,"100 מ""ל",false,10,15.90,3.7412,true,1,45369
5000157146366,false,רוטב היינץ צילי ומיס,היינץ פודס,GB,רוטב היינץ צילי ומיסו 250 מל,מיליליטרים,250.00,"100 מ""ל",false,6,14.90,5.9600,true,1,61423
5000157146380,false,רוטב היינץ עגבניות ק,היינץ פודס,GB,רוטב היינץ עגבניות קוקוס וצילי 250 מל,מיליליטרים,250.00,"100 מ""ל",false,6,14.90,5.9600,true,1,61425
5000157146397,false,רוטב היינץ בלסמי ורו,היינץ פודס,GB,רוטב היינץ בלסמי ורוזמרין 250 מל,מיליליטרים,250.00,"100 מ""ל",false,6,14.90,5.9600,true,1,61421
5000159020312,false,חטיף מלטיזרס 37 גרם,מרס,,חטיף מלטיזרס 37 גרם,Unknown,0.00,Unknown,false,1,5.00,0.0000,true,1,2049
5000159344074,false,מאגדת שלגון סניקרס 6,,,מאגדת שלגון סניקרס 6יח,יחידה,6.00,יחידה,false,12,32.90,5.4833,true,1,40106
5000159376655,false,סוכריות סקיטלס פירות,,,סוכריות סקיטלס פירות 38 גר,Unknown,0.00,Unknown,false,1,3.00,0.0000,true,1,46988
5000159397292,false,מאגדת גלידה מארס 6יח,,,מאגדת גלידה מארס 6יח,יחידה,6.00,יחידה,false,12,32.90,5.4833,true,1,40103
5000159407236,false,חטיף מרס שוקולד 51 ג,מרס,,חטיף מרס שוקולד 51 גרם,Unknown,0.00,Unknown,false,1,3.90,0.0000,true,1,7821
5000159409179,false,חטיפי מיני סניקרס403,מרס,,חטיפי מיני סניקרס 408 ג בשקית,גרמים,403.00,100 גרם,false,1,19.90,4.9380,true,1,16187
5000159414197,false,סוכריות מאלטיזרס 135,,,סוכריות מאלטיזרס 135 גרם,גרמים,135.00,100 גרם,false,,11.90,8.8148,true,1,59394
5000159422345,false,מאגדת שלגוני סניקרס,,,מאגדת שלגוני סניקרס 18יח,יחידה,18.00,יחידה,false,1,59.90,3.3278,true,1,59657
5000159442572,false,חטיפי מיני טויקס 403,מרס,,חטיפי מיני טויקס 408 ג בשקית,גרמים,403.00,100 גרם,false,1,19.90,4.9380,true,1,16188
5000159452540,false,מארז 5 יח חטיף סניקר,מארס,NL,מארז 5 יח חטיף סניקרס 50 גרם,גרמים,250.00,100 גרם,false,17,10.90,4.3600,true,1,52295
5000159452663,false,מארז 5 יח חטיף מרס 4,מארס,NL,מארז 5 יח חטיף מרס 45 גגם,גרמים,225.00,100 גרם,false,17,10.90,4.8444,true,1,52298
5000159452977,false,חטיפי מיני מיקס 400,מרס,,חטיפי מיני מיקס 408 ג בשקית,גרמים,400.00,100 גרם,false,1,19.90,4.9750,true,1,16189
5000159461122,false,חטיף סניקרס 50 ג,מרס,,חטיף סניקרס 50 ג,Unknown,0.00,Unknown,false,1,3.90,0.0000,true,1,14096
5000159483063,false,מאגדת שלגון באונטי 6,,,מאגדת שלגון באונטי 6יח,יחידה,6.00,יחידה,false,12,32.90,5.4833,true,1,40107
5000159484695,false,מאגדת שלגון טוויקס 6,,,מאגדת שלגון טוויקס 6יח,יחידה,6.00,יחידה,false,12,32.90,5.4833,true,1,40108
5000159500692,false,בונבוניירה סלבריישן,מרס,NL,בונבוניירה סלבריישן בקבוק 312 גרם,גרמים,312.00,100 גרם,false,12,32.90,10.5449,true,1,53080
5000159500845,false,בונבוניירה סלבריישן,מיילי,,בונבוניירה סלבריישן 196 גרם,גרמים,196.00,100 גרם,false,1,20.90,10.6633,true,1,31386
5000159515443,false,מאגדת שלגון סניקרס 4,,FR,מאגדת שלגון סניקרס 4יח,יחידה,4.00,יחידה,false,8,41.90,10.4750,true,1,60611
5000159516563,false,פנס אם אנד אמס,,,פנס אם אנד אמס,Unknown,0.00,Unknown,false,1,10.00,0.0000,true,1,50465
5000159526081,false,מאגדת גלידה סניקרס ק,,,מאגדת גלידה סניקרס קריספי 6 יח,יחידה,6.00,יחידה,false,1,34.90,5.8167,true,1,56408
5000159530613,false,מאגדת שלגוני מארס 18,,,מאגדת שלגוני מארס 18יח,יחידה,18.00,יחידה,false,1,59.90,3.3278,true,1,59656
5000159538626,false,מארז 5 יח חטיף טוויק,מארס,NL,מארז 5 יח חטיף טוויקס 50 גרם,גרמים,250.00,100 גרם,false,17,10.90,4.3600,true,1,52296
5000159538640,false,מארז 5 יח חטיף באונט,מארס,NL,מארז 5 יח חטיף באונטי 57 גרם,גרמים,285.00,100 גרם,false,17,10.90,3.8246,true,1,52297
5000168199245,false,שוקולד גודאיבה פיור,,,שוקולד גודאיבה פיור חלב קרמל מלוח 90גר,Unknown,0.00,Unknown,false,18,14.90,0.0000,true,1,39743
5000204048711,false,קיווי להגנת נעלי ספו,SC Jonson,,קיווי להגנת נעלי ספורט 200מל,מיליליטרים,200.00,"100 מ""ל",false,6,16.90,8.4500,true,1,56594
5000204048742,false,קיווי לבישום נעלי ספ,SC Jonson,,קיווי לבישום נעלי ספורט 100מל,מיליליטרים,100.00,"100 מ""ל",false,6,16.90,16.9000,true,1,56593
5000204048803,false,קיווי לניקוי נעלי ספ,SC Jonson,PL,קיווי לניקוי נעלי ספורט 75מל,מיליליטרים,100.00,"100 מ""ל",false,6,16.90,16.9000,true,1,56595
5000204114928,false,מ.אוויר גלייד ספריי,coster aerosol vail,,מ.אוויר גלייד ספריי 300מל בניחוח דובדבן,מיליליטרים,300.00,"100 מ""ל",false,1,8.90,2.9667,true,1,43972
5000204114959,false,מ.אוויר גלייד ספריי,coster aerosol vail,,מ.אוויר גלייד ספריי 300מל בניחוח פריחה,מיליליטרים,300.00,"100 מ""ל",false,1,8.90,2.9667,true,1,43977
5000204115048,false,מ.אוויר גלייד ספריי,coster aerosol vail,,מ.אוויר גלייד ספריי 300מל בניחוח לבנדר,מיליליטרים,300.00,"100 מ""ל",false,1,8.90,2.9667,true,1,43974
5000204151381,false,ספריי פלדג לניקוי כל,SC Jonson,,ספריי פלדג לניקוי כללי אמבר וארגן 250מל,מיליליטרים,250.00,"100 מ""ל",false,1,15.90,6.3600,true,1,46467
5000204153729,false,מילוי מ. אויר גלייד,coster aerosol vail,,מילוי מ. אויר גלייד אוטומטי לבנדר וניל,מיליליטרים,269.00,"100 מ""ל",false,1,15.90,5.9108,true,1,47846
5000204153842,false,מילוי מ. אויר גלייד,coster aerosol vail,,מילוי מ. אויר גלייד אוטומטי וניל 269 מל,מיליליטרים,269.00,"100 מ""ל",false,1,15.90,5.9108,true,1,47848
5000204153903,false,מילוי מ. אויר גלייד,coster aerosol vail,,מילוי מ. אויר גלייד אוטומטי מרכך כביסה,מיליליטרים,269.00,"100 מ""ל",false,1,15.90,5.9108,true,1,47847
5000204154252,false,מילוי מ. אויר גלייד,coster aerosol vail,,מילוי מ. אויר גלייד אוטומטי פירות יער269,מיליליטרים,269.00,"100 מ""ל",false,1,15.90,5.9108,true,1,47849
5000204154283,false,מילוי מ. אויר גלייד,coster aerosol vail,,מילוי מ. אויר גלייד אוטומטי בוקר רענן269,מיליליטרים,269.00,"100 מ""ל",false,1,15.90,5.9108,true,1,47850
5000204155815,false,מ.אויר גלייד אוטומטי,,,מ.אויר גלייד אוטומטי מילוי ריח וניל,גרמים,400.00,100 גרם,false,1,39.90,9.9750,true,1,47845
5000204156218,false,מ.אויר גלייד אוטומטי,,,מ.אויר גלייד אוטומטי ומילוי לבנדר וניל,גרמים,400.00,100 גרם,false,1,39.90,9.9750,true,1,47843
5000204167610,false,מ.אוויר גלייד ספריי,coster aerosol vail,,מ.אוויר גלייד ספריי 300מל בניחוח קינמון,מיליליטרים,300.00,"100 מ""ל",false,1,8.90,2.9667,true,1,56596
5000204197051,false,מכשיר רייד +מילוי נו,SC Jonson,,מכשיר רייד +מילוי נוזל 45 לילות,יחידה,1.00,יחידה,false,1,34.90,34.9000,true,1,52342
5000204227130,false,מקלות בישום גלייד בנ,,,מקלות בישום גלייד בניחוח פסגות טיבט 80מל,Unknown,0.00,Unknown,false,6,21.90,0.0000,true,1,56591
5000204227161,false,מקלות בישום גלייד בנ,,,מקלות בישום גלייד בניחוח פרדס 80מל,Unknown,0.00,Unknown,false,6,21.90,0.0000,true,1,56590
5000204227192,false,מקלות בישום גלייד בנ,,,מקלות בישום גלייד בניחוח רגע של נחת 80מל,Unknown,0.00,Unknown,false,6,21.90,0.0000,true,1,56592
5000204657883,false,מש.נעליים קיווי חום,SC Jonson,,מש.נעליים קיווי חום 50 מל בקופסא,Unknown,0.00,Unknown,false,1,6.50,0.0000,true,1,13381
5000204657913,false,מש.נעליים קיווי שחור,SC Jonson,,מש.נעליים קיווי שחור 50 מל בקופסא,Unknown,0.00,Unknown,false,1,6.50,0.0000,true,1,13380
5000204658125,false,נ.נעליים קיווי קראון,SC Jonson,,נ.נעליים קיווי קראון חום 75 מל חדש,Unknown,0.00,Unknown,false,1,14.90,0.0000,true,1,13377
5000204661392,false,מש.נעליים קיווי אקסט,SC Jonson,,מש.נעליים קיווי אקסטרא שחור 100 מל קופסא,מיליליטרים,100.00,"100 מ""ל",false,1,8.90,8.9000,true,1,13379
5000204886566,false,פלדג שמן לרהיטים תפו,SC Jonson,,"פלדג שמן לרהיטים תפוז 473 מ""ל",מיליליטרים,473.00,"100 מ""ל",false,1,28.90,6.1099,true,1,2911
5000213000359,false,בירה גינס בק 330 מל,,,בירה גינס בק 330 מל פקדון,מיליליטרים,330.00,"100 מ""ל",false,1,14.90,4.5152,true,1,18960
5000213014905,false,בירה גינס בפחית 440,קרלסברג ישראל,,בירה גינס בפחית 440 מל,מיליליטרים,500.00,"100 מ""ל",false,1,14.90,2.9800,true,1,13873
5000267014234,false,ויסקי גוני ווקר אדום,,,ויסקי גוני ווקר אדום 700 מל פקדון קרטון,מיליליטרים,700.00,"100 מ""ל",false,1,74.90,10.7000,true,1,47973
5000267024233,false,וויסקי גוני ווקר שחו,,,וויסקי גוני ווקר שחור 700 מל באריזה,מיליליטרים,700.00,"100 מ""ל",false,1,109.90,15.7000,true,1,8706
5000281040899,false,רום קפטן מורגן לבן 7,,,רום קפטן מורגן לבן 700 מל,מיליליטרים,700.00,"100 מ""ל",false,6,105.00,15.0000,true,1,49419
5000289925440,false,גין גורדון 700 מל,justrini & brooks,,גין גורדון 700 מל,מיליליטרים,700.00,"100 מ""ל",false,6,84.90,12.1286,true,1,47981
5000299223031,false,רום קפטן מורגן ספייס,captain morgan,,רום קפטן מורגן ספייסד 750 מל,מיליליטרים,75000.00,"100 מ""ל",false,1,89.00,0.1187,true,1,12396
5000328601380,false,סלסה דוריטוס דיפ חרי,,,סלסה דוריטוס דיפ חריפה 300 גרם,גרמים,300.00,100 גרם,false,6,16.90,5.6333,true,1,52104
5000328697796,false,סלסה דוריטוס דיפ מעו,,,סלסה דוריטוס דיפ מעודנת 300 גרם,גרמים,300.00,100 גרם,false,6,16.90,5.6333,true,1,52105
5000394019171,false,סוללת דורסל די פלוס,פרוקטר אנד גמבל,,סוללת דורסל די פלוס פאוור,יחידה,1.00,יחידה,false,1,24.90,24.9000,true,1,25164
5000394105485,false,סוללת דורסל וי 9 פלו,פרוקטר אנד גמבל,,סוללת דורסל וי 9 פלוס פאוור,יחידה,1.00,יחידה,false,1,24.90,24.9000,true,1,25165
5000394137486,false,סוללות דורסל 4יח אופ,פרוקטר אנד גמבל,BE,סוללות דורסל 4יח אופטימום 2021AA,יחידה,4.00,יחידה,false,16,18.90,4.7250,true,1,56109
5000394137516,false,סוללות דורסל 4יח אופ,פרוקטר אנד גמבל,BE,סוללות דורסל 4יח אופטימום 2021AAA,יחידה,4.00,יחידה,false,8,18.90,4.7250,true,1,56110
5000394140851,false,סוללות דורסל 4יח פלו,פרוקטר אנד גמבל,BE,סוללות דורסל 4יח פלוס פאוור AA,יחידה,4.00,יחידה,false,24,9.90,2.4750,true,1,56105
5000394141117,false,סוללות דורסל 4יח פלו,פרוקטר אנד גמבל,BE,סוללות דורסל 4יח פלוס פאוור AAA,יחידה,4.00,יחידה,false,24,9.90,2.4750,true,1,56106
5000394141827,false,סוללת דורסל סי פלוס,פרוקטר אנד גמבל,,סוללת דורסל סי פלוס פאוור,יחידה,1.00,יחידה,false,1,24.90,24.9000,true,1,60280
5000394141988,false,סוללת דורסל די פלוס,פרוקטר אנד גמבל,,סוללת דורסל די פלוס פאוור,יחידה,1.00,יחידה,false,1,24.90,24.9000,true,1,60281
5000394142190,false,סוללת דורסל וי 9 פלו,פרוקטר אנד גמבל,,סוללת דורסל וי 9 פלוס פאוור,יחידה,1.00,יחידה,false,1,24.90,24.9000,true,1,60282
5000396037531,false,ביסקויט מקוויטס מצופ,MACVUTES,GB,ביסקויט מקוויטס מצופה חלב 250 גרם,גרמים,200.00,100 גרם,false,10,11.90,5.9500,true,1,32433
5000396037548,false,ביסקויט מקוויטס מצופ,MACVUTES,GB,ביסקויט מקוויטס מצופה מריר 200 גרם,גרמים,200.00,100 גרם,false,10,11.90,5.9500,true,1,32434
5000396037944,false,ביסקויט מקוויטס קלאס,MACVUTES,GB,ביסקויט מקוויטס קלאסי חיטה מלאה 250 גרם,גרמים,250.00,100 גרם,false,10,10.90,4.3600,true,1,32431
5010026515919,false,מוזלי מורנפליק קריספ,מורנינג פוד,GB,מוזלי מורנפליק קריספי אגוזים 650 גרם,גרמים,650.00,100 גרם,false,1,24.90,3.8308,true,1,58640
5010026515933,false,מוזלי מורנפליק קריספ,מורנינג פוד,GB,מוזלי מורנפליק קריספי פירות יבשים750 גרם,גרמים,750.00,100 גרם,false,1,24.90,3.3200,true,1,58641
5010026515940,false,מוזלי מורנפליק קריספ,מורנינג פוד,GB,מוזלי מורנפליק קריספי פירות 650 גרם,גרמים,650.00,100 גרם,false,1,24.90,3.8308,true,1,58639
5010029000252,false,דגנים וויטביקס מקורי,וויטביקס,,דגנים וויטביקס מקורי 430 גרם,גרמים,430.00,100 גרם,false,14,23.90,5.5581,true,1,32572
5010029219241,false,דגני וויטביקס קריספי,וויטביקס,,דגני וויטביקס קריספי שוקו ציפס 450 גרם,גרמים,450.00,100 גרם,false,1,23.90,5.3111,true,1,35691
5010029221084,false,דגני וויטביקס פרוטאי,וויטביקס,,דגני וויטביקס פרוטאין קראנץ 450 גרם,גרמים,450.00,100 גרם,false,1,25.90,5.7556,true,1,35692
5010029221091,false,דגני וויטביקס פרוטאי,וויטביקס,,דגני וויטביקס פרוטאין קראנץ שוקו 450 גרם,גרמים,450.00,100 גרם,false,8,25.90,5.7556,true,1,35694
5010029221701,false,דגני וויטביקס פרוטאי,וויטביקס,GB,דגני וויטביקס פרוטאין 440 גרם,גרמים,440.00,100 גרם,false,1,25.90,5.8864,true,1,35690
5010029222005,false,דגני וויטביקס פרוטאי,וויטביקס,,דגני וויטביקס פרוטאין 440 גרם,גרמים,440.00,100 גרם,false,1,25.90,5.8864,true,1,54850
5010038454831,false,בירה בלו מון 330 מל,,,בירה בלו מון 330 מל 5.4% פקדון,מיליליטרים,330.00,"100 מ""ל",false,1,11.90,3.6061,true,1,43651
5010067322453,false,טרוביה תחליף אבקת סו,,US,טרוביה תחליף אבקת סוכר 280 גר,גרמים,280.00,100 גרם,false,6,34.90,12.4643,true,1,61905
5010103800259,false,וויסקי גי.אנד.בי 700,justrini & brooks,,וויסקי גי.אנד.בי 700 מל פיקדון,מיליליטרים,70000.00,"100 מ""ל",false,1,79.90,0.1141,true,1,3237
5010134911665,false,יין בנרוק סטיישן קבר,,GB,יין בנרוק סטיישן קברנה סובוניון 750 מל,מיליליטרים,750.00,"100 מ""ל",false,6,40.00,5.3333,true,1,44865
5010134916677,false,יין קומאלה שיראז 750,,,יין קומאלה שיראז 750 מל,מיליליטרים,750.00,"100 מ""ל",false,1,45.00,6.0000,true,1,38983
5010134916714,false,יין קומאלה שנין בלאן,קומאלה,ZA,יין קומאלה שנין בלאן 750 מל פיקדו,מיליליטרים,750.00,"100 מ""ל",false,1,45.00,6.0000,true,1,40521
5010182996799,false,גל אסלה דאק בניחוח פ,DEOFLOR,,גל אסלה דאק בניחוח פרחי בר/ליים 55 מל,Unknown,0.00,Unknown,false,1,9.90,0.0000,true,1,3364
5010182997253,false,רייד פי 3 קוטל זוחלי,SC Jonson,,"רייד פי 3 קוטל זוחלים תיקנים 300 מ""ל",מיליליטרים,300.00,"100 מ""ל",false,1,15.90,5.3000,true,1,2127
5010182997338,false,ט.דאק גל אסלה רענן י,DEOFLOR,,ט.דאק גל אסלה רענן ירוק 55 מל,Unknown,0.00,Unknown,false,1,9.90,0.0000,true,1,1846
5010182997680,false,רייד מקס ארוסול קוטל,SC Jonson,,"רייד מקס ארוסול קוטל זוחלים-אדום 300 מ""ל",מיליליטרים,300.00,"100 מ""ל",false,1,15.90,5.3000,true,1,1848
5010182997918,false,טואלט דאק גל אסלה  י,DEOFLOR,,טואלט דאק גל אסלה  ים כחול 55 מל,Unknown,0.00,Unknown,false,1,9.90,0.0000,true,1,1849
5010182998847,false,טוא.דאק נוזל כחול  7,SC Jonson,,טוא.דאק נוזל כחול  750 מל,מיליליטרים,750.00,"100 מ""ל",false,1,10.90,1.4533,true,1,1850
5010182998861,false,טואלט דאק נוזל ירוק,SC Jonson,,טואלט דאק נוזל ירוק 750 מל,מיליליטרים,750.00,"100 מ""ל",false,1,10.90,1.4533,true,1,1851
5010186019326,false,יין בנרוק סטיישן שרד,,GB,יין בנרוק סטיישן שרדונה 750 מל,מיליליטרים,750.00,"100 מ""ל",false,6,40.00,5.3333,true,1,44864
5010327000046,false,וויסקי גרנטס 700 מל,גרנט'ס (William Gran,,וויסקי גרנטס 700 מל פקדון,מיליליטרים,700.00,"100 מ""ל",false,1,74.90,10.7000,true,1,2569
5010327000176,false,וויסקי גלנפידיך מולט,גרנט'ס (William Gran,,וויסקי גלנפידיך מולט 12 שנה 700 מל פיקד,מיליליטרים,750.00,"100 מ""ל",false,1,180.00,24.0000,true,1,7978
5010346000010,false,חלב מאודה נסטלה קרני,,GB,חלב מאודה נסטלה קרניישן 410גר,מיליליטרים,410.00,"100 מ""ל",false,12,19.90,4.8537,true,1,43091
5010391100703,false,ליקר דרמבוי 750 מל,גרנט'ס (William Gran,,ליקר דרמבוי 750 מל פיקדון,מיליליטרים,750.00,"100 מ""ל",false,1,135.00,18.0000,true,1,19535
5010622005012,false,חוט דנטלי אורל בי לל,פרוקטר אנד גמבל,,חוט דנטלי אורל בי ללא שעווה 50 מטר,יחידה,1.00,יחידה,false,1,16.90,16.9000,true,1,7027
5010677551281,false,משקה בקרדי בריזר לימ,,,משקה בקרדי בריזר לימון 275מל פיקדון,מיליליטרים,275.00,"100 מ""ל",false,1,11.90,4.3273,true,1,2345
5010677551397,false,משקה בקרדי בריזר לימ,,,משקה בקרדי בריזר לימון ליים 275מל פיקדון,מיליליטרים,275.00,"100 מ""ל",false,1,11.90,4.3273,true,1,2343
5010677552387,false,משקה בקרדי בריזר אננ,,,משקה בקרדי בריזר אננס 275מל פיקדון,מיליליטרים,275.00,"100 מ""ל",false,1,11.90,4.3273,true,1,2346
5010677554398,false,משקה בקרדי בריזר אבט,,,משקה בקרדי בריזר אבטיח 275מל פיקדון,מיליליטרים,275.00,"100 מ""ל",false,1,11.90,4.3273,true,1,2344
5010677714006,false,משקה גין בומביי ספיי,,,משקה גין בומביי ספייר 700 מל פיקדון,מיליליטרים,700.00,"100 מ""ל",false,4,120.00,17.1429,true,1,35612
5010677850100,false,וודקה גריי גוס 700 מ,בקרדי מרטיני,,וודקה גריי גוס 700 מל,מיליליטרים,700.00,"100 מ""ל",false,6,119.00,17.0000,true,1,41004
5010724526798,false,שמפו בטיסט לשיער יבש,צארץ אנד דיוויט,,שמפו בטיסט לשיער יבש בניחוח דובדבן 200מל,מיליליטרים,200.00,"100 מ""ל",false,1,29.90,14.9500,true,1,25390
5010867101982,false,יין אדום אוטימה טאונ,פורטוגל- סימינגטון,,יין אדום אוטימה טאוני פורט 750 מל פקדון,מיליליטרים,750.00,"100 מ""ל",false,1,100.00,13.3333,true,1,11432
5010867400054,false,יין פורט גראהם לבן 7,גראהם,,יין פורט גראהם לבן 750 מל,מיליליטרים,750.00,"100 מ""ל",false,1,70.00,9.3333,true,1,22281
5011013100132,false,ליקר אייריש קרים ביי,r&a baileys,,ליקר אייריש קרים בייליס 750 מל פקדון,מיליליטרים,750.00,"100 מ""ל",false,1,85.00,11.3333,true,1,3370
5011013934546,false,ליקר אייריש קרים ביי,r&a baileys,,ליקר אייריש קרים בייליס קרמל מלוח 700מל,מיליליטרים,750.00,"100 מ""ל",false,1,85.00,11.3333,true,1,57617
5011013935178,false,ליקר אייריש קרים ביי,r&a baileys,,ליקר אייריש קרים בייליס פאי תפוחים 700מל,מיליליטרים,750.00,"100 מ""ל",false,1,85.00,11.3333,true,1,57616
5011157630281,false,אורז בסמטי טילדה 1 ק,TILDA,GB,אורז בסמטי טילדה 1 קג,קילוגרמים,1.00,"ק""ג",false,8,24.90,24.9000,true,1,3699
5011157671222,false,אורז בסמטי טילדה מלא,TILDA,GB,אורז בסמטי טילדה מלא 1 קג,קילוגרמים,1.00,"ק""ג",false,8,24.90,24.9000,true,1,53087
5011166055358,false,בירה קראביס גינגר 33,,,בירה קראביס גינגר 330 מל פקדון,מיליליטרים,330.00,"100 מ""ל",false,1,12.90,3.9091,true,1,27447
5011417547885,false,מקל ריחניים אירוויק,,,מקל ריחניים אירוויק ניחוח כביסה באויר,יחידה,1.00,יחידה,false,1,14.90,14.9000,true,1,8043
5011417552247,false,מטהר אוויר אירוויק נ,RB פולין,,מטהר אוויר אירוויק נטול גז לילך 345 מל,מיליליטרים,345.00,"100 מ""ל",false,1,14.90,4.3188,true,1,9728
5011428100048,false,מלח ים מלדון 250 גר,MALDON CRYSTAL SALT,,מלח ים מלדון 250 גר,גרמים,250.00,100 גרם,false,1,21.90,8.7600,true,1,7024
5013387204737,false,פרואט עוגיות ללא גלו,,,פרואט עוגיות ללא גלוטן קרם טעם פטל 160גר,גרמים,160.00,100 גרם,false,7,18.90,11.8125,true,1,45151
5013387205789,false,פרואט עוגיות ללג ש.ש,,,פרואט עוגיות ללג ש.שועל צימוקים  150גר,גרמים,150.00,100 גרם,false,6,18.90,12.6000,true,1,45152
5013387205826,false,חטיף שוקולד ללא גלוט,,,חטיף שוקולד ללא גלוטן  פרואט 100 גר,גרמים,100.00,100 גרם,false,1,14.90,14.9000,true,1,45149
5013387206403,false,פרואט ביסקוויט  דיגס,,,פרואט ביסקוויט  דיגסטיב ללא גלוטן 160 גר,גרמים,160.00,100 גרם,false,7,18.90,11.8125,true,1,45150
5013965948428,false,משחת שיניים אורל בי,פרוקטר אנד גמבל,,משחת שיניים אורל בי מנטה מעודן 75מל,Unknown,0.00,Unknown,false,1,12.90,0.0000,true,1,42335
5014271002675,false,מעדן סנדלפור תפוח קי,,,מעדן סנדלפור תפוח קינמון 284 גרם,גרמים,284.00,100 גרם,false,1,20.90,7.3592,true,1,40321
5014271300429,false,מעדן סנדלפור משמש284,סאנטדלפור,,מעדן משמש 284 ג סנדלפור,גרמים,284.00,100 גרם,false,1,20.90,7.3592,true,1,1853
5014271310428,false,מעדן סנדלפור דובדבן,סאנטדלפור,,מעדן דובדבנים שחורים 284 ג סנדלפור,גרמים,284.00,100 גרם,false,1,20.90,7.3592,true,1,1854
5014271330426,false,מעדן סנדלפור אוכמניו,סאנטדלפור,,מעדן אוכמניות כחולות 284 ג סנדלפור,גרמים,284.00,100 גרם,false,1,20.90,7.3592,true,1,1855
5014271350424,false,מעדן סנדלפור ארבע פי,סאנטדלפור,,מעדן ארבע פירות 284 ג סנדלפור,גרמים,284.00,100 גרם,false,1,20.90,7.3592,true,1,1856
5014271360423,false,מעדן סנדלפור תפוז284,סאנטדלפור,,מעדן תפוז 284 ג סנדלפור,גרמים,284.00,100 גרם,false,1,20.90,7.3592,true,1,1857
5014271370422,false,מעדן סנדלפור אפרסק 2,סאנטדלפור,,מעדן אפרסק 284 ג סנדלפור,גרמים,284.00,100 גרם,false,1,20.90,7.3592,true,1,1858
5014271400426,false,מעדן סנדלפור תות שדה,סאנטדלפור,,מעדן תות שדה 284 ג סנדלפור,גרמים,284.00,100 גרם,false,1,20.90,7.3592,true,1,1861
5014271560427,false,מעדן סנדלפור תפוז גי,סאנטדלפור,,מעדן תפוז גיינגר 284 ג סנדלפור,גרמים,284.00,100 גרם,false,1,20.90,7.3592,true,1,1862
5014271795980,false,מעדן סנדלפור חמוציות,סאנטדלפור,,מעדן חמוציות ואוכמניות 284 ג סנדלפור,גרמים,284.00,100 גרם,false,1,20.90,7.3592,true,1,4569
5014379009972,false,בירה באדוויזר 500מל,,US,בירה באדוויזר 500מל פחית,מיליליטרים,500.00,"100 מ""ל",false,24,8.90,1.7800,true,1,42962
5017818800116,false,משקה דר פפר 330 מל פ,International Bevera,,משקה דר פפר 330 מל פחית,מיליליטרים,330.00,"100 מ""ל",false,1,6.50,1.9697,true,1,18737
5018357006731,false,תערובת מוזלי רילי נט,דורסט סיריאלס,,תערובת דגנים רילי נטי בקרטון 560 גר,גרמים,560.00,100 גרם,false,1,28.00,5.0000,true,1,7130
5018357006816,false,תערובת מוזלי סימפלי,דורסט סיריאלס,,תערובת דגנים דלישס 620 גר,גרמים,620.00,100 גרם,false,1,23.90,3.8548,true,1,6958
5020628000126,false,סיידר תאצרס הייז 500,,,סיידר תאצרס הייז 500מל פקדון,מיליליטרים,500.00,"100 מ""ל",false,24,11.90,2.3800,true,1,37851
5020628001475,false,סיידר תאצרס רוזה 500,בווריה,,סיידר תאצרס רוזה 500מל בק. פקדון,מיליליטרים,500.00,"100 מ""ל",false,24,11.90,2.3800,true,1,46868
5021692000241,false,גין היימנס לונדון דר,היימנס ג'ין,,גין היימנס לונדון דריי 700 מל,מיליליטרים,700.00,"100 מ""ל",false,1,90.00,12.8571,true,1,39292
5026489483955,false,חטיף חומוס סיסולט 45,cofresh snack foods,GB,חטיף חומוס סיסולט 45 גרם,Unknown,0.00,Unknown,false,12,8.90,0.0000,true,1,37582
5026489483993,false,חטיף עדשים סיסולט 40,cofresh snack foods,GB,חטיף עדשים סיסולט 40 גרם,Unknown,0.00,Unknown,false,12,8.90,0.0000,true,1,37590
5026489484006,false,חטיף עדשים טומטו 40,cofresh snack foods,GB,חטיף עדשים טומטו 40 גרם,Unknown,0.00,Unknown,false,12,8.90,0.0000,true,1,37589
5026489484785,false,חטיף קינואה שמנת ועי,cofresh snack foods,GB,חטיף קינואה שמנת ועירית 30 גרם,Unknown,0.00,Unknown,false,12,8.90,0.0000,true,1,52405
5029053002408,false,נייר טואלט קלינקס לב,חוגלה קימברלי,,נייר טואלט קלינקס לבן 1/9,יחידה,9.00,יחידה,false,1,35.90,3.9889,true,1,1870
5029053002439,false,נייר טואלט קלינקס צה,חוגלה קימברלי,,נייר טואלט קלינקס צהוב 1/9,יחידה,9.00,יחידה,false,1,35.90,3.9889,true,1,1871
5029053032658,false,ממחטות קלינקס אורגינ,KC Italy,IT,ממחטות קלינקס אורגינל 8 יח,יחידה,8.00,יחידה,false,1,9.90,1.2375,true,1,28303
5029053039725,false,ממחטות קלינקס נטורל,KC Italy,,ממחטות קלינקס נטורל פרש 72יח קופסא,יחידה,72.00,יחידה,false,1,11.90,0.1653,true,1,56449
5029053510811,false,תחבושות קוטקס נורמל,KC Turkey,,תחבושות קוטקס נורמל 28 יח,יחידה,28.00,יחידה,false,1,19.90,0.7107,true,1,3521
5029053510828,false,תחבושות קוטקס סופר 2,KC Turkey,,תחבושות קוטקס סופר 24 יח,יחידה,24.00,יחידה,false,1,19.90,0.8292,true,1,3522
5029053523446,false,תחבושות קוטקס לילה 2,KC Turkey,,תחבושות קוטקס לילה 20 יח,יחידה,20.00,יחידה,false,1,19.90,0.9950,true,1,3523
5029053527598,false,חיתולי האגיס דריי ני,KC צ'כיה,,חיתולי האגיס דריי נייטס 15-8 בנים,Unknown,0.00,Unknown,false,1,29.90,0.0000,true,1,5351
5029053531267,false,חיתולי פול אפס בנים,KC צ'כיה,,חיתולי פול אפס בנים יום מידה מדיום,Unknown,0.00,Unknown,false,1,29.90,0.0000,true,1,7598
5029053535227,false,טמפון קוטקס נורמל+מו,KC Czech,,טמפון קוטקס נורמל+מוליך 16 יח,יחידה,16.00,יחידה,false,1,25.90,1.6187,true,1,10530
5029053538426,false,חיתול האגיס ליטל סוו,KC צ'כיה,,חיתול האגיס ליטל סווימרס לארג,Unknown,0.00,Unknown,false,1,29.90,0.0000,true,1,16755
5029053578309,false,ממחטות קלינקס אולטרא,KC Italy,,ממחטות קלינקס אולטרא סופט 48יח קוביה,יחידה,48.00,יחידה,false,1,9.90,0.2063,true,1,56450
5029054220085,false,מארז 4יח מגבוני האגי,האגיס,,מארז 4יח מגבוני האגיס רך נולד 56יח,יחידה,224.00,יחידה,false,1,28.90,0.1290,true,1,38387
5035766044673,false,משקה סיידר סטרונגבאו,,,משקה סיידר סטרונגבאו תפוחים 330 מל פקדון,מיליליטרים,330.00,"100 מ""ל",false,1,8.90,2.6970,true,1,17250
5053827193368,false,דגני קלוגס ברן פלקס,,,דגני קלוגס ברן פלקס 500 ג,גרמים,500.00,100 גרם,false,1,22.90,4.5800,true,1,39305
5053827213998,false,דגני קלוגס ספשייל קי,,,דגני קלוגס ספשייל קיי 375 גרם,גרמים,375.00,100 גרם,false,1,22.90,6.1067,true,1,61629
5056025440494,false,בירה ברודוג פאנק איי,סקוטלנד,,בירה ברודוג פאנק איי פי איי 330מל בק.פקד,מיליליטרים,330.00,"100 מ""ל",false,1,16.90,5.1212,true,1,49710
5059001003713,false,מקלות אירוויק ריחניי,,,מקלות אירוויק ריחניים תאנה ופירות יער,יחידה,1.00,יחידה,false,1,14.90,14.9000,true,1,61707
5060123607758,false,תה לונדון תפוח קינמו,טייפו,,תה לונדון תפוח קינמון אורגני 20 יח,יחידה,20.00,יחידה,false,1,15.20,0.7600,true,1,6629
5060123607765,false,תה לונדון לימון ליים,טייפו,,תה לונדון לימון ליים 20 יח אורגני,יחידה,20.00,יחידה,false,1,15.20,0.7600,true,1,6627
5060123607772,false,תה לונדון מנטה אורגנ,טייפו,,תה לונדון מנטה אורגני 20 יח,יחידה,20.00,יחידה,false,1,15.20,0.7600,true,1,7188
5060123607789,false,תה לונדון אפרסק 20 י,טייפו,,תה לונדון אפרסק 20 יח,יחידה,20.00,יחידה,false,1,15.20,0.7600,true,1,7190
5060123607796,false,תה לונדון תות וניל 2,טייפו,,תה לונדון תות וניל 20 יח,יחידה,20.00,יחידה,false,1,15.20,0.7600,true,1,7064
5060123607802,false,תה לונדון גינגר ולימ,טייפו,,תה לונדון גינגר ולימון 20 יח,יחידה,20.00,יחידה,false,1,15.20,0.7600,true,1,7063
5060123607819,false,תה לונדון תפוז 20 יח,טייפו,,תה לונדון תפוז 20 יח,יחידה,20.00,יחידה,false,1,15.20,0.7600,true,1,6630
5060123607833,false,תה לונדון קמומיל אור,טייפו,,תה לונדון קמומיל אורגני 20 יח,יחידה,20.00,יחידה,false,1,15.20,0.7600,true,1,6631
5060123607888,false,תה לונדון ענבי שועל,טייפו,,תה לונדון ענבי שועל 20 יח,יחידה,20.00,יחידה,false,1,15.20,0.7600,true,1,7062
5060123608014,false,תה לונדון דומדומיות,טייפו,,תה לונדון דומדומיות כחולות אורגני 20 יח,יחידה,20.00,יחידה,false,1,15.20,0.7600,true,1,6628
5060123608113,false,תה לונדון פטל 20 יח,טייפו,,תה לונדון פטל 20 יח,יחידה,20.00,יחידה,false,1,15.20,0.7600,true,1,51833
5060154914160,false,בירה ברודוג וגבונד פ,ברודוג פי אל סי,,בירה ברודוג וגבונד פייל אייל 330מל בק.פק,מיליליטרים,330.00,"100 מ""ל",false,1,16.90,5.1212,true,1,20770
5060169981034,true,קפה נמס ביניס טו גו,ביניס דה פלייוור קו,GB,קפה נמס ביניס טו גו אגוז שובב 16 יח,יחידה,16.00,יחידה,false,12,24.90,1.5562,true,1,49834
5060169981065,true,קפה נמס ביניס טו גו,ביניס דה פלייוור קו,GB,קפה נמס ביניס טו גו דאבל שוקולד 16 יח,יחידה,16.00,יחידה,false,12,24.90,1.5562,true,1,49832
5060250343741,false,מארז 6 יח חטיף הרשיז,הרשיז,US,מארז 6 יח חטיף הרשיז ראונד קוקיס 96 גר,Unknown,0.00,Unknown,false,12,10.90,0.0000,true,1,58551
5060250343765,false,מארז 6 יח חטיף ריסז,הרשיז,US,מארז 6 יח חטיף ריסז ראונדס בוטנים 96 גר,Unknown,0.00,Unknown,false,12,10.90,0.0000,true,1,58550
5060255492154,false,אברקךין  חול תורכיז,,NL,אברקךין תורכיז ללא בושם 6 לי,ליטרים,6.00,ליטר,false,1,59.90,9.9833,true,1,60248
5060305460430,false,חטיף ציפס סקראביס חו,בי אנד ג'י,,חטיף ציפס סקראביס חומוס צילי ליי 125 גרם,גרמים,125.00,100 גרם,false,1,15.90,12.7200,true,1,35226
5060323903933,false,שעועית צילי 400 גרם,,IT,שעועית צילי 400 גרם הילפילד,גרמים,400.00,100 גרם,false,24,8.90,2.2250,true,1,43067
5060402904752,false,עוגיות שוקוציפס בואנ,,GB,עוגיות שוקוציפס בואנטי 180 גרם,גרמים,180.00,100 גרם,false,8,12.90,7.1667,true,1,36750
5060465390004,false,בירה סקיני לאגר 330מ,סקיני בראנדס,GB,בירה סקיני לאגר 330מל ל.גלוטן בק.פקדון,מיליליטרים,330.00,"100 מ""ל",false,24,8.90,2.6970,true,1,41180
5060517886486,false,משקה אנרגיה מונסטר,,,משקה אנרגיה מונסטר  אנרגי 500מל פח.פקדון,מיליליטרים,500.00,"100 מ""ל",false,1,7.60,1.5200,true,1,44668
5060517886516,false,משקה אנרגיה מונסטר,,,משקה אנרגיה מונסטר  זירו 500מל פח.פקדון,מיליליטרים,500.00,"100 מ""ל",false,1,7.60,1.5200,true,1,44669
5060639128051,false,משקה אנרגיה מונסטר א,,,משקה אנרגיה מונסטר אולטרה500מל פח.פקדון,מיליליטרים,500.00,"100 מ""ל",false,1,7.60,1.5200,true,1,47645
5060639129102,false,משקה אנרגיה מונסטר מ,,,משקה אנרגיה מונסטר מנגו 500מל פח.פקדון,מיליליטרים,500.00,"100 מ""ל",false,1,7.60,1.5200,true,1,50383
5060671000124,false,משקה למון טוניק 200מ,,GB,משקה למון טוניק 200מל בק.פקדון סנטס 3,מיליליטרים,200.00,"100 מ""ל",false,24,8.30,4.1500,true,1,53147
5060751218173,false,משקה אנרגיה מונסטר פ,,,משקה אנרגיה מונסטר פיפליי 500מל פח.פקדון,מיליליטרים,500.00,"100 מ""ל",false,1,7.60,1.5200,true,1,59337
5060751219033,false,משקה אנרגיה מונסטר א,,,משקה אנרגיה מונסטר אולטרה 500מל פח.פקדון,מיליליטרים,500.00,"100 מ""ל",false,1,7.60,1.5200,true,1,59338
5200100943749,false,עוגיות ויולנטא שבולת,,GR,עוגיות ויולנטה שבולת שועל חמאת בוטנים180,גרמים,180.00,100 גרם,false,12,11.90,6.6111,true,1,51572
5200100943787,false,עוגיות ויולנטא שבולת,,GR,עוגיות ויולנטה שבולת שועל שוקולד מריר180,גרמים,180.00,100 גרם,false,12,11.90,6.6111,true,1,51573
5200100943800,false,עוגיות ויולנטא סובין,,GR,עוגיות סובין ויולנטה שוקולד מריר 170 גר,גרמים,170.00,100 גרם,false,12,11.90,7.0000,true,1,51570
5200100943824,false,עוגיות ויולנטא סובין,,GR,עוגיות סובין ויולנטה קרם טחינה 170 גר,גרמים,170.00,100 גרם,false,12,11.90,7.0000,true,1,51571
5200133120476,false,גלילי וופל גולדן ברי,גולדן ברייק,,גלילי וופל קרם אגוזים 400 גר גולדן ברייק,גרמים,400.00,100 גרם,false,1,17.90,4.4750,true,1,36838
5200133120483,false,גלילי וופל גולדן ברי,גולדן ברייק,,גלילי וופל קרם וניל 400 גר גולדן ברייק,גרמים,400.00,100 גרם,false,1,17.90,4.4750,true,1,36837
5200133120735,false,גלילי וופל גולדן ברי,גולדן ברייק,,גלילי וופל גולדן ברייק מריר 400 גרם,גרמים,400.00,100 גרם,false,1,17.90,4.4750,true,1,50773
5200303832925,false,גלילוני וופל בולרו ק,,,גלילוני וופל בולרו קרם קפוצינו 400 גר,גרמים,400.00,100 גרם,false,1,16.90,4.2250,true,1,8909
5201003110702,false,משקה אוזו 12 700 מל,קמפרי (יורו),,משקה אוזו 12 750 מל פיקדון,מיליליטרים,700.00,"100 מ""ל",false,1,79.90,11.4143,true,1,1874
5201119008542,false,עלי גפן ממולאים באור,,GR,עלי גפן ממולאים באורז עשבי תיבול 200 גר,גרמים,200.00,100 גרם,false,12,13.90,6.9500,true,1,61461
5201178026686,false,שמן שיזוף ניוואה סאן,ביירסדורף,DE,שמן שיזוף ניוואה סאן 200מל מסנן קרינה 6,מיליליטרים,200.00,"100 מ""ל",false,12,37.90,18.9500,true,1,41429
5201178801054,false,קרם ניוואה רב שימושי,beiersdorf,,קרם ניוואה רב שימושי 250מל,מיליליטרים,250.00,"100 מ""ל",false,1,19.90,7.9600,true,1,37322
5201347160326,false,מרכך מים קלגון גל 75,RB איטליה,,מרכך מים קלגון גל 750 מל,מיליליטרים,750.00,"100 מ""ל",false,1,29.90,3.9867,true,1,32575
5201347400545,false,ויט רצועות שעווה לפנ,רקיט בנקיזר צרפת,,ויט רצועות שעווה לפנים,Unknown,0.00,Unknown,false,1,21.90,0.0000,true,1,10534
5201583041595,false,סוכריות טופי שוקולד,PALLAS,,סוכריות טופי שוקולד פאלאס 1 קג,קילוגרמים,1.00,"ק""ג",false,1,29.90,29.9000,true,1,11270
5201583042028,false,טופי פירות ללא סוכר,PALLAS,,טופי פירות ללא סוכר 175 גר פלאס,גרמים,175.00,100 גרם,false,1,11.90,6.8000,true,1,6804
5201583047092,false,סוכריות טופי פירות פ,PALLAS,,סוכריות טופי פירות פאלאס 1 קג,קילוגרמים,1.00,"ק""ג",false,1,29.90,29.9000,true,1,11263
5201583084035,false,סוכ.4 טעמים ללא סוכר,PALLAS,,סוכ.4 טעמים ללא סוכר 150 גר פלאס,גרמים,150.00,100 גרם,false,1,11.90,7.9333,true,1,12761
5201583115098,false,סוכריות גלי פירות 1,PALLAS,,סוכריות גלי פירות 1 קג פאלאס,קילוגרמים,1.00,"ק""ג",false,1,29.90,29.9000,true,1,8579
5201704064038,false,יוגורט יווני קוליאוס,,GR,יוגורט יווני קוליאוס 1 קג 10% שומן,קילוגרמים,1.00,"ק""ג",false,1,29.90,29.9000,true,1,25908
5201704064243,false,יוגורט יווני 500 גרם,,GR,יוגורט יווני 500 גרם קוליאוס 10% שומן,גרמים,500.00,100 גרם,false,1,16.90,3.3800,true,1,27197
5201940010011,false,זית טבעי שחורבפח 454,סיוראס,,זיתים שחורים טבעיים בפח 454 גר,גרמים,454.00,100 גרם,false,1,16.90,3.7225,true,1,6050
5201940010110,false,זית קלמטה שחור בפח 4,סיוראס,,זיתים שחורים קלמטה בפח 454 גר,גרמים,454.00,100 גרם,false,1,16.90,3.7225,true,1,6051
5202082002162,false,יוגורט יווני 400גר,,GR,יוגורט יווני 400גר,גרמים,400.00,100 גרם,false,6,12.90,3.2250,true,1,51359
5202390014239,false,צהובה טבעונית עשבי ת,,,צהובה טבעונית עשבי תיבול 200 גרם,גרמים,200.00,100 גרם,false,1,19.90,9.9500,true,1,35999
5202390015618,false,צהובה טבעונית אורגינ,,,צהובה טבעונית אורגינל 200 גרם,גרמים,200.00,100 גרם,false,1,19.90,9.9500,true,1,17168
5202390015885,false,צהובה טבעונית בסגנון,ביוט איילנד פודס בעמ,GR,צהובה טבעונית בסגנון צדר 200גר ויולייף,גרמים,200.00,100 גרם,false,12,22.90,11.4500,true,1,59957
5202390016141,false,צהובה טבעונית מוצרלה,,,צהובה טבעונית מוצרלה 400 גרם ליב,גרמים,400.00,100 גרם,false,1,24.90,6.2250,true,1,20382
5202390016325,false,צהובה טבעונית בטעם מ,,,צהובה טבעונית בטעם מעושן 200 גרם,גרמים,200.00,100 גרם,false,1,19.90,9.9500,true,1,23024
5202390016967,false,צהובה טבעונית פטריות,,,צהובה טבעונית פטריות 200 גרם,גרמים,200.00,100 גרם,false,1,19.90,9.9500,true,1,23023
5202390020407,false,תחליף בסגנון פטה טבע,ביוט איילנד פודס בעמ,GR,תחליף בסגנון פטה טבעוני 200 גר,גרמים,200.00,100 גרם,false,12,23.90,11.9500,true,1,39872
5202390021121,false,תחליף קרמי אורגינל ט,ביוט איילנד פודס בעמ,GR,תחליף קרמי אורגינל טבעוני 150גר ויולייף,גרמים,150.00,100 גרם,false,9,18.90,12.6000,true,1,39870
5202413007019,false,אוזו פלומארי כשר 700,,GR,אוזו פלומארי כשר 700 מל,מיליליטרים,700.00,"100 מ""ל",false,6,79.90,11.4143,true,1,47177
5202795080709,false,אוזו מטקסה 700 מל,רמי קואנטרו,,אוזו מטקסה 700 מל פקדון,מיליליטרים,700.00,"100 מ""ל",false,1,69.90,9.9857,true,1,5580
5202904400305,false,גבינת קפלוטירי יווני,,GR,גבינת קפלוטירי יווני 300 גרם בקר,גרמים,300.00,100 גרם,false,1,24.90,8.3000,true,1,50775
5310115000501,false,בסיס לעוגת בית רגיל,,,בסיס לעוגת בית רגיל 400 גר ויציני,גרמים,400.00,100 גרם,false,1,13.90,3.4750,true,1,9574
5391523057929,false,תחליף חלב סימילאק גו,,,תחליף חלב סימילאק גולד שלב 1 700גר,גרמים,700.00,100 גרם,false,1,69.90,9.9857,true,1,37399
5391523057936,false,תחליף חלב סימילאק גו,,,תחליף חלב סימילאק גולד שלב 2 700גר,גרמים,700.00,100 גרם,false,1,69.90,9.9857,true,1,37400
5391523058070,false,תחליף חלב סימילאק פל,,,תחליף חלב סימילאק פלוס שלב 3 700גר,גרמים,700.00,100 גרם,false,1,66.90,9.5571,true,1,38201
5400141353006,false,צלפים מיניאטורים בחו,,,צלפים מיניאטורים בחומץ בוני 100 גרם,גרמים,100.00,100 גרם,false,1,9.90,9.9000,true,1,49631
5400141563771,false,פסטו ורדי בוני איטלק,,BE,פסטו ורדי בוני איטלקי מקורי 190 גרם,גרמים,190.00,100 גרם,false,12,13.90,7.3158,true,1,54128
5400265022796,false,דפדפי שוקולד קריספי,HAMLET NV,,דפדפי שוקולד קריספי 125 גר המלט,גרמים,125.00,100 גרם,false,1,15.00,12.0000,true,1,7295
5400265022802,false,דפדפי שוקולד 57% קקא,HAMLET NV,,דפדפי שוקולד 57% קקאו 125 גר המלט,גרמים,125.00,100 גרם,false,1,15.00,12.0000,true,1,7294
5400265022819,false,דפדפי שוקולד אגוז קר,HAMLET NV,,דפדפי שוקולד אגוז קריספי 125 גר המלט,גרמים,125.00,100 גרם,false,1,15.00,12.0000,true,1,7296
5400265022826,false,דפדפי שוקולד תפוז קר,HAMLET NV,,דפדפי שוקולד תפוז קריספי 125 גר המלט,גרמים,125.00,100 גרם,false,1,15.00,12.0000,true,1,7297
5400265024349,false,מאפה מבצק עלים מסוכר,HAMLET NV,,מאפה מבצק עלים מסוכר 250 ג המלט,גרמים,250.00,100 גרם,false,1,11.90,4.7600,true,1,8517
5400265027265,false,בונבוניירה המלט צסטר,HAMLET NV,BE,בונבוניירה המלט צסטרפילד אדום 125 גר,גרמים,125.00,100 גרם,false,1,22.90,18.3200,true,1,22903
5410126006360,false,עוגיות לוטוס במילוי,לוטוס ביקרי נ.וי,BE,עוגיות לוטוס במילוי קרם לוטוס 150 גרם,גרמים,150.00,100 גרם,false,8,9.90,6.6000,true,1,53434
5410126006377,false,עוגיות לוטוס במילוי,לוטוס ביקרי נ.וי,BE,עוגיות לוטוס במילוי קרם וניל 150 גרם,גרמים,150.00,100 גרם,false,8,9.90,6.6000,true,1,53433
5410126106022,false,מארז 2יח ביסקויט לוט,לוטוס ביקרי נ.וי,BE,מארז 2יח ביסקויט לוטוס 250 גרם,גרמים,500.00,100 גרם,false,8,16.90,3.3800,true,1,48214
5410126116953,false,ממרח לוטוס קרמל 400,לוטוס ביקרי נ.וי,,ממרח לוטוס קרמל 400 גר,גרמים,400.00,100 גרם,false,1,20.90,5.2250,true,1,13209
5410126126020,false,מארז 2יח ביסקויט לוט,לוטוס ביקרי נ.וי,,מארז 2יח ביסקויט לוטוס 250 גרם,גרמים,500.00,100 גרם,false,1,16.90,3.3800,false,1,45833
5410126137002,false,מאגדת שלגון לוטוס 3י,,,מאגדת שלגון לוטוס 3יח,יחידה,3.00,יחידה,false,1,34.90,11.6333,true,1,51870
5410126666038,false,ביסקויט קרמל לוטוס 2,לוטוס ביקרי נ.וי,,ביסקויט קרמל לוטוס 279 גרם 18 יח,גרמים,279.00,100 גרם,false,1,13.90,4.9821,true,1,38605
5410126716016,false,ביסקויט לוטוס קרמל 2,לוטוס ביקרי נ.וי,,ביסקויט לוטוס קרמל 250 ג,גרמים,250.00,100 גרם,false,1,11.90,4.7600,true,1,1886
5410126726947,false,ממרח עוגיות לוטוס קר,לוטוס ביקרי נ.וי,,ממרח עוגיות לוטוס קראנץ  380 גר,גרמים,380.00,100 גרם,false,1,20.90,5.5000,true,1,16825
5410228217732,false,בירה סטלה ארטואה 440,,,בירה סטלה ארטואה 440מל פח.פקדון,מיליליטרים,440.00,"100 מ""ל",false,1,12.90,2.9318,true,1,51169
5410228267515,false,מארז 6יח בירה באדווי,,US,מארז 6יח בירה באדוויזר 330מל,מיליליטרים,1980.00,"100 מ""ל",false,4,29.90,1.5101,true,1,42960
5410291022738,false,ממרח צוקטה שחור לבן,נטרה,BE,ממרח צוקטה שחור לבן 350 גרם,גרמים,350.00,100 גרם,false,12,11.90,3.4000,true,1,39314
5410316983693,false,משקה סמירנוף אייס 27,IBBLS,,משקה סמירנוף אייס 275 מל פיקדון,מיליליטרים,275.00,"100 מ""ל",false,1,11.90,4.3273,true,1,3880
5410769800097,false,בירה צרי שוף  8%   3,brasserie dachouffe,,בירה צרי שוף  8%   330 מל פיקדון,מיליליטרים,330.00,"100 מ""ל",false,1,14.90,4.5152,true,1,32289
5410908000036,false,בירה שימאיי בלו 330,,,בירה שימאיי בלו 330 מל פקדון,מיליליטרים,330.00,"100 מ""ל",false,1,14.90,4.5152,true,1,7733
5411081003630,false,בירה קסטיל בלונד 330,מבשלת קסטל ואן הונסב,BE,בירה קסטיל בלונד 330מל פקדון,מיליליטרים,330.00,"100 מ""ל",false,24,12.90,3.9091,true,1,14978
5411081003654,false,בירה קסטיל רוז 330מל,מבשלת קסטל ואן הונסב,,בירה קסטיל רוז 330מל בק. פקדון,מיליליטרים,330.00,"100 מ""ל",false,1,12.90,3.9091,true,1,14975
5411188080268,false,משקה סויה אלפרו אורג,ALPRO,,משקה סויה אלפרו אורגני 1 ל,ליטרים,1.00,ליטר,false,1,12.90,12.9000,true,1,16001
5411188081852,false,משקה סויה אלפרו וניל,ALPRO,,משקה סויה אלפרו וניל 1 ל,ליטרים,1.00,ליטר,false,1,12.90,12.9000,true,1,16817
5411188094159,false,מעדן סויה אלפרו שוקו,ALPRO,,מעדן סויה אלפרו שוקולד בלגי4 יח,מיליליטרים,600.00,"100 מ""ל",false,1,17.90,2.9833,true,1,6727
5411188096108,false,שמנת לבישול סויה אלפ,ALPRO,,שמנת לבישול סויה אלפרו 250 מל,מיליליטרים,250.00,"100 מ""ל",false,1,8.90,3.5600,true,1,8604
5411188106159,false,משקה סויה אלפרו טבעי,ALPRO,,משקה סויה אלפרו טבעי לייט 1 ל,ליטרים,1.00,ליטר,false,1,14.00,14.0000,true,1,16815
5411188110835,false,משקה שקדים אלפרו 1 ל,ALPRO,,משקה שקדים אלפרו 1 ל,ליטרים,1.00,ליטר,false,1,12.90,12.9000,true,1,13841
5411188112709,false,משקה שקדים אלפרו ל.ס,ALPRO,,משקה שקדים אלפרו ל.ס. 1 ל,ליטרים,1.00,ליטר,false,1,12.90,12.9000,true,1,18007
5411188115366,false,משקה שבולת שועל אלפר,ALPRO,,משקה שבולת שועל אלפרו 1 ל,ליטרים,1.00,ליטר,false,1,12.90,12.9000,true,1,16811
5411188115434,false,משקה סויה אלפרו בריס,ALPRO,,משקה סויה אלפרו בריסטה 1 ליטר,ליטרים,1.00,ליטר,false,8,12.90,12.9000,true,1,58679
5411188115472,false,משקה סויה אלפרו טבעי,ALPRO,,משקה סויה אלפרו טבעי לייט 1 ל,ליטרים,1.00,ליטר,false,12,12.90,12.9000,true,1,48163
5411188118732,false,משקה שקדים קוקוס אלפ,ALPRO,,משקה שקדים קוקוס אלפרו 1 ל,ליטרים,1.00,ליטר,false,1,12.90,12.9000,true,1,22106
5411188121923,false,שלישית חלב סויה אלפר,ALPRO,,שלישית חלב סויה אלפרו מועשר בסידן 750,מיליליטרים,750.00,"100 מ""ל",false,8,12.90,1.7200,true,1,35486
5411188121978,false,שלישית משקה סויה שוק,ALPRO,,שלישית משקה סויה שוקו אלפרו 250מל,מיליליטרים,750.00,"100 מ""ל",false,1,12.90,1.7200,true,1,33707
5411188122586,false,משקה אלפרו שקדים 250,ALPRO,,משקה אלפרו שקדים 250 מל,מיליליטרים,250.00,"100 מ""ל",false,1,5.90,2.3600,true,1,27806
5411188124689,false,משקה שבולת שועל ללס,ALPRO,,משקה שבולת שועל ללס אלפרו 1 ל,ליטרים,1.00,ליטר,false,8,14.90,14.9000,true,1,48695
5411188127697,false,משקה סויה אלפרו בריס,ALPRO,,משקה סויה אלפרו בריסטה שבולת שועל 1ליי,ליטרים,1.00,ליטר,false,8,12.90,12.9000,true,1,48161
5411188129899,false,משקה סויה אלפרו בריס,ALPRO,,משקה סויה אלפרו בריסטה שקדים 1ליי,ליטרים,1.00,ליטר,false,8,12.90,12.9000,true,1,48162
5411188134985,false,משקה אלפרו שבולת שוע,ALPRO,,משקה אלפרו שבולת שועל 1ליטר נוט 3.5%,ליטרים,1.00,ליטר,false,1,12.90,12.9000,true,1,53273
5411188135005,false,משקה אלפרו שבולת שוע,ALPRO,,משקה אלפרו שבולת שועל 1ליטר נוט 1.8%,ליטרים,1.00,ליטר,false,1,12.90,12.9000,true,1,53272
5411188300328,false,משקה סויה אלפרו שוקו,ALPRO,,משקה סויה אלפרו שוקו 1 ל,ליטרים,1.00,ליטר,false,1,12.90,12.9000,true,1,16816
5411188543398,false,משקה סויה אלפרו ללא,ALPRO,,משקה סויה אלפרו ללא סוכר 1 ל,ליטרים,1.00,ליטר,false,12,12.90,12.9000,true,1,48164
5411616002190,false,בירה מרטנס סטרונג 8.,מבשלת מרטנס,,בירה מרטנס סטרונג 8.5% פחית 500 מל פקדון,מיליליטרים,500.00,"100 מ""ל",false,1,7.90,1.5800,true,1,19079
5411676100874,false,בירה ברבר בלונד בהיר,מבשלת לפבר,,בירה ברבר בלונד בהיר 330 מל,מיליליטרים,330.00,"100 מ""ל",false,1,14.90,4.5152,true,1,49993
5411681014005,false,בירה דובל 330 מל פקד,,,בירה דובל 330 מל פקדון,מיליליטרים,330.00,"100 מ""ל",false,1,14.90,4.5152,true,1,7718
5411681403502,false,מארז 3יח בירה מרדסו,מבשלת מורטגט,,מארז 3יח בירה מרדסו 330מל + כוס חרס,מיליליטרים,990.00,"100 מ""ל",false,1,39.90,4.0303,true,1,37038
5412514931117,false,עלי טורטילה תירס 320,אן. וי סנק פוד,,עלי טורטילה תירס 320 גר,גרמים,320.00,100 גרם,false,1,22.50,7.0313,true,1,7334
5412533001617,false,נוזל לניקוי כלים אלו,,,נוזל לניקוי כלים אלוורה ולימון 1 ליטר,ליטרים,1.00,ליטר,false,1,14.90,14.9000,true,1,14875
5412533002652,false,מסיר כתמים מבגדים 20,,,מסיר כתמים מבגדים 200 מל אקולוגי,מיליליטרים,200.00,"100 מ""ל",false,1,22.90,11.4500,true,1,14890
5412533004335,false,תרסיס לניקוי חלונות,,,תרסיס לניקוי חלונות וזכוכית 500מל,מיליליטרים,500.00,"100 מ""ל",false,1,24.90,4.9800,true,1,14888
5412533419665,false,מרכך כביסה תפוח שקד,,,מרכך כביסה תפוח שקד אקולוגי 750 מל,מיליליטרים,750.00,"100 מ""ל",false,1,16.90,2.2533,true,1,46242
5412533419702,false,מרכך כביסה וניל גרדי,אקובר,BE,מרכך כביסה תפוח שקד אקולוגי 750 מל,מיליליטרים,750.00,"100 מ""ל",false,6,16.90,2.2533,true,1,44797
5412533421989,false,מסיר אבנית אקולוגי 5,,,מסיר אבנית אקולוגי 500מל אקובר,מיליליטרים,500.00,"100 מ""ל",false,1,22.90,4.5800,true,1,57928
5412865023691,false,מקלות חמוצוצים פטל ר,,,מקלות חמוצוצים פטל רחב 50 גר,Unknown,0.00,Unknown,false,1,4.90,0.0000,true,1,38739
5412956214519,false,שוקולד מריר קאשט תפו,,,שוקולד מריר קאשט תפוז שקדים 100 גר,גרמים,100.00,100 גרם,false,12,9.90,9.9000,true,1,49331
5412956214533,false,שוקולד מריר קאשט לימ,,,שוקולד מריר קאשט לימון פלפל שחור 100 גר,גרמים,100.00,100 גרם,false,12,9.90,9.9000,true,1,49333
5412956214540,false,שוקולד מריר קאשט גינ,,,שוקולד מריר קאשט גינגר אוכמניות 100 גר,גרמים,100.00,100 גרם,false,12,9.90,9.9000,true,1,49330
5412956221173,false,שוקולד קאשט באר 70%,,,שוקולד קאשט באר 70% מריר 180 גרם,גרמים,180.00,100 גרם,false,12,11.90,6.6111,true,1,61012
5412956221180,false,שוקולד קאשט באר שברי,,,שוקולד קאשט באר שברי שקדים מלח י 180 גרם,גרמים,180.00,100 גרם,false,12,11.90,6.6111,true,1,61013
5412956221197,false,שוקולד קאשט באר בייג,,,שוקולד קאשט באר בייגלה בראוניז 180 גרם,גרמים,180.00,100 גרם,false,12,11.90,6.6111,true,1,61015
5412956221203,false,שוקולד קאשט באר קרמל,,,שוקולד קאשט באר קרמל מלח ים 180 גרם,גרמים,180.00,100 גרם,false,12,11.90,6.6111,true,1,61014
5413121355105,false,שוקולד בלגיאן חלב מש,BCG,,שוקולדבלגיאן חלב משובח 100 ג,גרמים,100.00,100 גרם,false,1,11.90,11.9000,true,1,6803
5413121356737,false,שוקולד בלגי מריר ללא,BCG,,שוקולד בלגי מריר ללא סוכר 100 ג בלגיאן,גרמים,100.00,100 גרם,false,1,14.90,14.9000,true,1,5600
5413121356829,false,שוקולד בלגי חלב ללא,BCG,,שוקולד בלגי חלב ללא סוכר 100 ג בלגיאן,גרמים,100.00,100 גרם,false,1,14.90,14.9000,true,1,5601
5413121358694,false,שוקולדבלגיאן85%מריר,BCG,,שוקולדבלגיאן85%מריר 100 ג,גרמים,100.00,100 גרם,false,1,11.90,11.9000,true,1,5846
5413121359769,false,בונ.צדפי שוקולד בלגי,BCG,,בונ.צדפי שוקולד בלגיאן 195 גר,גרמים,195.00,100 גרם,false,1,12.90,6.6154,true,1,8516
5413121359998,false,שוקולד בלגי מריר שקד,BCG,,שוקולד בלגי מריר שקד ללא ס. 100 ג בלגיאן,גרמים,100.00,100 גרם,false,1,14.90,14.9000,true,1,10957
5413121364121,false,טרופל בלגיאן קקאו 15,Q Chocolate,,טרופל בלגיאן קקאו 150 גרם כשלפ,גרמים,150.00,100 גרם,false,1,11.90,7.9333,true,1,35504
5413121365616,false,שוקולד בלגיאן90% מרי,BCG,,שוקולד בלגיאן90% מריר 100 ג,גרמים,100.00,100 גרם,false,1,11.90,11.9000,true,1,41814
5413548040479,false,בונבונירה רפאלו 240,פררו,,בונבונירה רפאלו 240 גר,גרמים,240.00,100 גרם,false,1,25.90,10.7917,true,1,8711
5413548280189,false,קינדר שוקו בון 125 ג,פררו,,קינדר שוקו בון 125 גרם,גרמים,125.00,100 גרם,false,1,12.00,9.6000,true,1,2198
5420066330203,false,טרופל ביאנקה זהב קקא,Q Chocolate,,טרופל ביאנקה זהב קקאו 175 גר,גרמים,175.00,100 גרם,false,1,15.00,8.5714,true,1,20656
5420066330210,false,טרופל ביאנקה כסף 175,Q Chocolate,,טרופל ביאנקה כסף 175 גרם,גרמים,175.00,100 גרם,false,1,15.00,8.5714,true,1,22900
5600379040277,false,יין לבן ראזה 750 מל,QUINTA da RAZA lda,,יין לבן ראזה 750 מל,מיליליטרים,750.00,"100 מ""ל",false,1,45.00,6.0000,true,1,20146
5600379040376,false,יין ראזה רוזה 750 מל,QUINTA da RAZA lda,,יין ראזה רוזה 750 מל,מיליליטרים,750.00,"100 מ""ל",false,1,45.00,6.0000,true,1,51394
5601008200444,false,עוגיות גודיס שוקולד,Goodies,,עוגיות גודיס שוקולד חלב 150 גר,גרמים,150.00,100 גרם,false,1,6.90,4.6000,true,1,11448
5601008200451,false,עוגיות גודיס שוקולד,Goodies,,עוגיות גודיס שוקולד מריר 150 גר,גרמים,150.00,100 גרם,false,1,6.90,4.6000,true,1,11449
5601008200468,false,עוגיות גודיס שוקולד,Goodies,,עוגיות גודיס שוקולד לבן 150 גר,גרמים,150.00,100 גרם,false,1,6.90,4.6000,true,1,11450
5601055005375,false,מארז 3 גלילים עדשי ש,,PT,מארז 3 גלילים עדשי שוקולד פיטרולס 22 גרם,Unknown,0.00,Unknown,false,48,9.90,0.0000,true,1,49686
5601055317225,false,סוכריות עדשים פינטרו,,PT,סוכריות עדשים פינטרולס 200 גרם,גרמים,200.00,100 גרם,false,30,15.90,7.9500,true,1,49509
5601096020498,false,יין פונצי ויניו ורדה,,PT,יין פונצי ויניו ורדה רוזה 750 מל,מיליליטרים,750.00,"100 מ""ל",false,6,45.00,6.0000,true,1,52151
5601096208308,false,יין קסאל גרסיה וינו,avellada,,יין קסאל גרסיה וינו ורדה,מיליליטרים,750.00,"100 מ""ל",false,1,45.00,6.0000,true,1,30841
5601096351301,false,יין קסאל גרסיה דוארו,avellada,,יין קסאל גרסיה דוארו 750 מל,מיליליטרים,750.00,"100 מ""ל",false,1,45.00,6.0000,true,1,30842
5601096610347,false,יין שרמבה ריזרב 750,,PT,יין שרמבה ריזרב 750 מל,מיליליטרים,750.00,"100 מ""ל",false,6,60.00,8.0000,true,1,52148
5601217129420,false,ווליט דפים למניעת הע,Montrasio,,ווליט דפים למניעת העברת צבע 20יח,יחידה,20.00,יחידה,false,1,19.90,0.9950,true,1,32536
5601996023780,false,יין פורטה רוזה 750 מ,,PT,יין פורטה רוזה 750 מל,מיליליטרים,750.00,"100 מ""ל",false,6,45.00,6.0000,true,1,44854
5601996132567,false,יין חוליה פלורסיטה ל,,,יין חוליה פלורסיטה לבן 750 מל,מיליליטרים,750.00,"100 מ""ל",false,1,40.00,5.3333,true,1,57429
5601996355485,false,יין פורטה לבן 750 מל,,PT,יין פורטה לבן 750 מל,מיליליטרים,750.00,"100 מ""ל",false,6,45.00,6.0000,true,1,44853
5601996546340,false,יין חוליה פלורסיטה א,,,יין חוליה פלורסיטה אדום 750 מל,מיליליטרים,750.00,"100 מ""ל",false,1,40.00,5.3333,true,1,57428
5601996547897,false,יין פורטה אדום 750 מ,,PT,יין פורטה אדום 750 מל,מיליליטרים,750.00,"100 מ""ל",false,6,45.00,6.0000,true,1,44852
5601996669872,false,יין פורטה וינו ורדה,,PT,יין פורטה וינו ורדה 750 מל,מיליליטרים,750.00,"100 מ""ל",false,6,45.00,6.0000,true,1,57422
5604912415041,false,סרדין פורטוס בשמן חמ,,PT,סרדין פורטוס בשמן חמניה 125 גרם,גרמים,125.00,100 גרם,false,25,6.90,5.5200,true,1,57499
5604912415058,false,סרדין פורטוס בשמן חר,,PT,סרדין פורטוס בשמן חריף 125 גרם,גרמים,125.00,100 גרם,false,25,6.90,5.5200,true,1,57500
5604912425057,false,מקרל פורטוס בשמן חרי,,PT,מקרל פורטוס בשמן חריף 125 גרם,גרמים,125.00,100 גרם,false,25,6.90,5.5200,true,1,57502
5694230412518,false,ממרח סלמון אדום איסל,,IS,ממרח סלמון אדום איסלנדי 125 גרם,גרמים,125.00,100 גרם,false,12,8.90,7.1200,true,1,49307
5701932026964,false,פופקורן הוטפופ מלוח,,,פופקורן הוטפופ מלוח 600 ג למיקרוגל,גרמים,600.00,100 גרם,false,1,15.00,2.5000,true,1,1894
5701932026971,false,פופקורן הוטפופ חמאה,,,פופקורן הוטפופ חמאה 600 ג למיקרוגל,גרמים,600.00,100 גרם,false,1,15.00,2.5000,true,1,1895
5701932026995,false,פופקורן הוטפופ לייט,,,פופקורן הוטפופ לייט טבעי 510 ג למיקרוגל,גרמים,510.00,100 גרם,false,1,15.00,2.9412,true,1,2778
5706516031358,false,פופקורן הוטפופ למיקר,,,פופקורן הוטפופ למיקרו 100 קלוריות 5 יח,גרמים,510.00,100 גרם,false,1,15.00,2.9412,true,1,9296
5706516110039,false,פופקורן הוטפופ טבעי,,,פופקורן הוטפופ טבעי מופחת שומן 6 יח 540,גרמים,540.00,100 גרם,false,1,15.00,2.7778,true,1,48979
5711953106583,false,גבינת שמנת טבעי 200ג,ארלה,,גבינת שמנת טבעי 200גרם 24.5% שומן ארלה,גרמים,200.00,100 גרם,false,10,12.90,6.4500,true,1,43228
5711953106590,false,גבינת שמנת שום 200גר,ארלה,,גבינת שמנת שום 200גר 24.5%שומן ארלה,גרמים,200.00,100 גרם,false,10,12.90,6.4500,true,1,43230
5711953106606,false,גבינת שמנת ע. תיבול,ארלה,,גבינת שמנת ע. תיבול 200גר 24.5%שומן ארלה,גרמים,200.00,100 גרם,false,10,12.90,6.4500,true,1,43229
5740900403215,false,ממרח חמאת לורפק עם מ,,,ממרח חמאת לורפק עם מלח 250גר,גרמים,250.00,100 גרם,false,12,18.90,7.5600,true,1,38839
5740900403222,false,ממרח מחמאת לורפק עם,,,ממרח מחמאת לורפק עם מלח 250גר מופחת שומן,גרמים,250.00,100 גרם,false,12,18.90,7.5600,true,1,38841
5740900403239,false,ממרח מחמאת לורפק ללא,,,ממרח מחמאת לורפק ללא מלח 250גר,גרמים,250.00,100 גרם,false,12,18.90,7.5600,true,1,38840
5740900403246,false,ממרח מחמאת לורפק ללא,,,ממרח מחמאת לורפק ללא מלח 500גרם,גרמים,500.00,100 גרם,false,12,27.90,5.5800,true,1,38843
5740900403253,false,ממרח מחמאת לורפק עם,,,ממרח מחמאת לורפק עם מלח 500גרם,גרמים,500.00,100 גרם,false,12,27.90,5.5800,true,1,38844
5740900403260,false,ממרח מחמאת לורפק ללא,,,ממרח מחמאת לורפק ללא מלח 250ג מופחת שומן,גרמים,250.00,100 גרם,false,12,18.90,7.5600,true,1,38842
5740900403284,false,חמאה לורפק ללא מלח 2,,,חמאה לורפק ללא מלח 200 גר,גרמים,200.00,100 גרם,false,20,11.90,5.9500,true,1,48172
5740900403864,false,חמאה לורפק עם מלח 20,,,חמאה לורפק עם מלח 200 גר,גרמים,200.00,100 גרם,false,20,11.90,5.9500,true,1,53271
5774540984056,false,מרציפן אנטון ברג תות,Anthon Berg,,מרציפן אנטון ברג תות שדה ושמפניה220 גר,גרמים,220.00,100 גרם,false,1,32.90,14.9545,true,1,25117
5774540984155,false,מרציפן אנטון ברג שזי,Anthon Berg,,מרציפן אנטון ברג שזיף במדרה220 גר,גרמים,220.00,100 גרם,false,1,32.90,14.9545,true,1,25116
5774540984254,false,מרציפן אנטון ברג משמ,Anthon Berg,,מרציפן אנטון ברג משמש בברנדי220 גר,גרמים,220.00,100 גרם,false,1,32.90,14.9545,true,1,25114
5774540984452,false,מרציפן אנטון ברג דוב,Anthon Berg,,מרציפן אנטון ברג דובדבן ברום220 גר,גרמים,220.00,100 גרם,false,1,32.90,14.9545,true,1,25113
5774540989853,false,מרציפן אנטון ברג פטל,Anthon Berg,,מרציפן אנטון ברג פטל ליקר תפוז220 גר,גרמים,220.00,100 גרם,false,1,32.90,14.9545,true,1,25115
5774540990057,false,מרציפן אנטון ברג אוכ,Anthon Berg,,מרציפן אנטון ברג אוכמניותבוודקה220 גר,גרמים,220.00,100 גרם,false,1,32.90,14.9545,true,1,25118
5900020012814,false,דגני נסקוויק שוקולד,נסטלה פולין דגני בוק,,דגני בוקר נסקוויק שוקולד 500 גרם,גרמים,500.00,100 גרם,false,1,22.90,4.5800,true,1,9095
5900020015174,false,חטיפי דגנים פיטנס שו,נסטלה פולין ברים,,חטיפי דגנים פיטנס שוקולד 6 יח 141 גר,גרמים,141.00,100 גרם,false,1,15.90,11.2766,true,1,10270
5900020018908,false,חטיפי דגנים פיטנס קר,נסטלה פולין ברים,,חטיפי דגנים פיטנס קרם עוגיות6 יח 141 גר,גרמים,141.00,100 גרם,false,1,15.90,11.2766,true,1,12779
5900020020710,false,חטיפי דגנים קראנץ בר,נסטלה פולין ברים,,חטיפי דגנים קראנץ בר שוקו וניל 6יח 150ג,גרמים,150.00,100 גרם,false,1,15.90,10.6000,true,1,14936
5900020020741,false,חטיפי דגנים נסקוויק,נסטלה פולין ברים,,חטיפי דגנים נסקוויק בר שוקו6יח 150ג,גרמים,150.00,100 גרם,false,1,15.90,10.6000,true,1,14937
5900020022325,false,חטיפי דגנים  סיני מי,נסטלה פולין דגני בוק,,חטיפי דגנים  סיני מיניס 6יח 150ג,גרמים,150.00,100 גרם,false,1,15.90,10.6000,true,1,17402
5900020024770,false,חטיפי דגנים פיטנס דל,נסטלה פולין ברים,,חטיפי דגנים פיטנס דליס שוקולד אגוז135,גרמים,135.00,100 גרם,false,1,15.90,11.7778,true,1,20331
5900020026552,false,דגני האני נאט צריוס,ג.נרל מילס,,דגני בוקר האני נאט צריוס 625 גר,גרמים,615.00,100 גרם,false,1,22.90,3.7236,true,1,24183
5900020029669,false,חטיפי דגנים פיטנס פי,נסטלה פולין ברים,,חטיפי דגנים פיטנס פירות יער 6 יח 141 גר,גרמים,141.00,100 גרם,false,1,15.90,11.2766,true,1,32401
5900020031877,false,חטיפי דגנים ציריוס 6,נסטלה פולין ברים,,חטיפי דגנים ציריוס 6יח 132ג,גרמים,132.00,100 גרם,false,1,15.90,12.0455,true,1,37253
5900020032454,false,חטיפי דגנים פיטנס עו,נסטלה פולין ברים,,חטיפי דגנים פיטנס עוגיות 6 יח 141 גר,גרמים,141.00,100 גרם,false,1,15.90,11.2766,true,1,52009
5900020032539,false,חטיפי דגנים פיטנס שו,נסטלה פולין ברים,,חטיפי דגנים פיטנס שוקולד 6 יח 141 גר,גרמים,141.00,100 גרם,false,1,15.90,11.2766,true,1,52010
5900020033314,false,חטיפי דגנים ליון 6יח,נסטלה פולין ברים,,חטיפי דגנים ליון 6יח 150ג,גרמים,150.00,100 גרם,false,1,15.90,10.6000,true,1,38865
5900020034021,false,חטיפי דגנים פיטנס שו,נסטלה פולין ברים,,חטיפי דגנים פיטנס שוקו בננה 6 יח 141 גר,גרמים,141.00,100 גרם,false,1,15.90,11.2766,true,1,40318
5900020034991,false,דגני קראנץ צדפים טעם,ג.נרל מילס,,דגני נסטלה קראנץ צדפים שוקולד 450 ג,גרמים,450.00,100 גרם,false,1,22.90,5.0889,true,1,44271
5900020036407,false,דגני ליון שוקולד קרמ,ג.נרל מילס,,דגני ליון שוקולד קרמל מופחת סוכר 480 גרם,גרמים,480.00,100 גרם,false,1,22.90,4.7708,true,1,46361
5900020037916,false,דגני בוקר צריוס שיבו,ג.נרל מילס,,דגני בוקר צריוס שיבולת שועל340גר,גרמים,340.00,100 גרם,false,1,16.90,4.9706,true,1,49935
5900020039590,false,חטיפי דגנים פיטנס קל,נסטלה פולין ברים,,חטיפי דגנים פיטנס קלאסי פרווה6 יח 141 גר,גרמים,141.00,100 גרם,false,1,15.90,11.2766,true,1,52627
5900020039620,false,חטיפי דגנים פיטנס שק,נסטלה פולין ברים,,חטיפי דגנים פיטנס שקדים ודבש6 יח 141 גר,גרמים,141.00,100 גרם,false,1,15.90,11.2766,true,1,52628
5900130034171,false,מאגדת שלגון מילקה בט,,,מאגדת שלגון מילקה בטעם תות 4יח,יחידה,4.00,יחידה,false,1,38.90,9.7250,true,1,46492
5900323007432,false,זוג מתלים בינוניים כ,3m,,זוג מתלים בינוניים כולל דבק,יחידה,2.00,יחידה,false,1,15.90,7.9500,true,1,61840
5900353612965,false,בונבוניירה שרי צריסי,MIESZKO,,בונבוניירה שרי צריסימו 185 גר,גרמים,185.00,100 גרם,false,1,41.90,22.6486,true,1,39003
5900353615683,false,בונ.מייזקו וויסקי בש,,,בונבוניירה ברנדי שוקולד מריר 180 גרם,גרמים,180.00,100 גרם,false,1,19.90,11.0556,true,1,43526
5900353615690,false,בונ.מייזקו ברנדי בשו,,,בונ.מייזקו ברנדי בשוקולד מריר 180 גרם,גרמים,180.00,100 גרם,false,1,19.90,11.0556,true,1,43528
5900353646755,false,ממתק שזיף סלוויקה בש,,PL,ממתק שזיף סלוויקה בשוקולד מריר שקית255ג,גרמים,255.00,100 גרם,false,15,20.90,8.1961,true,1,58084
5900353647219,false,ממתק שזיף סלוויקה בש,,PL,ממתק שזיף סלוויקה בשוקולד מריר קופסא200ג,גרמים,200.00,100 גרם,false,15,18.90,9.4500,true,1,58083
5900617035882,false,חטיף חלבון שוקולד 33,,,חטיף חלבון שוקולד 33% מעט סוכר,יחידה,1.00,יחידה,false,1,9.90,9.9000,true,1,56642
5900617035905,false,חטיף חלבון קרמל מלוח,,,חטיף חלבון קרמל מלוח 33% מעט סוכר,יחידה,1.00,יחידה,false,1,9.90,9.9000,true,1,56641
5900617035929,false,חטיף חלבון וניל תות,,,חטיף חלבון וניל תות 33% מעט סוכר,יחידה,1.00,יחידה,false,1,9.90,9.9000,true,1,56643
5900627026429,false,גל סיליט באנג לשירות,RB פולין,,גל סיליט באנג לשירותים אקונומיקה 750מל,מיליליטרים,750.00,"100 מ""ל",false,1,9.90,1.3200,true,1,5375
5900627040104,false,גל אסלות הרפיק בניחו,RB פולין,,גל אסלות הרפיק בניחוח לימוני 750מל,מיליליטרים,750.00,"100 מ""ל",false,1,9.90,1.3200,true,1,15262
5900627063233,false,טבליות למדיח הכל באח,RB פולין,,טבליות למדיח הכל באחד פיניש מקס 50 יח,יחידה,50.00,יחידה,false,1,34.90,0.6980,true,1,23773
5900820014230,false,גבינה נורווסקי סלמון,,RU,גבינה נורווסקי סלמון 150גר,גרמים,150.00,100 גרם,false,1,10.90,7.2667,true,1,50771
5900951283963,false,חטיף סניקרס קרימי 36,מרס,,חטיף סניקרס קרימי 36.5 ג,Unknown,0.00,Unknown,false,1,3.90,0.0000,true,1,53091
5901126012388,false,טוסטי 600 גרם,,,טוסטי 600 גרם,גרמים,600.00,100 גרם,false,,22.90,3.8167,true,1,49497
5901126013576,false,גבינת גאודה מותכת 12,,,גבינת גאודה מותכת 120גר משולשים,גרמים,120.00,100 גרם,false,24,9.90,8.2500,true,1,51822
5901154046157,false,משקה דגנים אינקה קלא,GRANA ARMANDO,,משקה דגנים אינקה קלאסי ללא קפאין100גר,גרמים,100.00,100 גרם,false,1,15.90,15.9000,true,1,19404
5901154046164,false,משקה דגנים אינקה אור,GRANA ARMANDO,,משקה דגנים אינקה אורגני ללא קפאין100גר,גרמים,100.00,100 גרם,false,1,17.00,17.0000,true,1,19405
5901177157267,false,בית קריסמס ווברו עם,,,בית קריסמס ווברו עם ממתקים 200 גרם,גרמים,200.00,100 גרם,false,1,16.90,8.4500,true,1,61799
5901177157274,false,בונבוניירה עץ ירוק ו,,,בונבוניירה עץ ירוק ווברו קריסמס 170 גרם,גרמים,170.00,100 גרם,false,1,15.90,9.3529,true,1,61800
5901177157281,false,בונבוניירה עץ זהוב ו,,,בונבוניירה עץ זהוב ווברו קריסמס 170 גרם,גרמים,170.00,100 גרם,false,1,15.90,9.3529,true,1,61801
5901414200411,false,ביסקוויט היט מיני שו,בלזן פולסקה,,ביסקוויט היט מיני שוקו 130 גר,גרמים,130.00,100 גרם,false,1,6.90,5.3077,true,1,6633
5902198160403,false,משקה אנרגיה אקס אל ת,,,משקה אנרגיה אקס אל תן 250 מל פקדון,מיליליטרים,250.00,"100 מ""ל",false,1,4.90,1.9600,true,1,27856
5902627244315,false,קרקר עם גרעיני דלעת,,PL,קרקר עם גרעיני דלעת ואמנטל גליסיה 180 גר,גרמים,180.00,100 גרם,false,1,19.90,11.0556,true,1,56443
5902627244322,false,קרקר 5 דגנים גליסיה,,PL,קרקר 5 דגנים גליסיה 180 גר,גרמים,180.00,100 גרם,false,1,19.90,11.0556,true,1,56444
5902627244339,false,קרקר 3 סוגי גרעינים,,PL,קרקר 3 סוגי גרעינים גליסיה 180 גר,גרמים,180.00,100 גרם,false,1,19.90,11.0556,true,1,56446
5902627244346,false,קרקר קמח כוסמין מלא,,PL,קרקר קמח כוסמין מלא שומשום גליסיה 180 גר,גרמים,180.00,100 גרם,false,1,19.90,11.0556,true,1,56445
5902658111983,false,מתלה גדול כולל דבק ח,3m,,מתלה גדול כולל דבק חלופי מחזיק עד כ2.5קג,יחידה,1.00,יחידה,false,1,16.90,16.9000,true,1,39782
5902658111990,false,זוג מתלים בינוניים כ,3m,,זוג מתלים בינוניים כולל דבק,יחידה,2.00,יחידה,false,1,15.90,7.9500,true,1,38280
5906485301012,false,משקה אנרגיה אקס אל 2,,,משקה אנרגיה אקס אל 250 מל פקדון,מיליליטרים,250.00,"100 מ""ל",false,1,4.90,1.9600,true,1,5426
5942219000059,false,מים מינרליים בורסאק,,,מים מינרליים בורסאק 1.5 ליטר,ליטרים,1.50,ליטר,false,1,9.20,6.1333,true,1,35487
5948559002753,false,מטליות ניקוי 5יח ספי,3m,IT,מטליות ניקוי 5יח ספיגה אופטימלית,יחידה,5.00,יחידה,false,15,16.90,3.3800,true,1,42085
5949152110821,false,מטהר אוויר אירוויק נ,RB פולין,PL,מטהר אוויר אירוויק נ.גז לילות לבנים 237מ,מיליליטרים,237.00,"100 מ""ל",false,1,14.90,6.2869,true,1,61172
5949152110838,false,מטהר אוויר אירוויק נ,RB פולין,PL,מטהר אוויר אירוויק נ.גז גשם סגול 237מל,מיליליטרים,237.00,"100 מ""ל",false,1,14.90,6.2869,true,1,61173
5997010301027,false,מחית פפריקה חריפה 70,,HU,מחית פפריקה חריפה 70 גרם,Unknown,0.00,Unknown,false,24,11.90,0.0000,true,1,47793
5997010302024,false,מחית גולאש חריפה 70,,HU,מחית גולאש חריפה 70 גרם,Unknown,0.00,Unknown,false,24,11.90,0.0000,true,1,47800
5997321701806,false,מסיר אבנית קלגון 1 ק,RB פולין,,מסיר אבנית קלגון 1 קג באבקה,קילוגרמים,1.00,"ק""ג",false,1,29.90,29.9000,true,1,31322
5997321770307,false,ויט רצועות שעווה לעו,רקיט בנקיזר צרפת,,ויט רצועות שעווה לעור רגיש,Unknown,0.00,Unknown,false,1,21.90,0.0000,true,1,32967
5998623526739,false,יין סי. גראס גוורצטר,,HU,יין סי. גראס גוורצטרמינר כשר 750 מל,מיליליטרים,750.00,"100 מ""ל",false,6,40.00,5.3333,true,1,46929
5998835033094,false,יין טוקאי אזזו 3 פוט,הונגריה טוקאי - אורמ,,יין טוקאי אזזו 3 פוטוניוס 750 מל,מיליליטרים,750.00,"100 מ""ל",false,1,155.00,20.6667,true,1,21379
5999884034469,false,משקה אנרגיה הל 250מל,,HU,משקה אנרגיה הל 250מל פקדון,מיליליטרים,250.00,"100 מ""ל",false,24,3.90,1.5600,true,1,43800
6001030003126,false,רוטב וושסטר ויליגטון,היינץ פודס,,רוטב וושסטר ויליגטון 250 מל,מיליליטרים,250.00,"100 מ""ל",false,1,15.90,6.3600,true,1,10354
6001030004635,false,רוטב וולינטון צאטני,היינץ פודס,ZA,רוטב וולינטון צאטני מילד 450 גרם,מיליליטרים,450.00,"100 מ""ל",false,12,19.90,4.4222,true,1,45542
6001030004642,false,רוטב וולינטון צאטני,היינץ פודס,ZA,רוטב וולינטון צאטני חריף 450 גרם,מיליליטרים,450.00,"100 מ""ל",false,12,19.90,4.4222,true,1,45541
6001067017332,false,מברשת שיניים קולגייט,קולגייט,CN,מברשת שיניים קולגייט אופטיק וייט בודד,יחידה,1.00,יחידה,false,72,19.90,19.9000,true,1,60183
6001092500052,false,רוטב צאטני מקורי 470,TIGER CONSUMER BRAND,,רוטב צאטני מקורי 470 ג דרום אפריקה,גרמים,470.00,100 גרם,false,1,25.20,5.3617,true,1,5171
6001092500106,false,רוטב צאטני חריף 470,TIGER CONSUMER BRAND,,רוטב צאטני חריף 470 ג דרום אפריקה,גרמים,470.00,100 גרם,false,1,25.20,5.3617,true,1,5170
6001495062577,false,ליקר אמרולה 700 מל,,,משקה אמרולה 700 מל פקדון,מיליליטרים,700.00,"100 מ""ל",false,6,69.00,9.8571,true,1,49383
6001506003407,false,יין אאודה קאפ קלאסיק,"דרא""פ די.ג'י.בי DGB",,יין אאודה קאפ קלאסיק רוד 750 מל פיקדון,מיליליטרים,750.00,"100 מ""ל",false,1,35.00,4.6667,true,1,8739
6001506003902,false,יין אאודה קאפ שנין ב,"דרא""פ די.ג'י.בי DGB",,יין אאודה קאפ שנין בלאן 750 מל פיקדון,מיליליטרים,750.00,"100 מ""ל",false,1,35.00,4.6667,true,1,8740
6001506004343,false,יין לבן אאודה קאפ אל,"דרא""פ די.ג'י.בי DGB",,יין לבן אאודה קאפ אלגנט וויט 750מל פקדון,מיליליטרים,750.00,"100 מ""ל",false,1,35.00,4.6667,true,1,11441
6001506904544,false,יין ריב שאק דאגלאס ג,"דרא""פ די.ג'י.בי DGB",,יין ריב שאק דאגלאס גרין 750מל פקדון,מיליליטרים,750.00,"100 מ""ל",false,1,45.00,6.0000,true,1,15592
6002291000190,false,יין פייר ויו גוטס דו,,,יין פייר ויו גוטס דו רואם לבן 750 מל,מיליליטרים,750.00,"100 מ""ל",false,6,45.00,6.0000,true,1,50691
6002291000435,false,יין פייר ויו גוטס צד,,,יין פיירוויו גואטס דו רואם 2008 750מל פק,מיליליטרים,750.00,"100 מ""ל",false,1,45.00,6.0000,true,1,3281
6003105003178,false,ציר עוף מרוכז אינה פ,INA PAARMANS,ZA,ציר עוף מרוכז אינה פרמן 200 מל,מיליליטרים,200.00,"100 מ""ל",false,12,29.90,14.9500,true,1,16063
6003105003185,false,ציר בקר מרוכז אינה פ,INA PAARMANS,ZA,ציר בקר מרוכז אינה פרמן 200 מל,מיליליטרים,200.00,"100 מ""ל",false,12,29.90,14.9500,true,1,16062
6003105003192,false,ציר דגים מרוכז אינה,INA PAARMANS,ZA,ציר דגים מרוכז אינה פרמן 200 מל,מיליליטרים,200.00,"100 מ""ל",false,12,29.90,14.9500,true,1,20249
6003105003260,false,ציר ירקות מרוכז אינה,INA PAARMANS,ZA,ציר ירקות מרוכז אינה פרמן 200 מל,מיליליטרים,200.00,"100 מ""ל",false,12,29.90,14.9500,true,1,18145
6003770000168,false,רוטב ננדוס מדיום 250,NANDOS,,רוטב ננדוס פרי פרי מדיום 250 גר,גרמים,250.00,100 גרם,false,1,25.90,10.3600,true,1,25444
6003770000649,false,רוטב ננדוס שום 250 ג,NANDOS,,רוטב פרי פרי שום 250 גר,גרמים,250.00,100 גרם,false,1,25.90,10.3600,true,1,17947
6003770000663,false,רוטב ננדוס חריף 250,NANDOS,,רוטב פרי פרי חריף 250 גר,גרמים,250.00,100 גרם,false,1,25.90,10.3600,true,1,17946
6003770000670,false,רוטב ננדוס אקסטרא חר,NANDOS,,רוטב פרי פרי אקסטרא חריף 250 גר,גרמים,250.00,100 גרם,false,1,25.90,10.3600,true,1,17944
6003770002674,false,רוטב ננדוס אקס אקס ח,NANDOS,,רוטב פרי פרי אקס אקס חריף 250 גר,גרמים,250.00,100 גרם,false,1,25.90,10.3600,true,1,17945
6006507004798,false,מלח  ים אטלנטי מטחנה,cape herb and spices,ZA,מלח  ים אטלנטי מטחנה כאפ הרבס360 גרם,גרמים,360.00,100 גרם,false,1,17.90,4.9722,true,1,48633
6006507005016,false,תערובת טקסס סטייק 10,cape herb and spices,ZA,תערובת טקסס סטייק 100 גר,גרמים,100.00,100 גרם,false,6,19.90,19.9000,true,1,29886
6006507005757,false,תערובת קריביאן גרק כ,cape herb and spices,ZA,תערובת קריביאן גרק כאפ הרבס 100 גר,גרמים,100.00,100 גרם,false,6,21.90,21.9000,true,1,53471
6006507005771,false,תערובת קארי מדרס כאפ,cape herb and spices,ZA,תערובת קארי מדרס כאפ הרבס 100 גר,גרמים,100.00,100 גרם,false,6,21.90,21.9000,true,1,29883
6006507005788,false,תערובת מסלה כאפ הרבס,cape herb and spices,ZA,תערובת מסלה כאפ הרבס 100 גרם,גרמים,100.00,100 גרם,false,6,21.90,21.9000,true,1,29885
6006507005887,false,מלח מתובל במטחנה כאפ,cape herb and spices,ZA,מלח מתובל במטחנה כאפ הרבס240גרם,גרמים,240.00,100 גרם,false,1,21.90,9.1250,true,1,48634
6006507005924,false,מלח ופלפל שחור מטחנה,cape herb and spices,ZA,מלח ופלפל שחור מטחנה כאפ הרבס290 גרם,גרמים,290.00,100 גרם,false,1,21.90,7.5517,true,1,48632
6006507007454,false,תערובת לימון ועשבי ת,cape herb and spices,ZA,תערובת לימון ועשבי תיבול כאפ הרבס100 גרם,גרמים,100.00,100 גרם,false,1,21.90,21.9000,true,1,48627
6086142556418,false,עלי מורינגה טריים או,,,עלי מורינגה טריים אורגני,Unknown,0.00,Unknown,false,1,14.90,0.0000,true,1,59881
6086142556654,false,פטרוזיליה אורגנית,,,פטרוזיליה אורגנית,Unknown,0.00,Unknown,false,1,8.90,0.0000,true,1,49193
6086142556722,false,כוזברה אורגנית,,,כוזברה אורגנית,Unknown,0.00,Unknown,false,1,8.90,0.0000,true,1,49194
6086142556890,false,בזיליקום אורגני,,,בזיליקום אורגני,Unknown,0.00,Unknown,false,1,9.90,0.0000,true,1,49197
6086142556968,false,נענע אורגנית,,,נענע אורגנית,Unknown,0.00,Unknown,false,1,8.90,0.0000,true,1,49196
6086142557026,false,שמיר אורגני,,,שמיר אורגנית,Unknown,0.00,Unknown,false,1,8.90,0.0000,true,1,49195
6111094000242,false,קוסקוס דארי דק 500 ג,,,קוסקוס דק דארי מרוקאי 500 גר,גרמים,500.00,100 גרם,false,1,8.90,1.7800,true,1,9503
6910191800287,false,אצות נורי בלו 10 דפי,Nantong haida aquati,,אצות נורי בלו 10 דפים נגטונג,יחידה,1.00,יחידה,false,1,12.90,12.9000,true,1,13758
6912977000140,false,אטריות שעועית דקות 2,Yantai Yinsida Longk,,אטריות שעועית דקות 250 גר כשלפ,גרמים,200.00,100 גרם,false,1,8.90,4.4500,true,1,16046
6920036686235,false,אטריות סומן כתום 400,הנגזהו,,אטריות סומן כתום 400 גר,גרמים,400.00,100 גרם,false,1,6.00,1.5000,true,1,14820
6920354822193,false,משחת שיניים קולגייט,קולגייט פלמוליב,BR,משחת שיניים קולגייט נטורל 68מל הדרים אקל,Unknown,0.00,Unknown,false,48,31.90,0.0000,true,1,52541
6921052701001,false,אצות וואקמה 50 גרם,Qingdao Sun-growing,,אצות וואקמה 50 גרם,גרמים,50.00,100 גרם,false,1,11.90,23.8000,true,1,5791
6921655753216,false,צלחות עלי דקל חד פעמ,,IN,צלחות עלי דקל חד פעמי עגול  10אינץ 10יח,יחידה,10.00,יחידה,false,24,15.90,1.5900,true,1,56129
6922276100083,false,מחית וואסבי חזרת 43,Qingdao Sun-growing,,מחית וואסבי חזרת 43 גר,גרמים,43.00,100 גרם,false,1,9.90,23.0233,true,1,13400
6933960500089,false,רצועות דלעת כבושות ק,Qingdao Sun-growing,,רצועות דלעת כבושות קנפיו 100 גר,גרמים,100.00,100 גרם,false,1,13.90,13.9000,true,1,12307
6934731200078,false,אטריות נודלס דקות200,קינגדאון פרימה פודס,CN,אטריות נודלס דקות200 גרם,גרמים,180.00,100 גרם,false,1,6.90,3.8333,true,1,41086
6934731210138,false,אטריות נודלס עבות200,קינגדאון פרימה פודס,CN,אטריות נודלס עבות 200 גרם,גרמים,180.00,100 גרם,false,1,6.90,3.8333,true,1,41085
6936745600462,false,מירין יפני דאניינג 5,Qingdao Sun-growing,,מירין יפני דאניינג 500מל,מיליליטרים,500.00,"100 מ""ל",false,1,21.90,4.3800,true,1,12851
6936745600783,false,חומץ אורז דאניינג 50,Qingdao Sun-growing,,חומץ אורז דאניינג 500 מל,מיליליטרים,500.00,"100 מ""ל",false,1,14.90,2.9800,true,1,12850
6941156100166,false,מחית סויה  אדומה אקא,Qingdao Sun-growing,,מחית סויה  אדומה אקא מיסו 500 גר,גרמים,500.00,100 גרם,false,1,18.90,3.7800,true,1,13234
6954346572124,false,צופסטיקס 5 יח רב פעמ,Bamboo Forever Co. L,CN,צופסטיקס 5 יח רב פעמי במבוק,Unknown,0.00,Unknown,false,200,19.90,0.0000,true,1,49084
6974640730167,false,פטריות שיטאקה 100 ג,ZHEJIANG FOREST FOOD,,פטריות שיטאקה 100 ג,גרמים,100.00,100 גרם,false,1,19.90,19.9000,true,1,60024
6980983422645,false,שקיות זילוף חד פעמי,,,שקיות זילוף חד פעמי 10 יחידות,יחידה,10.00,יחידה,false,1,9.90,0.9900,true,1,43954
7038513829002,false,חוט דנטלי גורדון 50מ,JORDAN,,חוט דנטלי גורדון 50מטר,מטרים,50.00,מטר,false,1,19.90,0.3980,true,1,18831
7038513909117,false,קיסמי  שיניים  דקים,JORDAN,,קיסמי  שיניים  דקים במיוחד גורדון 140 יח,יחידה,140.00,יחידה,false,1,19.90,0.1421,true,1,18834
7038516825506,false,חוט דנטלי גורדון מתר,JORDAN,,חוט דנטלי גורדון מתרחב 25 מטר,מטרים,25.00,מטר,false,1,19.90,0.7960,true,1,18829
7038516830500,false,חוט דנטלי גורדון מחל,JORDAN,,חוט דנטלי גורדון מחליק בקלות 25 מטר,מטרים,25.00,מטר,false,1,19.90,0.7960,true,1,18830
7070646288615,false,חטיף חלבון מקס 100 ב,,IL,חטיף חלבון מקס 100 בוטנים כרמל,יחידה,1.00,יחידה,false,24,14.90,14.9000,true,1,53159
7209000683227,false,טחינת אלבאשא 450 גרם,,IL,טחינת אלבאשא 450 גרם,גרמים,450.00,100 גרם,false,24,12.90,2.8667,true,1,60908
7271730901261,false,תבשיל פסטה וואקי מאק,הנדריקס פודס,,תבשיל פסטה וואקי מאק אדום 156 גר,גרמים,156.00,100 גרם,false,1,11.90,7.6282,true,1,13726
7290000000607,false,אגס תפוח נאשי,,,אגס תפוח נאשי,קילוגרמים,1.00,"ק""ג",true,,15.90,15.9000,true,1,4389
7290000001000,false,דמי פקדון 0.30 שח,,,דמי פקדון 0.30 שח,Unknown,0.00,Unknown,false,1,0.30,0.0000,true,1,102
7290000001025,false,דמי פקדון 1.50 שח 5,,,דמי פקדון 1.50 שח 5 בקבוקים,Unknown,0.00,Unknown,false,1,1.50,0.0000,true,1,3202
7290000001030,false,דמי פקדון 1.80 שח שי,,,דמי פקדון 1.80 שח שישיה,Unknown,0.00,Unknown,false,1,1.80,0.0000,true,1,259
7290000001050,false,דמי פקדון 0.90 שח של,,,דמי פקדון 0.90 שח שלישיה,Unknown,0.00,Unknown,false,1,0.90,0.0000,true,1,5719
7290000004545,false,שתיה קרה בטעמים 1.5,,,שתיה קרה בטעמים 1.5 ל,ליטרים,1.50,ליטר,false,1,11.00,7.3333,true,1,422
7290000004747,false,בירה שחורה קרה בק אי,,,בירה שחורה קרה בק אישי,Unknown,0.00,Unknown,false,1,12.00,0.0000,true,1,572
7290000005379,false,בגט גבטה,,,בגט גבטה,Unknown,0.00,Unknown,false,1,6.90,0.0000,true,1,1173
7290000005777,false,שקית גופיה ידני 10 א,,,שקית גופיה ידני 10 אג,ליטרים,1.00,ליטר,false,1,0.10,0.1000,false,1,26014
7290000011000,false,שקית בד רב פעמית לוג,,,שקית בד רב פעמית לוגו סטופמרקט,Unknown,0.00,Unknown,false,1,5.00,0.0000,true,1,2394
7290000012000,false,צידנית סטופמרקט,,CN,צידנית סטופמרקט,Unknown,0.00,Unknown,false,1,10.00,0.0000,true,1,4079
7290000023083,false,ערק אשקלון 700 מל,,,ערק אשקלון 700 מל,מיליליטרים,700.00,"100 מ""ל",false,1,55.00,7.8571,true,1,16733
7290000023809,false,יין קלאסיק קברנה סוב,,,יין קלאסיק קברנה סובינון 750 מל פקדון,מיליליטרים,750.00,"100 מ""ל",false,1,35.00,4.6667,true,1,2175
7290000023816,false,יין קלאסיק אמרלדו רי,,,יין קלאסיק אמרלדו ריזילג 750 מל פקדון,מיליליטרים,750.00,"100 מ""ל",false,1,35.00,4.6667,true,1,2174
7290000023823,false,יין קלאסיק סובניון ב,,,יין קלאסיק סובניון בלאן 750 מל פקדון,מיליליטרים,750.00,"100 מ""ל",false,1,35.00,4.6667,true,1,2863
7290000023977,false,יין קלאסיק מרלו/פינו,,,יין קלאסיק מרלו/פינוטאז 750מל פקדון ברקן,מיליליטרים,750.00,"100 מ""ל",false,1,35.00,4.6667,true,1,2860
7290000024264,false,יין מרלו רזרב ברקן 7,,,יין מרלו רזרב ברקן 750 מל פקדון,מיליליטרים,750.00,"100 מ""ל",false,1,45.00,6.0000,true,1,3819
7290000034256,false,ביסקויט תירוש חצי מצ,,,ביסקויט תירוש חצי מצופה 175 ג,גרמים,175.00,100 גרם,false,1,6.90,3.9429,true,1,4763
7290000040042,false,יופלה  3% תות 150 גר,,,יופלה  3% תות 150 גר,גרמים,150.00,100 גרם,false,1,5.10,3.4000,true,1,1122
7290000040066,false,יופלה 3% דובדבן,,,יופלה 3% דובדבן,גרמים,150.00,100 גרם,false,1,5.10,3.4000,true,1,1119
7290000040080,false,יופלה 3% אפרסק 150 ג,,,יופלה 3% אפרסק 150 גר,גרמים,150.00,100 גרם,false,1,5.10,3.4000,true,1,1118
7290000040301,false,גב.קולאז קממבר עין ג,,,גב.קולאז קממבר עין גדי 125 גר,גרמים,125.00,100 גרם,false,1,20.90,16.7200,true,1,387
7290000040318,false,קולאז ברי 125 גרם,,,קולאז ברי 125 גרם,גרמים,125.00,100 גרם,false,1,20.90,16.7200,true,1,384
7290000040462,false,גבינת טוסטי אדם 200,,,גבינת טוסטי אדם 200 גרם,גרמים,200.00,100 גרם,false,1,19.50,9.7500,true,1,1305
7290000040974,false,חלב טרי דל לקטוז 1לי,,,חלב טרי דל לקטוז 1ליטר 2% שומן,ליטרים,1.00,ליטר,false,1,7.00,7.0000,true,1,10406
7290000041445,false,גבינת קוטג 5% בדץ 25,,,גבינת קוטג 5% בדץ 250 גרם,גרמים,250.00,100 גרם,false,1,5.80,2.3200,true,1,2093
7290000041452,false,גבינת קוטג 9% 250 גר,,,גבינת קוטג 9% 250 גרם בדץ,גרמים,250.00,100 גרם,false,1,5.90,2.3600,true,1,38417
7290000041858,false,שמנת חמוצה 15% מעושר,שטראוס,,שמנת חמוצה 15% מעושרת 200 מל,מיליליטרים,201.00,"100 מ""ל",false,1,2.60,1.2935,true,1,245
7290000041865,false,אשל 4.5% גביע 200 מל,,,אשל 4.5% גביע 200 מל,מיליליטרים,200.00,"100 מ""ל",false,1,2.30,1.1500,true,1,1618
7290000042008,false,חלב 3% שקית 1 ליטר**,,,חלב 3% שקית 1 ליטר***,ליטרים,1.00,ליטר,false,1,5.43,5.4300,true,1,1249
7290000042015,false,חלב 3% שקית 1 ליטר מ,,,חלב 3% שקית 1 ליטר מהדרין***,ליטרים,1.00,ליטר,false,1,5.43,5.4300,true,1,2083
7290000042022,false,חלב וניל 1% על הבוקר,,,חלב וניל 1% על הבוקר 1 ליטר קרטון,ליטרים,1.00,ליטר,false,1,8.60,8.6000,true,1,10
7290000042244,false,חלב 3% כד 2 ליטר***,,,חלב שתיה 3% כד 2 ליטר***,ליטרים,2.00,ליטר,false,1,12.46,6.2300,true,1,1248
7290000042435,false,חלב 1% קרטון 1 ליטר*,,,חלב 1% קרטון 1 ליטר***,ליטרים,1.00,ליטר,false,1,5.86,5.8600,true,1,1234
7290000042442,false,חלב 3% קרטון 1 ליטר*,,,חלב 3% קרטון 1 ליטר***,ליטרים,1.00,ליטר,false,1,6.23,6.2300,true,1,1237
7290000042503,false,חלב עמיד 3% קרטון 1,,,חלב עמיד 3% קרטון 1 ליטר,ליטרים,1.00,ליטר,false,1,8.00,8.0000,true,1,1241
7290000042640,false,חלב עמיד 3% קרטון 25,,,חלב עמיד 3% קרטון 250 מל,מיליליטרים,250.00,"100 מ""ל",false,1,3.00,1.2000,true,1,1247
7290000042855,false,שוקו יטבתה שקית 225,,,שוקו יטבתה שקית 225 מל,מיליליטרים,225.00,"100 מ""ל",false,1,3.00,1.3333,true,1,154
7290000043012,false,שוקו עמיד 250 מל,,,שוקו עמיד 250 מל,מיליליטרים,250.00,"100 מ""ל",false,1,5.10,2.0400,true,1,2085
7290000043111,false,חמאה רגילה 200 גרם,,,חמאה רגילה 200 גרם,גרמים,200.00,100 גרם,false,1,7.90,3.9500,true,1,1257
7290000043814,false,שמנת עמידה 38% לקצפת,,,שמנת עמידה 38% לקצפת 250 מל ***,גרמים,250.00,100 גרם,false,1,6.47,2.5880,true,1,250
7290000043890,false,משקה רוויון 1.5 % בק,,,משקה רוויון 1.5 % בקרטון 1 ל,ליטרים,1.00,ליטר,false,1,11.80,11.8000,true,1,2089
7290000044248,false,משקה רוויון 1.5% גבי,,,משקה רוויון 1.5% גביע 500  מל,מיליליטרים,500.00,"100 מ""ל",false,1,7.20,1.4400,true,1,293
7290000044712,false,פרילי תות 500 גרם,,,פרילי תות 500 גרם,גרמים,500.00,100 גרם,false,1,11.30,2.2600,true,1,637
7290000044880,false,באדי תות500 מל,,,באדי תות500 מל,מיליליטרים,500.00,"100 מ""ל",false,1,9.10,1.8200,true,1,1619
7290000045573,false,גבינה מותכת נעמה 200,,,גבינה מותכת נעמה 200 גרם,גרמים,200.00,100 גרם,false,1,15.60,7.8000,true,1,877
7290000045580,false,גבינה מותכת חורש 240,,,גבינה מותכת חורש 240 גרם,גרמים,240.00,100 גרם,false,1,18.90,7.8750,true,1,1219
7290000046020,false,גלבוע גבינה שמנה במש,,,גלבוע גבינה שמנה במשקל***,קילוגרמים,1.00,"ק""ג",true,,42.58,42.5800,true,1,1527
7290000046327,false,גלבוע פרוס 22% 200 ג,,,גלבוע פרוס 200 גרם,גרמים,200.00,100 גרם,false,18,13.20,6.6000,true,1,1528
7290000046563,false,קולאז פרמזן חריץ במש,,,קולאז פרמזן חריץ במשקל,קילוגרמים,1.00,"ק""ג",true,,139.00,139.0000,true,1,385
7290000047027,false,קולאז קצקבל גלעד במש,,,קולאז קצקבל גלעד במשקל,קילוגרמים,1.00,"ק""ג",true,,139.00,139.0000,true,1,389
7290000047034,false,קולאז רוקפור גליל במ,,,קולאז רוקפור גליל במשקל,קילוגרמים,1.00,"ק""ג",true,,139.00,139.0000,true,1,391
7290000047485,false,גבינה בולגרית במשקל,,,גבינה בולגרית במשקל,קילוגרמים,1.00,"ק""ג",true,,65.00,65.0000,true,1,1489
7290000047546,false,גבינת כנען 5% 500 גר,,,גבינת כנען 5% 500 גרם,גרמים,500.00,100 גרם,false,1,24.50,4.9000,true,1,1153
7290000047621,false,גבינה למריחה 5% 250,,,גבינה למריחה 5% 250 גר מהדרין***,גרמים,250.00,100 גרם,false,1,4.98,1.9920,true,1,2092
7290000048185,false,גבינה למריחה 5% 250,,,גבינה למריחה 5% 250 גרם***,גרמים,250.00,100 גרם,false,1,4.98,1.9920,true,1,1494
7290000048192,false,גבינה למריחה 9% 250,,,גבינה למריחה 9% 250 גרם,גרמים,250.00,100 גרם,false,1,5.10,2.0400,true,1,1493
7290000048307,false,גבינת קוטג 5% עם זית,,,גבינת קוטג 5% עם זיתים ירוקים 250 גרם,גרמים,250.00,100 גרם,false,1,5.90,2.3600,true,1,1508
7290000048413,false,גב.מלוחה חמד פיראוס,,,גב.מלוחה חמד פיראוס 250 גרם,גרמים,250.00,100 גרם,false,1,18.30,7.3200,true,1,1259
7290000048437,false,צפתית פיראוס 5% 200,,,צפתית פיראוס 5% 200 גרם,גרמים,200.00,100 גרם,false,1,15.30,7.6500,true,1,362
7290000049458,false,גבינה פטה עיזים 16%,,,גבינה פטה עיזים 16% פיראוס 250 גרם,גרמים,250.00,100 גרם,false,1,29.40,11.7600,true,1,1630
7290000050300,false,גבינה  5% למריחה 125,,,גבינה  5% למריחה 125 גרם***,גרמים,125.00,100 גרם,false,1,2.49,1.9920,true,1,17153
7290000050447,false,יוגורט יופלה תות 500,,,יוגורט יופלה תות 500 גר,גרמים,500.00,100 גרם,false,1,12.90,2.5800,true,1,8257
7290000050454,false,יוגורט יופלה אפרסק 5,,,יוגורט יופלה אפרסק 500 גר,גרמים,500.00,100 גרם,false,1,12.90,2.5800,true,1,8258
7290000051307,false,מארז הפסקת אוכל חלב+,,,"מארז הפסקת אוכל חלב+דגני עוגי 150 מ""ל",מיליליטרים,150.00,"100 מ""ל",false,1,8.90,5.9333,true,1,8701
7290000051352,false,חלב של פעם מלא 1 ל,,,חלב של פעם מלא 1 ל,ליטרים,1.00,ליטר,false,1,7.60,7.6000,true,1,8642
7290000051376,false,דיאט יופלה 0% אננס ס,,,דיאט יופלה 0% אננס ספורטיבי 150 גר,גרמים,150.00,100 גרם,false,1,5.10,3.4000,true,1,8941
7290000051710,false,לאבנה פיראוס עם שמן,,,לאבנה פיראוס עם שמן זית וזעתר 263 גר,גרמים,263.00,100 גרם,false,1,14.00,5.3232,true,1,8940
7290000052304,false,משקה מוקה שוק 340 מל,,,משקה מוקה שוק 340 מל בקבוק,מיליליטרים,340.00,"100 מ""ל",false,1,7.20,2.1176,true,1,9616
7290000052311,false,גב.עמק 15% פרוסה בקו,,,גב.עמק 15% פרוסה בקופסא 200 גרם,גרמים,200.00,100 גרם,false,1,16.60,8.3000,true,1,9780
7290000052649,false,לבנה 5% פיראוס 500 ג,,,לבנה 5% פיראוס 500 גר,גרמים,500.00,100 גרם,false,1,20.50,4.1000,true,1,9321
7290000053219,false,גבינה טל העמק שמנה ק,,,גבינה טל העמק שמנה קשה במשקל,קילוגרמים,1.00,"ק""ג",true,,65.00,65.0000,true,1,26009
7290000055015,false,גבינת פטה כבשים פירא,,,גבינת פטה כבשים פיראוס 250 גרם,גרמים,250.00,100 גרם,false,1,28.90,11.5600,true,1,10470
7290000055206,false,גבינה לבנה עם בצל מט,,,גבינה לבנה עם בצל מטוגן 5% 250גר,גרמים,250.00,100 גרם,false,1,6.00,2.4000,true,1,10756
7290000055329,false,משקה יוגורט יופלה תו,,,משקה יוגורט יופלה תות מלון 250 מל,מיליליטרים,250.00,"100 מ""ל",false,1,5.40,2.1600,true,1,10728
7290000055336,false,משקה יוגורט יופלה בנ,,,משקה יוגורט יופלה בננה אפרסק 250 מל,מיליליטרים,250.00,"100 מ""ל",false,1,5.40,2.1600,true,1,10729
7290000055343,false,משקה יוגורט יופלה טר,,,משקה יוגורט יופלה טרופי 250 מל,מיליליטרים,250.00,"100 מ""ל",false,1,5.40,2.1600,true,1,10730
7290000055350,false,עמק גבינה חצי שמנה ב,,,עמק גבינה חצי שמנה במשקל***,קילוגרמים,1.00,"ק""ג",true,,44.79,44.7900,true,1,13542
7290000055893,false,חמאה רגילה 200 גרם מ,,,חמאה רגילה 200 גרם מהדרין,גרמים,200.00,100 גרם,false,1,7.90,3.9500,true,1,39919
7290000056081,false,מאגדת 6 יח פרילי טבע,,,מאגדת 6 יח פרילי טבע 6*200 גר 25%הנחה,גרמים,1200.00,100 גרם,false,1,22.60,1.8833,true,1,10732
7290000056784,false,גבינת פטה כבשים במשק,,,גבינת פטה כבשים במשקל 5% שומן,קילוגרמים,1.00,"ק""ג",true,,119.00,119.0000,true,1,11697
7290000056845,false,חלב 3% קרטון 1.5 ליט,,,חלב 3% קרטון 1.5 ליטר***,ליטרים,1.50,ליטר,false,1,9.34,6.2267,true,1,11912
7290000056883,false,מאגדת 8 יופלה פירות,,,מאגדת 8 יופלה פירות 1.2  קג,קילוגרמים,1.20,"ק""ג",false,1,30.90,25.7500,true,1,11340
7290000056890,false,מאגדת דיאט יופלה שמי,,,מאגדת דיאט יופלה שמינייה 150 גר,קילוגרמים,1.20,"ק""ג",false,1,30.90,25.7500,true,1,11453
7290000056906,false,מאגדת יופלה לבן 1.5%,,,"מאגדת יופלה לבן 1.5% שמיניה 1.2 ק""ג",קילוגרמים,1.20,"ק""ג",false,1,17.60,14.6667,true,1,11386
7290000056951,false,שמנת לבישול 15% 500מ,,,שמנת לבישול 15% 500מל אריזת פקק,מיליליטרים,500.00,"100 מ""ל",false,1,16.40,3.2800,true,1,11999
7290000056968,false,שמנת מתוקה 38% להקצפ,,,שמנת מתוקה 38% להקצפה 500 מל***,מיליליטרים,500.00,"100 מ""ל",false,1,12.94,2.5880,true,1,12000
7290000057088,false,גבינת עמק דק 200 גר,,,גבינת עמק דק 200 גר,גרמים,200.00,100 גרם,false,1,16.60,8.3000,true,1,11910
7290000057118,false,עמק פרוסות 400 גרם ס,,,עמק פרוסות 400 גרם סמי מעדניה,גרמים,400.00,100 גרם,false,1,22.70,5.6750,true,1,11831
7290000057132,false,יוגורט 1.5% 200 גר,,,יוגורט 1.5% 200 גר,גרמים,200.00,100 גרם,false,1,3.10,1.5500,true,1,11801
7290000057149,false,יוגורט 3% 200 גר,,,יוגורט 3% 200 גר,גרמים,200.00,100 גרם,false,1,3.10,1.5500,true,1,11802
7290000057552,false,דיאט יופלה עוגת גבינ,,,דיאט יופלה עוגת גבינה ותות 0% 150גר,גרמים,150.00,100 גרם,false,1,5.10,3.4000,true,1,12911
7290000058047,false,שמנת מתוקה 38% להקצפ,,,שמנת מתוקה 38% להקצפה 500 מל***בדץ,מיליליטרים,500.00,"100 מ""ל",false,1,12.94,2.5880,true,1,43110
7290000058580,false,שלגון קוקילידה וניל,נסטלה,IL,שלגון קוקילידה וניל,יחידה,1.00,יחידה,false,28,11.00,11.0000,true,1,26750
7290000060071,false,חטיפי פריכונים טעם ט,פרח תעשיות,,חטיפי פריכונים טעם טבעי 80 ג,גרמים,80.00,100 גרם,false,1,7.90,9.8750,true,1,2396
7290000060088,false,בייגלה מקלות מלוחים,"אסם תעשיות בע""מ",,בייגלה מקלות מלוחים 400 גר,גרמים,400.00,100 גרם,false,1,11.50,2.8750,true,1,1409
7290000060156,false,איטריות ביצים דקיקות,"אסם תעשיות בע""מ",,איטריות ביצים דקיקות 200 גרם,גרמים,200.00,100 גרם,false,1,7.90,3.9500,true,1,1561
7290000060200,false,פתיתים אפויים אוסם ק,"אסם תעשיות בע""מ",,פתיתים אפויים אוסם קוסקוס 500 גרם,גרמים,500.00,100 גרם,false,1,7.90,1.5800,true,1,324
7290000060217,false,מקרוני אסם 500 גרם,זארה,,פסטה מקרוני אסם 500 גרם,גרמים,500.00,100 גרם,false,1,6.50,1.3000,true,1,529
7290000060316,false,ספגטי פרפקטו 500 ג,זארה,,ספגטי פרפקטו 500 ג,גרמים,500.00,100 גרם,false,1,7.50,1.5000,true,1,297
7290000060323,false,פסטה פרפקטו-ספגטיני,זארה,,פסטה פרפקטו-ספגטיני 500 גרם,גרמים,500.00,100 גרם,false,1,7.50,1.5000,true,1,298
7290000060330,false,פסטה פרפקטו ספירלי 5,זארה,,פסטה פרפקטו ספירלי 500 גרם,גרמים,500.00,100 גרם,false,1,7.50,1.5000,true,1,299
7290000060408,false,פתיתים אפויים אוסם ט,"אסם תעשיות בע""מ",,פתיתים אפויים אוסם טבעות 500 גרם,גרמים,500.00,100 גרם,false,1,7.90,1.5800,true,1,322
7290000060538,false,פסטה פרפקטו-פתיתים נ,זארה,,פסטה פרפקטו-פתיתים ניוקי 500 גרם,גרמים,500.00,100 גרם,false,1,7.50,1.5000,true,1,301
7290000060576,false,פתיתים אפויים אוסם כ,"אסם תעשיות בע""מ",,פתיתים אפויים אוסם כוכבים 500 גרם,גרמים,500.00,100 גרם,false,1,7.90,1.5800,true,1,323
7290000060781,false,פסטה אסם מסולסל 500,זארה,,פסטה אסם מסולסל 500 גרם,גרמים,500.00,100 גרם,false,1,6.50,1.3000,true,1,531
7290000060811,false,טילון אקסטרים מטבע ש,,,טילון אקסטרים מטבע שוקולד פליק,יחידה,1.00,יחידה,false,1,12.00,12.0000,true,1,43386
7290000060828,false,פסטה אסם קרניים בנונ,זארה,,פסטה אסם קרניים בנוניות 500 גרם,גרמים,500.00,100 גרם,false,1,6.50,1.3000,true,1,534
7290000060842,false,פסטה אסם צדפים גדולי,זארה,,פסטה אסם צדפים גדולים 500 גרם,גרמים,500.00,100 גרם,false,1,6.50,1.3000,true,1,532
7290000060859,false,פסטה אסם צדפים קטנים,זארה,,פסטה אסם צדפים קטנים 500 גרם,גרמים,500.00,100 גרם,false,1,6.50,1.3000,true,1,533
7290000060880,false,ספגטי אוסם 500 גרם,זארה,,פסטה אסם ספגטי 500 גרם,גרמים,500.00,100 גרם,false,1,6.50,1.3000,true,1,530
7290000060903,false,פתיתים אפויים אוסם א,"אסם תעשיות בע""מ",,פתיתים אפויים אוסם אורז 500 גרם,גרמים,500.00,100 גרם,false,1,7.90,1.5800,true,1,321
7290000060958,false,אטריות אסם בינוניות,"אסם תעשיות בע""מ",,אטריות אסם בינוניות 400 גרם,גרמים,400.00,100 גרם,false,1,7.50,1.8750,true,1,1065
7290000060965,false,אטריות אסם רחבות 400,"אסם תעשיות בע""מ",,אטריות אסם רחבות 400 גרם,גרמים,400.00,100 גרם,false,1,7.50,1.8750,true,1,1068
7290000060972,false,אטריות אסם  דקיקות 4,זארה,,אטריות אסם  דקיקות 400 גרם,גרמים,400.00,100 גרם,false,1,7.50,1.8750,true,1,1067
7290000061061,false,קרקר בצל 250 גרם,"אסם תעשיות בע""מ",,קרקר בצל 250 גרם,גרמים,250.00,100 גרם,false,1,10.90,4.3600,true,1,2520
7290000061085,false,רוטב צילי מתוק 290 מ,"אסם תעשיות בע""מ",,רוטב צילי מתוק 290 מל,מיליליטרים,290.00,"100 מ""ל",false,1,11.90,4.1034,true,1,2371
7290000061108,false,רוטב טריאקי 290 מל,"אסם תעשיות בע""מ",,רוטב טריאקי 290 מל,מיליליטרים,290.00,"100 מ""ל",false,1,11.90,4.1034,true,1,2370
7290000061214,false,פתיתים אפויים אוסם ק,"אסם תעשיות בע""מ",,פתיתים אפויים אוסם קוסקוס בצל500ג,גרמים,500.00,100 גרם,false,1,7.90,1.5800,true,1,8449
7290000061245,false,עוגיות שוקוציפס ממול,"אסם תעשיות בע""מ",,עוגיות שוקוציפס ממולאות 220 גרם,גרמים,220.00,100 גרם,false,1,12.00,5.4545,true,1,2959
7290000061283,false,שקדי מרק אוסם 400 גר,"אסם תעשיות בע""מ",,שקדי מרק אוסם 400 גרם+25% חינם,גרמים,500.00,100 גרם,false,1,12.90,2.5800,true,1,2356
7290000061450,false,פתיתים  אפויים אוסם,"אסם תעשיות בע""מ",,פתיתים  אפויים אוסם שלושה צבעים500ג,גרמים,500.00,100 גרם,false,1,7.90,1.5800,true,1,8450
7290000061764,false,נסקפה רד מאג 200 גרם,נסטלה ספרד קפה,,נסקפה רד מאג 200 גרם,גרמים,200.00,100 גרם,false,1,22.90,11.4500,true,1,197
7290000062952,false,מיני קרוטונים למרק ו,עינת,,מיני קרוטונים למרק וסלט אסם  250 גר,גרמים,250.00,100 גרם,false,1,15.90,6.3600,true,1,7460
7290000063102,false,קמח תופח מאליו אסם 3,"אסם תעשיות בע""מ",,קמח תופח מאליו אסם 350 גר,גרמים,350.00,100 גרם,false,1,5.30,1.5143,true,1,205
7290000063140,false,שקדי מרק אסם 400 גר,"אסם תעשיות בע""מ",,שקדי מרק אסם 400 גר,גרמים,400.00,100 גרם,false,1,12.90,3.2250,true,1,89
7290000063157,false,קמח תופח  אסם 1 קג,"אסם תעשיות בע""מ",,קמח תופח מאליו אסם 1 קג,קילוגרמים,1.00,"ק""ג",false,1,9.90,9.9000,true,1,204
7290000064758,false,קוסקוס אסם  אמיתי בש,קוסקוס,,קוסקוס אסם  אמיתי בשקית 350 גרם,גרמים,350.00,100 גרם,false,1,7.90,2.2571,true,1,418
7290000064871,false,מנה חמה אסם פירה בצל,"אסם תעשיות בע""מ",,מנה חמה אסם פירה בצל 56 גרם,גרמים,56.00,100 גרם,false,1,6.90,12.3214,true,1,2696
7290000065090,false,מיני קרוטונים למרק ו,עינת,,מיני קרוטונים למרק ולסלט אסם 400 גר,גרמים,400.00,100 גרם,false,1,24.90,6.2250,true,1,922
7290000065335,false,מנה חמה אסם פירה ויר,"אסם תעשיות בע""מ",,מנה חמה אסם פירה וירקות 55 גר,Unknown,0.00,Unknown,false,1,6.90,0.0000,true,1,988
7290000065540,false,מנה חמה אסם אטריות מ,"אסם תעשיות בע""מ",,מנה חמה אסם אטריות מוקרמת 55 גר,Unknown,0.00,Unknown,false,1,6.90,0.0000,true,1,981
7290000065557,false,מנה חמה קוסקוס ירקות,"אסם תעשיות בע""מ",,מנה חמה קוסקוס ירקות ר.ט.84גר,Unknown,0.00,Unknown,false,1,6.90,0.0000,true,1,990
7290000065977,false,חטיפי פריכונים תירס,פרח תעשיות,,חטיפי פריכונים תירס ושומשום 80 ג,גרמים,80.00,100 גרם,false,1,7.90,9.8750,true,1,9577
7290000066134,false,חטיף ביסלי פלאפל 70,"אסם תעשיות בע""מ",,חטיף ביסלי פלאפל 70 גרם,Unknown,0.00,Unknown,false,1,4.50,0.0000,true,1,1419
7290000066141,false,חטיף ביסלי גריל 70 ג,"אסם תעשיות בע""מ",,חטיף ביסלי גריל 70 גרם,Unknown,0.00,Unknown,false,1,4.50,0.0000,true,1,1415
7290000066172,false,חטיף ביסלי פיצה 70 ג,"אסם תעשיות בע""מ",,חטיף ביסלי פיצה 70 גרם,Unknown,0.00,Unknown,false,1,4.50,0.0000,true,1,1417
7290000066196,false,חטיף ביסלי גריל 200,"אסם תעשיות בע""מ",,חטיף ביסלי גריל 200 גר,גרמים,200.00,100 גרם,false,1,9.10,4.5500,true,1,1414
7290000066226,false,חטיף ביסלי פיצה 200,"אסם תעשיות בע""מ",,חטיף ביסלי פיצה 200 גר,גרמים,200.00,100 גרם,false,1,9.10,4.5500,true,1,1416
7290000066264,false,חטיף תפוא דובונים 40,"אסם תעשיות בע""מ",,חטיף תפוא דובונים 40 גר,Unknown,0.00,Unknown,false,1,4.90,0.0000,true,1,1345
7290000066295,false,במבה תות 30 גרם,"אסם תעשיות בע""מ",,במבה תות 30 גרם,Unknown,0.00,Unknown,false,1,3.00,0.0000,true,1,1432
7290000066318,false,חטיף במבה 80 גרם,"אסם תעשיות בע""מ",,חטיף במבה 80 גרם,Unknown,0.00,Unknown,false,1,5.00,0.0000,true,1,1429
7290000066332,false,חטיף אפרופו 50 גר,"אסם תעשיות בע""מ",,חטיף תירס אפרופו 50 גר,Unknown,0.00,Unknown,false,1,5.00,0.0000,true,1,1599
7290000066349,false,חטיף תירס אפרופו 100,"אסם תעשיות בע""מ",,חטיף תירס אפרופו 100 גרם,גרמים,100.00,100 גרם,false,1,9.00,9.0000,true,1,1597
7290000066431,false,פופקו חטיף תירס בחמא,"אסם תעשיות בע""מ",,פופקו חטיף תירס בחמאה דבש 80 ג,Unknown,0.00,Unknown,false,1,5.60,0.0000,true,1,457
7290000067070,false,עוגיות מיני ממולאות,"אסם תעשיות בע""מ",,עוגיות מיני ממולאות שוקולד 300 ג,גרמים,300.00,100 גרם,false,1,11.90,3.9667,true,1,614
7290000067407,false,פירורית מתובלת 200 ג,עינת,,פירורית מתובלת 200 גרם,גרמים,200.00,100 גרם,false,1,6.50,3.2500,true,1,489
7290000067537,false,חטיף ביסלי גריל 70 ג,,,חטיף ביסלי גריל 70 גר כשלפ,Unknown,0.00,Unknown,false,1,4.50,0.0000,true,1,8197
7290000067568,false,חטיף ביסלי ברביקיו 7,"אסם תעשיות בע""מ",,חטיף ביסלי ברביקיו 70 גר כשלפ,Unknown,0.00,Unknown,false,1,4.50,0.0000,true,1,8199
7290000067599,false,מנה חמה אסם ספגטי בו,"אסם תעשיות בע""מ",,מנה חמה אסם ספגטי בולונז 65 גר,גרמים,65.00,100 גרם,false,1,6.90,10.6154,true,1,986
7290000067742,false,אינסטנט פודינג וניל,"אסם תעשיות בע""מ",,אינסטנט פודינג וניל 80 גר כשלפ,גרמים,80.00,100 גרם,false,1,6.00,7.5000,true,1,8195
7290000068138,false,אינסטנט פודינג וניל,"אסם תעשיות בע""מ",,אינסטנט פודינג וניל אסם 80 גר,גרמים,80.00,100 גרם,false,1,6.00,7.5000,true,1,1565
7290000068190,false,גלי אסם תות שדה 85 ג,"אסם תעשיות בע""מ",,גלי אסם תות שדה צבעים טבעיים 85 גר,גרמים,85.00,100 גרם,false,1,6.90,8.1176,true,1,1472
7290000068237,false,גלי אסם פטל 85 גר,"אסם תעשיות בע""מ",,גלי אסם  פטל צבעים טבעיים 85 גר בקופסא,גרמים,85.00,100 גרם,false,1,6.90,8.1176,true,1,1471
7290000068251,false,גלי אסם אננס 85 גר,"אסם תעשיות בע""מ",,גלי אסם אננס צבעים טבעיים 85 גר בקופסא,גרמים,85.00,100 גרם,false,1,6.90,8.1176,true,1,1469
7290000068343,false,פריכונים מאורז מלא 1,פרח תעשיות,,פריכונים מאורז מלא 140 גר,גרמים,140.00,100 גרם,false,1,7.90,5.6429,true,1,32
7290000068701,false,שקדי מרק  אסם במיכל,"אסם תעשיות בע""מ",,שקדי מרק  אסם במיכל 400 גרם,גרמים,400.00,100 גרם,false,1,16.90,4.2250,true,1,90
7290000068770,false,חטיף במבה יום הולדת,"אסם תעשיות בע""מ",,חטיף במבה יום הולדת 80 גרם,גרמים,80.00,100 גרם,false,1,5.00,6.2500,true,1,1431
7290000068787,false,במבה יום הולדת 25 גר,"אסם תעשיות בע""מ",,במבה יום הולדת 25 גרם,גרמים,25.00,100 גרם,false,1,2.80,11.2000,true,1,1430
7290000069258,false,פסטה פרפקטו-פנה ריגא,זארה,,פסטה פרפקטו-פנה ריגאטה 500 גרם,גרמים,500.00,100 גרם,false,1,7.50,1.5000,true,1,300
7290000069364,false,פריכוני אורז מלא ללא,פרח תעשיות,,פריכוני אורז מלא ללא מלח וסוכר 140 גר,גרמים,140.00,100 גרם,false,1,7.90,5.6429,true,1,635
7290000069715,false,חטיפי קרקר מלוח 300,"אסם תעשיות בע""מ",,חטיפי קרקר מלוח 300 ג,גרמים,300.00,100 גרם,false,1,10.90,3.6333,true,1,8447
7290000069968,false,קמח עוגה תופח מאליו,"אסם תעשיות בע""מ",,קמח עוגה תופח מאליו 200 גר כשלפ,גרמים,200.00,100 גרם,false,1,7.90,3.9500,true,1,2046
7290000070308,false,מרק עוף אמיתי 400 גר,"אסם תעשיות בע""מ",,אבקת מרק עוף אמיתי 400 גר,גרמים,400.00,100 גרם,false,1,20.90,5.2250,true,1,1690
7290000070322,false,אבקת מרק פטריות 400,"אסם תעשיות בע""מ",,אבקת מרק פטריות ר. טבעיים  400 גר אסם,גרמים,400.00,100 גרם,false,1,25.90,6.4750,true,1,1691
7290000070353,false,אבקת מרק בצל ר.טבעיי,"אסם תעשיות בע""מ",,אבקת מרק בצל ר.טבעיים  400 גר אסם,גרמים,400.00,100 גרם,false,1,25.90,6.4750,true,1,1688
7290000070384,false,מרק עדיף 400 גרם,"אסם תעשיות בע""מ",,מרק עדיף 400 גרם,גרמים,400.00,100 גרם,false,1,15.90,3.9750,true,1,1689
7290000071008,false,בייגלה שטוחים מלוח 6,"אסם תעשיות בע""מ",,בייגלה שטוחים מלוח 60 גר,גרמים,60.00,100 גרם,false,1,3.80,6.3333,true,1,10261
7290000072067,false,חטיף במבה במילוי חלב,"אסם תעשיות בע""מ",,חטיף במבה במילוי חלבה 60 גר,גרמים,60.00,100 גרם,false,1,5.00,8.3333,true,1,9119
7290000072241,false,רוטב פיצה 290 מל,"אסם תעשיות בע""מ",,רוטב פיצה 290 מל,מיליליטרים,290.00,"100 מ""ל",false,1,11.90,4.1034,true,1,113
7290000072333,false,לחמניית דגנים,בונז'ור,,לחמניית דגנים,גרמים,100.00,100 גרם,false,1,3.20,3.2000,true,1,8635
7290000072623,false,קטשופ אוסם לחיץ 750,"אסם תעשיות בע""מ",,קטשופ אוסם לחיץ 750 גר,גרמים,750.00,100 גרם,false,1,10.90,1.4533,true,1,442
7290000072630,false,קטשופ אוסם לחיץ חריף,"אסם תעשיות בע""מ",,קטשופ לחיץ חריף 750 גר,גרמים,750.00,100 גרם,false,1,11.90,1.5867,true,1,443
7290000072753,false,נסקפה טסטר צויס 200,נסטלה קוריאה - קפה,,נסקפה טסטר צויס 200 גרם,גרמים,200.00,100 גרם,false,1,33.90,16.9500,true,1,1096
7290000072760,false,קפה נמס טסטר צויס 10,נסטלה קוריאה - קפה,,קפה נמס טסטר צויס 100 ג,גרמים,100.00,100 גרם,false,1,25.90,25.9000,true,1,1095
7290000072777,false,קפה נמס טסטר צויס נט,נסטלה קוריאה - קפה,,קפה נמס טסטר צויס נטול קופאין 200 ג,גרמים,200.00,100 גרם,false,1,44.90,22.4500,true,1,1094
7290000072784,false,קפה נמס טסטר צויס נט,נסטלה קוריאה - קפה,,קפה נמס טסטר צויס נטול קפאין 100 גר,גרמים,100.00,100 גרם,false,1,29.90,29.9000,true,1,1093
7290000072968,false,דגני סיני מיניס קינמ,נסטלה פולין דגני בוק,,דגני בוקר סיני מיניס קינמון 500 גרם,גרמים,500.00,100 גרם,false,1,22.90,4.5800,true,1,738
7290000073125,false,מנה חמה פסטה עם עגבנ,"אסם תעשיות בע""מ",,מנה חמה פסטה עם עגבניות ר.ט.62 גר,Unknown,0.00,Unknown,false,1,6.90,0.0000,true,1,982
7290000073699,false,סלט חומוס צבר150 גרם,צבר,,סלט חומוס צבר150 גרם,גרמים,150.00,100 גרם,false,1,5.40,3.6000,true,1,616
7290000073750,false,מנה חמה נודלס ירקות,טאי רזידנט,,מנה חמה אסם נודלס+ ירקות ט.עוף 70 גר,גרמים,70.00,100 גרם,false,1,6.90,9.8571,true,1,985
7290000073767,false,מנה חמה נודלס ירקות,טאי רזידנט,,מנה חמה אסם  נודלס ירקות ט. בקר 70 גר,גרמים,70.00,100 גרם,false,1,6.90,9.8571,true,1,987
7290000073774,false,מנה חמה נודלס אטריות,טאי רזידנט,,מנה חמה אסם נודלס אטר.יירק ט.צילי 70 גר,גרמים,70.00,100 גרם,false,1,6.90,9.8571,true,1,983
7290000074153,false,ביסקויט פתי בר שוקו,"אסם תעשיות בע""מ",,ביסקויט פתי בר שוקו 500 גר,גרמים,500.00,100 גרם,false,1,12.90,2.5800,true,1,314
7290000074184,false,ביסקויט פתי בר קלאסי,"אסם תעשיות בע""מ",,ביסקויט פתי בר קלאסי 500 גר,גרמים,500.00,100 גרם,false,1,11.90,2.3800,true,1,311
7290000074245,false,קרם קרקר 250 גרם,"אסם תעשיות בע""מ",,קרם קרקר 250 גרם,גרמים,250.00,100 גרם,false,1,9.90,3.9600,true,1,270
7290000074252,false,קרקר שומשום  250 גרם,"אסם תעשיות בע""מ",,קרקר שומשום  250 גרם,גרמים,250.00,100 גרם,false,1,8.90,3.5600,true,1,282
7290000074276,false,קרקר פיקנטי 250 גרם,"אסם תעשיות בע""מ",,קרקר טבעון פיקנטי 250 גרם,גרמים,250.00,100 גרם,false,1,9.90,3.9600,true,1,1276
7290000074375,false,קרקר זהב 150 גרם,"אסם תעשיות בע""מ",,קרקר זהב 150 גרם,גרמים,150.00,100 גרם,false,1,6.90,4.6000,true,1,280
7290000074481,false,לחמית אגוזים 160 גר,"אסם תעשיות בע""מ",,לחמית אגוזים 160 גר,גרמים,160.00,100 גרם,false,1,10.90,6.8125,true,1,11611
7290000075204,false,לחמית חיטה מלאה 250,"אסם תעשיות בע""מ",,לחמית חיטה מלאה 250 גר,גרמים,250.00,100 גרם,false,1,9.50,3.8000,true,1,1022
7290000075693,false,עוגת הבית שמרים בריו,"אסם תעשיות בע""מ",,עוגת הבית שמרים בריוש שוקולד 360 ג,גרמים,360.00,100 גרם,false,1,16.90,4.6944,true,1,8975
7290000076126,false,בייגלה שמניות 80 גר,"אסם תעשיות בע""מ",,בייגלה שמניות 80 גר,גרמים,80.00,100 גרם,false,1,3.80,4.7500,true,1,1401
7290000076133,false,בייגלה שמיניות קטנות,"אסם תעשיות בע""מ",,בייגלה שמיניות קטנות 400 גר,גרמים,400.00,100 גרם,false,1,11.50,2.8750,true,1,1400
7290000076645,false,טוסטעים פת קלויה ח.מ,ון-דר-מולן,,טוסטעים פת קלויה ח.מלאה 100 גר,גרמים,100.00,100 גרם,false,1,10.50,10.5000,true,1,9350
7290000077017,false,עוגיות קרמוגית במילו,"אסם תעשיות בע""מ",,עוגיות קרמוגית במילוי שוקולד 200 גרם,גרמים,200.00,100 גרם,false,1,12.00,6.0000,true,1,272
7290000077253,false,לחמית כפרית 190 גר,"אסם תעשיות בע""מ",,לחמית כפרית 190 גר,גרמים,190.00,100 גרם,false,1,10.90,5.7368,true,1,9702
7290000078212,false,קרוטונים מתובלים אסם,עינת,,קרוטונים מתובלים אסם 250 גרם,גרמים,250.00,100 גרם,false,1,15.90,6.3600,true,1,253
7290000078762,false,חטיפי פריכונים מאורז,הרטו בלגיה,,חטיפי פריכונים מאורז מלא דבש 80 ג,גרמים,80.00,100 גרם,false,1,7.90,9.8750,true,1,2397
7290000079233,false,קרם קרקר דל נתרן 250,"אסם תעשיות בע""מ",,קרם קרקר דל נתרן 250 גרם,גרמים,250.00,100 גרם,false,1,10.90,4.3600,true,1,271
7290000080758,false,טוסטעים פת קלויה 100,ון-דר-מולן,,טוסטעים פת קלויה 100 גרם,גרמים,100.00,100 גרם,false,1,10.50,10.5000,true,1,1306
7290000080765,false,טוסטעים פת קלויה&שומ,ון-דר-מולן,,טוסטעים פת קלויה&שומשום 100 גרם,גרמים,100.00,100 גרם,false,1,10.50,10.5000,true,1,1307
7290000081663,false,בייגלה טבעות שומשום,"אסם תעשיות בע""מ",,בייגלה טבעות שומשום 300 גר,גרמים,300.00,100 גרם,false,1,11.50,3.8333,true,1,1408
7290000085159,false,פירורי פתיבר לאפיה 2,גטניו,IL,פירורי פתיבר לאפיה 250 גר גטניו,גרמים,250.00,100 גרם,false,1,6.90,2.7600,true,1,52016
7290000100029,false,פתיתי כרובית 800 גרם,סנפרוסט,IL,פתיתי כרובית 800 גרם סנפרוסט,גרמים,800.00,100 גרם,false,8,22.90,2.8625,true,1,37561
7290000100036,false,פתיתי ברוקולי 800 גר,סנפרוסט,IL,פתיתי ברוקולי 800 גרם סנפרוסט,גרמים,800.00,100 גרם,false,8,22.90,2.8625,true,1,37560
7290000100135,false,דובדבן קפוא 300 גרם,סנפרוסט,,דובדבן קפוא 300 גרם סנפרוסט,גרמים,300.00,100 גרם,false,1,14.90,4.9667,true,1,37559
7290000100296,false,תערובת שייק תות בננה,סנפרוסט,,תערובת שייק תות בננה סמוטיז 300גר,גרמים,300.00,100 גרם,false,1,14.90,4.9667,true,1,41867
7290000100302,false,פול ירוק קלוף 600 גר,סנפרוסט,IL,פול ירוק קלוף 600 גרם,גרמים,600.00,100 גרם,false,1,25.00,4.1667,true,1,40325
7290000100593,false,פרוסות אנטיפסטי לתנו,סנפרוסט,,פרוסות אנטיפסטי לתנור 600גר,גרמים,600.00,100 גרם,false,1,22.90,3.8167,true,1,45264
7290000100609,false,קוביות אנטיפסטי להקפ,סנפרוסט,,קוביות אנטיפסטי להקפצה 600גר,גרמים,600.00,100 גרם,false,1,22.90,3.8167,true,1,45265
7290000101132,false,לקט לחמין 800 גרם סנ,,,לקט לחמין 800 גרם סנפרוסט,גרמים,800.00,100 גרם,false,1,22.90,2.8625,true,1,1338
7290000101927,false,אוכמניות כחולות קפוא,סנפרוסט,IL,אוכמניות כחולות קפואות 300 גרם סנפרוסט,גרמים,300.00,100 גרם,false,,14.90,4.9667,true,1,28330
7290000101934,false,מיקס פירות יער קפוא,סנפרוסט,IL,מיקס פירות יער קפוא 300 גרם סנפרוסט,גרמים,300.00,100 גרם,false,,14.90,4.9667,true,1,28318
7290000101941,false,אננס קפוא 300 גרם סנ,סנפרוסט,IL,אננס קפוא 300 גרם סנפרוסט,גרמים,300.00,100 גרם,false,,14.90,4.9667,true,1,28320
7290000101958,false,מנגו קפוא 300 גרם סנ,סנפרוסט,IL,מנגו קפוא 300 גרם סנפרוסט,גרמים,300.00,100 גרם,false,,14.90,4.9667,true,1,28319
7290000101989,false,דובדבן חמוץ 300 גרם,סנפרוסט,,דובדבן חמוץ 300 גרם סנפרוסט,גרמים,300.00,100 גרם,false,1,14.90,4.9667,true,1,41413
7290000103365,false,מרק ירקות 560 גר סנפ,סנפרוסט,,מרק ירקות 560 גר סנפרוסט,גרמים,560.00,100 גרם,false,1,16.90,3.0179,true,1,12805
7290000103433,false,לקט ירקות לתנור 800,סנפרוסט,,לקט ירקות לתנור 800 גרם סנפרוסט,גרמים,800.00,100 גרם,false,1,22.90,2.8625,true,1,24358
7290000103457,false,מיני כרובית 600 גרם,סנפרוסט,,מיני כרובית 600 גרם,גרמים,600.00,100 גרם,false,1,16.90,2.8167,true,1,23319
7290000103471,false,מיני ברוקלי 600 גרם,סנפרוסט,,מיני ברוקלי 600 גרם,גרמים,600.00,100 גרם,false,1,16.90,2.8167,true,1,22135
7290000103488,false,ארטישוק ירושלמי 400,סנפרוסט,,ארטישוק ירושלמי 400 גרם סנפרוסט,גרמים,400.00,100 גרם,false,1,22.90,5.7250,true,1,24360
7290000103730,false,לקט להקפצה עם פסטה פ,סנפרוסט,,לקט להקפצה עם פסטה פוזילי 800 ג,גרמים,800.00,100 גרם,false,1,24.50,3.0625,true,1,9283
7290000103815,false,לקט בסגנון תאילנדי ל,סנפרוסט,,לקט בסגנון תאילנדי להקפצה 800 גר,גרמים,800.00,100 גרם,false,1,24.50,3.0625,true,1,11018
7290000103822,false,לקט לעוף 800 ג,סנפרוסט,,לקט לעוף 800 ג,גרמים,800.00,100 גרם,false,1,22.90,2.8625,true,1,11220
7290000103839,false,מרק כתום 572 גר סנפר,סנפרוסט,,מרק כתום 572 גר סנפרוסט,גרמים,572.00,100 גרם,false,1,16.90,2.9545,true,1,11255
7290000103846,false,מרק אפונה 572 גר סנפ,סנפרוסט,,מרק אפונה 572 גר סנפרוסט,גרמים,572.00,100 גרם,false,1,16.90,2.9545,true,1,11254
7290000103860,false,מרק עדשים 572 גר סנפ,סנפרוסט,,מרק עדשים 572 גר סנפרוסט,גרמים,572.00,100 גרם,false,1,16.90,2.9545,true,1,11253
7290000103877,false,מרק שעועית 644 גר סנ,סנפרוסט,,מרק שעועית 644 גר סנפרוסט,גרמים,644.00,100 גרם,false,1,16.90,2.6242,true,1,11252
7290000104072,false,עדשים ירוקות מבושלות,סנפרוסט,,עדשים ירוקות מבושלות 800 גר,גרמים,800.00,100 גרם,false,1,20.90,2.6125,true,1,10171
7290000104201,false,אפונה עדינה 600 גרם,סנפרוסט,,אפונה עדינה 600 גרם,גרמים,600.00,100 גרם,false,1,18.90,3.1500,true,1,3361
7290000104218,false,במיה 600 גרם,סנפרוסט,,במיה 600 גרם,גרמים,600.00,100 גרם,false,1,16.90,2.8167,true,1,3360
7290000104225,false,בצל קצוץ 600 גרם,סנפרוסט,,בצל קצוץ 600 גרם,גרמים,600.00,100 גרם,false,1,16.90,2.8167,true,1,3359
7290000104676,false,אפונה גינה 800 גרם,סנפרוסט,,אפונה גינה 800 גרם,גרמים,800.00,100 גרם,false,1,18.50,2.3125,true,1,1588
7290000104683,false,שעועית שלמה 800 גרם,סנפרוסט,,שעועית שלמה 800 גרם,גרמים,800.00,100 גרם,false,1,20.90,2.6125,true,1,78
7290000104690,false,תירס גרעינים 800 גרם,סנפרוסט,,תירס גרעינים 800 גרם,גרמים,800.00,100 גרם,false,1,18.90,2.3625,true,1,1741
7290000104706,false,גזר גמדי 800 גרם,סנפרוסט,,גזר גמדי 800 גרם,גרמים,800.00,100 גרם,false,1,17.90,2.2375,true,1,1524
7290000104713,false,פול ירוק 800 גרם,סנפרוסט,,פול ירוק 800 גרם,גרמים,800.00,100 גרם,false,1,25.00,3.1250,true,1,449
7290000104720,false,שעועית ירוקה חתוכה 8,סנפרוסט,,שעועית ירוקה חתוכה 800 גרם,גרמים,800.00,100 גרם,false,1,18.90,2.3625,true,1,71
7290000104737,false,שעועית צהובה חתוכה 8,סנפרוסט,,שעועית צהובה חתוכה 800 גרם,גרמים,800.00,100 גרם,false,1,18.90,2.3625,true,1,77
7290000104744,false,כרובית 800 גרם,סנפרוסט,,כרובית 800 גרם,גרמים,800.00,100 גרם,false,1,24.50,3.0625,true,1,1170
7290000104751,false,כרוב ניצנים 800 גרם,סנפרוסט,,כרוב ניצנים 800 גרם,גרמים,800.00,100 גרם,false,1,24.90,3.1125,true,1,1169
7290000104768,false,תרד עלים 800 גרם,סנפרוסט,,תרד עלים 800 גרם,גרמים,800.00,100 גרם,false,1,24.90,3.1125,true,1,44
7290000104775,false,תרד מדליונים 800 גרם,סנפרוסט,,תרד מדליונים 800 גרם,גרמים,800.00,100 גרם,false,1,24.90,3.1125,true,1,43
7290000104799,false,שעועית לבנה מבושלת 8,סנפרוסט,,שעועית לבנה מבושלת 800 גרם,גרמים,800.00,100 גרם,false,1,19.90,2.4875,true,1,2660
7290000104805,false,גרגירי חומוס מבושל 8,סנפרוסט,,גרגירי חומוס מבושל 800 גרם,גרמים,800.00,100 גרם,false,1,20.00,2.5000,true,1,2659
7290000104829,false,קלחוני תירס 1 קג,סנפרוסט,,קלחוני תירס 1 קג,גרמים,1000.00,100 גרם,false,1,22.50,2.2500,true,1,3224
7290000104836,false,שעועית עדינה שלמה600,סנפרוסט,,שעועית עדינה שלמה 600 גרם,גרמים,600.00,100 גרם,false,1,22.50,3.7500,true,1,4538
7290000104874,false,לקט לקוסקוס 800 גרם,סנפרוסט,,לקט לקוסקוס 800 גרם,גרמים,800.00,100 גרם,false,1,22.90,2.8625,true,1,2672
7290000104881,false,אפונה וגזר 800 גרם,סנפרוסט,,אפונה וגזר 800 גרם,גרמים,800.00,100 גרם,false,1,17.90,2.2375,true,1,1590
7290000104904,false,לקט ירקות מעורבים 80,סנפרוסט,,לקט ירקות מעורבים 800 גרם,גרמים,800.00,100 גרם,false,1,22.90,2.8625,true,1,1037
7290000104911,false,לקט נורמנדי 800 גרם,סנפרוסט,,לקט נורמנדי 800 גרם,גרמים,800.00,100 גרם,false,1,22.90,2.8625,true,1,1040
7290000106175,false,לקט כפרי 2 קג,סנפרוסט,,לקט כפרי 2 קג,גרמים,2000.00,100 גרם,false,1,31.90,1.5950,true,1,1039
7290000106526,false,לקט חגיגה ירוקה 800ג,סנפרוסט,IL,לקט חגיגה ירוקה 800גר להקפצה סנפרוסט,גרמים,800.00,100 גרם,false,12,24.50,3.0625,true,1,42206
7290000107165,false,חטיף פולי סויה מנצו,סנפרוסט,,חטיף פולי סויה מנצו קפוא 400ג,גרמים,400.00,100 גרם,false,1,15.90,3.9750,true,1,5243
7290000107189,false,ארטישוק תחתיות 400 ג,סנפרוסט,,ארטישוק תחתיות 400 גרם,גרמים,400.00,100 גרם,false,1,21.90,5.4750,true,1,1613
7290000107295,false,ברוקלי תפרחת 800 גרם,סנפרוסט,,ברוקלי תפרחת 800 גרם,גרמים,800.00,100 גרם,false,1,24.90,3.1125,true,1,1446
7290000107615,false,מנה אסייטית צבעונית,סנפרוסט,IL,מנה אסייטית צבעונית ועשירה 800גר סנפרוסט,גרמים,800.00,100 גרם,false,12,24.50,3.0625,true,1,42207
7290000107622,false,לקט פסטה וירקות א-לה,סנפרוסט,IL,לקט פסטה וירקות א-לה איטליה 800גר סנפרוס,גרמים,800.00,100 גרם,false,12,24.50,3.0625,true,1,42208
7290000110844,false,חטיף כיפלי גריל 70 ג,יוניליוור,,"חטיף כיפלי גריל 70 גר בד""צ",Unknown,0.00,Unknown,false,1,6.50,0.0000,true,1,2035
7290000110851,false,חטיף כיפלי בצל 70 גר,יוניליוור,,"חטיף כיפלי בצל 70 גרם בד""צ",Unknown,0.00,Unknown,false,1,6.50,0.0000,true,1,2034
7290000111063,false,ממרח מיונז אמיתי 250,יוניליוור,,ממרח מיונז אמיתי 250 גרם,גרמים,250.00,100 גרם,false,1,7.50,3.0000,true,1,895
7290000111117,false,מרכך בדין 4 ליטר לבן,יוניליוור,,מרכך בדין 4 ליטר לבן,ליטרים,4.00,ליטר,false,1,22.90,5.7250,true,1,3353
7290000111186,false,ממרח מיונז אמיתי 500,יוניליוור,,ממרח מיונז אמיתי 500 גרם,גרמים,500.00,100 גרם,false,1,10.90,2.1800,true,1,896
7290000111353,false,ממרח מיונז אמיתי 1 ק,יוניליוור,,ממרח מיונז אמיתי 1 קג,קילוגרמים,1.00,"ק""ג",false,1,19.90,19.9000,true,1,894
7290000111384,false,חרדל אמיתי 550 גרם,יוניליוור,,חרדל אמיתי 550 גרם,גרמים,550.00,100 גרם,false,1,10.90,1.9818,true,1,12
7290000112220,false,טחינה בארכה 100%שומש,רושדי תעשיות מזון בע,,טחינה בארכה 100%שומשום 500 ג,גרמים,500.00,100 גרם,false,1,15.90,3.1800,true,1,1087
7290000112497,false,מרק קנור עשיר עוף עם,יוניליוור,,מרק קנור עשיר עוף עם אטריות 68 גר,Unknown,0.00,Unknown,false,1,10.00,0.0000,true,1,1671
7290000112503,false,מרק קנור עשיר ירקות,יוניליוור,,מרק קנור עשיר ירקות כפרי 61 גרם,Unknown,0.00,Unknown,false,1,10.00,0.0000,true,1,1670
7290000112619,false,מרק עוף קנור אמיתי 4,יוניליוור,,מרק עוף קנור אמיתי 400 גרם,גרמים,400.00,100 גרם,false,1,17.90,4.4750,true,1,1668
7290000113180,false,כיפלי ציפס 50 גרם בד,יוניליוור,,כיפלי ציפס 50 גרם בדצ,Unknown,0.00,Unknown,false,1,5.50,0.0000,true,1,3729
7290000113203,false,כיפלי ציפס קטשופ 50,יוניליוור,,כיפלי ציפס קטשופ 50 גרם בדצ,Unknown,0.00,Unknown,false,1,5.50,0.0000,true,1,3705
7290000116204,false,מרק דגש קנור 1 קג,יוניליוור,,מרק דגש קנור 1 קג,קילוגרמים,1.00,"ק""ג",false,1,16.90,16.9000,true,1,812
7290000116884,false,רוטב קנור ברביקיו 34,יוניליוור,,רוטב קנור ברביקיו 340 גר,גרמים,340.00,100 גרם,false,1,11.90,3.5000,true,1,3796
7290000116921,false,רוטב  קנור צילי מתוק,יוניליוור,,רוטב  קנור צילי מתוק 340 מל,מיליליטרים,340.00,"100 מ""ל",false,1,11.90,3.5000,true,1,3795
7290000116945,false,רוטב סויה קנור 300 מ,יוניליוור,,רוטב סויה קנור 300 מל,מיליליטרים,300.00,"100 מ""ל",false,1,11.90,3.9667,true,1,3794
7290000117171,false,מרק טעם עוף דל קל 48,יוניליוור,,מרק טעם עוף דל קל 48 גרם,גרמים,48.00,100 גרם,false,1,7.60,15.8333,true,1,814
7290000117720,false,זוג מרק נמס בכוס פטר,יוניליוור,,זוג מרק נמס בכוס פטריות 43 גרם,Unknown,0.00,Unknown,false,1,6.90,0.0000,true,1,874
7290000118277,false,תערובת קניידלך 130 ג,יוניליוור,,תערובת קניידלך 130 גר,גרמים,130.00,100 גרם,false,1,12.90,9.9231,true,1,218
7290000119009,false,דג פילה הרינג כבוש ב,,,דג פילה הרינג כבוש במשקל,קילוגרמים,1.00,"ק""ג",true,,50.00,50.0000,true,1,31625
7290000120836,false,מיונז הלמנס אמיתי 39,יוניליוור,,מיונז הלמנס אמיתי 394 גר,גרמים,394.00,100 גרם,false,1,12.90,3.2741,true,1,1368
7290000120874,false,מיונז הלמנס לייט 424,יוניליוור,,מיונז הלמנס לייט 424 גרם,גרמים,424.00,100 גרם,false,1,12.90,3.0425,true,1,897
7290000121017,false,גבינת שומרון 120 גרם,ש.האופים,,גבינת שומרון 120 גרם,גרמים,120.00,100 גרם,false,1,10.00,8.3333,true,1,1510
7290000121031,false,גבינת חתול 120 גרם,ש.האופים,,גבינת חתול 120 גרם,גרמים,120.00,100 גרם,false,1,10.00,8.3333,true,1,1503
7290000121079,false,גבינה מון בלאן שמיר,ש.האופים,,גבינה מון בלאן שמיר 120 גרם,גרמים,120.00,100 גרם,false,1,10.00,8.3333,true,1,1499
7290000121093,false,גבינה מון בלאן שוויצ,ש.האופים,,גבינה מון בלאן שוויצרית 120 גרם,גרמים,120.00,100 גרם,false,1,10.00,8.3333,true,1,1498
7290000121109,false,גבינה מון בלאן זיתים,ש.האופים,,גבינה מון בלאן זיתים 120 גרם,גרמים,120.00,100 גרם,false,1,10.00,8.3333,true,1,1497
7290000121147,false,מון בלאן פיקנטי 120,ש.האופים,,מון בלאן פיקנטי 120 גרם,גרמים,120.00,100 גרם,false,1,10.00,8.3333,true,1,1069
7290000121154,false,גבינת מון בלאן סלומו,ש.האופים,,גבינת מון בלאן סלומון 120 גרם,גרמים,120.00,100 גרם,false,1,10.00,8.3333,true,1,1504
7290000121239,false,ממרח מיוקל 5% שומן 5,יוניליוור,,ממרח מיוקל 5% שומן 500 ג,גרמים,500.00,100 גרם,false,1,12.90,2.5800,true,1,4428
7290000122830,false,רוטב קנור סצואן 370,יוניליוור,,רוטב קנור סצואן 370 גר,גרמים,370.00,100 גרם,false,1,11.90,3.2162,true,1,4630
7290000125251,false,נוזל לכביסה עדינה 2,יוניליוור,,נוזל לכביסה עדינה 2 ל בדין,ליטרים,2.00,ליטר,false,1,26.90,13.4500,true,1,4684
7290000129457,false,אבקת רוטב פטריות 28,יוניליוור,,אבקת רוטב פטריות 28 ג קנור,Unknown,0.00,Unknown,false,1,4.90,0.0000,true,1,5180
7290000129785,false,מרכך בדין 4 ליטר ירו,יוניליוור,,מרכך בדין 4 ליטר ירוק,ליטרים,4.00,ליטר,false,1,22.90,5.7250,true,1,3168
7290000130255,false,קמח מצה 500 ג שקית א,,,קמח מצה 500 ג שקית אביב,גרמים,500.00,100 גרם,false,1,6.50,1.3000,true,1,4754
7290000130545,false,מצות אביב 2.5 קג,,,מצות אביב 2.5 קג,גרמים,2500.00,100 גרם,false,1,25.00,1.0000,true,1,4750
7290000133645,false,מש.שיניים אורביטול ש,,,מש.שיניים אורביטול שלישיה סודה,יחידה,3.00,יחידה,false,1,18.90,6.3000,true,1,4960
7290000134109,false,כמון מזרחי 40 גר מיכ,,,כמון מזרחי 40 גר מיכל קטן,Unknown,0.00,Unknown,false,1,6.90,0.0000,true,1,899
7290000134116,false,פפריקה מתוקה 40 גר מ,,,פפריקה מתוקה 40 גר מיכל קטן,Unknown,0.00,Unknown,false,1,6.90,0.0000,true,1,907
7290000134123,false,פלפל שחור טחון 40 גר,,,פלפל שחור טחון 40 גר מיכל קטן,Unknown,0.00,Unknown,false,1,9.90,0.0000,true,1,910
7290000134147,false,מוסקט טחון 40 גר מיכ,,,מוסקט טחון 40 גר מיכל קטן,Unknown,0.00,Unknown,false,1,14.90,0.0000,true,1,909
7290000134307,false,קינמון טחון 50 גר שק,,,קינמון טחון 50 גר שקית,Unknown,0.00,Unknown,false,1,6.50,0.0000,true,1,81
7290000134314,false,תיבול לפיצה 120 ג מי,,,תיבול לפיצה 120 ג מיכל גדול,גרמים,120.00,100 גרם,false,1,9.90,8.2500,true,1,1735
7290000134338,false,אבקת שום 90 ג מיכל ג,,,אבקת שום 90 ג מיכל גדול,Unknown,0.00,Unknown,false,1,9.90,0.0000,true,1,1693
7290000134352,false,קינמון טחון 90 גר מי,,,קינמון טחון 90 גר מיכל גדול,Unknown,0.00,Unknown,false,1,9.90,0.0000,true,1,2766
7290000134376,false,פפריקה בשמן 90 ג מיכ,,,פפריקה בשמן 90 ג מיכל גדול,Unknown,0.00,Unknown,false,1,9.90,0.0000,true,1,2767
7290000134550,false,עלי דפנה  20 גר שקית,,,עלי דפנה  20 גר שקית,גרמים,20.00,100 גרם,false,1,6.50,32.5000,true,1,82
7290000134666,false,רוזמרין 15 גר מיכל ק,,,רוזמרין 15 גר מיכל קטן,Unknown,0.00,Unknown,false,1,6.90,0.0000,true,1,6223
7290000134673,false,זנגביל 30 גר מיכל קט,,,זנגביל 30 גר מיכל קטן,Unknown,0.00,Unknown,false,1,6.90,0.0000,true,1,6224
7290000134680,false,קימל שלם 40 גר מיכל,,,קימל שלם 40 גר מיכל קטן,Unknown,0.00,Unknown,false,1,6.90,0.0000,true,1,6226
7290000134758,false,תיבול לתפוא 100 ג מי,,,תיבול לתפוא 100 ג מיכל גדול,גרמים,100.00,100 גרם,false,1,9.90,9.9000,true,1,2994
7290000134826,false,זעתר מעורב 100 ג מיכ,,,זעתר מעורב 100 ג מיכל גדול,גרמים,100.00,100 גרם,false,1,9.90,9.9000,true,1,901
7290000134833,false,כמון טחון 100 ג מיכל,,,כמון טחון 100 ג מיכל גדול,גרמים,100.00,100 גרם,false,1,9.90,9.9000,true,1,904
7290000134840,false,כורכום טחון 100 ג מי,,,כורכום טחון 100 ג מיכל גדול,גרמים,100.00,100 גרם,false,1,9.90,9.9000,true,1,903
7290000134857,false,פפריקה מתוקה  100 גר,,,פפריקה מתוקה  100 גר מיכל גדול,גרמים,100.00,100 גרם,false,1,9.90,9.9000,true,1,906
7290000134864,false,פפריקה חריפה  100 ג,,,פפריקה חריפה  100 ג מיכל גדול,גרמים,100.00,100 גרם,false,1,9.90,9.9000,true,1,905
7290000134871,false,פלפל שחור טחון 100 ג,,,פלפל שחור טחון 100 ג מיכל גדול,גרמים,100.00,100 גרם,false,1,13.90,13.9000,true,1,911
7290000134970,false,חוואיג 100 גר מיכל ג,,,חוואיג 100 גר מיכל גדול,גרמים,100.00,100 גרם,false,1,9.90,9.9000,true,1,902
7290000134987,false,פלפל שחור גרוס90ג מי,,,פלפל שחור גרוס90ג מיכל גדול,Unknown,0.00,Unknown,false,1,13.90,0.0000,true,1,908
7290000135045,false,משקה אנרגיה אקס  אל,,IL,משקה אנרגיה אקס  אל תן תפוח 250מל פקדון,מיליליטרים,250.00,"100 מ""ל",false,24,4.90,1.9600,true,1,41315
7290000135113,false,משקה אנרגיה אקס  אל,,,משקה אנרגיה אקס  אל טן 250מל פקדון,מיליליטרים,250.00,"100 מ""ל",false,1,4.90,1.9600,true,1,44602
7290000135250,false,מארז 4יח פפסי מקס לי,,IL,משקה פפסי  מקס ליים 1.5 ליטר,ליטרים,6.00,ליטר,false,1,30.70,5.1167,true,1,46450
7290000135595,false,משקה פפסי מקס דובדבן,,,משקה פפסי מקס דובדבן 1.5ליטר בק.פקדון,ליטרים,1.50,ליטר,false,1,8.50,5.6667,true,1,51695
7290000135618,false,משקה גאמפ מלון אננס,,,משקה גאמפ מלון אננס 1.5 ליטר,ליטרים,1.50,ליטר,false,12,7.60,5.0667,true,1,52485
7290000136288,false,סיידר סירופ תפוח 330,,,סיידר סירופ תפוח 330מל גוסר,מיליליטרים,330.00,"100 מ""ל",false,1,15.90,4.8182,true,1,60084
7290000136295,false,סיידר סירופ פטל 330מ,,,סיידר סירופ פטל 330מל גוסר,מיליליטרים,330.00,"100 מ""ל",false,1,15.90,4.8182,true,1,60085
7290000136301,false,סיידר סירופ ענבים 33,,,סיידר סירופ ענבים 330מל גוסר,מיליליטרים,330.00,"100 מ""ל",false,1,15.90,4.8182,true,1,60086
7290000136646,false,בירה נשר מאלט 1.5ליט,,,בירה נשר מאלט 1.5ליטר בק. פקדון,ליטרים,1.50,ליטר,false,1,9.20,6.1333,true,1,57357
7290000136653,false,בירה דיאט נשר מאלט 1,,,בירה דיאט נשר מאלט 1.5ליטר בק. פקדון,ליטרים,1.50,ליטר,false,1,9.20,6.1333,true,1,57358
7290000136660,false,סודה 1.5ליטר ב.פקדון,,,סודה 1.5ליטר ב.פקדון טמפו,ליטרים,1.50,ליטר,false,1,3.80,2.5333,true,1,57841
7290000136684,false,משקה פפסי מקס 1.5 לי,,,משקה פפסי מקס 1.5 ליטר בק.פקדון,ליטרים,1.50,ליטר,false,1,8.50,5.6667,true,1,57845
7290000136752,false,מארז 6יח דיאט סבן אפ,,,מארז 6יח דיאט סבן אפ 1.5ליטר בק.פקדון,ליטרים,9.00,ליטר,false,1,37.90,4.2111,true,1,57341
7290000136769,false,מארז 6יח פפסי קולה 1,,,מארז 6יח פפסי קולה 1.5ליטר בק.פקדון,ליטרים,9.00,ליטר,false,1,39.90,4.4333,true,1,57338
7290000136776,false,מארז 6יח פפסי מקס 1.,,,מארז 6יח פפסי מקס 1.5ליטר בק.פקדון,ליטרים,9.00,ליטר,false,1,41.90,4.6556,true,1,57342
7290000136790,false,מארז 6יח סודה 1.5ליט,,,מארז 6יח סודה 1.5ליטר בק.פקדון טמפו,ליטרים,9.00,ליטר,false,1,17.70,1.9667,true,1,57349
7290000136806,false,מארז 4יח סודה למון ל,,IL,מארז 4יח סודה למון ליים 1.5ליטר בק.פקדון,ליטרים,6.00,ליטר,false,1,11.90,1.9833,true,1,57346
7290000136813,false,מארז 4יח סודה אננס 1,,IL,מארז 4יח סודה אננס 1.5ליטר בק.פקדון,ליטרים,6.00,ליטר,false,1,11.90,1.9833,true,1,57347
7290000136820,false,מארז 4יח סודה פירות,,IL,מארז 4יח סודה פירות יער 1.5ליטר בק.פקדון,ליטרים,6.00,ליטר,false,1,11.90,1.9833,true,1,57348
7290000136837,false,מארז 4יח סודה אפרסק,,IL,מארז 4יח סודה אפרסק 1.5ליטר בק.פקדון,ליטרים,6.00,ליטר,false,1,11.90,1.9833,true,1,57345
7290000136868,false,מארז 6יח מים סאן בנד,,,מארז 6יח מים סאן בנדטו 1.5ליטר בק.פקדון,ליטרים,9.00,ליטר,false,1,17.90,1.9889,true,1,57343
7290000136875,false,מארז 6יח מים סאן בנד,,,מארז 6יח מים סאן בנדטו מוגז1.5ל בק.פקדון,ליטרים,9.00,ליטר,false,1,18.90,2.1000,true,1,57344
7290000136936,false,משקה דיאט סבן אפ 1.5,,,משקה דיאט סבן אפ 1.5 ליטר בק.פקדון,ליטרים,1.50,ליטר,false,1,8.50,5.6667,true,1,57777
7290000137513,false,גלידונית שוקו וניל מ,"גלידת שטראוס בע""מ",,גלידונית שוקו וניל מצופה 60 יח,גרמים,700.00,100 גרם,false,1,44.90,6.4143,true,1,1530
7290000137643,false,מאגדת טעמקור 8 יח,"גלידת שטראוס בע""מ",,מאגדת טעמקור 8 יח,גרמים,400.00,100 גרם,false,1,34.90,8.7250,true,1,1105
7290000139180,false,חטיף שלווה חיטה תפוח,אשבל מזון פונקציונלי,IL,חטיף שלווה חיטה תפוחה 140 גר,גרמים,140.00,100 גרם,false,24,8.50,6.0714,true,1,4966
7290000144160,false,שמן זית מודגש עץ הזי,שמן תעשיות,,שמן זית מודגש עץ הזית750מל,מיליליטרים,750.00,"100 מ""ל",false,1,34.90,4.6533,true,1,35469
7290000144467,false,שמן חמניות בריאות עץ,שמן תעשיות,,שמן חמניות בריאות עץ הזית 1 ליטר,ליטרים,1.00,ליטר,false,1,15.90,15.9000,true,1,192
7290000144474,false,שמן קנולה בריאות עץ,שמן תעשיות,,שמן קנולה בריאות עץ הזית 1 לי,ליטרים,1.00,ליטר,false,1,15.90,15.9000,true,1,240
7290000149615,false,מארז 4 יח סבון נקה 7,,,מארז 4 יח סבון נקה 7 מוצק לתינוק,גרמים,400.00,100 גרם,false,1,11.90,2.9750,true,1,6867
7290000149905,false,טקסטיל שמפו 1 ליטר,,,טקסטיל שמפו 1 ליטר,ליטרים,1.00,ליטר,false,1,16.90,16.9000,true,1,1107
7290000150956,false,מקלוני קבנוס עוף טוב,עוף טוב,,מקלוני קבנוס עוף טוב 160 גרם,גרמים,160.00,100 גרם,false,1,10.90,6.8125,true,1,10334
7290000152288,false,נקניקיות עוף עוף טוב,עוף טוב,,נקניקיות עוף עוף טוב 400 גר,גרמים,400.00,100 גרם,false,1,10.90,2.7250,true,1,667
7290000152943,false,מארז פסטרמה+סלמי 700,עוף טוב,,מארז פסטרמה+סלמי 700 גר,גרמים,700.00,100 גרם,false,1,25.90,3.7000,true,1,11051
7290000153469,false,קציצות עוף קלאסיות ע,עוף טוב,,קציצות עוף קלאסיות עוף טוב 600 גר,גרמים,600.00,100 גרם,false,1,31.90,5.3167,true,1,11532
7290000158105,false,שניצל עוף מיני דינוז,עוף טוב,,שניצל עוף מיני דינוזאור ר.ט  700 ג,גרמים,700.00,100 גרם,false,1,28.90,4.1286,true,1,12501
7290000161358,false,ממרח מיונז אמיתי משמ,יוניליוור,,ממרח מיונז אמיתי משמן קנולה 500 ג,גרמים,500.00,100 גרם,false,1,15.90,3.1800,true,1,5487
7290000166605,false,נוזל לניקוי כללי סיף,יוניליוור,,נוזל לניקוי כללי סיף 4 ל יסמין,ליטרים,4.00,ליטר,false,1,19.90,4.9750,true,1,12774
7290000168173,false,דגני ברנפלקס קרנצים,יוניליוור,,דגני ברנפלקס קרנצים 375 גר,גרמים,375.00,100 גרם,false,1,21.90,5.8400,true,1,13625
7290000169538,false,זוג מרק נמס בכוס עגב,יוניליוור,,זוג מרק נמס בכוס עגבניות52גר בדץ,Unknown,0.00,Unknown,false,1,6.90,0.0000,true,1,15128
7290000169798,false,ד.בוקר עוגי מופחת סו,יוניליוור,,ד.בוקר עוגי מופחת סוכר 500 גר,גרמים,500.00,100 גרם,false,1,19.90,3.9800,true,1,15382
7290000170275,false,שוקולד פרה במילוי נו,,IL,שוקולד פרה במילוי נוגט 100 גר,גרמים,100.00,100 גרם,false,1,5.90,5.9000,true,1,175
7290000174099,false,וופל שוקולד 500 גרם,,,וופל שוקולד 500 גרם,גרמים,500.00,100 גרם,false,1,12.60,2.5200,true,1,1380
7290000174723,false,אבקת שוקולית 500 גר,,,אבקת שוקולית 500 גר עגולה,גרמים,500.00,100 גרם,false,1,14.50,2.9000,true,1,176
7290000176062,false,קפה טורקי 100 גרם,,,קפה טורקי 100 גרם,גרמים,100.00,100 גרם,false,1,9.50,9.5000,true,1,630
7290000176079,false,קפה טורקי עם הל 100,,,קפה טורקי עם הל 100 גרם,גרמים,100.00,100 גרם,false,1,10.00,10.0000,true,1,633
7290000176147,false,קפה מוקה 1 פילטר ברי,,,קפה מוקה 1 פילטר בריק 500 גרם,גרמים,500.00,100 גרם,false,1,50.00,10.0000,true,1,1078
7290000176413,false,קפה נמס אבקתי 50 גרם,,,קפה נמס אבקתי 50 גרם,גרמים,50.00,100 גרם,false,1,8.90,17.8000,true,1,232
7290000176420,false,קפה נמס אבקתי 200 גר,,,קפה נמס אבקתי 200 גרם,גרמים,200.00,100 גרם,false,1,22.00,11.0000,true,1,231
7290000176468,false,קפה נמס האג אבקתי 50,,,קפה נמס האג אבקתי 50 גרם,גרמים,50.00,100 גרם,false,1,11.00,22.0000,true,1,1362
7290000176475,false,קפה נמס האג אבקתי 20,,,קפה נמס האג אבקתי 200 גרם,גרמים,200.00,100 גרם,false,1,37.90,18.9500,true,1,1361
7290000178103,false,מארז 4 יח שוקולד פרה,,,מארז 4 יח שוקולד פרה חלב 100 גר,גרמים,400.00,100 גרם,false,1,17.90,4.4750,true,1,166
7290000178707,false,חטיף תפוציפס 50 גרם,STRAUSS-ISRAEL,,חטיף תפוציפס 50 גרם,Unknown,0.00,Unknown,false,1,4.30,0.0000,true,1,1764
7290000178721,false,חטיף תפוציפס טבעי 20,STRAUSS-ISRAEL,,חטיף תפוציפס טבעי 200 גר,גרמים,200.00,100 גרם,false,1,11.00,5.5000,true,1,1765
7290000179445,false,מסטיק בזוקה רגיל 30,,,מסטיק בזוקה רגיל 30 יחידות,Unknown,0.00,Unknown,false,1,8.90,0.0000,true,1,998
7290000180212,false,שוקולד פרה מריר אגוז,,IL,שוקולד פרה מריר אגוזים 100 גר,גרמים,100.00,100 גרם,false,1,5.90,5.9000,true,1,165
7290000181103,false,ביסקויט עד חצות שוקו,,,ביסקויט עד חצות שוקולד חלב 200 גרם,גרמים,200.00,100 גרם,false,1,13.90,6.9500,true,1,608
7290000185224,false,סילאן לחיץ 650 גר חצ,,,סילאן לחיץ 650 גר חצר כנרת,גרמים,650.00,100 גרם,false,1,15.90,2.4462,true,1,8912
7290000185293,false,סילאן טבעי 350 גרם ח,,,סילאן טבעי חצר כנרת 350 גרם צנצנת,גרמים,350.00,100 גרם,false,1,15.90,4.5429,true,1,6767
7290000185590,false,סילאן טבעי לחיץ 635,,,סילאן טבעי לחיץ 650 גר חצר כנרת,גרמים,635.00,100 גרם,false,1,19.90,3.1339,true,1,53117
7290000186337,false,מארז 3יח מטליות לחות,,,מארז 3יח מטליות לחות ניקול ניקוי כללי150,יחידה,150.00,יחידה,false,1,19.90,0.1327,true,1,13394
7290000186535,false,נייר טואלט לילי טריו,חוגלה קימברלי,,נייר טואלט לילי טריו לבן 32 יח,יחידה,32.00,יחידה,false,1,45.90,1.4344,true,1,17822
7290000187921,false,נייר טואלט לילי לבן,חוגלה קימברלי,,נייר טואלט לילי לבן קלאסיק 32 יח,יחידה,32.00,יחידה,false,1,43.90,1.3719,true,1,7679
7290000187938,false,נייר טואלט לילי פסטל,חוגלה קימברלי,,נייר טואלט לילי פסטל/ספא 32 יח,יחידה,32.00,יחידה,false,1,43.90,1.3719,true,1,7681
7290000187952,false,נייר טואלט לילי טריו,חוגלה קימברלי,,נייר טואלט לילי טריו ורוד 32 יח,יחידה,32.00,יחידה,false,1,45.90,1.4344,true,1,7682
7290000188270,false,זוג מגבוני קלינקס או,PAPALINAS,,זוג מגבוני קלינקס אולטרא סופט 80 יח,יחידה,80.00,יחידה,false,1,15.90,0.1988,true,1,1546
7290000188355,false,מגבת מטבח ניקול לבנה,חוגלה קימברלי,,מגבת מטבח ניקול לבנה 6 יח,יחידה,6.00,יחידה,false,1,12.90,2.1500,true,1,7646
7290000188553,false,מגן תחתון קוטקס סילק,KC China,,מגן תחתון קוטקס סילק נורמל 60 יח,יחידה,60.00,יחידה,false,1,21.90,0.3650,true,1,10289
7290000188560,false,מגן תחתון קוטקס סילק,KC China,,מגן תחתון קוטקס סילק לארג 52 יח,יחידה,52.00,יחידה,false,1,21.90,0.4212,true,1,10290
7290000188591,false,מגן תחתון קוטקס סילק,KC China,,מגן תחתון קוטקס סילק יאנג 60 יח,יחידה,60.00,יחידה,false,1,21.90,0.3650,true,1,10292
7290000189079,false,תבניות אלומיניום עבה,,,תבניות אלומיניום עבה עגולות 25סמ,יחידה,5.00,יחידה,false,1,12.90,2.5800,true,1,18420
7290000189116,false,תבניות אלומיניום עבה,,,תבניות אלומיניום עבה אינגליש 28/12.5/6.5,יחידה,6.00,יחידה,false,1,12.90,2.1500,true,1,18421
7290000189192,false,מטלית ניקול סופר חזק,KC Colombia,,מטלית ניקול סופר חזקה רב פעמים 64 יח,Unknown,0.00,Unknown,false,1,15.90,0.0000,true,1,5366
7290000189260,false,תבניות אלומיניום עבה,,,תבניות אלומיניום עבה ריבוע 26/32/7,יחידה,5.00,יחידה,false,1,12.90,2.5800,true,1,18418
7290000189277,false,תבניות אלומיניום עבה,,,תבניות אלומיניום עבה גדולות 41/30/5.4,יחידה,3.00,יחידה,false,1,12.90,4.3000,true,1,18419
7290000189482,false,תבנית אפיה ניקול מקר,דוקארט,,תבנית אפיה ניקול מקרטון מרובעת,Unknown,0.00,Unknown,false,1,13.90,0.0000,true,1,9315
7290000189499,false,תבנית אפיה ניקול מקר,דוקארט,,תבנית אפיה ניקול מקרטון עגולה,Unknown,0.00,Unknown,false,1,13.90,0.0000,true,1,9316
7290000189505,false,תבנית אפיה ניקול מקר,דוקארט,,תבנית אפיה ניקול מקרטון אינגליש,Unknown,0.00,Unknown,false,1,13.90,0.0000,true,1,9317
7290000189536,false,שקיות אשפה 65/52 ניק,אשפלסט,,שקיות אשפה 65/52 ניקול 40 יח,יחידה,40.00,יחידה,false,1,17.90,0.4475,true,1,5619
7290000189550,false,זוג אשפתון ענק ניקול,אשפלסט,,זוג שקיות אשפה ניקול גדול מתכלות,יחידה,20.00,יחידה,false,1,20.90,1.0450,true,1,5108
7290000189598,false,מטליות לחות חד פעמי,,,מטליות לחות חד פעמי ניקול 50יח,יחידה,50.00,יחידה,false,1,13.90,0.2780,true,1,8227
7290000189659,false,מטליות לחות ניקול לר,,,מטליות לחות ניקול לרצפה,יחידה,10.00,יחידה,false,1,13.90,1.3900,true,1,9016
7290000189680,false,מארז 2 יח מטליות לחו,עלבד,,מארז 2 יח מטליות לחות לניקוי רצפות ניקול,יחידה,20.00,יחידה,false,1,21.90,1.0950,true,1,16310
7290000189734,false,מטליות לחות ניקול לפ,עלבד,,מטליות לחות ניקול לפרקט,יחידה,10.00,יחידה,false,1,13.90,1.3900,true,1,10533
7290000189871,false,שקיות אשפה ניקול מתכ,אשפלסט,,שקיות אשפה ניקול מתכלות 55 יח,יחידה,55.00,יחידה,false,12,20.90,0.3800,true,1,7962
7290000190068,false,מפיות ניקול 100 יח,חוגלה קימברלי,,מפיות ניקול 100 יח,יחידה,100.00,יחידה,false,1,8.90,0.0890,true,1,3811
7290000190198,false,מטליות לחות לניקוי ש,עלבד,,מטליות לחות לניקוי שירותים ואמבט 50יח,יחידה,50.00,יחידה,false,1,13.90,0.2780,true,1,15812
7290000191225,false,חיתולי האגיס ניו בור,,,חיתולי האגיס ניו בורן שלב 2 44יח,יחידה,44.00,יחידה,false,1,29.90,0.6795,true,1,20712
7290000191450,false,חלה רגילה ברמן 500 ג,מאפית י.את א. ברמן ב,,חלה רגילה ברמן 500 גרם***,גרמים,500.00,100 גרם,false,1,5.17,1.0340,true,1,11
7290000191539,false,מגבוני אף לילי צבעונ,חוגלה קימברלי,,מגבוני אף לילי צבעוני 5 יח בניילון,גרמים,5.00,100 גרם,false,1,16.90,338.0000,true,1,3354
7290000192581,false,מארז 6יח מגבות נייר,חוגלה קימברלי,,מארז 6יח מגבות נייר כפול למטבח ניקול,יחידה,6.00,יחידה,false,1,20.90,3.4833,true,1,28304
7290000193472,false,מגן תחתון לילי נטורל,Ontex,,מגן תחתון לילי נטורל נורמל 60 יח,יחידה,60.00,יחידה,false,1,13.90,0.2317,true,1,29
7290000193540,false,מגן תחתון לילי אינטי,Ontex,,מגן תחתון לילי אינטימייט לונג,Unknown,0.00,Unknown,false,1,13.90,0.0000,true,1,1032
7290000193649,false,תחבושות לילי נטורל א,Ontex,,תחבושות לילי נטורל אולטרה סופר 24 יח,יחידה,24.00,יחידה,false,1,13.90,0.5792,true,1,1729
7290000193793,false,תחבושות לילי נטורל א,Ontex,,תחבושות לילי נטורל אולטרה נורמל 24 יח,יחידה,24.00,יחידה,false,1,13.90,0.5792,true,1,1564
7290000194288,false,משטח החתלה האגיס לתי,Ontex,,משטח החתלה האגיס לתינוק,יחידה,1.00,יחידה,false,1,24.90,24.9000,true,1,1090
7290000194837,false,שקיות מזון גדולות עם,קילת,,שקיות מזון גדולות עם ידית קשירה 200יח,יחידה,200.00,יחידה,false,1,12.90,0.0645,true,1,17203
7290000195216,false,נייר אפיה נשלף 50יח,אופל,,נייר אפיה נשלף 50יח ניקול,יחידה,50.00,יחידה,false,1,11.90,0.2380,true,1,46698
7290000195537,false,מגבוני האגיס לא מבוש,ווטנאפס,,מגבוני האגיס לא מבושם 64יח מארז רביעייה,יחידה,256.00,יחידה,false,1,20.90,0.0816,true,1,3882
7290000195544,false,מגבוני האגיס מילוי 7,עלבד,,מגבוני האגיס מילוי 72 יח מבושם רביעיה,יחידה,72.00,יחידה,false,1,20.90,0.2903,true,1,3675
7290000195773,false,מגבוני האגיס נטורל מ,עלבד,,מגבוני האגיס נטורל מילוי רביעיה,יחידה,4.00,יחידה,false,1,20.90,5.2250,true,1,4640
7290000196343,false,מפת ניקול מהודרת לשו,דיספובד,,מפת ניקול מהודרת לשולחן,Unknown,0.00,Unknown,false,1,15.90,0.0000,true,1,2367
7290000196763,false,שקיות אשפה ניקול חזק,אשפלסט,,שקיות אשפה ניקול חזקות 40 יח,יחידה,40.00,יחידה,false,1,17.90,0.4475,true,1,10919
7290000197012,false,שקיות ניקול ריץ רץ 1,קילת,,שקיות ניקול ריץ רץ 19/18 לאיחסון מזון,Unknown,0.00,Unknown,false,1,16.90,0.0000,true,1,693
7290000197029,false,שקיות ניקול ריץ רץ 2,קילת,,שקיות ניקול ריץ רץ 29/28 לאיחסון מזון,Unknown,0.00,Unknown,false,1,16.90,0.0000,true,1,694
7290000197081,false,ניילון נצמד 150 מטר,אופל,,ניילון נצמד 150 מטר חסכוני ניקול,מטרים,150.00,מטר,false,1,27.90,0.1860,true,1,4365
7290000197326,false,זוג רדיד אלומיניום ק,אופל,,זוג רדיד אלומיניום קצר 30/7.5 ניקול,מטרים,15.00,מטר,false,1,13.90,0.9267,true,1,292
7290000197425,false,חיתולי האגיס פרידום,,,חיתולי האגיס פרידום דריי שלב 3 52יח,יחידה,52.00,יחידה,false,1,42.90,0.8250,true,1,20262
7290000197432,false,זוג שקיות אוכל סנדבי,אשפלסט,,זוג שקיות אוכל סנדביצון 150 יח ניקול,יחידה,300.00,יחידה,false,1,16.90,0.0563,true,1,794
7290000197463,false,חיתולי האגיס פרידום,,,חיתולי האגיס פרידום דריי שלב 4+ 42יח,יחידה,42.00,יחידה,false,1,42.90,1.0214,true,1,20263
7290000197548,false,חיתולי האגיס פרידום,,,חיתולי האגיס פרידום דריי שלב 5 38יח,יחידה,38.00,יחידה,false,1,42.90,1.1289,true,1,20264
7290000197654,false,שקיות אשפה ניקול ענק,אשפלסט,,שקיות  אשפה  ענקיות ניקול 45יח 78/90,יחידה,45.00,יחידה,false,16,20.90,0.4644,true,1,2784
7290000197678,false,חיתולי האגיס פרידום,,,חיתולי האגיס פרידום דריי שלב 6 34יח,יחידה,34.00,יחידה,false,1,42.90,1.2618,true,1,20265
7290000197753,false,ניילון נצמד אנטיבקטר,GTC,,ניילון נצמד אנטיבקטריאלי זוג ניקול,Unknown,0.00,Unknown,false,1,13.90,0.0000,true,1,2749
7290000197876,false,מגשית אלומיניום 26 כ,פאלאס,,מגשית אלומיניום 26 כסופה 4 יח ניקול,יחידה,4.00,יחידה,false,1,10.90,2.7250,true,1,3673
7290000197883,false,מגשית אלומיניום 100,פאלאס,,מגשית אלומיניום 100 כסופה 4 יח ניקול,יחידה,4.00,יחידה,false,1,10.90,2.7250,true,1,3674
7290000197951,false,מגשית אלומיניום 200,פאלאס,,מגשית אלומיניום 200 כסופה 2 יח ניקול,יחידה,2.00,יחידה,false,1,10.90,5.4500,true,1,3672
7290000197982,false,זוג רדיד אלומיניום ע,אופל,,זוג רדיד אלומיניום עבה  7.5*45 ניקול,מטרים,15.00,מטר,false,1,24.90,1.6600,true,1,2747
7290000197999,false,זוג רדיד אלומיניום 7,אופל,,זוג רדיד אלומיניום 7.5*30 ניקול,מטרים,15.00,מטר,false,1,16.90,1.1267,true,1,2748
7290000199313,false,תחבושות קוטקס יאנג 2,KC Turkey,,תחבושות קוטקס יאנג 28 יח,יחידה,28.00,יחידה,false,1,19.90,0.7107,true,1,6746
7290000201979,false,מארז 4יח מגבוני האגי,,,מארז 4יח מגבוני האגיס דיסני לא מבושם,יחידה,224.00,יחידה,false,1,19.90,0.0888,true,1,20940
7290000204086,false,סקוטש לכלים ארוך 2+1,UFO,,סקוטש לכלים ארוך 2+1 רגיל ניקול,יחידה,3.00,יחידה,false,1,13.90,4.6333,true,1,583
7290000204147,false,כרית יפנית 2ב1 רביעי,פלסטו פוליש,,כרית יפנית 2ב1 רביעיה ניקול,יחידה,4.00,יחידה,false,1,13.90,3.4750,true,1,5708
7290000204215,false,שישיית כריות יפנית נ,פלסטו פוליש,,שישיית כריות יפנית ניקול,יחידה,6.00,יחידה,false,1,13.90,2.3167,true,1,1177
7290000204253,false,מטלית רב שימושית ניק,נ.אורים,,מטלית רב שימושית ניקול 9 יח,יחידה,9.00,יחידה,false,1,13.90,1.5444,true,1,1160
7290000204512,false,מטליות לחות ניקול לר,,,מטליות לחות ניקול לרצפה לימון,יחידה,10.00,יחידה,false,1,13.90,1.3900,true,1,26859
7290000204611,false,ספוגית הקסם 6 יח ניק,UFO,,ספוגית הקסם 6 יח ניקול,יחידה,6.00,יחידה,false,1,13.90,2.3167,true,1,3671
7290000205762,false,חיתולי האגיס אקסטרה,חוגלה קימברלי,,חיתולי האגיס אקסטרה קייר מידה 3 48יח,יחידה,48.00,יחידה,false,1,49.90,1.0396,true,1,21921
7290000205915,false,חיתולי האגיס אקסטרה,חוגלה קימברלי,,חיתולי האגיס אקסטרה קייר מידה 4 40יח,יחידה,40.00,יחידה,false,1,49.90,1.2475,true,1,21922
7290000207063,false,רסק עגבניות 28% פריכ,זנלכל,,רסק עגבניות 28% פריכוז 260 גר,גרמים,240.00,100 גרם,false,1,4.90,2.0417,true,1,7405
7290000207162,false,רוטב עגבניות 22% יכי,זנלכל,,רוטב עגבניות 22% יכין 100 ג,גרמים,100.00,100 גרם,false,1,2.50,2.5000,true,1,5151
7290000207438,false,עגבניות קוביות במיץ,זנלכל,,עגבניות קוביות במיץ 800 גר יכין,גרמים,800.00,100 גרם,false,1,9.90,1.2375,true,1,7158
7290000208022,false,עגבניות מרוסקות 800,זנלכל,,עגבניות מרוסקות 800 ג יכין,גרמים,800.00,100 גרם,false,1,9.90,1.2375,true,1,606
7290000208077,false,אפונה יכין 550 גרם,זנלכל,,אפונה יכין 550 גרם,גרמים,550.00,100 גרם,false,1,8.50,1.5455,true,1,1589
7290000208091,false,אפונה עדינה א/2 יכין,זנלכל,,אפונה עדינה א/2 יכין,גרמים,560.00,100 גרם,false,1,9.90,1.7679,true,1,1592
7290000208114,false,אפונה וגזר א/2 יכין,זנלכל,,אפונה וגזר א/2 יכין,גרמים,550.00,100 גרם,false,1,8.50,1.5455,true,1,1591
7290000208138,false,סירופ דיאט ענבים יכי,זנלכל,,סירופ דיאט ענבים יכין 1 לי,ליטרים,1.00,ליטר,false,1,17.90,17.9000,true,1,5889
7290000208145,false,תירס גרעינים לייט יכ,זנלכל,,תירס גרעינים לייט יכין 550 גרם,גרמים,550.00,100 גרם,false,1,9.90,1.8000,true,1,1747
7290000208176,false,תפוח אדמה יכין 550 ג,זנלכל,,תפוח אדמה יכין 550 גר,גרמים,550.00,100 גרם,false,1,9.90,1.8000,true,1,2362
7290000208213,false,שעועית אפויה ברוטב א,זנלכל,,שעועית אפויה ברוטב א/2 יכין,גרמים,550.00,100 גרם,false,1,8.90,1.6182,true,1,66
7290000208220,false,שעועית אפויה ברוטב צ,זנלכל,,שעועית אפויה ברוטב צילי א/2 יכין,גרמים,550.00,100 גרם,false,1,9.90,1.8000,true,1,327
7290000208244,false,רוטב שקשוקה יכין 570,זנלכל,,ברוטב שקשוקה יכין 570 גרם,גרמים,570.00,100 גרם,false,1,9.90,1.7368,true,1,1436
7290000208251,false,שעועית ירוקה א/2 יכי,זנלכל,,שעועית ירוקה א/2 יכין,גרמים,550.00,100 גרם,false,1,9.90,1.8000,true,1,70
7290000208268,false,שעועית צהובה א/2 יכי,זנלכל,,שעועית צהובה א/2 יכין,גרמים,550.00,100 גרם,false,1,9.90,1.8000,true,1,76
7290000208312,false,תירס גרעינים ואקום 4,זנלכל,,תירס גרעינים ואקום 340 גר יכין,גרמים,400.00,100 גרם,false,1,6.90,1.7250,true,1,1742
7290000208329,false,תירס גרעינים מתוק יכ,זנלכל,,תירס גרעינים מתוק יכין 550 גרם,גרמים,550.00,100 גרם,false,1,8.90,1.6182,true,1,1740
7290000208336,false,רוטב עגבניות 22% יכי,זנלכל,,רוטב עגבניות 22% יכין 260 גרם,גרמים,240.00,100 גרם,false,1,3.90,1.6250,true,1,5213
7290000208343,false,עגבניות מרוסקות שום,זנלכל,,עגבניות מרוסקות שום 800 ג יכין,גרמים,800.00,100 גרם,false,1,9.90,1.2375,true,1,9654
7290000208350,false,עגבניות מרוסקות בצל,זנלכל,,עגבניות מרוסקות בצל 800 ג יכין,גרמים,800.00,100 גרם,false,1,9.90,1.2375,true,1,5887
7290000208367,false,עגבניות מרוסקות בזיל,זנלכל,,עגבניות מרוסקות בזיליקום 800 ג יכין,גרמים,800.00,100 גרם,false,1,9.90,1.2375,true,1,5888
7290000208404,false,פול מצרי א/2 יכין,זנלכל,,פול מצרי א/2 יכין,גרמים,550.00,100 גרם,false,1,8.90,1.6182,true,1,448
7290000208428,false,חומוס גרעינים א/2 יכ,זנלכל,,חומוס גרעינים א/2 יכין,גרמים,550.00,100 גרם,false,1,8.90,1.6182,true,1,1211
7290000208459,false,לקט ירקות יכין 550 ג,זנלכל,,לקט ירקות יכין 550 גרם,גרמים,550.00,100 גרם,false,1,9.90,1.8000,true,1,1038
7290000208800,false,תירס ואקום קיד400 ג,זנלכל,,תירס ואקום קיד 340 גר יכין,גרמים,400.00,100 גרם,false,1,6.90,1.7250,true,1,9657
7290000208855,false,רוטב פסטה יכין 240 ג,זנלכל,,רוטב פסטה יכין 260 גר,גרמים,240.00,100 גרם,false,1,5.50,2.2917,true,1,9664
7290000208893,false,תירס גרעינים ואקום ל,זנלכל,,תירס גרעינים ואקום לייט 340 גר יכין,גרמים,400.00,100 גרם,false,1,6.90,1.7250,true,1,9658
7290000208930,false,עגבניות מרוסקות עם ש,זנלכל,,עגבניות מרוסקות עם שום 260 גר,גרמים,240.00,100 גרם,false,1,4.90,2.0417,true,1,9661
7290000208947,false,עגבניות מרוסקות יכין,זנלכל,,עגבניות מרוסקות 260 גר,גרמים,240.00,100 גרם,false,1,4.90,2.0417,true,1,9659
7290000209012,false,חומץ 5% יכין 1 ליטר,זנלכל,,חומץ 5% יכין 1 ליטר,ליטרים,1.00,ליטר,false,1,6.90,6.9000,true,1,1216
7290000209043,false,רוטב לימון יכין 1 לי,זנלכל,,רוטב לימון יכין 1 ליטר,ליטרים,1.00,ליטר,false,1,6.90,6.9000,true,1,1034
7290000209173,false,חומץ אצטית 5% יכין 1,זנלכל,,חומץ אצטית 5% יכין 1 ליטר,ליטרים,1.00,ליטר,false,1,4.90,4.9000,true,1,1218
7290000209371,false,תירס גרעינים שלישייה,קסקמט,,תירס גרעינים שלישייה 165 גרם,גרמים,495.00,100 גרם,false,1,14.90,3.0101,true,1,18888
7290000209388,false,תירס גרעינים לייט של,קסקמט,,תירס גרעינים לייט שלישייה 165 גרם,גרמים,495.00,100 גרם,false,1,14.90,3.0101,true,1,18889
7290000209517,false,סירופ דיאט לימון יכי,זנלכל,,סירופ דיאט לימון יכין 1 לי,ליטרים,1.00,ליטר,false,1,17.90,17.9000,true,1,741
7290000209524,false,סירופ  דיאט פטל יכין,זנלכל,,סירופ  דיאט פטל יכין 1 לי,ליטרים,1.00,ליטר,false,1,17.90,17.9000,true,1,743
7290000209531,false,סירופ דיאט אשכליות י,זנלכל,,סירופ דיאט אשכליות יכין 1 לי,ליטרים,1.00,ליטר,false,1,17.90,17.9000,true,1,740
7290000209555,false,סירופ דיאט תפוחי עץ,זנלכל,,סירופ דיאט תפוחי עץ יכין 1  לי,ליטרים,1.00,ליטר,false,1,17.90,17.9000,true,1,745
7290000209579,false,סירופ דיאט אננס יכין,זנלכל,,סירופ דיאט אננס יכין 1 לי,ליטרים,1.00,ליטר,false,1,17.90,17.9000,true,1,739
7290000209708,false,עגבניות מרוסקות עם ב,זנלכל,,עגבניות מרוסקות עם בזיליקום 260 גר,גרמים,240.00,100 גרם,false,1,4.90,2.0417,true,1,9662
7290000209722,false,פריכוז 28%/30% יכין,זנלכל,,פריכוז 28%/30% יכין 580 גרם,גרמים,580.00,100 גרם,false,1,10.90,1.8793,true,1,129
7290000209906,false,עגבניות מרוסקות עם ב,זנלכל,,עגבניות מרוסקות עם בצל 260 גר,גרמים,240.00,100 גרם,false,1,4.90,2.0417,true,1,9663
7290000209913,false,עגבניות קוביות  יכין,זנלכל,,עגבניות קוביות  יכין 260 גר,גרמים,240.00,100 גרם,false,1,4.90,2.0417,true,1,9660
7290000209944,false,בסיס לשקשוקה יכין240,זנלכל,,בסיס לשקשוקה יכין 260 גר,גרמים,240.00,100 גרם,false,1,4.90,2.0417,true,1,9665
7290000209951,false,רוטב לפיצה יכין 240,זנלכל,,רוטב לפיצה כין 260 גר,גרמים,240.00,100 גרם,false,1,4.90,2.0417,true,1,9667
7290000209968,false,רוטב ללזניה כין 240,זנלכל,,רוטב ללזניה כין 260 גר,גרמים,240.00,100 גרם,false,1,4.90,2.0417,true,1,9666
7290000210469,false,עגבניות מקולפות שלמו,זנלכל,,עגבניות מקולפות שלמות 800 ג יכין,גרמים,800.00,100 גרם,false,1,9.90,1.2375,true,1,9655
7290000210896,false,רוטב פסטה בולונז יכי,זנלכל,,רוטב פסטה בולונז יכין 260 גר,גרמים,240.00,100 גרם,false,1,4.90,2.0417,true,1,9722
7290000211169,false,אורז תאילנדי סוגת 1,סוגת תעשיות בעמ,,אורז תאילנדי סוגת 1 קג,קילוגרמים,1.00,"ק""ג",false,1,7.50,7.5000,true,1,2830
7290000211312,false,אורז מלא ארוך 1 קג ס,סוגת תעשיות בעמ,,אורז מלא ארוך 1 קג סוגת,קילוגרמים,1.00,"ק""ג",false,1,10.90,10.9000,true,1,1552
7290000211374,false,קמח מלא 1 קג סוגת,טחנת קמח דגן-שטיבל,,קמח מלא 1 קג סוגת,קילוגרמים,1.00,"ק""ג",false,1,6.90,6.9000,true,1,202
7290000211381,false,סוכר חום בקרטון 1 קג,"טונגט היולט שוגר בע""",,סוכר חום בקרטון 1 קג סוגת,קילוגרמים,1.00,"ק""ג",false,1,15.90,15.9000,true,1,702
7290000211442,false,אורז פרסי סוגת 1 קג,סוגת תעשיות בעמ,,אורז אחד אחד פרסי 1 קג,קילוגרמים,1.00,"ק""ג",false,1,11.90,11.9000,true,1,1550
7290000211503,false,סוכר 1 קג סוגת,סוגת תעשיות בעמ,,סוכר 1 קג סוגת,קילוגרמים,1.00,"ק""ג",false,1,4.90,4.9000,true,1,699
7290000211626,false,אורז חיש סוגת 1 קג,סוגת תעשיות בעמ,,אורז חיש סוגת 1 קג,קילוגרמים,1.00,"ק""ג",false,1,12.90,12.9000,true,1,2829
7290000211985,false,אורז עגול 1 קג סוגת,סוגת תעשיות בעמ,,אורז ריזוטו עגול 1 קג סוגת,קילוגרמים,1.00,"ק""ג",false,1,10.90,10.9000,true,1,1553
7290000238029,false,בצק עלים מרודד 1 קג,,,בצק עלים מרודד 1 קג,גרמים,1000.00,100 גרם,false,1,15.90,1.5900,true,1,1439
7290000238036,false,מלווח עגול 700 גרם,,,מלווח עגול 700 גרם,גרמים,700.00,100 גרם,false,1,17.90,2.5571,true,1,943
7290000238173,false,בורקס גבינה 800 גרם,,,בורקס גבינה 800 גרם,גרמים,800.00,100 גרם,false,1,22.90,2.8625,true,1,1645
7290000238180,false,בורקס תפוח אדמה 800,,,בורקס תפוח אדמה 800 גרם,גרמים,800.00,100 גרם,false,1,22.90,2.8625,true,1,1652
7290000240541,false,ריבועי בצק עלים 800,,,ריבועי בצק עלים 800 גרם,גרמים,800.00,100 גרם,false,1,15.90,1.9875,true,1,121
7290000253220,false,שוקולד ציפס לאפיה 26,,IL,שוקולד ציפס לאפיה 260 גר אופנהיימר,גרמים,260.00,100 גרם,false,1,12.90,4.9615,true,1,174
7290000253251,false,שוקולד ציפס לבן לאפי,,IL,שוקולד ציפס לבן לאפיה 250 גר אופנהיימר,גרמים,250.00,100 גרם,false,1,12.90,5.1600,true,1,3269
7290000253374,false,שוקולד ציפס לאפיה66%,,IL,שוקולד ציפס לאפיה66%מוצקי קקאו 250 גרם,גרמים,250.00,100 גרם,false,20,14.90,5.9600,true,1,52180
7290000260969,false,משקה קל ספרינג דיאט,יפאורה,,משקה קל ספרינג דיאט אשכליות 1.5 ל,ליטרים,1.50,ליטר,false,1,8.20,5.4667,true,1,2874
7290000262161,false,נייר טואלט מולט לב א,חוגלה קימברלי,,נייר טואלט מולט לב אדום 40 יח חורף,יחידה,40.00,יחידה,false,1,37.90,0.9475,true,1,5060
7290000262413,false,חיתולי האגיס אקסטרה,חוגלה קימברלי,,חיתולי האגיס אקסטרה קייר מידה 5 34יח,יחידה,34.00,יחידה,false,1,49.90,1.4676,true,1,21923
7290000264752,false,רדיד אלומיניום בעיצו,,,רדיד אלומיניום בעיצוב מיוחד 7.5מטר,מטרים,7.50,מטר,false,1,14.90,1.9867,true,1,20433
7290000267012,false,שקד מולבן שלם 100 גר,"דין שיווק וקלייה בע""",,שקד מולבן שלם 100 גרם,גרמים,100.00,100 גרם,false,1,11.90,11.9000,true,1,88
7290000267029,false,שקד מולבן חצוי 100 ג,"דין שיווק וקלייה בע""",,שקד מולבן חצוי 100 גרם,גרמים,100.00,100 גרם,false,1,11.90,11.9000,true,1,85
7290000267036,false,שקד מולבן משובב 100,"דין שיווק וקלייה בע""",,שקד מולבן משובב 100 גרם,גרמים,100.00,100 גרם,false,1,11.90,11.9000,true,1,86
7290000267043,false,שקד מולבן פרוס 100 ג,"דין שיווק וקלייה בע""",,שקד מולבן פרוס 100 גרם,גרמים,100.00,100 גרם,false,1,11.90,11.9000,true,1,87
7290000267050,false,שקד טבעי טחון 100 גר,"דין שיווק וקלייה בע""",,שקד טבעי טחון 100 גרם,גרמים,100.00,100 גרם,false,1,11.90,11.9000,true,1,83
7290000267104,false,שקד טבעי גרוס 100 גר,"דין שיווק וקלייה בע""",,שקד טבעי גרוס 100 גרם,גרמים,100.00,100 גרם,false,1,11.90,11.9000,true,1,84
7290000267548,false,אגוז מלך טחון 100 גר,"דין שיווק וקלייה בע""",,אגוז מלך טחון 100 גר,גרמים,100.00,100 גרם,false,1,10.90,10.9000,true,1,6741
7290000267555,false,בוטן גרוס טבעי 100 ג,"דין שיווק וקלייה בע""",,בוטן טחון 100 גר,גרמים,100.00,100 גרם,false,1,5.30,5.3000,true,1,6742
7290000267586,false,גרעיני חמניה מקולפים,"דין שיווק וקלייה בע""",,גרעיני חמניה מקולפים 150 גר,גרמים,150.00,100 גרם,false,1,5.90,3.9333,true,1,6744
7290000267678,false,גרעיני דלעת מקולפים,"דין שיווק וקלייה בע""",,גרעיני דלעת מקולפים 150 גר,גרמים,150.00,100 גרם,false,1,8.90,5.9333,true,1,6743
7290000272443,false,סירופ דיאט תפוז 1 ל,בית השיטה,,סירופ דיאט תפוז 1 ל צבעים טבעיים,ליטרים,1.00,ליטר,false,1,17.90,17.9000,true,1,760
7290000272696,false,עסיס מיץ לימון משומר,בית השיטה,,עסיס מיץ לימון משומר 1 ליטר,ליטרים,1.00,ליטר,false,1,11.90,11.9000,true,1,653
7290000272726,false,חומץ טבעי 5%  עסיס 1,בית השיטה,,חומץ טבעי 5%  עסיס 1 לי,ליטרים,1.00,ליטר,false,1,7.90,7.9000,true,1,652
7290000286228,false,כרית לניקוי סנו סושי,,,כרית לניקוי סנו סושי 6 יח,יחידה,6.00,יחידה,false,1,12.90,2.1500,true,1,544
7290000286297,false,מסיר אבן מקומקום סנו,,,מסיר אבן מקומקום סנו אנטיקאלק 700 מל,מיליליטרים,700.00,"100 מ""ל",false,1,9.90,1.4143,true,1,808
7290000286471,false,גל לניקוי ידיים דמוי,,,גל לניקוי ידיים דמויות סיליקון לתלייה30ג,יחידה,1.00,יחידה,false,10,9.90,9.9000,true,1,43026
7290000286549,false,מטלית לכל סנו סושי 9,,,מטלית לכל סנו סושי 9 יח,Unknown,0.00,Unknown,false,1,12.90,0.0000,true,1,1164
7290000286761,false,זוג ניילון נצמד סנו,,,זוג ניילון נצמד סנו סושי 30/7.5 סמ,יחידה,2.00,יחידה,false,1,12.90,6.4500,true,1,501
7290000286877,false,סנו רב מתכת,,,סנו רב מתכת,מיליליטרים,370.00,"100 מ""ל",false,1,25.90,7.0000,true,1,546
7290000286921,false,סנוקל רסס כבס 750 מל,סנו,,סנוקל רסס כבס 750 מל,מיליליטרים,750.00,"100 מ""ל",false,1,14.90,1.9867,true,1,2633
7290000286945,false,סנו רהיט נוזל+אקדח,,,סנו רהיט נוזל+אקדח,מיליליטרים,500.00,"100 מ""ל",false,1,26.90,5.3800,true,1,547
7290000287102,false,שמפו לניקוי שטיחים ס,,,שמפו לניקוי שטיחים סנו 540 מל,מיליליטרים,540.00,"100 מ""ל",false,1,21.90,4.0556,true,1,549
7290000287195,false,ספריי לניקוי רהיטים,,,ספריי לניקוי רהיטים סנו רהיט 230 גר,מיליליטרים,230.00,"100 מ""ל",false,1,14.90,6.4783,true,1,548
7290000287355,false,סנו סופר פוליש 1 ליט,,,סנו סופר פוליש 1 ליטר,ליטרים,1.00,ליטר,false,1,21.90,21.9000,true,1,542
7290000287409,false,סבון אסלה סנובון שלי,,,סבון אסלה סנובון שלישיה תות,יחידה,3.00,יחידה,false,1,11.90,3.9667,true,1,553
7290000287430,false,סבון אסלה סנובון שלי,,,סבון אסלה סנובון שלישיה לימון,יחידה,3.00,יחידה,false,1,11.90,3.9667,true,1,4895
7290000287485,false,סבון אסלה סנובון שלי,,,סבון אסלה סנובון שלישיה לובר,גרמים,165.00,100 גרם,false,1,11.90,7.2121,true,1,4896
7290000287492,false,סנובון נוזלי לימון 7,,,סנובון נוזלי לימון 750 מל,מיליליטרים,750.00,"100 מ""ל",false,1,10.90,1.4533,true,1,552
7290000287607,false,סבון אסלה סנו בלו גד,,,סבון אסלה סנו בלו גדול 150 מל,מיליליטרים,150.00,"100 מ""ל",false,1,19.90,13.2667,true,1,3014
7290000287621,false,נוזל אסלה סנו אנטי,,,נוזל אסלה סנו אנטי  קאלק 750 מל,מיליליטרים,750.00,"100 מ""ל",false,1,10.90,1.4533,true,1,3013
7290000288017,false,סנו זאוול לימון 1 לי,,,סנו זאוול לימון 1 ליטר,ליטרים,1.00,ליטר,false,1,8.90,8.9000,true,1,796
7290000288024,false,נוזל סנו זאול לימון,,,נוזל סנו זאול לימון 4 ליטר,ליטרים,4.00,ליטר,false,1,16.90,4.2250,true,1,1
7290000288031,false,נוזל סנו אקונומיקה 4,,,נוזל סנו אקונומיקה 4 ליטר תו תקן,ליטרים,4.00,ליטר,false,1,9.90,2.4750,true,1,803
7290000288048,false,סנו זאול מרסס מונבלא,,,סנו זאול מרסס מונבלאן 1 ליטר,ליטרים,1.00,ליטר,false,1,18.90,18.9000,true,1,801
7290000288079,false,סנו זאוול לימון 2 לי,,,סנו זאוול לימון 2 ליטר,ליטרים,2.00,ליטר,false,1,9.90,4.9500,true,1,1398
7290000288086,false,אבקת ניקוי סנו זאוול,,,אבקת ניקוי סנו זאוול מילוי,גרמים,600.00,100 גרם,false,1,11.90,1.9833,true,1,2632
7290000288109,false,אב.כביסה מקסימה זאוו,,,אב.כביסה מקסימה זאוול 1.25 קג,קילוגרמים,1.25,"ק""ג",false,1,13.90,11.1200,true,1,95
7290000288253,false,קיי 400 קוטל זבובים,,,קיי 400 קוטל זבובים ויתושים 630 מל,מיליליטרים,630.00,"100 מ""ל",false,1,21.90,3.4762,true,1,1633
7290000288291,false,טבליות סנומט נגד יתו,,,טבליות סנומט נגד יתושים 30 יח,יחידה,30.00,יחידה,false,1,12.90,0.4300,true,1,557
7290000288352,false,קיי 300 קוטל תיקנים,,,קיי 300 קוטל תיקנים 630 מל,מיליליטרים,630.00,"100 מ""ל",false,1,21.90,3.4762,true,1,1632
7290000288383,false,קיי 500 קוטל נמלים 4,,,קיי 500 קוטל נמלים 400 מל,מיליליטרים,400.00,"100 מ""ל",false,1,21.90,5.4750,true,1,1634
7290000288390,false,קיי 600 קוטל יתושים,,,קיי 600 קוטל יתושים מזיקים 475 מל,מיליליטרים,475.00,"100 מ""ל",false,1,21.90,4.6105,true,1,1635
7290000288413,false,סנו די נגד יתושים רו,,,סנו די נגד יתושים רול און,מיליליטרים,50.00,"100 מ""ל",false,1,17.90,35.8000,true,1,804
7290000288727,false,אב.כביסה מקסימה מאסק,,,אב.כביסה מקסימה מאסק 1.25 קג,קילוגרמים,1.25,"ק""ג",false,1,13.90,11.1200,true,1,96
7290000288840,false,מים מזוקקים 2 ליטר,,,מים מזוקקים 2 ליטר,ליטרים,2.00,ליטר,false,1,12.90,6.4500,true,1,918
7290000289069,false,סנו זאוול מרסס לימון,,,סנו זאוול מרסס לימון 1 ליטר,ליטרים,1.00,ליטר,false,1,18.90,18.9000,true,1,800
7290000289236,false,סנו קיי 3 נמלים,סנו,IL,סנו קיי 3 נמלים,יחידה,1.00,יחידה,false,6,54.90,54.9000,true,1,46217
7290000289380,false,סנו זאוול לאסלות גל,,,סנו זאוול לאסלות גל לימון 750 מל,מיליליטרים,750.00,"100 מ""ל",false,1,11.90,1.5867,true,1,802
7290000289472,false,סנו סושי שקיות 90*76,,,סנו סושי שקיות 90*76 מרשרש 50 יח,יחידה,50.00,יחידה,false,1,22.90,0.4580,true,1,286
7290000289496,false,סנו זאוול גל קרם לימ,,,סנו זאוול גל קרם לימון 750 מל,מיליליטרים,750.00,"100 מ""ל",false,1,12.90,1.7200,true,1,3020
7290000289748,false,מסיר שומנים סנו פורט,,,מסיר שומנים סנו פורטה פלוס 750 מל,מיליליטרים,750.00,"100 מ""ל",false,1,14.90,1.9867,true,1,545
7290000291932,false,סנובון נוזלי בניחוח,,,סנובון נוזלי בניחוח לבנדר 750 מל,מיליליטרים,750.00,"100 מ""ל",false,1,10.90,1.4533,true,1,551
7290000291956,false,סנו זאוול לבנדר 1 לי,,,סנו זאוול לבנדר 1 ליטר,ליטרים,1.00,ליטר,false,1,8.90,8.9000,true,1,797
7290000291963,false,סנו זאוול סמיכה 1 לי,,,סנו זאוול סמיכה 1 ליטר,ליטרים,1.00,ליטר,false,1,8.90,8.9000,true,1,795
7290000292007,false,סנו קיי 3 פיתיון גל,סנו,IL,סנו קיי 3 פיתיון גל במזרק קוטל תיקנים,Unknown,0.00,Unknown,false,12,54.90,0.0000,true,1,40250
7290000292137,false,סנו מנקה עור נוזלי,,,סנו מנקה עור נוזלי,מיליליטרים,500.00,"100 מ""ל",false,1,29.90,5.9800,true,1,996
7290000292311,false,נוזל רצפה פוליויקס ס,,,נוזל רצפה פוליויקס סחלבים 2 ליטר,ליטרים,2.00,ליטר,false,1,19.90,9.9500,true,1,455
7290000292502,false,קוטל נמלים קיי 800 ב,,,קוטל נמלים קיי 800 בניחוח לבנדר 300מל,מיליליטרים,300.00,"100 מ""ל",false,12,19.90,6.6333,true,1,37570
7290000292564,false,קיי 2000 מיקרו קפסול,,,קיי 2000 מיקרו קפסולרי,מיליליטרים,750.00,"100 מ""ל",false,1,29.90,3.9867,true,1,1664
7290000292687,false,סבון אסלה סנובון כחו,,,סבון אסלה סנובון כחול שלישיה,יחידה,3.00,יחידה,false,1,14.90,4.9667,true,1,550
7290000292915,false,נוזל לניקוי כללי סנו,,,נוזל לניקוי כללי סנו רסס ונגב 750 מל,מיליליטרים,750.00,"100 מ""ל",false,1,12.90,1.7200,true,1,2996
7290000292939,false,סנו אקוה בלו לניקוי,,,סנו אקוה בלו לניקוי וחיטוי,מיליליטרים,106.00,"100 מ""ל",false,1,13.90,13.1132,true,1,3015
7290000293073,false,מרכך כביסה סנומקסימה,,,מרכך כביסה סנומקסימה 4 ל ביו,ליטרים,4.00,ליטר,false,1,22.90,5.7250,true,1,786
7290000293516,false,סנו סופג לחות קופסא,,,סנו סופג לחות קופסא,גרמים,340.00,100 גרם,false,1,27.90,8.2059,true,1,3026
7290000293530,false,סנו סופג לחות מילוי,,,סנו סופג לחות מילוי,גרמים,340.00,100 גרם,false,1,14.90,4.3824,true,1,3027
7290000293943,false,מסיר אבנית  וחלודה א,,,מסיר אבנית  וחלודה אנטי קלאק 1 ל,ליטרים,1.00,ליטר,false,1,16.90,16.9000,true,1,1578
7290000294773,false,סנו זאוול מונבלאן 4,,,סנו זאוול מונבלאן 4 ליטר,ליטרים,4.00,ליטר,false,1,16.90,4.2250,true,1,799
7290000294780,false,נוזל סנו זאוול סמיכה,,,נוזל סנו זאוול סמיכה 4 ליטר,ליטרים,4.00,ליטר,false,1,16.90,4.2250,true,1,1663
7290000295121,false,מטלית זיגזג שלישיה,,,מטלית זיגזג שלישיה,יחידה,3.00,יחידה,false,1,12.90,4.3000,true,1,1163
7290000295299,false,כרית ניקוי אקטיב סנו,,,כרית ניקוי אקטיב סנו סושי 4 יח,יחידה,4.00,יחידה,false,1,12.90,3.2250,true,1,3062
7290000295336,false,אב.כביסה מקסימה סנסי,,,אב.כביסה מקסימה סנסיטיב 1.25 קג,קילוגרמים,1.25,"ק""ג",false,1,13.90,11.1200,true,1,97
7290000295343,false,אב.כביסה מקסימה ביו,,,אב.כביסה מקסימה ביו  1.25 קג,קילוגרמים,1.25,"ק""ג",false,1,13.90,11.1200,true,1,98
7290000295367,false,אב.כביסה מקסימה אפקט,סנו,,אב.כביסה מקסימה אפקט זאוול 2.5 קג,קילוגרמים,2.50,"ק""ג",false,1,26.90,10.7600,true,1,3034
7290000295404,false,שקית אשפה 60 יח סנו,,,שקית אשפה  60 יח סנו סושי 50/70,יחידה,60.00,יחידה,false,1,21.90,0.3650,true,1,2999
7290000295541,false,רב מגבת סנו סושי גמב,,,רב מגבת סנו סושי גמבו,יחידה,1.00,יחידה,false,1,17.90,17.9000,true,1,285
7290000295558,false,זוג רדיד אלומיניום ק,סנו,,זוג רדיד אלומיניום קצר 30*7.5 סנו סושי,יחידה,2.00,יחידה,false,1,12.90,6.4500,true,1,3057
7290000295565,false,זוג רדיד אלומיניום ס,,,זוג רדיד אלומיניום סושי ארוך 45*7.5,יחידה,2.00,יחידה,false,1,21.90,10.9500,true,1,346
7290000295589,false,בייבי כיף טלק לתינוק,,,בייבי כיף טלק לתינוק 200 גר,גרמים,200.00,100 גרם,false,1,16.90,8.4500,true,1,4112
7290000295794,false,סנו ספוגית אל חלד,,,סנו ספוגית אל חלד,יחידה,3.00,יחידה,false,1,12.90,4.3000,true,1,3063
7290000300900,false,שניצל תירס טבעול 750,טבעול ישראל,,שניצל תירס טבעול 750 גר,גרמים,750.00,100 גרם,false,1,29.90,3.9867,true,1,60
7290000311203,false,וופל שוקו מן 200 גר,רוקחמן,,וופל שוקו מן 200 גר,גרמים,200.00,100 גרם,false,1,5.50,2.7500,true,1,5866
7290000311708,false,עוגיות מן חיטה מלאה,רוקחמן,,עוגיות מן חיטה מלאה 300 גר,גרמים,300.00,100 גרם,false,1,7.90,2.6333,true,1,5868
7290000311715,false,עוגיות מן טעם שוקו 3,רוקחמן,,עוגיות מן טעם שוקו 300 גר,גרמים,300.00,100 גרם,false,1,7.90,2.6333,true,1,5869
7290000311869,false,וופל מן שוקולד ללא ס,,,וופל מן שוקולד ללא סוכר 180 גרם,גרמים,180.00,100 גרם,false,1,8.90,4.9444,true,1,25817
7290000311876,false,וופל מן וניל ללא סוכ,,,וופל מן וניל ללא סוכר 180 גרם,גרמים,180.00,100 גרם,false,1,8.90,4.9444,true,1,25818
7290000311890,false,וופל מן לימון ללא סו,,,וופל מן לימון ללא סוכר 180 גרם,גרמים,180.00,100 גרם,false,1,8.90,4.9444,true,1,61345
7290000313160,false,עוגיות זהבה ושלושת ה,"אסם תעשיות בע""מ",,עוגיות זהבה ושלושת הדובים שוקולד 250 ג,גרמים,250.00,100 גרם,false,1,8.60,3.4400,true,1,2193
7290000315126,false,ציר עוף קנור 300 גרם,יוניליוור,,ציר עוף קנור 300 גרם,גרמים,300.00,100 גרם,false,1,25.90,8.6333,true,1,5541
7290000315133,false,ציר בקר קנור 300 גרם,יוניליוור,,ציר בקר קנור 300 גרם,גרמים,300.00,100 גרם,false,1,25.90,8.6333,true,1,5542
7290000318127,false,נקניקיות ביס 380 גרם,,,נקניקיות ביס 380 גרם,גרמים,380.00,100 גרם,false,1,11.90,3.1316,true,1,3977
7290000318479,false,נקניק פרושוטו עגל 10,,,נקניק פרושוטו עגל 100 ג,גרמים,100.00,100 גרם,false,1,25.90,25.9000,true,1,4941
7290000318677,false,נקניק סלמי סרוולט 15,,,נקניק סלמי סרוולט 150 גר שינגל,גרמים,150.00,100 גרם,false,1,23.90,15.9333,true,1,6857
7290000318707,false,נקניק סלמי מעושן יח,,,נקניק סלמי מעושן יח,גרמים,500.00,100 גרם,false,1,29.90,5.9800,true,1,3959
7290000318943,false,פסטרמה של פעם 200 גר,,,פסטרמה של פעם 200 גר שינגל,גרמים,200.00,100 גרם,false,1,22.90,11.4500,true,1,6858
7290000319063,false,כתף בקר מעושן בציפוי,מעדני יחיעם,IL,כתף בקר מעושן בציפוי פלפל 150 גרם,גרמים,150.00,100 גרם,false,1,25.90,17.2667,true,1,36096
7290000319124,false,סלמי סרוולט 250 ג,,,סלמי סרוולט 250 ג,גרמים,250.00,100 גרם,false,1,33.90,13.5600,true,1,3971
7290000319131,false,נקניקיות עוף 400 גרם,,,נקניקיות עוף 400 גרם יחיעם,גרמים,400.00,100 גרם,false,1,11.90,2.9750,true,1,3980
7290000319520,false,נקניק סלמי צרפתי 100,,,נקניק סלמי צרפתי 100 ג,גרמים,100.00,100 גרם,false,1,20.90,20.9000,true,1,4942
7290000319803,false,קבנוס קלאסי 125 גרם,,,קבנוס קלאסי 125 גרם,גרמים,125.00,100 גרם,false,1,12.90,10.3200,true,1,19911
7290000319834,false,קבנוס פפרוני 125 גרם,,,קבנוס פפרוני 125 גרם,גרמים,125.00,100 גרם,false,1,12.90,10.3200,true,1,19912
7290000327075,false,מארז 6יח סודה 500מל,,IL,מארז 6יח סודה 500מל בטעם למון ליים פקדון,מיליליטרים,3000.00,"100 מ""ל",false,4,14.90,0.4967,true,1,58750
7290000334325,false,מארז 3 יח ציפס מיקרו,תפוגן,,מארז 3 יח ציפס מיקרוגל תפוגן 125 גר,גרמים,375.00,100 גרם,false,1,15.90,4.2400,true,1,2519
7290000334684,false,טבעות בצל תפוגן 700,תפוגן,,טבעות בצל תפוגן 700 גר,גרמים,700.00,100 גרם,false,1,17.90,2.5571,true,1,1277
7290000334745,false,תפוגן אמריקן ציפס 1.,תפוגן,,תפוגן אמריקן ציפס 1.5 קג,קילוגרמים,1.50,"ק""ג",false,1,24.90,16.6000,true,1,1575
7290000336053,false,תרכיז תפוחים סיידר ט,,,סיידר 330 מל תרכיז תפוחים טבעי בק,מיליליטרים,330.00,"100 מ""ל",false,1,15.90,4.8182,true,1,45
7290000336282,false,סיידר 330 מל צלול בק,,,סיידר 330 מל צלול בק פקדון,מיליליטרים,330.00,"100 מ""ל",false,1,7.90,2.3939,true,1,6818
7290000339191,false,רן הלבנה 350 גרם,זוהר דליה,,רן הלבנה 350 גרם,גרמים,350.00,100 גרם,false,1,22.90,6.5429,true,1,126
7290000339566,false,מרכך בדין 4 ליטר ורו,יוניליוור,,מרכך בדין 4 ליטר ורוד,ליטרים,4.00,ליטר,false,1,22.90,5.7250,true,1,780
7290000341071,false,מרכך בייבי בדין 2 לי,יוניליוור,,מרכך בייבי בדין 2 ליטר,ליטרים,2.00,ליטר,false,1,20.90,10.4500,true,1,783
7290000342832,false,מרכך בדין 4 ליטר צהו,יוניליוור,,מרכך בדין 4 ליטר צהוב,ליטרים,4.00,ליטר,false,1,22.90,5.7250,true,1,782
7290000342856,false,מרכך בדין 4 ליטר כחו,יוניליוור,,מרכך בדין 4 ליטר כחול,ליטרים,4.00,ליטר,false,1,22.90,5.7250,true,1,781
7290000345048,false,תה 74 - 125 גרם,תה ויסוצקי,,תה 74 - 125 גרם,גרמים,125.00,100 גרם,false,1,13.50,10.8000,true,1,108
7290000345055,false,תה ארל גריי 100 גרם,תה ויסוצקי,,תה ארל גריי 100 גרם,גרמים,100.00,100 גרם,false,1,14.90,14.9000,true,1,1722
7290000345147,false,תה ארל גריי קופ. פח,תה ויסוצקי,,תה ארל גריי קופ. פח 200 גרם,גרמים,200.00,100 גרם,false,1,32.90,16.4500,true,1,1721
7290000345208,false,תה קלאסיק 25/1,תה ויסוצקי,,תה קלאסיק 25/1,יחידה,25.00,יחידה,false,1,6.90,0.2760,true,1,1681
7290000345215,false,תה קלאסיק 1 גר 100 ש,תה ויסוצקי,,תה קלאסיק 1 גר 100 שקיקים,יחידה,100.00,יחידה,false,1,18.90,0.1890,true,1,1720
7290000345260,false,תה קלאסיק 25/1.5,תה ויסוצקי,,תה קלאסיק 25/1.5,יחידה,25.00,יחידה,false,1,7.30,0.2920,true,1,1648
7290000345277,false,תה קלאסיק 1.5 גר 50,תה ויסוצקי,,תה קלאסיק 1.5 גר 50 שקיקים,יחידה,50.00,יחידה,false,1,13.90,0.2780,true,1,1660
7290000345284,false,תה קלאסיק 1.5גר 100,תה ויסוצקי,,תה קלאסיק 1.5גר 100 שקיקים,יחידה,100.00,יחידה,false,1,19.90,0.1990,true,1,1719
7290000345291,false,בלק לייבל תה ארל גרי,תה ויסוצקי,,בלק לייבל תה ארל גריי 25 שק 1 ג,יחידה,25.00,יחידה,false,1,16.50,0.6600,true,1,1649
7290000345307,false,בלק לייבל תה ארל גרי,תה ויסוצקי,,תה ארל גריי 50 שק 1.5 גרם,יחידה,50.00,יחידה,false,1,25.90,0.5180,true,1,1680
7290000345536,false,תה פירות נענע 1.5 ג,תה ויסוצקי,,תה פירות נענע 1.5 ג 25 שק,יחידה,25.00,יחידה,false,1,17.90,0.7160,true,1,1710
7290000346021,false,תה גן הקסום  קמומיל,תה ויסוצקי,,תה גן הקסום  קמומיל 1.5 ג 50 שק,גרמים,75.00,100 גרם,false,1,33.50,44.6667,true,1,201
7290000346120,false,תה גן הקסום קסם הקינ,תה ויסוצקי,,תה גן הקסום קסם הקינמון1.5ג 25שק,יחידה,25.00,יחידה,false,1,19.50,0.7800,true,1,1718
7290000346137,false,תה גן הקסום הילולי פ,תה ויסוצקי,,תה גן הקסום הילולי פירות 2 ג 25ש,יחידה,25.00,יחידה,false,1,19.50,0.7800,true,1,1712
7290000346144,false,תה גן הקסום עינוגי ה,תה ויסוצקי,,תה גן הקסום עינוגי התפוח 2ג 25שק,יחידה,25.00,יחידה,false,1,19.50,0.7800,true,1,1715
7290000346151,false,תה גן קסום תות שדה ו,תה ויסוצקי,,תה גן קסום תות שדה ורד הבר2ג 25ש,יחידה,25.00,יחידה,false,1,19.50,0.7800,true,1,2097
7290000346168,false,תה גן הקסום שומר 1.5,תה ויסוצקי,,תה גן הקסום שומר 1.5 ג 25 שק,יחידה,25.00,יחידה,false,1,19.50,0.7800,true,1,4704
7290000346199,false,תה גן הקסום פירות יע,תה ויסוצקי,,תה גן הקסום פירות יער 2ג 25שק,יחידה,25.00,יחידה,false,1,19.50,0.7800,true,1,1716
7290000346205,false,תה גן הקסום קמומיל 1,תה ויסוצקי,,תה גן הקסום קמומיל 1 גר 25 שקיקים,יחידה,25.00,יחידה,false,1,19.50,0.7800,true,1,1717
7290000346229,false,תה גן הקסום ורד הבר,תה ויסוצקי,,תה גן הקסום ורד הבר 25 שקיקים,יחידה,25.00,יחידה,false,1,19.50,0.7800,true,1,1713
7290000346236,false,תה גן הקסום לואיזה 2,תה ויסוצקי,,תה גן הקסום לואיזה 2 ג 25 שק,יחידה,25.00,יחידה,false,12,19.50,0.7800,true,1,2187
7290000347738,false,תה ירוק נענע 1.5 ג 2,תה ויסוצקי,,תה ירוק נענע 1.5 ג 25 שק,יחידה,25.00,יחידה,false,1,24.90,0.9960,true,1,1705
7290000347752,false,תה ירוק לימונית לואי,תה ויסוצקי,,תה ירוק לימונית לואיזה 1.5 ג 25 שק,יחידה,25.00,יחידה,false,1,24.90,0.9960,true,1,1704
7290000364261,false,סלסולי כתף בקר 120 ג,,,סלסולי כתף בקר 120 גר,גרמים,120.00,100 גרם,false,1,15.90,13.2500,true,1,9708
7290000364278,false,סלסולי סלמי איטלקי מ,,,סלסולי סלמי איטלקי משובח 120 גר,גרמים,120.00,100 גרם,false,1,15.90,13.2500,true,1,9709
7290000364285,false,סלסולי פסטרמה הודו 1,,,סלסולי פסטרמה הודו 120 גר,גרמים,120.00,100 גרם,false,1,15.90,13.2500,true,1,9710
7290000364292,false,סלסולי פסטרמה גחלים,,,סלסולי פסטרמה גחלים 120 גר,גרמים,120.00,100 גרם,false,1,15.90,13.2500,true,1,10073
7290000364759,false,נקניקיות קרנצ וינר 5,,,נקניקיות קרנץ וינר 500 ג,גרמים,500.00,100 גרם,false,1,18.90,3.7800,true,1,4093
7290000364803,false,נקניקיות קרנץ אמריקא,,,נקניקיות קרנץ אמריקאיות 500 ג,גרמים,500.00,100 גרם,false,1,29.90,5.9800,true,1,4094
7290000364810,false,נקניקיות קרנץ אמריקא,,,נקניקיות קרנץ עגל 500 ג,גרמים,500.00,100 גרם,false,1,29.90,5.9800,true,1,4095
7290000364858,false,נקניקיות עוף 1 קג,,,נקניקיות עוף 1 קג,גרמים,1000.00,100 גרם,false,1,28.90,2.8900,true,1,4181
7290000364872,false,נקניקיות עוף 400 גרם,,,נקניקיות עוף 400 גרם,גרמים,400.00,100 גרם,false,1,11.90,2.9750,true,1,4092
7290000369037,false,גבינה בולגרית קוביה,גבינות אמיר ניצן בעמ,,גבינה בולגרית קוביה 175 גרם,גרמים,175.00,100 גרם,false,1,14.90,8.5143,true,1,2875
7290000369365,false,גב.בולגרית למריחה עם,גבינות אמיר ניצן בעמ,,גב.בולגרית למריחה עם חצילים 200 גרם,גרמים,200.00,100 גרם,false,1,12.90,6.4500,true,1,2768
7290000369617,false,כדורי לבנה רחוב 150,גבינות אמיר ניצן בעמ,,כדורי לבנה רחוב 150 גר,גרמים,150.00,100 גרם,false,1,18.90,12.6000,true,1,6974
7290000369709,false,חמאה בטעמים 100 גרם,גבינות אמיר ניצן בעמ,,חמאה בטעמים 100 גרם,גרמים,100.00,100 גרם,false,1,12.90,12.9000,true,1,2581
7290000391229,false,קוקטייל פיצה,בונז'ור,,קוקטייל פיצה,קילוגרמים,1.00,"ק""ג",true,,62.00,62.0000,true,1,16420
7290000408316,false,דנונה יוגורט 3% טבעי,,,דנונה יוגורט 3% טבעי 200 גר,גרמים,200.00,100 גרם,false,1,3.80,1.9000,true,1,1113
7290000408354,false,יוגורט דנונה בר פיצפ,,,יוגורט דנונה בר פיצפוצים קראנצ 173 גרם,גרמים,173.00,100 גרם,false,1,4.70,2.7168,true,1,1444
7290000412481,false,נוזל לניקוי אסלות 00,,,נוזל לניקוי אסלות 00 1 ל,ליטרים,1.00,ליטר,false,1,7.90,7.9000,true,1,995
7290000412764,false,קוטל מעופפים פזטוקס,,,קוטל מעופפים פזטוקס,Unknown,0.00,Unknown,false,1,18.90,0.0000,true,1,461
7290000416021,false,ממרח שוקולד השחר 500,,,ממרח שוקולד השחר 500 גר,גרמים,500.00,100 גרם,false,1,13.90,2.7800,true,1,964
7290000416106,false,נוגט במשקל,,,נוגט במשקל,קילוגרמים,1.00,"ק""ג",true,,49.00,49.0000,true,1,2391
7290000416618,false,ממרח השחר פרווה 400,,,ממרח השחר פרווה 400 גרם,גרמים,400.00,100 גרם,false,1,12.90,3.2250,true,1,2349
7290000416854,false,קקאו השחר 150 גר בשק,,,קקאו השחר 150 גר בשקית,גרמים,150.00,100 גרם,false,1,12.60,8.4000,true,1,6546
7290000419107,false,קפה טורקי מקורי טחון,קפה לנדוור,,קפה טורקי מקורי טחון כחול 100 גר לנדור,גרמים,100.00,100 גרם,false,1,6.90,6.9000,true,1,230
7290000419374,false,מארז 3 יח קפה לנדוור,קפה לנדוור,,מארז 3 יח קפה לנדוור לבוקר 100 גר,גרמים,300.00,100 גרם,false,1,19.90,6.6333,true,1,11942
7290000419893,false,קפה טורקי טחון לבוקר,קפה לנדוור,,קפה טורקי טחון לבוקר 100 גר לנדוור,גרמים,100.00,100 גרם,false,1,6.90,6.9000,true,1,7676
7290000419909,false,קפה טורקי טחון אספרס,קפה לנדוור,,קפה טורקי טחון אספרסו 100 גר לנדוור,גרמים,100.00,100 גרם,false,1,6.90,6.9000,true,1,7677
7290000420325,false,פופקורן פופסטאר טבעי,,,פופקורן פופסטאר טבעי 500 גרם,גרמים,500.00,100 גרם,false,1,13.90,2.7800,true,1,459
7290000420332,false,פופקורן פופסטאר חמאה,,,פופקורן פופסטאר חמאה 500 גר,גרמים,500.00,100 גרם,false,1,13.90,2.7800,true,1,458
7290000430102,false,קוביות קרח,,,קוביות קרח,קילוגרמים,2.00,"ק""ג",false,1,9.90,4.9500,true,1,377
7290000432113,false,נרות שבת 4יח 140 גרם,פאלאס תעשיות נטו (20,,נרות שבת 4יח 140 גרם,גרמים,140.00,100 גרם,false,1,4.90,3.5000,true,1,139
7290000432120,false,נרות חנוכה 44 יחידות,hebei,,נרות חנוכה 44 יחידות,יחידה,44.00,יחידה,false,1,3.90,0.0886,true,1,25360
7290000432182,false,נר נשמה 24 שעות,פאלאס תעשיות נטו (20,,נר נשמה 24 שעות,יחידה,1.00,יחידה,false,1,3.90,3.9000,true,1,21482
7290000432205,false,נר תמיד 48  שעות,פאלאס תעשיות נטו (20,,נר תמיד 48  שעות,יחידה,1.00,יחידה,false,1,6.50,6.5000,true,1,671
7290000432359,false,נר נשמה  כוס שבועי,,,נר נשמה  כוס שבועי,Unknown,0.00,Unknown,false,1,11.90,0.0000,true,1,669
7290000446547,false,חמאת בוטנים טבעית 35,,IL,חמאת בוטנים טבעית 350גר בטר אנד דיפרנט,גרמים,350.00,100 גרם,false,12,14.90,4.2571,true,1,49029
7290000449128,false,נוזל לניקוי כללי סיף,יוניליוור,,נוזל לניקוי כללי סיף 4 ל לימון,ליטרים,4.00,ליטר,false,1,19.90,4.9750,true,1,510
7290000450209,false,טונה פוסידון בשמן 10,פוסידון,,טונה פוסידון בשמן 108 גרם,גרמים,108.00,100 גרם,false,1,5.90,5.4630,true,1,1304
7290000453019,false,שימרית 50 גר,,,שימרית 50 גר,גרמים,50.00,100 גרם,false,1,5.40,10.8000,true,1,48
7290000453125,false,שמרית+משפר אפיה 50 ג,,,שמרית+משפר אפיה 50 גרם,Unknown,0.00,Unknown,false,1,8.60,0.0000,true,1,49
7290000453309,false,בצק פיצה תמי ללא גלו,,,בצק פיצה תמי ללא גלוטן 230גר,גרמים,230.00,100 גרם,false,8,19.90,8.6522,true,1,53559
7290000453316,false,בצק עלים תמי ללא גלו,,,בצק עלים תמי ללא גלוטן 280גר,גרמים,280.00,100 גרם,false,8,19.90,7.1071,true,1,53558
7290000453323,false,קמח תמי עמילן חיטה ל,,IL,קמח תמי עמילן חיטה ללא גלוטן 500 גר,גרמים,300.00,100 גרם,false,12,18.90,6.3000,true,1,59126
7290000453330,false,תערובת לעוגה וניל לל,,IL,תערובת לעוגה וניל ללג 500 גר תמי,גרמים,300.00,100 גרם,false,12,18.90,6.3000,true,1,59667
7290000453408,false,בצק פיצה דק שמרית  מ,,IL,בצק פיצה דק שמרית  מצונן מוכן לאפייה415ג,גרמים,415.00,100 גרם,false,8,15.90,3.8313,true,1,43292
7290000453415,false,בצק עלים שמרית מצונן,,IL,בצק עלים שמרית מצונן ומוכן לאפייה 300גר,גרמים,300.00,100 גרם,false,8,15.90,5.3000,true,1,43289
7290000453422,false,בצק פילו שמרית מצונן,,IL,בצק פילו שמרית מצונן ומוכן לאפייה 300גר,גרמים,300.00,100 גרם,false,8,15.90,5.3000,true,1,43290
7290000453781,false,שמרים יבשים שימרית ב,,,שמרים יבשים שימרית בואקום 125 גר,גרמים,125.00,100 גרם,false,1,6.90,5.5200,true,1,38804
7290000453798,false,שמרים יבשים אקטיביים,,,שמרים יבשים אקטיביים שימרית 500 גר,גרמים,500.00,100 גרם,false,1,14.90,2.9800,true,1,23437
7290000453866,false,תחליף מרגרינה נטורינ,פאקא,,תחליף מרגרינה נטורינה קוקוס 200 גר שמרית,גרמים,200.00,100 גרם,false,1,7.90,3.9500,true,1,35038
7290000461007,false,גבינה מגורדת במשקל,,,גבינה מגורדת במשקל,קילוגרמים,1.00,"ק""ג",true,,50.00,50.0000,true,1,8
7290000461625,false,בייגלה שמיניות 400 ג,יוניליוור,,בייגלה שמיניות 400 גרם בדצ,גרמים,400.00,100 גרם,false,1,10.90,2.7250,true,1,1407
7290000461656,false,בייגלה אחד אחד 400 ג,יוניליוור,,בייגלה אחד אחד 400 גרם בדצ,גרמים,400.00,100 גרם,false,1,10.90,2.7250,true,1,1403
7290000461700,false,בייגלה גדול גדול 400,יוניליוור,,בייגלה גדול גדול 400 גרם,גרמים,400.00,100 גרם,false,1,14.90,3.7250,true,1,1405
7290000461724,false,בייגלה גדול שומשום 4,יוניליוור,,בייגלה גדול שומשום 400 גרם,גרמים,400.00,100 גרם,false,1,16.90,4.2250,true,1,1406
7290000461793,false,בייגלה ארוך ארוך 150,יוניליוור,,בייגלה ארוך ארוך 150 גרם,גרמים,150.00,100 גרם,false,1,6.50,4.3333,true,1,772
7290000462141,false,סחוג אדום חריף מאוד,,,סחוג אדום חריף מאוד 150 גרם,גרמים,150.00,100 גרם,false,1,9.90,6.6000,true,1,8363
7290000462172,false,סחוג תימני ירוק חריף,,,סחוג תימני ירוק חריף 150 גרם,גרמים,150.00,100 גרם,false,1,9.90,6.6000,true,1,720
7290000467320,false,סלט חומוס אבו מרוואן,צבר,,סלט חומוס אבו מרוואן צבר 400 גר,גרמים,400.00,100 גרם,false,1,14.90,3.7250,true,1,16446
7290000469638,false,ספריי גיהוץ מריטו ענ,BOLTON GROUP - MER,,ספריי גיהוץ מריטו ענק 500 מל,מיליליטרים,500.00,"100 מ""ל",false,1,23.50,4.7000,true,1,778
7290000474090,false,חלב 1% קרטון 1 ליטר*,טרה,,חלב 1% בקרטון 1 ליטר***,ליטרים,1.00,ליטר,false,1,5.86,5.8600,true,1,4067
7290000474373,false,שמנת חמוצה 15% 200 מ,טרה,,שמנת חמוצה 15% 200 מל***,מיליליטרים,200.00,"100 מ""ל",false,1,2.40,1.2000,true,1,4069
7290000474502,false,גבינה לבנה 5% 250 גר,טרה,,גבינה לבנה 5% 250 גרם***,גרמים,250.00,100 גרם,false,1,4.98,1.9920,true,1,5504
7290000474540,false,גבינה טוב טעם 3% 250,טרה,,גבינה טוב טעם 3% 250 ג,גרמים,250.00,100 גרם,false,1,10.90,4.3600,true,1,4074
7290000480107,false,קוואקר שיבולת שועל 5,FRITO-LAY TRADING CO,,קוואקר שיבולת שועל 500 ג פחית,גרמים,500.00,100 גרם,false,1,14.90,2.9800,true,1,375
7290000480305,false,הרמזית 400 טבליות,,,הרמזית 400 טבליות,יחידה,400.00,יחידה,false,1,20.00,0.0500,true,1,1373
7290000480329,false,ממתיק הרמזית טבליות,,,ממתיק הרמזית טבליות 800 יח,יחידה,800.00,יחידה,false,1,26.50,0.0331,true,1,1374
7290000480343,false,הרמזית טבליות 1400 י,,,הרמזית טבליות 1400 יח,יחידה,1.40,יחידה,false,1,44.00,31.4286,true,1,1375
7290000480442,false,קואקר שבולת שועל 500,FRITO-LAY TRADING CO,,קואקר שבולת שועל 500 ג שקית,גרמים,500.00,100 גרם,false,1,13.50,2.7000,true,1,376
7290000482019,false,שקיות צליה קוקי רגיל,קיטים,,שקיות צליה קוקי רגיל 10 יח,יחידה,10.00,יחידה,false,1,11.90,1.1900,true,1,430
7290000482033,false,שקיות צליה קוקי ענק,קיטים,,שקיות צליה קוקי ענק 5 יח,יחידה,0.05,יחידה,false,1,11.90,238.0000,true,1,432
7290000483139,false,מרציפן המרשלג גולמי,המרשלג,,מרציפן המרשלג גולמי 100 ג,גרמים,100.00,100 גרם,false,1,9.90,9.9000,true,1,792
7290000483641,false,מרציפן המרשלג חלה 75,המרשלג,,מרציפן המרשלג חלה 75 ג,גרמים,75.00,100 גרם,false,1,8.50,11.3333,true,1,793
7290000484549,false,כהל 95% נקי 750 מל פ,,IL,כהל 95% נקי 750 מל פיקדון,מיליליטרים,750.00,"100 מ""ל",false,1,139.00,18.5333,true,1,16516
7290000484747,false,ערק עלית 40% 700 מל,ישראל,,ערק עלית 40% 700 מל,מיליליטרים,700.00,"100 מ""ל",false,1,69.90,9.9857,true,1,26010
7290000490601,false,מאגדת שלגון גלידל ונ,פלקו בעמ,,מאגדת שלגון גלידל וניל 8 יח  פלדמן,יחידה,8.00,יחידה,false,1,29.90,3.7375,true,1,4879
7290000490625,false,מאגדת 8יח שלגון שוקו,פלקו בעמ,,מאגדת 8יח שלגון שוקו בציפוי שוקולד,יחידה,8.00,יחידה,false,1,26.90,3.3625,true,1,23544
7290000490717,false,מאגדת שלגון גלית 8 י,פלקו בעמ,,מאגדת שלגון גלית 8 יח  פלדמן,יחידה,8.00,יחידה,false,1,21.90,2.7375,true,1,5560
7290000490762,false,מאגדת שלגון גלידל שו,פלקו בעמ,,מאגדת שלגון גלידל שוקו 8 יח  פלדמן,יחידה,8.00,יחידה,false,1,29.90,3.7375,true,1,4880
7290000493176,false,אבקת רוטב צלי לבשר 2,"אסם תעשיות בע""מ",,אבקת רוטב צלי לבשר 22 גר,גרמים,22.00,100 גרם,false,1,4.50,20.4545,true,1,2043
7290000493183,false,אבקת רוטב פטריות 30,"אסם תעשיות בע""מ",,אבקת רוטב פטריות 30 גר,גרמים,30.00,100 גרם,false,1,4.50,15.0000,true,1,2044
7290000497044,false,לחם אקטיב ברמן 750גר,מאפית י.את א. ברמן ב,,לחם אקטיב ברמן 750גרם,גרמים,750.00,100 גרם,false,1,15.90,2.1200,true,1,16946
7290000497112,false,לחם אחיד פרוס 750 גר,מאפית י.את א. ברמן ב,,לחם אחיד פרוס 750 גר***,גרמים,750.00,100 גרם,false,1,7.11,0.9480,true,1,6961
7290000497228,false,מארז 6 לחמניה שש בש,מאפית י.את א. ברמן ב,,מארז 6 לחמניה שש בש,גרמים,450.00,100 גרם,false,1,12.90,2.8667,true,1,6361
7290000497303,false,מארז 6 לחמניות מקמח,מאפית י.את א. ברמן ב,,מארז 6 לחמניות מקמח מלא,גרמים,450.00,100 גרם,false,1,12.90,2.8667,true,1,6362
7290000497426,false,לחם ברמן לענין פלוס,מאפית י.את א. ברמן ב,,לחם ברמן לענין פלוס 500גר,גרמים,500.00,100 גרם,false,1,15.90,3.1800,true,1,5925
7290000497532,false,לחם ברמן לעניין 750,מאפית י.את א. ברמן ב,,לחם ברמן לעניין 750 גרם,גרמים,750.00,100 גרם,false,1,13.90,1.8533,true,1,5539
7290000497570,false,לחם דגנים פלוס ברמן,מאפית י.את א. ברמן ב,,לחם דגנים פלוס ברמן 500 גרם,גרמים,500.00,100 גרם,false,1,15.90,3.1800,true,1,5668
7290000498003,false,לחם אי פריי קמח מלא,מאפית י.את א. ברמן ב,,לחם אי פריי קמח מלא 750 גרם ברמן,גרמים,750.00,100 גרם,false,1,15.90,2.1200,true,1,36730
7290000498034,false,לחם אי פרי קמח כוסמי,מאפית י.את א. ברמן ב,,לחם אי פרי קמח כוסמין מלא 750 גרם ברמן,גרמים,750.00,100 גרם,false,1,15.90,2.1200,true,1,43219
7290000498041,false,לחם אקטיב כוסמין 750,מאפית י.את א. ברמן ב,IL,לחם אקטיב כוסמין 750גר ברמן,גרמים,750.00,100 גרם,false,1,15.90,2.1200,true,1,57944
7290000498058,false,חלה  חלומית  כוסמין,מאפית י.את א. ברמן ב,,חלה  חלומית  כוסמין 500גר ברמן,גרמים,500.00,100 גרם,false,1,15.90,3.1800,true,1,59418
7290000498256,false,מארז 10 לחמניות 750ג,מאפית י.את א. ברמן ב,IL,מארז 10 לחמניות 750גר בשקית ברמן,גרמים,750.00,100 גרם,false,1,15.90,2.1200,true,1,37718
7290000504025,false,ממתיק סוכרזית פטריה,,,ממתיק סוכרזית פטריה 300 יח,Unknown,0.00,Unknown,false,1,9.00,0.0000,true,1,704
7290000504049,false,ממתיק סוכרזית קנקן 1,,,ממתיק סוכרזית קנקן 1200 יח,Unknown,0.00,Unknown,false,1,25.00,0.0000,true,1,705
7290000504209,false,ממתיק סוויט דיאטיפ נ,,,ממתיק סוויט דיאטיפ נוזל 220 מל,מיליליטרים,220.00,"100 מ""ל",false,1,18.90,8.5909,true,1,1350
7290000504261,false,סוכרזית קלאסי כפית ל,,,סוכרזית קלאסי כפית לכפית 100גר,גרמים,100.00,100 גרם,false,1,25.90,25.9000,true,1,1150
7290000504278,false,ממתיק סוכרזית פטנט 7,,,ממתיק סוכרזית פטנט 700 יח,גרמים,57.00,100 גרם,false,1,16.90,29.6491,true,1,703
7290000518121,false,מתוק וקל 50 שקיות,מתוק וקל,,מתוק וקל 50 שקיות,יחידה,50.00,יחידה,false,1,5.90,0.1180,true,1,848
7290000518152,false,מתוק וקל זהב 25 שקיו,מתוק וקל,,מתוק וקל זהב 25 שקיות,יחידה,25.00,יחידה,false,1,6.90,0.2760,true,1,846
7290000518169,false,מתוק וקל 1000 טבליות,מתוק וקל,,מתוק וקל 1000 טבליות,יחידה,1000.00,יחידה,false,1,9.50,0.0095,true,1,849
7290000518176,false,מתוק וקל ענק 250 שקי,מתוק וקל,,מתוק וקל ענק 250 שקיות,יחידה,250.00,יחידה,false,1,21.90,0.0876,true,1,847
7290000518220,false,סוכרה דיאט מתוק וקל,מתוק וקל,,סוכרה דיאט מתוק וקל 100 יח,יחידה,100.00,יחידה,false,1,25.00,0.2500,true,1,28041
7290000518251,false,מתוק וקל זהב 100 שקי,מתוק וקל,,מתוק וקל זהב 100 שקיות,יחידה,100.00,יחידה,false,1,13.90,0.1390,true,1,845
7290000518336,false,צמר גפן מתוק מווש מת,מתוק וקל,IL,צמר גפן מתוק מווש מתוק וקל 10 גרם,Unknown,0.00,Unknown,false,1,4.90,0.0000,true,1,53502
7290000518398,false,סוכרה דיאט טיפות מתו,מתוק וקל,,סוכרה דיאט טיפות מתוק וקל,מיליליטרים,150.00,"100 מ""ל",false,1,25.00,16.6667,true,1,28044
7290000518879,false,סוכרה דיאט 250 יח,מתוק וקל,,סוכרה דיאט 250 יח,יחידה,250.00,יחידה,false,1,55.00,0.2200,true,1,16992
7290000521008,false,יין סגל אדום 750 מל,,,יין סגל אדום 750 מל פקדון,מיליליטרים,750.00,"100 מ""ל",false,1,25.00,3.3333,true,1,2855
7290000521015,false,יין סגל לבן 750 מל פ,,,יין סגל לבן 750 מל פקדון,מיליליטרים,750.00,"100 מ""ל",false,1,25.00,3.3333,true,1,2865
7290000522111,false,חלב אורגני טרי 3% שו,,,חלב אורגני טרי 3% שומן 1 ליטר,ליטרים,1.00,ליטר,false,1,12.90,12.9000,true,1,1242
7290000522166,false,חלב הרים טהור נטול ל,"מחלבות רמה""ג",,חלב הרים טהור נטול לקטוז 3% 1 ליטר,ליטרים,1.00,ליטר,false,1,12.00,12.0000,true,1,13594
7290000522272,false,שמנת לקפה 10% שומן 5,"מחלבות רמה""ג",,שמנת לקפה 10% שומן 500 מל עמידה,מיליליטרים,500.00,"100 מ""ל",false,1,10.50,2.1000,true,1,18336
7290000523125,false,מלח ים יבש הארץ 250,"מלח הארץ אילת בע""מ",,מלח ים יבש הארץ 250 גר במיכל,גרמים,250.00,100 גרם,false,1,5.90,2.3600,true,1,945
7290000523224,false,מלח ים יבש הארץ 500,"מלח הארץ אילת בע""מ",,מלח ים יבש הארץ 500 גרם במיכל,גרמים,500.00,100 גרם,false,1,8.90,1.7800,true,1,946
7290000523514,false,מלח ים הארץ דל נתרן,"מלח הארץ אילת בע""מ",,מלח ים הארץ דל נתרן 250 גרם,גרמים,250.00,100 גרם,false,1,11.50,4.6000,true,1,947
7290000523521,false,מלח ים הארץ מועשר בי,"מלח הארץ אילת בע""מ",,מלח ים הארץ מועשר ביוד 250 גר,גרמים,250.00,100 גרם,false,1,6.90,2.7600,true,1,4061
7290000523804,false,מלח עדין הארץ 1 קג צ,"מלח הארץ אילת בע""מ",,מלח עדין הארץ 1 קג צנצנת,קילוגרמים,1.00,"ק""ג",false,1,8.00,8.0000,true,1,7855
7290000523811,false,מלח גס הארץ 1 קג צנצ,"מלח הארץ אילת בע""מ",,מלח גס הארץ 1 קג צנצנת,קילוגרמים,1.00,"ק""ג",false,1,8.00,8.0000,true,1,7856
7290000525969,false,מיץ תפוזים סחוט 1 לי,,,מיץ תפוזים סחוט 1 ליטר,ליטרים,1.00,ליטר,false,1,15.90,15.9000,true,1,1759
7290000530086,false,נקניק סלמי מעושן 700,,IL,נקניק סלמי מעושן 7000,גרמים,600.00,100 גרם,false,1,32.90,5.4833,true,1,61736
7290000530109,false,מארז זוג קבנוס בואקו,,IL,מארז זוג קבנוס בואקום במבצע,יחידה,1.00,יחידה,false,1,26.90,26.9000,true,1,61737
7290000530598,false,נקניקיות וינר 500 גר,,IL,נקניקיות וינר 500 גרם,גרמים,500.00,100 גרם,false,1,10.90,2.1800,true,1,60165
7290000536743,false,קריספי סטיקס תירס 50,,IL,קריספי סטיקס תירס 500גר,גרמים,500.00,100 גרם,false,12,15.90,3.1800,true,1,59805
7290000537566,false,נקניקיות עוף טרי 400,,IL,נקניקיות עוף טרי 400 גרם,גרמים,400.00,100 גרם,false,12,10.90,2.7250,true,1,59763
7290000552118,false,נקניקיות מרגז 400 גר,טיבון ויל,,נקניקיות מרגז 400 גרם,גרמים,400.00,100 גרם,false,1,17.90,4.4750,true,1,775
7290000552194,false,קישקע 500 גרם,טיבון ויל,,קישקע 500 גרם,גרמים,500.00,100 גרם,false,1,12.90,2.5800,true,1,195
7290000554402,false,מלבי&קוקוס ובוטנים 5,מחלבות גד,,מלבי&קוקוס ובוטנים 5%  160 גר,גרמים,160.00,100 גרם,false,1,6.50,4.0625,true,1,939
7290000554457,false,גבינה צפתית מיני 5%,מחלבות גד,,גבינה צפתית מיני 5%  350 גרם,גרמים,350.00,100 גרם,false,1,23.90,6.8286,true,1,361
7290000554471,false,גליל מוצרלה 22% 180,מחלבות גד,,גליל מוצרלה 22% 180 גרם,גרמים,180.00,100 גרם,false,1,20.90,11.6111,true,1,1531
7290000554532,false,גב.צפתית מעודנת 5% מ,מחלבות גד,,גב.צפתית מעודנת 5% מלח ים טבעי200 גר,גרמים,200.00,100 גרם,false,1,16.90,8.4500,true,1,8291
7290000554600,false,מוצרלה מגורדת 22%  3,מחלבות גד,,מוצרלה מגורדת 22%  300 גרם,גרמים,300.00,100 גרם,false,1,29.90,9.9667,true,1,1076
7290000554624,false,ירח מתוק חלב&אורז 3%,מחלבות גד,,ירח מתוק חלב&אורז 3%  150 גרם,גרמים,150.00,100 גרם,false,1,6.50,4.3333,true,1,1131
7290000554655,false,גבינת מוצרלה מעושנת,,,גבינת מוצרלה מעושנת במשקל,קילוגרמים,1.00,"ק""ג",true,,95.00,95.0000,true,1,1077
7290000554686,false,לבנה עם שמן זית וזעת,מחלבות גד,,לבנה עם שמן זית וזעתר 5%  250 גרם,גרמים,250.00,100 גרם,false,1,16.90,6.7600,true,1,1187
7290000554754,false,מוצרלה גד קטן במים ב,,,מוצרלה גד קטן במים במשקל,קילוגרמים,1.00,"ק""ג",true,,109.00,109.0000,true,1,2546
7290000554792,false,גבינה בולגרית 5% במש,,,גבינה בולגרית 5% במשקל,קילוגרמים,1.00,"ק""ג",true,,69.00,69.0000,true,1,462
7290000554815,false,גליל מוצרלה טבעי במש,,,גליל מוצרלה טבעי במשקל,קילוגרמים,1.00,"ק""ג",true,,89.00,89.0000,true,1,1532
7290000554822,false,ריקוטה ג.איטלקית רכה,מחלבות גד,,ריקוטה ג.איטלקית רכה 5%  250 גר,גרמים,250.00,100 גרם,false,1,15.90,6.3600,true,1,125
7290000554839,false,גבינת מסקרפונה 40% 2,מחלבות גד,,גבינת מסקרפונה 40% 250 גרם,גרמים,250.00,100 גרם,false,1,24.90,9.9600,true,1,1001
7290000554921,false,גבינת ריקוטה איטלקית,,,גבינת ריקוטה איטלקית רכה במשקל,קילוגרמים,1.00,"ק""ג",true,,69.00,69.0000,true,1,36
7290000554952,false,גבינה צפתית קשה במשק,,,גבינה צפתית קשה במשקל,קילוגרמים,1.00,"ק""ג",true,,95.00,95.0000,true,1,1501
7290000554969,false,ג.שמנת 30% טבעית במש,,,ג.שמנת 30% טבעית במשקל,קילוגרמים,1.00,"ק""ג",true,,55.00,55.0000,true,1,2200
7290000560021,false,גל גילוח אדג לעור נג,,,גל גילוח אדג לעור נגד חתכים 210 גר,גרמים,210.00,100 גרם,false,1,17.90,8.5238,true,1,1541
7290000560533,false,גל גילוח אדג לעור רג,,,גל גילוח אדג לעור רגיל ירוק 210 גר,גרמים,210.00,100 גרם,false,1,17.90,8.5238,true,1,1542
7290000560540,false,גל גילוח אדג לעור רג,,,גל גילוח אדג לעור רגיש כתום 210 גר,גרמים,210.00,100 גרם,false,1,17.90,8.5238,true,1,1543
7290000560557,false,גל גילוח אדג לריכוך,,,גל גילוח אדג לריכוך העור סגול  210 גר,גרמים,210.00,100 גרם,false,1,17.90,8.5238,true,1,1540
7290000571232,false,גבינת גאודה פרוס 150,,,גבינת גאודה פרוס 150 גרם,גרמים,150.00,100 גרם,false,1,22.90,15.2667,true,1,1482
7290000571294,false,גבינת גאודה מעושנת ב,,,גבינת גאודה מעושנת במשקל המחלבה,קילוגרמים,1.00,"ק""ג",true,,115.00,115.0000,true,1,12003
7290000571300,false,גבינת גאודה מעושנת פ,,,גבינת גאודה מעושנת פרוסה 150 גר,גרמים,150.00,100 גרם,false,1,22.90,15.2667,true,1,12004
7290000571386,false,יוגורמה 850 גרם,,,יוגורמה 850 גרם,גרמים,850.00,100 גרם,false,1,24.90,2.9294,true,1,2758
7290000571393,false,יוגורמה 140 גרם,,,יוגורמה 140 גרם,גרמים,140.00,100 גרם,false,1,5.90,4.2143,true,1,3431
7290000571478,false,גבינת טום עיזים פרוס,,,גבינת טום עיזים פרוסה 150 גר בית יצחק,גרמים,150.00,100 גרם,false,1,34.90,23.2667,true,1,9322
7290000571485,false,משקה יוגורט עיזים 1,,,משקה יוגורט עיזים 1 קג,קילוגרמים,1.00,"ק""ג",false,1,22.90,22.9000,true,1,10760
7290000571928,false,יוגורמה כבשים אגוזים,בית יצחק,IL,יוגורמה כבשים אגוזים זרעים חמוציות 142גר,גרמים,142.00,100 גרם,false,12,5.90,4.1549,true,1,47762
7290000571935,false,יוגורמה כבשים וגרנול,בית יצחק,IL,יוגורמה כבשים וגרנולה מתוקה 142גר,גרמים,142.00,100 גרם,false,12,5.90,4.1549,true,1,47761
7290000572536,false,חלבה אחווה וניל 400,,,חלבה וניל 400 גרם,גרמים,400.00,100 גרם,false,1,12.90,3.2250,true,1,3326
7290000572628,false,חטיף חלבה אחווה לייט,,,חטיף חלבה אחווה לייט ללא סוכר 10 יח,Unknown,0.00,Unknown,false,1,14.90,0.0000,true,1,3329
7290000572673,false,חטיף חלבה אחווה אישי,,,חטיף חלבה אחווה אישי 10 יח,Unknown,0.00,Unknown,false,1,14.90,0.0000,true,1,3330
7290000684345,false,שלישיית פילטר בריטה,בריטה,,שלישיית פילטר בריטה,Unknown,0.00,Unknown,false,1,129.00,0.0000,true,1,185
7290000688084,false,מים מינרלים מי עדן ס,,,מים מינרלים מי עדן ספורט 500 מל פיקדון,מיליליטרים,500.00,"100 מ""ל",false,1,6.00,1.2000,true,1,2799
7290000688374,false,מארז 6יח מים מינרלים,,,מארז 6יח מים מינרלים מי עדן בייבי 330מל,מיליליטרים,1980.00,"100 מ""ל",false,1,13.90,0.7020,true,1,2169
7290000688381,false,שישיית מים מינרלים מ,,,שישיית מים מינרלים מי עדן 500 מל פיק,ליטרים,3.00,ליטר,false,1,14.90,4.9667,true,1,2798
7290000688503,false,שישיית מים מינרלים מ,,,שישיית מים מינרלים מי עדן750מל פיקדון,ליטרים,4.50,ליטר,false,1,16.90,3.7556,true,1,3728
7290000692203,false,נוזל לניקוי כללי אגק,Colgate - Greece,,נוזל לניקוי כללי אגקס לימון 2 ל,ליטרים,2.00,ליטר,false,1,23.90,11.9500,true,1,1701
7290000692210,false,נוזל לניקוי כללי אגק,Colgate - Greece,,נוזל לניקוי כללי אגקס לבנדר 2 ל,ליטרים,2.00,ליטר,false,1,23.90,11.9500,true,1,1700
7290000692227,false,נוזל כלים פלמוליב צי,Colgate - Greece,,נוזל כלים פלמוליב צילנדר 1 ל קלאסי,ליטרים,1.00,ליטר,false,1,13.50,13.5000,true,1,496
7290000692937,false,זוג מ.שיניים קולגייט,קיטים,,זוג מ.שיניים קולגייט אדומה משפחתית 100 מ,מיליליטרים,200.00,"100 מ""ל",false,1,19.90,9.9500,true,1,398
7290000694108,false,חטיף פיקנטי דבאייל ח,יעקובי,,חטיף פיקנטי דבאייל חומוס 230 גר,גרמים,230.00,100 גרם,false,1,14.00,6.0870,true,1,18259
7290000803067,false,מש.שיניים אלמקס ילדי,CP-Poland swidnica,,מש.שיניים אלמקס ילדים 75 מל,מיליליטרים,75.00,"100 מ""ל",false,1,17.90,23.8667,true,1,1569
7290000803180,false,מי פה לשטיפה מרידול,GABA THERW SWIZ,,"מי פה לשטיפה מרידול 400 מ""ל",מיליליטרים,400.00,"100 מ""ל",false,1,32.90,8.2250,true,1,892
7290000911021,false,בשר טחון טרי מנתחים,,,בשר טחון ויסברטן במשקל,קילוגרמים,1.00,"ק""ג",true,,44.00,44.0000,true,1,39909
7290000934679,false,סינטה פילה עגל טרי,,,סינטה פילה עגל טרי,קילוגרמים,1.00,"ק""ג",true,,139.90,139.9000,true,1,28141
7290001012765,false,רייד מכשיר חשמלי+2 ט,,,רייד מכשיר חשמלי+2 טבליות  60 לילות,יחידה,60.00,יחידה,false,1,32.50,0.5417,true,1,2128
7290001045169,false,מיץ תפוחים צלול 1 לי,,,מיץ תפוחים צלול 1 ליטר פקדון,ליטרים,1.00,ליטר,false,1,15.90,15.9000,true,1,1763
7290001121054,false,מארז נקניק צמד חמד 7,,,מארז נקניק צמד חמד 700 ג,גרמים,700.00,100 גרם,false,1,25.90,3.7000,true,1,3967
7290001121238,false,נקניק קורנד ביף 180,,,נקניק קורנד ביף 180 גר,גרמים,180.00,100 גרם,false,1,25.90,14.3889,true,1,9286
7290001121672,false,פסטרמה מעודנת בפפריק,,,פסטרמה מעודנת בפפריקה 300 גר,גרמים,300.00,100 גרם,false,1,21.90,7.3000,true,1,12349
7290001121849,false,פסטרמה הודו 100% חומ,,,פסטרמה הודו 100% חומרים טבעיים 250 גר,גרמים,300.00,100 גרם,false,1,25.90,8.6333,true,1,13582
7290001121931,false,קבנוס מקסיקני דק דק,,,קבנוס מקסיקני דק דק 125 גר,גרמים,125.00,100 גרם,false,1,12.90,10.3200,true,1,12424
7290001121979,false,נקניק סלמי הרץ 150 ג,,,נקניק סלמי הרץ 150 גר,גרמים,150.00,100 גרם,false,1,23.90,15.9333,true,1,11315
7290001123775,false,שווארמה פרגיות 500 ג,טיבון ויל,,שווארמה פרגיות 500 גרם,גרמים,500.00,100 גרם,false,1,24.90,4.9800,true,1,142
7290001123782,false,שווארמה הודו 500 גרם,טיבון ויל,,שווארמה הודו 500 גרם,גרמים,500.00,100 גרם,false,1,24.90,4.9800,true,1,141
7290001124536,false,מגיק בכוס תירס 70 גר,מג'יק,,מגיק בכוס תירס 70 גרם,גרמים,70.00,100 גרם,false,1,4.90,7.0000,true,1,1055
7290001136287,false,נקה 7 שמפו 750 מל רג,,,נקה 7 שמפו 750 מל רגיל,מיליליטרים,750.00,"100 מ""ל",false,1,12.90,1.7200,true,1,3197
7290001136294,false,נקה 7 שמפו 750 מל יב,,,נקה 7 שמפו 750 מל יבש,מיליליטרים,750.00,"100 מ""ל",false,1,12.90,1.7200,true,1,3196
7290001136683,false,נקה 7 מרכך 750 מל רג,,,נקה 7 מרכך 750 מל רגיל,מיליליטרים,750.00,"100 מ""ל",false,1,12.90,1.7200,true,1,3200
7290001191033,false,דג פורל מעושן במשקל,,IL,דג פורל מעושן במשקל,קילוגרמים,1.00,"ק""ג",true,,149.00,149.0000,true,1,58512
7290001191255,false,דג דניס מעושן במשקל,,IL,דג דניס מעושן במשקל,קילוגרמים,1.00,"ק""ג",true,,189.00,189.0000,true,1,58516
7290001216040,false,טחינה אלארז 500 גר,,IL,טחינה אלארז 500 גר,גרמים,500.00,100 גרם,false,24,15.90,3.1800,true,1,8425
7290001216057,false,טחינה אלארז 1 קג,,IL,טחינה אלארז 1 קג,קילוגרמים,1.00,"ק""ג",false,12,31.90,31.9000,true,1,3663
7290001216231,false,טחינה אלארז משומשום,,IL,טחינה אלארז משומשום מלא 500 גר,גרמים,500.00,100 גרם,false,24,16.90,3.3800,true,1,8426
7290001216248,false,חלבה פיסטוק אלארז,,,חלבה וניל אלארז 1 קג,קילוגרמים,1.00,"ק""ג",true,,75.00,75.0000,true,1,57244
7290001246955,false,מנקה פירות וירקות אק,,,מנקה פירות וירקות אקולוגי 1ל אקופרנד,ליטרים,1.00,ליטר,false,1,19.90,19.9000,true,1,44216
7290001247068,false,נקטר ספרינג תות בננה,יפאורה,,נקטר ספרינג תות בננה 1 ל בקרטון,ליטרים,1.00,ליטר,false,1,7.50,7.5000,true,1,580
7290001247082,false,נקטר ספרינג עגבניות,יפאורה,,נקטר ספרינג עגבניות 1 ל בקרטון,ליטרים,1.00,ליטר,false,1,7.50,7.5000,true,1,579
7290001247099,false,נקטר ספרינג מנגו 1 ל,יפאורה,,נקטר ספרינג מנגו 1 ל בקרטון,ליטרים,1.00,ליטר,false,1,7.50,7.5000,true,1,578
7290001247105,false,נקטר ספרינג אפרסק 1,יפאורה,,נקטר ספרינג אפרסק 1 ל בקרטון,ליטרים,1.00,ליטר,false,1,7.50,7.5000,true,1,576
7290001247112,false,נקטר ספרינג לימונענע,יפאורה,,נקטר ספרינג לימונענע 1 ל בקרטון,ליטרים,1.00,ליטר,false,1,7.50,7.5000,true,1,577
7290001247129,false,נקטר ספרינג תפוזים 1,יפאורה,,נקטר ספרינג תפוזים 1 ל בקרטון,ליטרים,1.00,ליטר,false,1,7.50,7.5000,true,1,581
7290001247143,false,נקטר ספרינג תפוחים 1,יפאורה,,נקטר ספרינג תפוחים 1 ל בקרטון,ליטרים,1.00,ליטר,false,1,7.50,7.5000,true,1,582
7290001258026,false,גבינה לבנה 500 גרם,,,גבינה לבנה 500 גרם,גרמים,500.00,100 גרם,false,1,15.90,3.1800,true,1,1492
7290001258088,false,גבינת קצוטה במשקל,,,גבינת קצוטה במשקל,קילוגרמים,1.00,"ק""ג",true,,139.00,139.0000,true,1,235
7290001258101,false,גבינת גאודה טבעית במ,,IL,גבינת גאודה טבעית במשקל,קילוגרמים,1.00,"ק""ג",true,,89.00,89.0000,true,1,1478
7290001258118,false,גבינת קממברט טבעי במ,,,גבינת קממברט טבעי במשקל,קילוגרמים,1.00,"ק""ג",true,,99.00,99.0000,true,1,214
7290001258149,false,גבינת פקורינו רומנו,,,גבינת פקורינו רומנו במשקל,קילוגרמים,1.00,"ק""ג",true,,139.00,139.0000,true,1,526
7290001258217,false,לבנה עיזים במשקל,,,לבנה עיזים במשקל,קילוגרמים,1.00,"ק""ג",true,,60.00,60.0000,true,1,1188
7290001258248,false,גבינת אופיר טבעית במ,,,גבינת אופיר טבעית במשקל,קילוגרמים,1.00,"ק""ג",true,,129.00,129.0000,true,1,215
7290001258309,false,גבינת תום עיזים במשק,,,גבינת תום עיזים במשקל,קילוגרמים,1.00,"ק""ג",true,,119.00,119.0000,true,1,1724
7290001258385,false,גבינת מוצרלה כדורים,,,גבינת מוצרלה כדורים במשקל,קילוגרמים,1.00,"ק""ג",true,,75.00,75.0000,true,1,34874
7290001258415,false,גבינת רוקפור בואקום,,,גבינת רוקפור בואקום 180 גר,גרמים,180.00,100 גרם,false,1,27.50,15.2778,true,1,8193
7290001258446,false,יוגורט כבשים 850 מל,,,יוגורט כבשים 850 מל,מיליליטרים,850.00,"100 מ""ל",false,1,18.90,2.2235,true,1,2639
7290001258453,false,גבינת קממברט אגוזים,,,גבינת קממברט אגוזים במשקל,קילוגרמים,1.00,"ק""ג",true,,115.00,115.0000,true,1,3754
7290001258552,false,לאבנה בקר 250 גרם יע,משק יעקבס,,לאבנה בקר 250 גרם יעקובס,גרמים,250.00,100 גרם,false,1,8.90,3.5600,true,1,36444
7290001258576,false,גבינת גאודה בואקום 1,,,גבינת גאודה בואקום 180 גר,גרמים,180.00,100 גרם,false,1,23.90,13.2778,true,1,8191
7290001258620,false,גבינת מנצגו בואקום 1,,,גבינת מנצגו בואקום 180 גר,גרמים,180.00,100 גרם,false,1,24.90,13.8333,true,1,8192
7290001258668,false,גבינה עז מה 250 גרם,,,גבינה עז מה 250 גרם 5% שומן,גרמים,250.00,100 גרם,false,1,16.90,6.7600,true,1,8764
7290001258682,false,יוגורט עיזים 500 מל,,,יוגורט עיזים 500 מל,מיליליטרים,500.00,"100 מ""ל",false,1,14.90,2.9800,true,1,8160
7290001258729,false,לאבנה עיזים 250 גר,,,לאבנה עיזים 250 גר,גרמים,250.00,100 גרם,false,1,18.50,7.4000,true,1,8763
7290001258774,false,גבינת מוצרלה  בייבי,משק יעקבס,,גבינת מוצרלה  בייבי 150 גרם יעקובס,גרמים,150.00,100 גרם,false,1,12.90,8.6000,true,1,12051
7290001258798,false,גבינת פטה כבשים 250,,,גבינת פטה כבשים 250 גר,גרמים,250.00,100 גרם,false,1,27.50,11.0000,true,1,12052
7290001258804,false,גבינת קשקבל בואקום 1,,,גבינת קשקבל בואקום 180 גר,גרמים,180.00,100 גרם,false,1,27.50,15.2778,true,1,12053
7290001258811,false,גבינת מוצרלה בייבי ב,,,גבינת מוצרלה בייבי במשקל,קילוגרמים,1.00,"ק""ג",true,,79.00,79.0000,true,1,34887
7290001258958,false,גבינת מוצרלה מגורדת,,,גבינת מוצרלה מגורדת 200גר,גרמים,200.00,100 גרם,false,1,23.90,11.9500,true,1,16084
7290001258972,false,גבינת חלומי בואקום 2,,,גבינת חלומי בואקום 200גר,גרמים,200.00,100 גרם,false,1,15.90,7.9500,true,1,16083
7290001265642,false,מארז 3 מעדני לה קט פ,,,מארז 3 מעדני לה קט פטה  400 גרם,קילוגרמים,1.20,"ק""ג",false,1,19.90,16.5833,true,1,3387
7290001274422,false,מאגדת 8יח שלגון בננה,פלקו בעמ,,מאגדת 8יח שלגון בננה בציפוי שוקולד,יחידה,8.00,יחידה,false,1,26.90,3.3625,true,1,8708
7290001274576,false,גלידה גלידל וניל תות,פלקו בעמ,,גלידה גלידל וניל תות דיאט 900מל פלדמן,מיליליטרים,900.00,"100 מ""ל",false,1,22.00,2.4444,true,1,4876
7290001274583,false,גלידה גלידל שוקו פקא,פלקו בעמ,,גלידה גלידל שוקו פקאן דיאט 900מל פלדמן,מיליליטרים,900.00,"100 מ""ל",false,1,22.00,2.4444,true,1,4877
7290001274941,false,מאגדת גלידל פרי פטל,פלקו בעמ,,מאגדת גלידל פרי פטל תות 8 יח  פלדמן,יחידה,8.00,יחידה,false,1,21.90,2.7375,true,1,4884
7290001305058,false,פלמוליב סבון  נוזלי,CP - Turkey+60,,פלמוליב סבון  נוזלי חלב ודבש 500 מל,מיליליטרים,500.00,"100 מ""ל",false,1,16.90,3.3800,true,1,491
7290001305188,false,נוזל כלים פלמוליב לי,Colgate - Greece,,נוזל כלים פלמוליב לימון 750 מל שקוף,מיליליטרים,750.00,"100 מ""ל",false,1,11.90,1.5867,true,1,499
7290001327180,false,גל.קרמיסימו וניל 1.3,"גלידת שטראוס בע""מ",,גל.קרמיסימו וניל 1.33 ל,ליטרים,1.33,ליטר,false,1,22.90,17.2180,true,1,273
7290001327791,false,גל.קרמיסימו עם עוגיו,"גלידת שטראוס בע""מ",,גל.קרמיסימו עם עוגיות 1.33 ל,ליטרים,1.33,ליטר,false,1,22.90,17.2180,true,1,275
7290001338155,false,קרם הגנה לפנים סקין,,,קרם הגנה לפנים סקין גארד מס 50 60 מל,מיליליטרים,60.00,"100 מ""ל",false,1,29.90,49.8333,true,1,588
7290001338407,false,קרם הגנה סקין גארד ג,,,קרם הגנה סקין גארד גל אלוורה להרגעה,מיליליטרים,200.00,"100 מ""ל",false,1,19.90,9.9500,true,1,593
7290001343845,false,גרנולה פירות 1 קג שק,"דין שיווק וקלייה בע""",,גרנולה פירות 1 קג שקדיה,קילוגרמים,1.00,"ק""ג",false,1,20.90,20.9000,true,1,4058
7290001356258,false,דג מקרל מעושן קטן במ,,IL,דג מקרל מעושן קטן במשקל,קילוגרמים,1.00,"ק""ג",true,,67.00,67.0000,true,1,58513
7290001356425,false,פילה הרינג בסגנון מט,,,פילה הרינג בסגנון מטיאס במשקל,קילוגרמים,1.00,"ק""ג",true,,49.00,49.0000,true,1,58496
7290001356470,false,מקרל פרוס בשמן במשקל,,IL,מקרל פרוס בשמן במשקל,קילוגרמים,1.00,"ק""ג",true,,109.00,109.0000,true,1,58509
7290001356630,false,פילה הרינג כבוש במשק,,IL,פילה הרינג כבוש במשקל,קילוגרמים,1.00,"ק""ג",true,,49.00,49.0000,true,1,58501
7290001356982,false,פורל טראוט מעושן במש,,IL,פורל טראוט מעושן במשקל בייבי,קילוגרמים,1.00,"ק""ג",true,,185.00,185.0000,true,1,58514
7290001359129,false,פחם ארוז 1.7קג פחמי,,IL,פחם ארוז 1.7קג פחמי הגליל,גרמים,1700.00,100 גרם,false,1,14.90,0.8765,true,1,60142
7290001407127,false,פרוסות חלבה קלאסית ו,רושדי תעשיות מזון בע,,פרוסות חלבה קלאסית וניל400גר ברכה,גרמים,400.00,100 גרם,false,1,15.00,3.7500,true,1,13355
7290001407134,false,פרוסות חלבה קלאסית ו,רושדי תעשיות מזון בע,,פרוסות חלבה קלאסית וניל פולי קקאו400ג,גרמים,400.00,100 גרם,false,1,15.00,3.7500,true,1,13356
7290001407547,false,טחינה בארכה פי 6 סיד,רושדי תעשיות מזון בע,,טחינה בארכה פי 6 סידן 500ג,גרמים,500.00,100 גרם,false,1,16.90,3.3800,true,1,18780
7290001407769,false,טחינה בארכה שומשום מ,רושדי תעשיות מזון בע,,טחינה בארכה שומשום מלא 500 ג,גרמים,500.00,100 גרם,false,1,16.90,3.3800,true,1,6021
7290001407813,false,חלבה שאמית פיסטוק 35,רושדי תעשיות מזון בע,,חלבה שאמית פיסטוק 350 ג בארכה,גרמים,350.00,100 גרם,false,1,15.90,4.5429,true,1,6024
7290001407820,false,חלבה שאמית קלאסית 35,רושדי תעשיות מזון בע,,חלבה שאמית קלאסית 350 ג בארכה,גרמים,350.00,100 גרם,false,1,15.90,4.5429,true,1,6023
7290001407844,false,חלבה קלאסית וניל 350,רושדי תעשיות מזון בע,,חלבה קלאסית וניל 350 ג בארכה,גרמים,350.00,100 גרם,false,1,15.00,4.2857,true,1,6022
7290001407936,false,טחינה בארכה מעודנת 3,רושדי תעשיות מזון בע,,טחינה בארכה מעודנת 310 גרם,גרמים,310.00,100 גרם,false,1,12.90,4.1613,true,1,23966
7290001415214,false,עוגת סבתא שוקולד,פילסברי,,עוגת סבתא שוקולד,Unknown,0.00,Unknown,false,1,28.00,0.0000,true,1,25899
7290001415863,false,חלת כדורים מתוקה,פילסברי,,חלה פרח,Unknown,0.00,Unknown,false,1,10.00,0.0000,true,1,28333
7290001419618,false,וופל עלמה שוקו 200 ג,גילרו,,וופל עלמה שוקו 200 גר,גרמים,200.00,100 גרם,false,1,3.90,1.9500,true,1,11131
7290001419779,false,וופל עלמה קלאסי שוקו,גילרו,,וופל קלאסי שוקו גילרו 200 גר,גרמים,200.00,100 גרם,false,1,3.90,1.9500,true,1,11100
7290001419793,false,גביעי גלידה מגולגלים,גילרו,,גביעי גלידה מגולגלים עלמה 12 יח,יחידה,1.00,יחידה,false,1,11.90,11.9000,true,1,13785
7290001426159,false,מאגדת שלגון פריטיקל,,,מאגדת שלגון פריטיקל פ.יער 8יח ללא סוכר,יחידה,8.00,יחידה,false,1,34.90,4.3625,true,1,51704
7290001426173,false,מאגדת שלגון פריטיקל,,,מאגדת שלגון פריטיקל תות 8יח ללא סוכר,יחידה,8.00,יחידה,false,1,34.90,4.3625,true,1,51702
7290001426265,false,גלידה מתוקונים 30יח,,,גלידה מתוקונים 30יח טעם חמאה,יחידה,30.00,יחידה,false,1,44.90,1.4967,true,1,51706
7290001426357,false,גלידה מתוקונים 30יח,,,גלידה מתוקונים 30יח טעם קרמל,יחידה,30.00,יחידה,false,1,44.90,1.4967,true,1,51707
7290001426371,false,מאגדת שלגון פריטיקל,,,מאגדת שלגון פריטיקל קוקוס 8יח ללא סוכר,יחידה,8.00,יחידה,false,1,34.90,4.3625,true,1,51703
7290001427033,false,מיץ תפוח סחוט  טבעי,,IL,מיץ תפוח סחוט  טבעי 1 ליטר בק.פ קשת,ליטרים,1.00,ליטר,false,9,16.90,16.9000,true,1,10001
7290001427132,false,מיץ רימונים סחוט טבע,,IL,מיץ רימונים סחוט טבעי 500מל ב.ז קשת,מיליליטרים,500.00,"100 מ""ל",false,12,23.90,4.7800,true,1,7200
7290001427453,false,מיץ תפוחים פינק לייד,,IL,מיץ תפוחים פינק ליידי 1 ליטר בק. פקדון,ליטרים,1.00,ליטר,false,16,21.90,21.9000,true,1,50158
7290001461105,false,לחם מחמצת לבן,פילסברי,,לחם רוסטיק לבן,Unknown,0.00,Unknown,false,1,17.90,0.0000,true,1,25611
7290001461112,false,לחם מחמצת דגנים וגרע,פילסברי,,לחם רוסטיק דגנים וגרעינים,Unknown,0.00,Unknown,false,1,17.90,0.0000,true,1,25612
7290001461365,false,כריך רוסטיק לבן,פילסברי,,כריך רוסטיק לבן,Unknown,0.00,Unknown,false,1,5.00,0.0000,true,1,25609
7290001461457,false,בגט רוסטיק קמח מלא ו,פילסברי,,בגט רוסטיק קמח מלא וזרעי פשתן,Unknown,0.00,Unknown,false,1,9.90,0.0000,true,1,25607
7290001461532,false,כריך רוסטיק קמח מלא,פילסברי,,כריך רוסטיק קמח מלא ודגנים,Unknown,0.00,Unknown,false,1,5.50,0.0000,true,1,25610
7290001482186,false,לפתן אננס חתוך 567 ג,טקרנג,,לפתן אננס חתוך 567 גר,גרמים,567.00,100 גרם,false,1,6.90,1.2169,true,1,28736
7290001485019,false,גבינת שמנת 5% טבעי 2,טרה,,גבינת שמנת 5% טבעי 200 ג,גרמים,200.00,100 גרם,false,1,10.90,5.4500,true,1,5506
7290001491010,false,תה ירוק יסמין 1.5 ג,תה ויסוצקי,,תה ירוק יסמין 1.5 ג 25 שק,יחידה,25.00,יחידה,false,1,24.90,0.9960,true,1,1703
7290001491096,false,תה ירוק לימונית/לואי,תה ויסוצקי,,תה ירוק לימונית/לואיזה 1.5 ג 50 שק,יחידה,50.00,יחידה,false,1,45.90,0.9180,true,1,1702
7290001491812,false,תה ירוק פירות יער ופ,תה ויסוצקי,,תה ירוק פירות יער ופסיפלורה 1.5 ג 25 שק,יחידה,25.00,יחידה,false,1,24.90,0.9960,true,1,2388
7290001507070,false,פתי בר חרובים מקמח מ,,,פתי בר חרובים מקמח מלא אורגני 200 גר,גרמים,200.00,100 גרם,false,1,7.90,3.9500,true,1,32755
7290001507360,false,אובלטים כוסמין אורגנ,,,אובלטים כוסמין אורגני 150 גר,גרמים,100.00,100 גרם,false,1,10.90,10.9000,true,1,32759
7290001515310,false,כרית קרצוף יפני 6יח,3m,,כרית קרצוף יפני 6יח סקוטש ברייט,יחידה,6.00,יחידה,false,1,12.90,2.1500,true,1,5061
7290001515631,false,ספוג קרצוף ארוך 3יח,,US,ספוג קרצוף ארוך 3יח קשיח לבןסקוטש ברייט,Unknown,0.00,Unknown,false,32,9.90,0.0000,true,1,33212
7290001567555,false,פסטרמה מעודנת בדבש 3,,,פסטרמה מעודנת בדבש 300 גר,גרמים,300.00,100 גרם,false,1,21.90,7.3000,true,1,26408
7290001567708,false,נקניקיות וינר 400 גר,מעדני יחיעם,,נקניקיות וינר 400 גרם ללא חומרים משמרים,גרמים,400.00,100 גרם,false,1,11.90,2.9750,true,1,23516
7290001567760,false,פסטרמה של פעם 300ג ל,מעדני יחיעם,,פסטרמה של פעם 300ג ללא חומר משמר,גרמים,300.00,100 גרם,false,1,25.90,8.6333,true,1,24078
7290001567791,false,פסטרמה רומנית 250גר,מעדני יחיעם,,פסטרמה רומנית 250גר ללא חומר משמר,גרמים,250.00,100 גרם,false,1,25.90,10.3600,true,1,24079
7290001567807,false,כתף בקר מעושן 250גר,מעדני יחיעם,,כתף בקר מעושן 250גר ללא חומר משמר,גרמים,250.00,100 גרם,false,1,25.90,10.3600,true,1,24080
7290001567814,false,נק.סלמי מעושן איטלקי,מעדני יחיעם,,נק.סלמי מעושן איטלקי 300ג ללא חומר משמר,גרמים,300.00,100 גרם,false,1,21.90,7.3000,true,1,24074
7290001591703,false,קבב אנגוס עגול 500גר,טיבון ויל,IL,קבב אנגוס עגול 500גר טיבון ויל,גרמים,500.00,100 גרם,false,8,24.90,4.9800,true,1,57623
7290001591710,false,המבורגר אנגוס 600 גר,טיבון ויל,IL,המבורגר אנגוס 600 גרם טיבון ויל,גרמים,600.00,100 גרם,false,12,24.90,4.1500,true,1,57626
7290001591727,false,קבב על מקל 500 גרם ט,טיבון ויל,IL,קבב על מקל 500 גרם טיבון ויל,גרמים,500.00,100 גרם,false,12,24.90,4.9800,true,1,57624
7290001591734,false,נקניקיות מרגז בסגנון,טיבון ויל,IL,נקניקיות מרגז בסגנון מרוקאי 500גר טיבון,גרמים,500.00,100 גרם,false,12,24.90,4.9800,true,1,57627
7290001591741,false,קבבוני טלה 500 גרם ט,טיבון ויל,IL,קבבוני טלה 500 גרם טיבון ויל,גרמים,500.00,100 גרם,false,12,24.90,4.9800,true,1,57625
7290001591758,false,קבב מזרחי בסגנון בית,טיבון ויל,IL,קבב מזרחי בסגנון ביתי אנגוס 600גר טיבון,גרמים,600.00,100 גרם,false,12,24.90,4.1500,true,1,58915
7290001591949,false,שיפודי פרגיות 500גר,טיבון ויל,IL,שיפודי פרגיות 500גר 100% טיבונוויל,גרמים,500.00,100 גרם,false,12,47.90,9.5800,true,1,58916
7290001594568,false,בירה קרלסברג פח 500,קרלסברג ישראל,,בירה קרלסברג פח 500 פקדון,מיליליטרים,500.00,"100 מ""ל",false,1,8.90,1.7800,true,1,260
7290001594575,false,בירה טובורג פח 500 פ,קרלסברג ישראל,,בירה טובורג פח 500 פקדון,מיליליטרים,500.00,"100 מ""ל",false,1,8.90,1.7800,true,1,1290
7290001594810,false,מארז 6 בירה מאלטי בק,,,מארז 6 בירה מאלטי בק 330 פקדון,ליטרים,1.98,ליטר,false,1,32.90,16.6162,true,1,1288
7290001594858,false,מארז 6 בירה טובורג ר,קרלסברג ישראל,,מארז 6 בירה טובורג רד בק 330 פקדון,ליטרים,1.98,ליטר,false,1,34.90,17.6263,true,1,1284
7290001594865,false,מארז 6 בירה קרלסברג,קרלסברג ישראל,,מארז 6 בירה קרלסברג בק 330 פקדון,ליטרים,1.98,ליטר,false,1,34.90,17.6263,true,1,258
7290001641132,false,פילה פורל במשקל,,,פילה פורל במשקל,קילוגרמים,1.00,"ק""ג",true,,69.90,69.9000,true,1,52549
7290001670057,false,כפיות לבנות 100 יח ח,,,כפיות לבנות 100 יח חדפ,יחידה,100.00,יחידה,false,1,15.90,0.1590,true,1,2191
7290001670071,false,כפות לבנות 100 יח חד,,,כפות לבנות 100 יח חדפ,יחידה,100.00,יחידה,false,1,15.90,0.1590,true,1,2190
7290001670255,false,כוסות קרטון חד פעמי,,,כוסות קרטון חד פעמי 8בי 50יח,יחידה,50.00,יחידה,false,1,8.90,0.1780,true,1,34692
7290001670668,false,שקיות קרחונית 12 יח,,,שקיות קרחונית 12 יח,יחידה,12.00,יחידה,false,1,4.90,0.4083,true,1,10108
7290001670736,false,כפפות ניילון 100 יח,,,כפפות ניילון 100 יח,Unknown,0.00,Unknown,false,1,5.90,0.0000,true,1,4369
7290001670873,false,צלחות גדולות 1קג לבן,,,צלחות גדולות 1קג לבן,קילוגרמים,1.00,"ק""ג",false,1,42.90,42.9000,true,1,2443
7290001690031,false,שניצל אמיתי 700 גרם,טיבון ויל,,שניצל אמיתי 700 גרם טיבון ויל,גרמים,700.00,100 גרם,false,1,24.90,3.5571,true,1,54310
7290001690147,false,גבינה מותכת טעם טוב,,,גבינה מותכת טעם טוב 120גר,גרמים,120.00,100 גרם,false,12,10.00,8.3333,true,1,57945
7290001690208,false,גבינת גאודה פרה 200ג,,NL,גבינת גאודה פרה 200גר גק ציס,גרמים,200.00,100 גרם,false,1,19.90,9.9500,true,1,57386
7290001690215,false,גבינת גאודה עיזים 20,,NL,גבינת גאודה עיזים 200גר גק ציס,גרמים,200.00,100 גרם,false,1,24.90,12.4500,true,1,57387
7290001690512,false,תות שדה קפוא 250גרם,,,תות שדה קפוא 250גרם שף שגב,גרמים,250.00,100 גרם,false,12,10.90,4.3600,true,1,59730
7290001690529,false,מיקס פירות טרופי קפו,,,מיקס פירות טרופי קפואות 250גר שף שגב,גרמים,250.00,100 גרם,false,12,10.90,4.3600,true,1,59729
7290001690536,false,מיקס פירות יער קפואו,,,מיקס פירות יער קפואות 250גר שף שגב,גרמים,250.00,100 גרם,false,12,10.90,4.3600,true,1,59728
7290001690543,false,חתיכות אננס קפוא 250,,,חתיכות אננס קפוא 250גרם שף שגב,גרמים,250.00,100 גרם,false,12,10.90,4.3600,true,1,59731
7290001690550,false,מיקס תות בננה קפוא 2,,,מיקס תות בננה קפוא 250גרם שף שגב,גרמים,250.00,100 גרם,false,12,10.90,4.3600,true,1,59733
7290001690567,false,נתחי מנגו קפוא 250גר,,,נתחי מנגו קפוא 250גרם שף שגב,גרמים,250.00,100 גרם,false,12,10.90,4.3600,true,1,59732
7290001690574,false,אוכמניות קפואות 250ג,,,אוכמניות קפואות 250גר שף שגב,גרמים,250.00,100 גרם,false,12,10.90,4.3600,true,1,59727
7290001690987,false,דג פילה הייק במשקל,דלידג,,דג פילה הייק במשקל,קילוגרמים,1.00,"ק""ג",true,,57.90,57.9000,true,1,57377
7290001709467,false,חטיף הודי מטבעות פאנ,,IN,חטיף הודי מטבעות פאני פורי 200 גרם,גרמים,200.00,100 גרם,false,40,19.90,9.9500,true,1,59893
7290001713150,false,קצף ניקוי אקונומיקה,,IL,מסיר אבנית 750מל סנט מוריץ,ליטרים,1.00,ליטר,false,15,9.90,9.9000,true,1,42956
7290001713815,false,מרכך כביסה 1 ליטר בנ,,TR,מרכך כביסה 1 ליטר בניחוח מלון מפנק,ליטרים,1.00,ליטר,false,12,10.90,10.9000,true,1,56581
7290001713860,false,מרכך כביסה 1 ליטר בנ,,TR,מרכך כביסה 1 ליטר בניחוח מלון ספא,ליטרים,1.00,ליטר,false,12,10.90,10.9000,true,1,56572
7290001713921,false,אקונומיקה מבושמת 4 ל,,IL,אקונומיקה מבושמת 4 ליטר מלבינה,ליטרים,4.00,ליטר,false,4,9.90,2.4750,true,1,50557
7290001780428,false,מאגדת שלגון דיאט שוק,גלידות נסטלה,,מאגדת שלגון דיאט שוקולד 6 יח,גרמים,312.00,100 גרם,false,1,29.90,9.5833,true,1,4206
7290001780800,false,שלגון קראנץ ליבת נוג,נסטלה,IL,שלגון קראנץ ליבת נוגט,יחידה,1.00,יחידה,false,28,10.00,10.0000,true,1,26751
7290001791349,false,אקונומיקה פסגה ריחני,,,אקונומיקה פסגה ריחנית 4 ל,ליטרים,4.00,ליטר,false,1,10.90,2.7250,true,1,5410
7290001805008,false,מארז 4 פיתות מקמח לב,,,מארז 4 פיתות מקמח לבן עבודת יד,יחידה,4.00,יחידה,false,1,11.50,2.8750,true,1,8787
7290001805039,false,מארז 4 פיתות מקמח מל,,,מארז 4 פיתות מקמח מלא עבודת יד,יחידה,4.00,יחידה,false,1,11.90,2.9750,true,1,8788
7290001813881,false,ביסקויט פתיבר קלאסי,,,ביסקויט פתי בר קלאסי 500 גרם,גרמים,500.00,100 גרם,false,1,10.90,2.1800,true,1,312
7290001814147,false,ממרח שוקולד פרה 500,,,ממרח שוקולד פרה 500 גר,גרמים,500.00,100 גרם,false,1,10.90,2.1800,true,1,975
7290001817377,false,חטיף ציטוס איקס עיגו,STRAUSS-ISRAEL,,חטיף ציטוס איקס עיגול 60 גרם,Unknown,0.00,Unknown,false,1,3.60,0.0000,true,1,326
7290001817728,false,חטיף ציטוס כאפה 55 ג,STRAUSS-ISRAEL,,חטיף ציטוס כאפה 55 גרם,Unknown,0.00,Unknown,false,1,3.60,0.0000,true,1,2457
7290001835364,false,פרמיו חטיפי ברווז 10,,CN,פרמיו חטיפי ברווז 100 גר,גרמים,100.00,100 גרם,false,10,14.90,14.9000,true,1,60236
7290001865439,false,פמילי אל סבון לבן 1,אינטרקוסמא,,פמילי אל סבון לבן 1 ל משאבה,ליטרים,1.00,ליטר,false,1,10.90,10.9000,true,1,4178
7290001865460,false,פמילי אל סבון  קוקוס,אינטרקוסמא,,פמילי אל סבון  קוקוס 1 ל משאבה,ליטרים,1.00,ליטר,false,1,10.90,10.9000,true,1,4180
7290001873380,false,צלעות כבש קפוא במשקל,,,צלעות כבש קפוא במשקל,קילוגרמים,1.00,"ק""ג",true,,135.00,135.0000,true,1,48242
7290001873441,false,המבורגר בלאק אנגוס 3,טיבון ויל,IL,המבורגר בלאק אנגוס 320גר,גרמים,320.00,100 גרם,false,6,27.90,8.7187,true,1,45169
7290001873458,false,סטייק בורגר בלאק אנג,טיבון ויל,IL,סטייק בורגר בלאק אנגוס 320גר,גרמים,320.00,100 גרם,false,6,27.90,8.7187,true,1,45170
7290001873472,false,קבב בלאק אנגוס 320גר,טיבון ויל,IL,קבב בלאק אנגוס 320גר,גרמים,320.00,100 גרם,false,6,27.90,8.7187,true,1,45171
7290001873489,false,קרפצו בלאק אנגוס 120,טיבון ויל,IL,קרפצו בלאק אנגוס 120גר,גרמים,120.00,100 גרם,false,15,21.90,18.2500,true,1,45172
7290001873670,false,נתחי פילה סלמון ללא,דלידג,,נתחי פילה סלמון ללא עור קפוא,קילוגרמים,1.00,"ק""ג",true,,85.00,85.0000,true,1,47785
7290001881040,false,מלפפון בייבי כבוש במ,מאמא מרי,,מלפפון בייבי כבוש במלח 600גר,גרמים,600.00,100 גרם,false,1,28.90,4.8167,true,1,16687
7290001881095,false,עגבניות שרי כבושות 5,מאמא מרי,,עגבניות שרי כבושות 500 גרם,גרמים,500.00,100 גרם,false,1,28.90,5.7800,true,1,16688
7290001881873,false,כרוב עם חמוציות כבוש,מאמא מרי,,כרוב עם חמוציות כבוש 750 גרם,גרמים,750.00,100 גרם,false,1,19.90,2.6533,true,1,16692
7290001917527,false,פדיות קוסמטיות להסרת,,,פדיות קוסמטיות להסרת איפור 1/3,Unknown,0.00,Unknown,false,1,20.50,0.0000,true,1,4189
7290001975992,false,בירה ויינשטפן 330 מל,קרלסברג יבוא יצוא,,בירה ויינשטפן 330 מל,מיליליטרים,330.00,"100 מ""ל",false,1,14.90,4.5152,true,1,13320
7290001990094,false,סוכר חום צנצנת 1 קג,סוגת תעשיות בעמ,,סוכר חום צנצנת 1 קג סוגת,קילוגרמים,1.00,"ק""ג",false,1,15.90,15.9000,true,1,354
7290001990117,false,שומשום סוגת 100 גרם,סוגת תעשיות בעמ,,שומשום סוגת 100 גרם,גרמים,100.00,100 גרם,false,1,4.50,4.5000,true,1,2259
7290001990148,false,סוכר גולדן קלאסי צנצ,סוגת תעשיות בעמ,,סוכר גולדן קלאסי צנצנת 1 קג סוגת,קילוגרמים,1.00,"ק""ג",false,1,13.90,13.9000,true,1,6196
7290001990377,false,שעועית בובס סוגת 500,סוגת תעשיות בעמ,,שעועית בובס סוגת 500 גרם,גרמים,500.00,100 גרם,false,1,12.90,2.5800,true,1,3389
7290002000136,false,שעוות דבש למיקרוגל מ,,,שעוות דבש למיקרוגל מגע המשי 500 ג,גרמים,500.00,100 גרם,false,1,21.90,4.3800,true,1,2447
7290002000143,false,קרם ידיים פנגל קלאסי,,,קרם ידיים פנגל קלאסיק  80 מל,Unknown,0.00,Unknown,false,1,7.90,0.0000,true,1,263
7290002002857,false,נייר להסרת שיער מגע,,,נייר להסרת שיער מגע המשי 50 יח,יחידה,50.00,יחידה,false,1,21.90,0.4380,true,1,2452
7290002003168,false,מארז 3 יח קרם ידיים,,,מארז 3 יח קרם ידיים פנגל קלאסיק 240 מל,מיליליטרים,240.00,"100 מ""ל",false,1,17.90,7.4583,true,1,8511
7290002007487,false,צמר פלדה 100 גרם,,,צמר פלדה 100 גרם,Unknown,0.00,Unknown,false,1,3.90,0.0000,true,1,350
7290002007500,false,קסמי שיניים בחבית 50,,,קסמי שיניים בחבית 500 יח,יחידה,500.00,יחידה,false,1,4.70,0.0094,true,1,220
7290002007623,false,כוסות ליין 50 יח,,,כוסות ליין 50 יח,יחידה,50.00,יחידה,false,1,5.90,0.1180,true,1,1139
7290002007937,false,כפפות לטקס אקסטרא לא,,,כפפות לטקס אקסטרא לארג 100 יח,Unknown,0.00,Unknown,false,1,39.90,0.0000,true,1,2883
7290002007944,false,כפפות לטקס לארג 100,,,כפפות לטקס לארג 100 יח,Unknown,0.00,Unknown,false,1,19.90,0.0000,true,1,5157
7290002007975,false,צלחות קטנות 50 יח,,,צלחות קטנות 50 יח,יחידה,50.00,יחידה,false,1,10.90,0.2180,true,1,341
7290002007982,false,מזלגות לבנים 100 יח,,,מזלגות לבנים 100 יח חדפ,יחידה,100.00,יחידה,false,1,15.90,0.1590,true,1,761
7290002008040,false,שיפודים 30 סמ 100 יח,,,שיפודים 30 סמ 100 יח,יחידה,100.00,יחידה,false,1,3.90,0.0390,true,1,180
7290002008149,false,מדליק פחם מוצק,,,מדליק פחם מוצק,Unknown,0.00,Unknown,false,1,6.90,0.0000,true,1,1064
7290002008156,false,עטרות חום 5,,,עטרות חום 5,Unknown,0.00,Unknown,false,1,5.90,0.0000,true,1,623
7290002008170,false,עטרות חום 3,,,עטרות חום 3,Unknown,0.00,Unknown,false,1,4.90,0.0000,true,1,621
7290002008187,false,קשים מתקפלים 40 יח,,,קשים מתקפלים 40 יח,Unknown,0.00,Unknown,false,1,1.90,0.0000,true,1,284
7290002008231,false,אציטון 100 מל,,,אציטון 100 מל,מיליליטרים,100.00,"100 מ""ל",false,1,4.90,4.9000,true,1,17452
7290002008262,false,מצע נושם לפירות ירקו,,,מצע נושם לפירות ירקות,יחידה,1.00,יחידה,false,1,9.90,9.9000,true,1,2845
7290002008460,false,עטרות חום 1.5,,,עטרות חום 1.5,Unknown,0.00,Unknown,false,1,3.90,0.0000,true,1,28
7290002008507,false,נייר לאפיה 50 יח,,,נייר לאפיה 50 יח,Unknown,0.00,Unknown,false,1,9.90,0.0000,true,1,867
7290002008576,false,מפיות מפיון 100 יח ק,,,מפיות מפיון 100 יח קופסא הנמל,יחידה,100.00,יחידה,false,1,3.50,0.0350,true,1,1010
7290002008651,false,קמח תפוח אדמה 500 גר,,,קמח תפוח אדמה 500 גרם,גרמים,500.00,100 גרם,false,1,5.90,1.1800,true,1,208
7290002008989,false,קישקשים 225 יח,,,קישקשים 225 יח,Unknown,0.00,Unknown,false,1,10.90,0.0000,true,1,2731
7290002022923,false,לקקן כרמית תות 50 יח,שוגבי,,לקקן כרמית תות 50 יח שקית,יחידה,50.00,יחידה,false,1,19.90,0.3980,true,1,4593
7290002026358,false,ציפס בטטה זיגזג 500,,,ציפס בטטה זיגזג 500 גרם אריסטו קראנץ,גרמים,500.00,100 גרם,false,1,16.90,3.3800,true,1,18793
7290002026365,false,טבעות בצל  500  גרם,,,טבעות בצל  500  גרם אריסטו קראנץ,גרמים,500.00,100 גרם,false,1,12.90,2.5800,true,1,18792
7290002026402,false,בלינצס גבינה בראנץ א,מוצרי איכות אמריקאיי,,בלינצס גבינה בראנץ אנד קראנץ קפוא 5יח,גרמים,350.00,100 גרם,false,1,15.50,4.4286,true,1,13977
7290002026587,false,וופל בלגי בראנץ אנד,מוצרי איכות אמריקאיי,,וופל בלגי בראנץ אנד קראנץ קפוא 8יח,גרמים,280.00,100 גרם,false,10,15.50,5.5357,true,1,44941
7290002037040,false,חלה פלוס ודש 500 גרם,מאפית י.את א. ברמן ב,,חלה פלוס ודש 500 גרם,גרמים,500.00,100 גרם,false,1,15.90,3.1800,true,1,1255
7290002037125,false,חלה פרוסה 500 גרם,מאפית י.את א. ברמן ב,,חלה פרוסה 500 גרם,גרמים,500.00,100 גרם,false,1,9.90,1.9800,true,1,1254
7290002037309,false,מארז 2+6 לחמניה המבו,מאפית י.את א. ברמן ב,,מארז 2+6 לחמניה המבורגר 50 גרם,גרמים,400.00,100 גרם,false,1,14.90,3.7250,true,1,1028
7290002037637,false,מארז 4 חליה מתוקה 90,מאפית י.את א. ברמן ב,,מארז 4 חליה מתוקה 90 גרם,גרמים,350.00,100 גרם,false,1,13.90,3.9714,true,1,1659
7290002043188,false,ציפס אורז חום צילי ח,,BG,ציפס אורז חום צילי חריף 60 גרם,Unknown,0.00,Unknown,false,24,6.90,0.0000,true,1,50021
7290002043218,false,ציפס אורז חום מלא מל,,BG,ציפס אורז חום מלא מלוח 60 גרם,Unknown,0.00,Unknown,false,24,6.90,0.0000,true,1,50020
7290002043232,false,ציפס אורז חום טקסס ב,,BG,ציפס אורז חום טקסס ברביקיו 120 גרם,גרמים,120.00,100 גרם,false,12,11.90,9.9167,true,1,50027
7290002043331,false,ציפס אורז חום כוסמת,,BG,ציפס אורז חום כוסמת 60 גרם,Unknown,0.00,Unknown,false,24,7.90,0.0000,true,1,50023
7290002043348,false,ציפס אורז חום ציה וק,,BG,ציפס אורז חום ציה וקינואה 60 גרם,Unknown,0.00,Unknown,false,24,7.90,0.0000,true,1,50024
7290002043379,false,ציפס אורז חום עדשים,,BG,אורז מקסיקני,Unknown,0.00,Unknown,false,24,7.90,0.0000,true,1,50009
7290002043782,false,ציפס אורז חום טקסס ב,,BG,ציפס אורז חום טקסס ברביקיו 60 גרם,Unknown,0.00,Unknown,false,24,6.90,0.0000,true,1,50019
7290002053088,false,אטריות ביצים מס 8 או,,,אטריות ביצים מס 8 אורינט 200 גר,גרמים,200.00,100 גרם,false,1,7.90,3.9500,true,1,9864
7290002053095,false,אטריות ביצים מס 10 א,,,אטריות ביצים מס 10 אוריינט 200 גר,גרמים,200.00,100 גרם,false,1,7.90,3.9500,true,1,1558
7290002053101,false,אטריות ביצים מס 12 א,,,אטריות ביצים מס 12 אוריינט 200 גר,גרמים,200.00,100 גרם,false,1,7.90,3.9500,true,1,1559
7290002053118,false,אטריות ביצים מס 14 א,,,אטריות ביצים מס 14 אורינט 200 גר,גרמים,200.00,100 גרם,false,1,7.90,3.9500,true,1,1560
7290002053354,false,אטריות נודלס סיני 30,,,אטריות נודלס סיני 300 גר אוריינט,גרמים,300.00,100 גרם,false,1,12.90,4.3000,true,1,2456
7290002053538,false,איטריות נודלס תאילנד,,,איטריות נודלס תאילנדי100+400 גר אוריינט,גרמים,500.00,100 גרם,false,1,13.90,2.7800,true,1,30125
7290002057017,false,זית ירוק נובו דה סקר,,,זית ירוק נובו דה סקרנה יבנה א/2,גרמים,540.00,100 גרם,false,1,10.90,2.0185,true,1,5306
7290002057031,false,זית ירוק מבוקע פיקנט,,,זית ירוק מבוקע פיקנטי א/2 יבנה,גרמים,540.00,100 גרם,false,1,9.90,1.8333,true,1,4814
7290002057048,false,זית ירוק סורי מבוקע,,,זית ירוק סורי מבוקע א/2 יבנה,גרמים,540.00,100 גרם,false,1,11.50,2.1296,true,1,4810
7290002057062,false,זית ירוק מנזלינו בינ,,,זית ירוק מנזלינו בינוני א/2 יבנה,גרמים,540.00,100 גרם,false,1,7.90,1.4630,true,1,4833
7290002057093,false,זית ירוק מנזלינו גדו,,,זית ירוק מנזלינו גדול א/2 יבנה,גרמים,540.00,100 גרם,false,1,8.90,1.6481,true,1,4807
7290002057109,false,זית ירוק מנזלינו גדו,,,זית ירוק מנזלינו גדול מאוד א/2 יבנה,גרמים,540.00,100 גרם,false,1,9.90,1.8333,true,1,4808
7290002057123,false,זית חרוזית ירוק יבנה,,,זית חרוזית ירוק יבנה א/2,גרמים,540.00,100 גרם,false,1,9.90,1.8333,true,1,4612
7290002057161,false,זית שחור מרינט ביין,,,זית שחור מרינט ביין ג.מ. א/2 יבנה,גרמים,540.00,100 גרם,false,1,9.90,1.8333,true,1,4812
7290002057178,false,זית שחור טבעי גדול א,,,זית שחור טבעי גדול א/2 יבנה,גרמים,540.00,100 גרם,false,1,9.90,1.8333,true,1,4813
7290002057185,false,טבעות זית ירוק א/2 י,,,טבעות זית ירוק א/2 יבנה,גרמים,540.00,100 גרם,false,1,9.90,1.8333,true,1,4811
7290002057352,false,מלפפון במלח 7-9 א/2,,,מלפפון במלח 7-9 א/2 יבנה,גרמים,540.00,100 גרם,false,1,6.90,1.2778,true,1,4726
7290002057369,false,מלפפון במלח 10-12 א/,,,מלפפון במלח 10-12 א/2 יבנה,גרמים,540.00,100 גרם,false,1,7.90,1.4630,true,1,4802
7290002057376,false,מלפפון במלח 13-17 א/,,,מלפפון במלח 13-17 א/2 יבנה,גרמים,540.00,100 גרם,false,1,10.50,1.9444,true,1,4611
7290002057383,false,מלפפון במלח 18-25 א/,,,מלפפון במלח 18-25 א/2 יבנה,גרמים,540.00,100 גרם,false,1,12.90,2.3889,true,1,4805
7290002057437,false,שיפקונת 560 גרם קבוצ,,IL,שיפקונת 560 גרם קבוצת יבנה,גרמים,560.00,100 גרם,false,12,9.90,1.7679,true,1,48454
7290002057451,false,מלפפון בחומץ 7-9 א/2,,,מלפפון בחומץ 7-9 א/2 יבנה,גרמים,540.00,100 גרם,false,1,6.90,1.2778,true,1,4800
7290002057468,false,מלפפון בחומץ 10-12 א,,,מלפפון בחומץ 10-12 א/2 יבנה,גרמים,540.00,100 גרם,false,1,7.90,1.4630,true,1,4801
7290002057475,false,מלפפון בחומץ 13-17 א,,,מלפפון בחומץ 13-17 א/2 יבנה,גרמים,540.00,100 גרם,false,1,10.50,1.9444,true,1,4803
7290002057482,false,מלפפון בחומץ 18-25 א,,,מלפפון בחומץ 18-25 א/2 יבנה,גרמים,540.00,100 גרם,false,1,12.90,2.3889,true,1,4804
7290002057604,false,פלפל שיפקה כבוש א/2,,,פלפל שיפקה כבוש א/2 יבנה,גרמים,540.00,100 גרם,false,1,6.90,1.2778,true,1,4799
7290002057628,false,טבעות זית מושחר א/2,,,טבעות זית מושחר א/2 יבנה,גרמים,540.00,100 גרם,false,1,9.90,1.8333,true,1,5031
7290002057703,false,חציל אקסטרה א/2 יבנה,,,חציל אקסטרה א/2 יבנה,גרמים,540.00,100 גרם,false,1,6.90,1.2778,true,1,4806
7290002057734,false,זית חרוזית שחור יבנה,,,זית חרוזית שחור יבנה א/2,גרמים,540.00,100 גרם,false,1,9.90,1.8333,true,1,5307
7290002057819,false,גמבה רצועות א/2,,,גמבה רצועות א/2,גרמים,540.00,100 גרם,false,1,6.90,1.2778,true,1,6087
7290002057871,false,זית חרוזית ירוק 540,,,זית חרוזית ירוק 540 גר צנצנת,גרמים,540.00,100 גרם,false,1,9.90,1.8333,true,1,5027
7290002066248,false,מארז 10 יח פיתה ביס,,,מארז 10 יח פיתה ביס,Unknown,0.00,Unknown,false,1,11.90,0.0000,true,1,8213
7290002075219,false,בונבוניירה אייסקונפק,,,בונבוניירה אייסקונפקט 500 גר,גרמים,500.00,100 גרם,false,1,35.00,7.0000,true,1,7819
7290002075233,false,בונבוניירה אייסקונפק,,,בונבוניירה אייסקונפקט 250 גר,גרמים,250.00,100 גרם,false,1,16.90,6.7600,true,1,7818
7290002075271,false,סוכ.ריקולה צמחים 70,,,סוכ.ריקולה צמחים 70 גר בשקית,Unknown,0.00,Unknown,false,1,10.90,0.0000,true,1,7814
7290002077268,false,מיני קציצות דג לבישו,דלידג,,מיני קציצות דג לבישול 500 גר,גרמים,500.00,100 גרם,false,1,22.20,4.4400,true,1,11592
7290002079590,false,חלה רגילה  דוידוביץ,דוידוביץ,,חלה רגילה  דוידוביץ 500 גר****,גרמים,400.00,100 גרם,false,1,5.17,1.2925,true,1,5967
7290002096498,false,עוגיות דובשנית חפץ 6,,,עוגיות דובשנית חפץ 600 גר,גרמים,600.00,100 גרם,false,1,12.90,2.1500,true,1,12816
7290002107071,false,גבינה בולגרית עיזים,מחלבת משק צוריאל,IL,גבינה בולגרית עיזים מעודנת 16% 200ג צורי,גרמים,200.00,100 גרם,false,12,26.90,13.4500,true,1,4962
7290002107385,false,גבינת עיזים קשה מהעז,מחלבת משק צוריאל,,גבינת עיזים קשה מהעז 180 גר,גרמים,180.00,100 גרם,false,1,25.90,14.3889,true,1,6359
7290002107491,false,גבינה עיזים 5% למריח,מחלבת משק צוריאל,,גבינה עיזים 5% למריחה בטעמים 250 ג,גרמים,250.00,100 גרם,false,1,11.90,4.7600,true,1,1500
7290002107743,false,גבינה צפתית מעודנת 5,מחלבת משק צוריאל,,גבינה צפתית מעודנת 5% במשקל צוריאל,קילוגרמים,1.00,"ק""ג",true,,55.00,55.0000,true,1,4401
7290002107798,false,גבינה בולגרית בקר 5%,מחלבת משק צוריאל,,גבינה בולגרית בקר 5% 250 ג בגביע,גרמים,250.00,100 גרם,false,1,22.90,9.1600,true,1,1628
7290002107965,false,גבינת טבורוג 5%  כפר,מחלבת משק צוריאל,,גבינת טבורוג 5%  כפרי 500 גרם,גרמים,500.00,100 גרם,false,1,27.50,5.5000,true,1,2218
7290002109372,false,בורקס פילו אצבעות בו,שלושת האופים שגמור,,בורקס פילו אצבעות בולגרית 700 גר,גרמים,700.00,100 גרם,false,1,20.90,2.9857,true,1,12387
7290002128403,false,נרות שבת מס 4,,,נרות שבת מס 4,יחידה,4.00,יחידה,false,1,3.90,0.9750,true,1,61203
7290002128434,false,נרות שבת מס 10,,,נרות שבת מס 10,יחידה,10.00,יחידה,false,50,3.90,0.3900,true,1,61202
7290002129455,false,פיצה איטלקית אקס אל,,,פיצה איטלקית אקס אל 450 גרם שלושת האופים,גרמים,450.00,100 גרם,false,1,20.90,4.6444,true,1,32745
7290002129462,false,זוג פיצה איטלקית דקה,,,זוג פיצה איטלקית דקה 640 גר שלושת האופים,גרמים,640.00,100 גרם,false,8,21.90,3.4219,true,1,27434
7290002129479,false,פיצה איטלקית דקה 320,,,פיצה איטלקית דקה 320גרם שלושת האופים,גרמים,320.00,100 גרם,false,1,15.90,4.9688,true,1,27433
7290002129486,false,פיצה זיתים דקה איטלק,,,פיצה זיתים דקה איטלקית 340גר שלושת האופי,גרמים,340.00,100 גרם,false,1,16.90,4.9706,true,1,31344
7290002129769,false,סטייק אנטריקוט טרי י,,,סטייק עין טרי יבוא         צרפת,קילוגרמים,1.00,"ק""ג",true,,149.90,149.9000,true,1,33685
7290002129790,false,כתף בקר טרי יבוא,,,כתף בקר טרי יבוא    צרפת,קילוגרמים,1.00,"ק""ג",true,,79.90,79.9000,true,1,33688
7290002129806,false,צלי כתף טרי יבוא,,,צלי כתף טרי יבוא    צרפת,קילוגרמים,1.00,"ק""ג",true,,84.90,84.9000,true,1,33689
7290002129813,false,פילה מדומה טרי יבוא,,,פילה מדומה טרי יבוא  צרפת,קילוגרמים,1.00,"ק""ג",true,,79.90,79.9000,true,1,33691
7290002129851,false,צואר בקר טרי יבוא,,,צואר בקר טרי יבוא צרפת,קילוגרמים,1.00,"ק""ג",true,,69.90,69.9000,true,1,33693
7290002130567,false,דבש טהור יד מרדכי 35,,,דבש טהור יד מרדכי 350 ג צנצנת,גרמים,350.00,100 גרם,false,1,21.90,6.2571,true,1,1340
7290002130574,false,דבש טהור 500 גר יד מ,,,דבש טהור 500 גר יד מרדכי,גרמים,500.00,100 גרם,false,1,27.90,5.5800,true,1,2532
7290002132011,false,עוגיות עבאדי מזרחיות,עבאדי,,עוגיות עבאדי מזרחיות 400 ג,גרמים,400.00,100 גרם,false,1,18.90,4.7250,true,1,605
7290002133032,false,פתיתי גבינת קשקבל 30,,,פתיתי גבינת קשקבל 300 גר,גרמים,300.00,100 גרם,false,1,27.90,9.3000,true,1,9619
7290002133070,false,גבינת קשקבל טורקי במ,,,גבינת קשקבל טורקי במשקל,קילוגרמים,1.00,"ק""ג",true,,120.00,120.0000,true,1,9618
7290002133087,false,גבינה בולגרית צאן סו,,,גבינה בולגרית צאן סופיה במשקל,קילוגרמים,1.00,"ק""ג",true,,80.00,80.0000,true,1,9617
7290002133094,false,גבינת ברינזה צאן במש,,,גבינת ברינזה צאן במשקל,קילוגרמים,1.00,"ק""ג",true,,65.00,65.0000,true,1,2587
7290002133117,false,גבינה בולגרית מעודנת,,,גבינה בולגרית מעודנת 5% במשקל שומרון,קילוגרמים,1.00,"ק""ג",true,,45.00,45.0000,true,1,13779
7290002133131,false,גבינת ריקוטה 5% 250,,,גבינת ריקוטה 5% 250 גר,גרמים,250.00,100 גרם,false,1,14.90,5.9600,true,1,2607
7290002133148,false,צפתית רכה שומרון במש,,,צפתית רכה שומרון במשקל,קילוגרמים,1.00,"ק""ג",true,,45.00,45.0000,true,1,2606
7290002133162,false,גבינה בולגרית 5% של,,,גבינה בולגרית 5% של פעם 250 גר,גרמים,250.00,100 גרם,false,1,22.90,9.1600,true,1,9072
7290002133193,false,בולגרית קלאסית 5% שו,,,בולגרית קלאסית 5% שומרון במשקל,קילוגרמים,1.00,"ק""ג",true,,55.00,55.0000,true,1,2605
7290002133247,false,לבנה שמן וזעתר 250 ג,,,לבנה שמן וזעתר 250 גרם,גרמים,250.00,100 גרם,false,1,11.90,4.7600,true,1,2609
7290002133520,false,יוגורט 3% של פעם 400,,,יוגורט 3% של פעם 400 גר,גרמים,400.00,100 גרם,false,1,10.90,2.7250,true,1,2610
7290002133537,false,יוגורט 4% מחלב עיזים,,,יוגורט 4% מחלב עיזים 180 גר,גרמים,180.00,100 גרם,false,1,6.50,3.6111,true,1,9024
7290002133551,false,לבנה 5% עם  שמן זית,,,לבנה 5% עם  שמן זית וזעתר 500 גרם,גרמים,500.00,100 גרם,false,1,19.90,3.9800,true,1,32261
7290002133612,false,יוגורט יווני 180 גר,,,יוגורט יווני 180 גר,גרמים,180.00,100 גרם,false,1,5.90,3.2778,true,1,9026
7290002133643,false,גבינת פטה 16% צאן 20,,,גבינת פטה 16% צאן 200 גר,גרמים,200.00,100 גרם,false,1,22.90,11.4500,true,1,9620
7290002133858,false,גבינה בולגרית צאן 25,,,גבינה בולגרית צאן 250 גר,גרמים,250.00,100 גרם,false,1,24.90,9.9600,true,1,9073
7290002133889,false,גבינה בולגרית 5% מעו,,,גבינה בולגרית 5% מעודנת 250 גר,גרמים,250.00,100 גרם,false,1,19.90,7.9600,true,1,9071
7290002133940,false,יוגורט 4% מחלב כבשים,,,יוגורט 4% מחלב כבשים 180 גר,גרמים,180.00,100 גרם,false,1,6.50,3.6111,true,1,9025
7290002157953,false,מארז 4 טונה בשמן קנו,ויליגר,,מארז 4 טונה בשמן קנולה ויליגר 140 ג,גרמים,560.00,100 גרם,false,1,20.90,3.7321,true,1,22804
7290002157960,false,מארז 4 טונה במים ויל,ויליגר,,מארז 4 טונה במים ויליגר 140 ג,גרמים,560.00,100 גרם,false,1,20.90,3.7321,true,1,22805
7290002190141,false,ריבת חלב קומידה 450,,,ריבת חלב קומידה 450 גרם צנצנת,גרמים,450.00,100 גרם,false,1,13.90,3.0889,true,1,27439
7290002190516,false,ריבת חלב  גלעם  500,,,ריבת חלב  גלעם  500 גרם,גרמים,500.00,100 גרם,false,1,13.90,2.7800,true,1,976
7290002196358,false,רוטב סילאן על האש 32,משק דבורים לין,,רוטב סילאן על האש 320 גר,גרמים,320.00,100 גרם,false,1,23.90,7.4687,true,1,12213
7290002196495,false,רוטב דבש גינגר וצילי,משק דבורים לין,,רוטב דבש גינגר וצילי 320 גר,גרמים,320.00,100 גרם,false,1,23.90,7.4687,true,1,5628
7290002196617,false,רוטב חרדל ודבש משק ל,משק דבורים לין,,רוטב חרדל ודבש 320 גר,גרמים,320.00,100 גרם,false,1,23.90,7.4687,true,1,8004
7290002196822,false,רוטב דבש שום לימון ש,משק דבורים לין,,רוטב דבש שום לימון ושמן זית 320 גר,גרמים,320.00,100 גרם,false,1,23.90,7.4687,true,1,5627
7290002204213,false,דובדבן אדום בראשית ק,,,דובדבן אדום קופסא גדולה יח,Unknown,0.00,Unknown,false,1,16.90,0.0000,true,1,8535
7290002208471,false,גבינת פיקורינו כבשים,משק דותן,,גבינת פיקורינו כבשים מיושן 200 גרם דותן,גרמים,200.00,100 גרם,false,1,32.90,16.4500,true,1,18230
7290002208495,false,גבינת תום כבשים מיוש,משק דותן,,גבינת תום כבשים מיושן 200 גרם דותן,גרמים,200.00,100 גרם,false,1,32.90,16.4500,true,1,18229
7290002208525,false,גבינה צפתית כבשים קש,משק דותן,,גבינה צפתית כבשים קשה 200 גרם דותן,גרמים,200.00,100 גרם,false,1,25.00,12.5000,true,1,18231
7290002232995,false,פירורים לציפוי פז לל,"תירפז בע""מ",,פירורים לציפוי פז ללא גלוטן 500 גר,גרמים,500.00,100 גרם,false,1,27.90,5.5800,true,1,8387
7290002253006,false,שום כתוש טרי דורות 2,דורות,,שום כתוש טרי דורות 200 גר,גרמים,200.00,100 גרם,false,1,17.90,8.9500,true,1,145
7290002253105,false,קוביות שום טרי דורות,דורות,,קוביות שום טרי דורות 80 גר,גרמים,80.00,100 גרם,false,1,12.90,16.1250,true,1,378
7290002253150,false,בזיליקום טרי קצוץ דו,דורות,,בזיליקום טרי קצוץ דורות  70 גר,גרמים,70.00,100 גרם,false,1,11.90,17.0000,true,1,1654
7290002253167,false,פטרוזיליה קצוצה דורו,דורות,,פטרוזיליה קצוצה דורות 70 גר,גרמים,70.00,100 גרם,false,1,11.90,17.0000,true,1,468
7290002253174,false,שמיר טרי קצוץ דורות,דורות,,שמיר טרי קצוץ דורות 70 גר,גרמים,70.00,100 גרם,false,1,11.90,17.0000,true,1,186
7290002253181,false,כוסברה קצוצה דורות 7,דורות,,כוסברה קצוצה דורות 70 גר,גרמים,70.00,100 גרם,false,1,11.90,17.0000,true,1,3358
7290002253198,false,גינגר טרי כתוש 90 גר,דורות,,גינגר טרי כתוש 90 גר דורות,גרמים,90.00,100 גרם,false,1,10.90,12.1111,true,1,4530
7290002277422,false,ריבועי בצק עלים 700,שלושת האופים,,ריבועי בצק עלים 700 גרם שלושת האופים,גרמים,700.00,100 גרם,false,1,20.90,2.9857,true,1,23669
7290002277842,false,טונה בניטו דל נורטה,ויזקיה,,טונה בניטו דל נוטרה 220 גרם,גרמים,220.00,100 גרם,false,1,19.90,9.0455,true,1,35769
7290002281351,false,אטריות ביצים חיטה מל,ויליגר,,אטריות ביצים חיטה מלאה 250 ג ויליגר,גרמים,250.00,100 גרם,false,1,4.90,1.9600,true,1,48576
7290002281382,false,נתחי פילה סלמון קפוא,דלידג,,נתחי פילה סלמון קפוא,קילוגרמים,1.00,"ק""ג",true,,89.00,89.0000,true,1,39388
7290002281405,false,מארז 2 יח סלט סלמון,ויליגר,IL,מארז 2 יח סלט סלמון מעושן ויליגר 160 גרם,גרמים,320.00,100 גרם,false,18,9.90,3.0938,true,1,40188
7290002281429,false,סטייק דג טונה קפוא ל,דלידג,,סטייק דג טונה קפוא ללא עור,קילוגרמים,1.00,"ק""ג",true,,64.90,64.9000,true,1,39842
7290002281436,false,סטייק דג טונה בהירה,דלידג,,סטייק דג טונה בהירה קפוא ללא עור,קילוגרמים,1.00,"ק""ג",true,,55.00,55.0000,true,1,40632
7290002281498,false,צהובה מגורדת ריץ 500,ריץ',,צהובה מגורדת ריץ 500גר על בסיס חלב,גרמים,500.00,100 גרם,false,1,22.90,4.5800,true,1,40312
7290002323204,false,משקה קל ספרינג דיאט,יפאורה,,משקה קל ספרינג דיאט תפוחים 1.5 ל,ליטרים,1.50,ליטר,false,1,8.20,5.4667,true,1,2881
7290002327028,false,גחנון 650 גר שלושת ה,אופרה,,גחנון 650 גר שלושת האופים,גרמים,650.00,100 גרם,false,1,16.90,2.6000,true,1,1461
7290002327042,false,בורקס תפוא 800 גרם,אופרה,,בורקס תפוא 800 גרם,גרמים,800.00,100 גרם,false,1,20.90,2.6125,true,1,1647
7290002327059,false,"בצק עלים 1 ק""ג",אופרה,,"בצק עלים 1 ק""ג",קילוגרמים,1.00,"ק""ג",false,1,20.90,20.9000,true,1,1438
7290002327066,false,קונכיות בצק 625 גר ש,אופרה,,קונכיות בצק 625 גר שלושת האופים,גרמים,625.00,100 גרם,false,1,24.90,3.9840,true,1,404
7290002327073,false,בורקס גבינה 800 גרם,אופרה,,בורקס גבינה 800 גרם,גרמים,800.00,100 גרם,false,1,20.90,2.6125,true,1,1644
7290002327103,false,גחנון 900 גר שלושת ה,אופרה,,גחנון 900 גר שלושת האופים,גרמים,900.00,100 גרם,false,1,20.90,2.3222,true,1,1460
7290002327912,false,מיני בורקס גבינה 800,אופרה,,מיני בורקס גבינה 800 גרם,גרמים,800.00,100 גרם,false,1,20.90,2.6125,true,1,2338
7290002327929,false,מיני בורקס תפוא 800,אופרה,,מיני בורקס תפוא 800 גרם,גרמים,800.00,100 גרם,false,1,18.90,2.3625,true,1,2339
7290002331148,false,מים מינרלים נביעות ת,נביעות,,מים מינרלים נביעות תפוח 1.5 ל,ליטרים,1.50,ליטר,false,1,9.20,6.1333,true,1,6468
7290002331360,false,מים מינרלים נביעות ט,נביעות,,מים מינרלים נביעות טו גו 6 יח 500  פקדון,ליטרים,3.00,ליטר,false,1,14.90,4.9667,true,1,854
7290002331421,false,מים מינרלים נביעות ט,נביעות,,מים מינרלים נביעות טו גו 6יח 755 מל פקדו,ליטרים,4.53,ליטר,false,1,18.90,4.1722,true,1,3217
7290002331476,false,מים מינרלים נביעות ב,,,מים מינרלים נביעות בייבי 320מל פקדו,מיליליטרים,320.00,"100 מ""ל",false,1,5.00,1.5625,true,1,16305
7290002331483,false,מים מינרלים נביעות ב,נביעות,,מים מינרלים נביעות בייבי 6 יח 320מל פקדו,מיליליטרים,1920.00,"100 מ""ל",false,1,15.90,0.8281,true,1,15393
7290002331490,false,מים מינרלים נביעות 1,נביעות,,מים מינרלים נביעות 1ליטר מל פקדון,ליטרים,1.00,ליטר,false,16,3.90,3.9000,true,1,16202
7290002333104,false,בורגול אורגני 500 גר,,,בורגול אורגני 500 גר הרדוף,גרמים,500.00,100 גרם,false,1,8.90,1.7800,true,1,1642
7290002333319,false,קמח שיפון  מלא אורגנ,,,קמח שיפון  מלא אורגני 1 קג,קילוגרמים,1.00,"ק""ג",false,12,14.90,14.9000,true,1,32856
7290002333456,false,גריסי פנינה אורגני 5,,,גריסי פנינה אורגני 500 ג הרדוף,גרמים,500.00,100 גרם,false,1,10.00,2.0000,true,1,1537
7290002333463,false,שעועית מש אורגני 500,,,שעועית מש אורגני 500 גר,גרמים,500.00,100 גרם,false,1,14.90,2.9800,true,1,6625
7290002333500,false,עדשים אדומים אורגני,,,עדשים אדומים אורגני 500 ג הרדוף,גרמים,500.00,100 גרם,false,1,11.90,2.3800,true,1,611
7290002333692,false,דוחן אורגני 500 ג הר,,,דוחן אורגני 500 ג הרדוף,גרמים,500.00,100 גרם,false,1,10.90,2.1800,true,1,1347
7290002333838,false,כוסמת אורגני 500 ג ה,,,כוסמת אורגני 500 ג הרדוף,גרמים,500.00,100 גרם,false,1,10.90,2.1800,true,1,1141
7290002333968,false,עדשים צהובים אורגני,,,עדשים צהובים אורגני 500 גר הרדוף,גרמים,500.00,100 גרם,false,1,12.90,2.5800,true,1,32806
7290002333975,false,שעועית אדומה 500 גר,,,שעועית אדומה 500 גר הרדוף,גרמים,500.00,100 גרם,false,1,13.90,2.7800,true,1,32805
7290002333999,false,גרעיני חמניות קלופים,,,גרעיני חמניות קלופים  אורגני 300 ג הרדוף,גרמים,300.00,100 גרם,false,1,12.90,4.3000,true,1,4973
7290002345015,false,פרוסות סטייק סינטה ד,טיבון ויל,IL,פרוסות סטייק סינטה דק דק 250 גר אל גאוצו,גרמים,250.00,100 גרם,false,10,18.90,7.5600,true,1,33986
7290002345022,false,פרוסות סטייק אנטריקו,טיבון ויל,IL,פרוסות סטייק אנטריקוט דק 250 גר אל גאוצו,גרמים,250.00,100 גרם,false,10,18.90,7.5600,true,1,33987
7290002345077,false,שניצל בקר דק דק 250,טיבון ויל,IL,שניצל בקר דק דק 250 גר אל גאוצו,גרמים,250.00,100 גרם,false,10,16.90,6.7600,true,1,36857
7290002345282,false,נתחי פילה סלמון קפוא,דלידג,,נתחי פילה סלמון קפוא,קילוגרמים,1.00,"ק""ג",true,,89.00,89.0000,true,1,35237
7290002345435,false,פילה מרלוזה ארגנטינא,דלידג,AR,פילה מרלוזה ארגנטינאית קפוא במשקל,קילוגרמים,1.00,"ק""ג",true,,33.00,33.0000,true,1,37037
7290002348061,false,פטריות חתוך ויליגר 4,פרנסשמפניון,,פטריות חתוך ויליגר 400 גרם,גרמים,400.00,100 גרם,false,1,5.00,1.2500,true,1,470
7290002348139,false,תחתיות ארטישוק ויליג,קונסריוסאלגוזס,,תחתיות ארטישוק ויליגר 390 גרם,גרמים,390.00,100 גרם,false,1,8.90,2.2821,true,1,1612
7290002348160,false,תירס גמדי שלם צעיר 4,גוהנדוג,,תירס גמדי שלם צעיר 400 גר,גרמים,400.00,100 גרם,false,1,6.90,1.7250,true,1,2170
7290002348238,false,לפתן אננס חתוך ויליג,טיפקו,,לפתן אננס חתוך ויליגר 850 גרם,גרמים,850.00,100 גרם,false,1,9.90,1.1647,true,1,1581
7290002348283,false,לפתן אפרסק חצאים ויל,הלונגוסאונדסטרי,,לפתן אפרסק חצאים ויליגר 850 גרם,גרמים,850.00,100 גרם,false,1,8.00,0.9412,true,1,15
7290002348306,false,לפתן קוקטייל פירות ט,,,לפתן קוקטייל פירות טרופי 850 גר ויליגר,גרמים,850.00,100 גרם,false,1,9.90,1.1647,true,1,27108
7290002348573,false,אטריות אורז ויליגר 3,ליאנג טונגרייס,,מקלוני אורז ויליגר 300 גרם,גרמים,300.00,100 גרם,false,1,8.90,2.9667,true,1,2244
7290002349006,false,גל פיתיון להדברת תיק,,IL,גל פיתיון להדברת תיקנים,Unknown,0.00,Unknown,false,12,39.90,0.0000,true,1,42082
7290002349013,false,גל פיתיון להדברת נמל,,IL,גל פיתיון להדברת נמלים,Unknown,0.00,Unknown,false,12,39.90,0.0000,true,1,42081
7290002353225,false,חרדל מאילי דיזון עם,מיילי,,חרדל מאילי דיזון עם דבש  210 גרם,גרמים,210.00,100 גרם,false,1,14.90,7.0952,true,1,23877
7290002353249,false,דיגונז מאילי 335 גר,מיילי,,דיגונז מאילי 335 גר צנצנת,גרמים,335.00,100 גרם,false,1,23.90,7.1343,true,1,28238
7290002353836,false,סרדין רוברט בשמן זית,קונסוורס,,סרדין רוברט בשמן זית 115 גר,גרמים,115.00,100 גרם,false,1,8.90,7.7391,true,1,599
7290002360124,false,תה פומפדור ורד הבר 2,TEEKANNE- POMPADOU,,תה פומפדור ורד הבר 20 יח,יחידה,20.00,יחידה,false,1,15.90,0.7950,true,1,3346
7290002360155,false,תה פומפדור שומר 20 י,TEEKANNE- POMPADOU,,תה פומפדור שומר 20 יח,יחידה,20.00,יחידה,false,1,15.90,0.7950,true,1,2686
7290002360230,false,חרדל בורנייר דיזון ג,BORNIER -MUSTARD,,חרדל בורנייר דיזון גרגירים 210 גרם,גרמים,210.00,100 גרם,false,1,10.90,5.1905,true,1,1269
7290002360278,false,תה פומפדור מנטה 20 י,TEEKANNE- POMPADOU,,תה פומפדור מנטה 20 יח,יחידה,20.00,יחידה,false,1,15.90,0.7950,true,1,2687
7290002360285,false,תה פומפדור קמומיל 20,TEEKANNE- POMPADOU,,תה פומפדור קמומיל 20 יח,יחידה,20.00,יחידה,false,1,15.90,0.7950,true,1,2688
7290002371526,false,סלסולי פסטרמה שום וצ,,,סלסולי פסטרמה שום וצילי 120 גר,גרמים,120.00,100 גרם,false,1,15.90,13.2500,true,1,15444
7290002371533,false,סלסולי פסטרמה דבש 12,,,סלסולי פסטרמה דבש 120גר,גרמים,120.00,100 גרם,false,1,15.90,13.2500,true,1,15446
7290002371540,false,נקניק קורנדביף 120גר,,,נקניק קורנדביף 120גר,גרמים,120.00,100 גרם,false,1,15.90,13.2500,true,1,15445
7290002371939,false,נקניק סלמי סרוולד צר,,,נקניק סלמי סרוולד צרפתי 120גר,גרמים,120.00,100 גרם,false,1,23.90,19.9167,true,1,7765
7290002374640,false,שמן קנולה פלוס אומגה,שמן תעשיות,,שמן קנולה פלוס אומגה3עץ הזית 1ל,ליטרים,1.00,ליטר,false,1,16.90,16.9000,true,1,18258
7290002385455,false,גבינה בולגרית 24% במ,,,גבינה בולגרית 24% במשקל,קילוגרמים,1.00,"ק""ג",true,,69.00,69.0000,true,1,38046
7290002408376,false,גבינת פטה צאן יווני,,GR,גבינת פטה צאן יווני 200גר,גרמים,200.00,100 גרם,false,1,16.90,8.4500,true,1,50770
7290002421115,false,כדורי לאבנה 200 גרם,,,כדורי לאבנה 200 גרם חלב בקר 18% גב.הגולן,גרמים,200.00,100 גרם,false,1,29.90,14.9500,true,1,11211
7290002421122,false,כדורי לאבנה 200 גרם,,,כדורי לאבנה 200 גרם חלב עז 10% גב.הגולן,גרמים,200.00,100 גרם,false,1,34.90,17.4500,true,1,11207
7290002421160,false,גבינת פטה עיזים 160,,,גבינת פטה עיזים 160 גרם 19%שומן גב.הגולן,גרמים,160.00,100 גרם,false,1,20.90,13.0625,true,1,13299
7290002421399,false,גבינת גאודה צילי 200,,,גבינת גאודה צילי 200גרם חלב בקר גב.הגולן,גרמים,200.00,100 גרם,false,1,22.90,11.4500,true,1,11216
7290002421443,false,גבינת צדר 180 גרם חל,,,גבינת צדר 180 גרם חלב בקר גב.הגולן,גרמים,180.00,100 גרם,false,1,22.90,12.7222,true,1,11218
7290002421542,false,גבינת קשקבל 240 גרם,,,גבינת קשקבל 240 גרם חלב בקר גב.הגולן,גרמים,240.00,100 גרם,false,1,29.90,12.4583,true,1,11219
7290002421559,false,גבינת רוקפור 180 גרם,,,גבינת רוקפור 180 גרם חלב בקר גב. הגולן,גרמים,180.00,100 גרם,false,1,29.90,16.6111,true,1,11214
7290002421610,false,גבינת פרמזן 200 גרם,,,גבינת פרמזן 200 גרם חלב בקר גב. הגולן,גרמים,200.00,100 גרם,false,1,27.90,13.9500,true,1,13303
7290002421658,false,גבינת צדר עיזים 180,,,גבינת צדר עיזים 180 גרם גב. הגולן,גרמים,180.00,100 גרם,false,1,24.90,13.8333,true,1,13301
7290002439578,false,צלעות אונטריפ חלק טר,,,צלעות אונטריפ חלק ארגנטיני טרי יבוא,קילוגרמים,1.00,"ק""ג",true,,85.00,85.0000,true,1,46622
7290002439592,false,פילה בקר טרי ארגנטינ,,,פילה בקר טרי יבוא ארגנטיני,קילוגרמים,1.00,"ק""ג",true,,245.00,245.0000,true,1,47282
7290002439721,false,צלי כתף טרי אנגוס,,,צלי כתף טרי יבוא,קילוגרמים,1.00,"ק""ג",true,,89.90,89.9000,true,1,20730
7290002439820,false,צלעות בקר טרי יבוא,,,צלעות בקר טרי יבוא    פולין,קילוגרמים,1.00,"ק""ג",true,,79.90,79.9000,true,1,21846
7290002439981,false,קבב בקר אל גאוצו 400,טיבון ויל,,קבב בקר אל גאוצו 400 גרם קלאסיקו,גרמים,400.00,100 גרם,false,1,22.90,5.7250,true,1,20583
7290002439998,false,קבב בקר וכבש אל גאוצ,טיבון ויל,,קבב בקר וכבש אל גאוצו 400 גרם קלאסיקו,גרמים,400.00,100 גרם,false,1,22.90,5.7250,true,1,20582
7290002448716,false,חטיף סושי רך לכלב 10,,,חטיף סושי רך לכלב 100 גר,גרמים,100.00,100 גרם,false,1,25.20,25.2000,true,1,11497
7290002475101,false,גפילטע פיש ל.ס.מיטל,דג טעים,,גפילטע פיש ל.ס.מיטל 470 גרם,גרמים,470.00,100 גרם,false,1,20.90,4.4468,true,1,5102
7290002475125,false,גפילטע פיש מיטל 8 יח,,,גפילטע פיש מיטל 8 יח 670 גרם,גרמים,670.00,100 גרם,false,1,22.90,3.4179,true,1,38126
7290002475170,false,גפילטע פיש מיטל 6 יח,,,מיטל גפילטע פיש 6 בצנצנת,גרמים,670.00,100 גרם,false,1,22.90,3.4179,true,1,38116
7290002485025,false,סלט חומוס מסעדות בית,,,סלט חומוס מסעדות ביתי 500 ג שמיר,גרמים,500.00,100 גרם,false,1,14.90,2.9800,true,1,6047
7290002485049,false,סלט חומוס מסבחה ביתי,,,סלט חומוס מסבחה ביתי 500 ג שמיר,גרמים,500.00,100 גרם,false,1,14.90,2.9800,true,1,6048
7290002485063,false,סלט חומוס אבו גוש בי,,,סלט חומוס אבו גוש ביתי 500 ג שמיר,גרמים,500.00,100 גרם,false,1,14.90,2.9800,true,1,6049
7290002487364,false,בורקס פילו גבינה זית,שלושת האופים שגמור,,בורקס פילו גבינה זיתים 700 גר,גרמים,700.00,100 גרם,false,1,20.90,2.9857,true,1,11126
7290002502012,false,לחמנית קלועה חיטה מל,בונז'ור,,לחמנית קלועה חיטה מלאה 100 גרם,גרמים,100.00,100 גרם,false,1,2.90,2.9000,true,1,2273
7290002502036,false,לחמניה קשר,בונז'ור,,לחמניה קשר,גרמים,100.00,100 גרם,false,1,2.90,2.9000,true,1,2274
7290002502043,false,לחמניה כריך לבן,בונז'ור,,לחמניה כריך לבן,גרמים,120.00,100 גרם,false,1,2.90,2.4167,true,1,2276
7290002502067,false,חלה קלועה 500 ג,בונז'ור,,חלה קלועה 500 ג,גרמים,500.00,100 גרם,false,1,11.90,2.3800,true,1,4510
7290002502081,false,בייגל ירושלמי,בונז'ור,,בייגל ירושלמי,גרמים,150.00,100 גרם,false,1,4.50,3.0000,true,1,2278
7290002502098,false,פרצל רגיל,בונז'ור,,פרצל רגיל,גרמים,150.00,100 גרם,false,1,4.50,3.0000,true,1,2279
7290002502166,false,חצי בגט,בונז'ור,,חצי בגט,גרמים,190.00,100 גרם,false,1,3.20,1.6842,true,1,4236
7290002502203,false,בורקס גבינה,בונז'ור,,בורקס גבינה,קילוגרמים,1.00,"ק""ג",true,,36.00,36.0000,true,1,2145
7290002502296,false,לחמניה קלועה,בונז'ור,,לחמניה קלועה,גרמים,100.00,100 גרם,false,1,2.90,2.9000,true,1,2275
7290002502630,false,סופגניה גדולה,בונז'ור,,סופגניה גדולה,Unknown,0.00,Unknown,false,1,4.50,0.0000,true,1,4508
7290002507024,false,אסאדו אי 9שורט ריבס,,,אסאדו שורט ריבס טרי ארצב,קילוגרמים,1.00,"ק""ג",true,,69.90,69.9000,true,1,33674
7290002507048,false,אסאדו בי 9 נברסקה,,,קשתית בקר טרי יבוא ארהב,קילוגרמים,1.00,"ק""ג",true,,99.90,99.9000,true,1,27350
7290002507451,false,קציצות דג סלמון לביש,דלידג,,קציצות דג סלמון לבישול 750 גר,גרמים,75000.00,100 גרם,false,1,29.90,0.0399,true,1,31337
7290002507475,false,אוסובוקו טרי עם עצם,,,שריר הזרוע אוסובוקו טרי מוכשר צרפת,קילוגרמים,1.00,"ק""ג",true,,69.90,69.9000,true,1,39788
7290002507482,false,אסאדו טרי עם עצם יבו,,,אסאדו טרי עם עצם יבוא צרפתי,קילוגרמים,1.00,"ק""ג",true,,69.90,69.9000,true,1,39790
7290002507604,false,פיצה משפחתית השף שגב,שלושת האופים פיצה,,פיצה משפחתית השף שגב 320 גרם,גרמים,320.00,100 גרם,false,1,13.90,4.3438,true,1,29422
7290002515333,false,אלסבון קמיל בלו סנסט,פישר תעשיות,,אלסבון קמיל בלו סנסטיב ורוד 500 מל משאבה,מיליליטרים,500.00,"100 מ""ל",false,1,18.90,3.7800,true,1,6921
7290002517108,false,אורגנו 10 גר מיכל קט,,,אורגנו 10 גר מיכל קטן,Unknown,0.00,Unknown,false,1,6.90,0.0000,true,1,6228
7290002517276,false,פלפל אנגלי שלם 25 גר,,,פלפל אנגלי שלם 25 גר מיכל קטן,Unknown,0.00,Unknown,false,1,6.90,0.0000,true,1,6225
7290002517283,false,פלפל שחור גרוס 40 גר,,,פלפל שחור גרוס 40 גר מיכל קטן,Unknown,0.00,Unknown,false,1,9.90,0.0000,true,1,6235
7290002517290,false,קינמון טחון 40 גר מי,,,קינמון טחון 40 גר מיכל קטן,Unknown,0.00,Unknown,false,1,6.90,0.0000,true,1,6227
7290002517337,false,אורגנו עלים 20 גר שק,,,אורגנו עלים 20 גר שקית,Unknown,0.00,Unknown,false,1,6.50,0.0000,true,1,604
7290002517375,false,בזיליקום עלים 30 גר,,,בזיליקום עלים 30 גר שקית,Unknown,0.00,Unknown,false,1,6.50,0.0000,true,1,6236
7290002517566,false,תערובת תיבול לדג 80,,,תערובת תיבול לדג 80 גר,Unknown,0.00,Unknown,false,1,9.90,0.0000,true,1,5934
7290002517573,false,תערובת תיבול לבשר 80,,,תערובת תיבול לבשר 80 גר,Unknown,0.00,Unknown,false,1,9.90,0.0000,true,1,5933
7290002517580,false,תערובת תיבול לעוף 80,,,תערובת תיבול לעוף 80 גר,Unknown,0.00,Unknown,false,1,9.90,0.0000,true,1,5935
7290002517603,false,בזיליקום 10 גר מיכל,,,בזיליקום 10 גר מיכל קטן,Unknown,0.00,Unknown,false,1,6.90,0.0000,true,1,6205
7290002517634,false,כוזברה 30 גר מיכל קט,,,כוזברה 30 גר מיכל קטן,Unknown,0.00,Unknown,false,1,6.90,0.0000,true,1,6207
7290002517658,false,כורכום  40 גר מיכל ק,,,כורכום  40 גר מיכל קטן,Unknown,0.00,Unknown,false,1,6.90,0.0000,true,1,6210
7290002517689,false,קרי אבקה 40 גר מיכל,,,קרי אבקה 40 גר מיכל קטן,Unknown,0.00,Unknown,false,1,6.90,0.0000,true,1,6212
7290002517726,false,מקלות קינמון 15 גר מ,,,מקלות קינמון 15 גר מיכל קטן,Unknown,0.00,Unknown,false,1,6.90,0.0000,true,1,6214
7290002517733,false,קצח 40 גר מיכל קטן,,,קצח 40 גר מיכל קטן,Unknown,0.00,Unknown,false,1,6.90,0.0000,true,1,6215
7290002517801,false,צילי כתוש חריף 30 גר,,,צילי כתוש חריף 30 גר מיכל קטן,Unknown,0.00,Unknown,false,1,6.90,0.0000,true,1,6221
7290002517825,false,פלפל לבן טחון 40 גר,,,פלפל לבן טחון 40 גר מיכל קטן,Unknown,0.00,Unknown,false,1,9.90,0.0000,true,1,6230
7290002517849,false,שום גבישי 50 גר מיכל,,,שום גבישי 50 גר מיכל קטן,Unknown,0.00,Unknown,false,1,9.90,0.0000,true,1,6231
7290002517863,false,ציפורן טחון 40 גר מי,,,ציפורן טחון 40 גר מיכל קטן,Unknown,0.00,Unknown,false,1,9.90,0.0000,true,1,6233
7290002542780,false,מארז 6יח בירה סטלה א,,,מארז 6יח בירה סטלה ארטואה 330מל בק.פקדון,מיליליטרים,1980.00,"100 מ""ל",false,1,34.90,1.7626,true,1,51170
7290002542797,false,בירה לף בלונד 330מל,,,בירה לף בלונד 330מל בק.פקדון,מיליליטרים,330.00,"100 מ""ל",false,1,10.00,3.0303,true,1,51171
7290002542810,false,בירה הוגרדן 330מל בק,,,בירה הוגרדן 330מל בק.פקדון,מיליליטרים,330.00,"100 מ""ל",false,1,10.00,3.0303,true,1,51173
7290002542841,false,מארז 6יח בירה לף בלו,,,מארז 6יח בירה לף בלונד 330מל בק.פקדון,מיליליטרים,1980.00,"100 מ""ל",false,1,47.90,2.4192,true,1,51174
7290002542865,false,מארז 6יח בירה הוגרדן,,,מארז 6יח בירה הוגרדן 330מל בק.פקדון,מיליליטרים,1980.00,"100 מ""ל",false,1,47.90,2.4192,true,1,51176
7290002543046,false,דגני קלוגס פרוסטיס 7,,,דגני קלוגס פרוסטיס 750 גרם,גרמים,750.00,100 גרם,false,1,21.90,2.9200,true,1,2168
7290002543237,false,קורנפלקס קלוגס 750 ג,,,קורנפלקס קלוגס 750 גרם,גרמים,750.00,100 גרם,false,1,16.90,2.2533,true,1,438
7290002577492,false,פילה דג הרינג מלוח ב,דלידג,,פילה דג הרינג מלוח בשמן 240גרם,גרמים,240.00,100 גרם,false,1,25.90,10.7917,true,1,26012
7290002577508,false,פילה דג הרינג מלוח ב,דלידג,,פילה דג הרינג מלוח בשמן ובצל 240גרם,גרמים,240.00,100 גרם,false,1,25.90,10.7917,true,1,26011
7290002603016,false,מארז 4 טונה במים ויל,ויליגר,,מארז 4 טונה במים ויליגר 140 ג,גרמים,560.00,100 גרם,false,1,20.90,3.7321,true,1,32712
7290002603474,false,פיצת השף שגב רוטב פט,,,פיצת השף שגב רוטב פטריות כמהין 200גר,גרמים,200.00,100 גרם,false,1,16.90,8.4500,true,1,34688
7290002603498,false,פיצת השף שגב אנטיפסט,,,פיצת השף שגב אנטיפסטי 200גר,גרמים,200.00,100 גרם,false,1,16.90,8.4500,true,1,34689
7290002603504,false,פיצת השף שגב עגבניות,,,פיצת השף שגב עגבניות ובצל סגול 220גר,גרמים,220.00,100 גרם,false,1,16.90,7.6818,true,1,34691
7290002603689,false,בורקס מקלות פילו תפו,שלושת האופים שגמור,,בורקס מקלות פילו תפוא אקס אל 450גר-שגב,גרמים,450.00,100 גרם,false,10,16.90,3.7556,true,1,35189
7290002603696,false,בורקס מקלות פילו גבי,שלושת האופים שגמור,,בורקס מקלות פילו גבינה אקס אל 450גר-שגב,גרמים,450.00,100 גרם,false,1,16.90,3.7556,true,1,35190
7290002608202,false,לחם כוסמין בחוש,פילסברי,,לחם כוסמין בחוש,Unknown,0.00,Unknown,false,1,17.90,0.0000,true,1,26241
7290002608363,false,לחמניית המבורגר פרימ,פילסברי,,לחמניית המבורגר פרימיום א.ק,Unknown,0.00,Unknown,false,36,5.00,0.0000,true,1,43186
7290002608509,false,לחם מחמצת זית קלמטה,,,לחם מחמצת זית קלמטה,Unknown,0.00,Unknown,false,1,17.90,0.0000,true,1,36507
7290002608516,false,לחם מחמצת מקמח מלא,,,לחם מחמצת מקמח מלא,Unknown,0.00,Unknown,false,1,17.90,0.0000,true,1,35450
7290002608523,false,לחם מחמצת כוסמין,,,לחם מחמצת כוסמין,Unknown,0.00,Unknown,false,1,17.90,0.0000,true,1,36778
7290002608547,false,לחם מחמצת שיפון חמוצ,,,לחם מחמצת שיפון חמוציות,Unknown,0.00,Unknown,false,1,17.90,0.0000,true,1,35261
7290002608769,false,לחם מחמצת טוסקני דגנ,פילסברי,,לחם מחמצת טוסקני דגנים,Unknown,0.00,Unknown,false,1,16.90,0.0000,true,1,35262
7290002608899,false,עוגיות מנגלך טעם שוק,פילסברי,IL,עוגיות מנגלך טעם שוקולד 400 גרם,גרמים,400.00,100 גרם,false,20,22.90,5.7250,true,1,58365
7290002610830,false,שיפודי פרגית קפוא במ,טיבון ויל,IL,שיפודי פרגית קפוא במשקל,קילוגרמים,1.00,"ק""ג",true,,69.90,69.9000,true,1,58565
7290002612087,false,סטייק אנטריקוט טרי א,,,סטייק עין אנגוס טרי ארגנטיני,קילוגרמים,1.00,"ק""ג",true,,179.90,179.9000,true,1,40805
7290002627098,false,פיצה ביס 350גר שלושת,,IL,פיצה ביס 350גר שלושת האופים,גרמים,350.00,100 גרם,false,12,16.90,4.8286,true,1,53619
7290002627210,false,גפילטע פיש דלידג 7 ק,דלידג,,גפילטע פיש דלידג 7 קציצות 560 גרם,גרמים,560.00,100 גרם,false,1,12.90,2.3036,true,1,42929
7290002627616,false,פילה דג אמנון 7-9  ק,דלידג,,פילה דג אמנון 7-9  קפוא,קילוגרמים,1.00,"ק""ג",true,,28.00,28.0000,true,1,48574
7290002657866,false,פילה דג אמנון 7-9 קפ,דלידג,,פילה דג אמנון 7-9 קפוא בדץ,קילוגרמים,1.00,"ק""ג",true,,28.00,28.0000,true,1,10095
7290002661153,false,לחם דני קל 1 קג,מאפית י.את א. ברמן ב,,לחם דני קל 1 קג,קילוגרמים,1.00,"ק""ג",false,1,16.90,16.9000,true,1,9020
7290002661245,false,לחם קסטן אנגלי 1 קג,מאפית י.את א. ברמן ב,IL,לחם קסטן אנגלי 1 קג ברמן,קילוגרמים,1.00,"ק""ג",false,1,16.90,16.9000,true,1,45696
7290002661900,false,מארז 6יח לחמניות שומ,מאפית י.את א. ברמן ב,IL,מארז 6יח לחמניות שומשום ארוך/שמיניה 720ג,גרמים,720.00,100 גרם,false,1,12.90,1.7917,true,1,50091
7290002661917,false,מארז 8יח בייגלה שומש,מאפית י.את א. ברמן ב,IL,מארז 8יח בייגלה שומשום/לחמניות קשר600גר,גרמים,600.00,100 גרם,false,1,12.90,2.1500,true,1,50087
7290002661948,false,מארז 6יח לחמניות כפר,מאפית י.את א. ברמן ב,IL,מארז 6יח לחמניות כפריות ארוכות720גר ברמן,גרמים,720.00,100 גרם,false,1,12.90,1.7917,true,1,50090
7290002663522,false,משקה קל תפוזינה תפוז,יפאורה,,משקה קל תפוזינה תפוזים 1.5 ל,ליטרים,1.50,ליטר,false,1,8.60,5.7333,true,1,1761
7290002663539,false,משקה קל תפוזינה אשכו,יפאורה,,משקה קל תפוזינה אשכוליות 1.5 ל,ליטרים,1.50,ליטר,false,1,8.60,5.7333,true,1,1616
7290002663881,false,משקה קל תפוזינה דיאט,יפאורה,,משקה קל תפוזינה דיאט אשכוליות 1.5 ל,ליטרים,1.50,ליטר,false,1,8.20,5.4667,true,1,1617
7290002674221,false,מש.שיניים אקווה פרש,,,מש.שיניים אקווה פרש מנטה משאבה100מל,מיליליטרים,100.00,"100 מ""ל",false,1,15.00,15.0000,true,1,2322
7290002692393,false,שמן קנולה מועשר בויט,שמן תעשיות,,שמן קנולה מועשר בויטמין עץהזית 1 לי,ליטרים,1.00,ליטר,false,1,15.90,15.9000,true,1,5428
7290002692478,false,שמן זית מעודן עץ הזי,שמן תעשיות,,שמן זית מעודן עץ הזית 750 מל,מיליליטרים,750.00,"100 מ""ל",false,1,34.90,4.6533,true,1,35467
7290002692768,false,תרסיס שמן קנולה 200,שמן תעשיות,,תרסיס שמן קנולה 200 מל עץ הזית,מיליליטרים,200.00,"100 מ""ל",false,1,15.90,7.9500,true,1,8146
7290002692775,false,תרסיס שמן חמאה 200 מ,,,תרסיס שמן טעם חמאה200 מל מופחת קלוריות,מיליליטרים,200.00,"100 מ""ל",false,1,15.90,7.9500,true,1,29802
7290002692782,false,תרסיס שמן זית 150 מל,שמן תעשיות,,תרסיס שמן זית 200 מל עץ הזית,מיליליטרים,150.00,"100 מ""ל",false,1,15.90,10.6000,true,1,8147
7290002706731,false,רצועות פילה נסיכת הנ,דלידג,,רצועות פילה נסיכת הנילוס קפוא,קילוגרמים,1.00,"ק""ג",true,,75.00,75.0000,true,1,14816
7290002706960,false,פילה ברבוניה מגש 400,טפראקדפוד,,פילה ברבוניה מגש 400 גר,גרמים,40000.00,100 גרם,false,1,24.90,0.0622,true,1,60294
7290002715511,false,מגיק בכוס בשר 70 גרם,מג'יק,,מגיק בכוס בשר 70 גרם,גרמים,70.00,100 גרם,false,1,4.90,7.0000,true,1,1608
7290002715528,false,מגיק בכוס ירקות 70 ג,מג'יק,,מגיק בכוס ירקות 70 גרם,גרמים,70.00,100 גרם,false,1,4.90,7.0000,true,1,1609
7290002715580,false,מגיק בכוס סיני 70 גר,מג'יק,,מגיק בכוס סיני 70 גרם,גרמים,70.00,100 גרם,false,1,4.90,7.0000,true,1,737
7290002730262,false,נוזל כלים פלמוליב קל,Colgate - Greece,,נוזל כלים פלמוליב קלאסי 750 מל שקוףף,מיליליטרים,750.00,"100 מ""ל",false,1,11.90,1.5867,true,1,494
7290002730675,false,מש.שיניים קולגייט אד,CP-Poland swidnica,,מש.שיניים קולגייט אדומה 100 מל משפחתית,מיליליטרים,100.00,"100 מ""ל",false,1,11.90,11.9000,true,1,400
7290002730811,false,מש.שיניים קולגייט גל,CP-Poland swidnica,,מש.שיניים קולגייט גל משפחתי 100 מל,מיליליטרים,100.00,"100 מ""ל",false,1,12.90,12.9000,true,1,392
7290002730903,false,מארז 4  סבון  מוצק פ,CP - Turkey+60,,מארז 4  סבון  מוצק פלמוליב ורדים,גרמים,400.00,100 גרם,false,1,16.90,4.2250,true,1,682
7290002730958,false,מארז 4  סבון מוצק פל,CP - Turkey+60,,מארז 4  סבון מוצק פלמוליב ירוק,גרמים,400.00,100 גרם,false,1,16.90,4.2250,true,1,685
7290002750338,false,לחם רוסטיק עגבניות מ,פילסברי,,לחם רוסטיק עגבניות מיובשות,Unknown,0.00,Unknown,false,1,17.90,0.0000,true,1,25613
7290002750383,false,לחם טוסקני כפרי עגול,פילסברי,,לחם טוסקני כפרי עגול,Unknown,0.00,Unknown,false,1,17.90,0.0000,true,1,25617
7290002750406,false,סופגניה גדולה עם ריב,,,סופגניה גדולה עם ריבה,Unknown,0.00,Unknown,false,1,4.50,0.0000,true,1,25846
7290002750444,false,סופגניה גדולה,,,סופגניה גדולה,Unknown,0.00,Unknown,false,1,4.50,0.0000,true,1,25845
7290002750451,false,לחם מחמצת טוסקני לבן,פילסברי,,לחם מחמצת טוסקני לבן,Unknown,0.00,Unknown,false,1,17.90,0.0000,true,1,25616
7290002750710,false,סופגניה מיני,,,סופגניה מיני עם ריבה,Unknown,0.00,Unknown,false,1,3.00,0.0000,true,1,25848
7290002750963,false,בגט רוסטיק,פילסברי,,בגט רוסטיק,Unknown,0.00,Unknown,false,1,9.90,0.0000,true,1,25606
7290002752332,false,סוכריות מנטוס פירות,,,סוכריות מנטוס פירות בגליל,Unknown,0.00,Unknown,false,1,3.50,0.0000,true,1,993
7290002752349,false,סוכריות מנטוס מנטה ב,,,סוכריות מנטוס מנטה בגליל,Unknown,0.00,Unknown,false,1,3.50,0.0000,true,1,2631
7290002752493,false,סוכריות טיק טק מנטה,פררו,,סוכריות טיק טק מנטה רביעיה,Unknown,0.00,Unknown,false,1,10.00,0.0000,true,1,1099
7290002753223,false,סוכריות טיק טק תפוז,פררו,,סוכריות טיק טק תפוז רביעיה,Unknown,0.00,Unknown,false,1,10.00,0.0000,true,1,1100
7290002753995,false,קישוטי עוגה שוקולד 1,,,קישוטי עוגה שוקולד 150 גר,גרמים,150.00,100 גרם,false,1,18.20,12.1333,true,1,194
7290002757139,false,מלוואח שלושת האופים,אופרה,,מלוואח שלושת האופים 700 גר,גרמים,700.00,100 גרם,false,1,16.90,2.4143,true,1,8971
7290002757511,false,קציצות דג לבישול 750,דלידג,,קציצות דג לבישול 750 גר,גרמים,750.00,100 גרם,false,1,31.90,4.2533,true,1,8624
7290002757535,false,בורקס פילו אצבעות גב,שלושת האופים שגמור,,בורקס פילו אצבעות גבינה 500 גר,גרמים,500.00,100 גרם,false,1,20.90,4.1800,true,1,8625
7290002757542,false,איטריות קדאיף 400 גר,שלושת האופים שגמור,,איטריות קדאיף 400 גר,גרמים,400.00,100 גרם,false,1,20.90,5.2250,true,1,16357
7290002768159,false,סבון נוזלי לאמבט בת,,,סבון נוזלי לאמבט בת אורן 500 מל,מיליליטרים,500.00,"100 מ""ל",false,1,17.90,3.5800,true,1,1454
7290002771104,false,קפה נחלה עם הל 500 ג,,,קפה נחלה עם הל 500 גר,גרמים,500.00,100 גרם,false,1,31.90,6.3800,true,1,223
7290002771111,false,קפה נחלה עם הל 250 ג,,,קפה נחלה עם הל 250 גרם,גרמים,250.00,100 גרם,false,1,16.90,6.7600,true,1,225
7290002771128,false,קפה נחלה 250 גרם,,,קפה נחלה 250 גרם,גרמים,250.00,100 גרם,false,1,16.90,6.7600,true,1,35
7290002771326,false,קפסולות קפה נחלה עם,,,קפסולות קפה עם הל 10 יח,יחידה,10.00,יחידה,false,1,18.90,1.8900,true,1,39746
7290002775317,false,פילה זהובון קפוא 1 ק,דלידג,,פילה זהובון קפוא 1 קג,קילוגרמים,1.00,"ק""ג",false,1,26.90,26.9000,true,1,9363
7290002787495,false,פילה סלמון וי קפוא,דלידג,,פילה סלמון וי קפוא,קילוגרמים,1.00,"ק""ג",true,,77.00,77.0000,true,1,47619
7290002787501,false,פילה סלמון נורבגי במ,דלידג,,פילה סלמון נורבגי במשקל,קילוגרמים,1.00,"ק""ג",true,,69.00,69.0000,true,1,36078
7290002787891,false,מקלות בורקס פילו תרד,,,מקלות בורקס פילו תרד 600 גר שלושת האופים,גרמים,600.00,100 גרם,false,1,20.90,3.4833,true,1,20275
7290002793311,false,שרות החלפה גז 60 מיל,,,שרות החלפה גז 60 מילוי סודה סטרים,Unknown,0.00,Unknown,false,1,62.90,0.0000,true,1,16977
7290002805151,false,נוזל ריצפה סיף  סחלב,יוניליוור,,נוזל ריצפה סיף  סחלבים 4 ל,ליטרים,4.00,ליטר,false,1,19.90,4.9750,true,1,41
7290002808527,false,חומץ תפוחים 946 מל,אולד דאץ,,חומץ תפוחים 946 מל,מיליליטרים,946.00,"100 מ""ל",false,1,15.90,1.6808,true,1,4543
7290002814580,false,פותח סתימות טורנדו,,IL,פותח סתימות טורנדו  גרגרים 200גר,גרמים,200.00,100 גרם,false,20,11.90,5.9500,true,1,42953
7290002814894,false,קצף ניקוי אקונומיקה,,IL,קצף ניקוי אקונומיקה לבנדר 1ליט סנט מוריץ,ליטרים,1.00,ליטר,false,15,9.90,9.9000,true,1,43371
7290002824183,false,גבינת סקי 5% למריחה,,,גבינת סקי 5% למריחה 500 גר***,גרמים,500.00,100 גרם,false,1,9.96,1.9920,true,1,1507
7290002824466,false,יוגורט לבן 0% 200 גר,,,יוגורט לבן 0% 200 גרם,גרמים,200.00,100 גרם,false,1,3.80,1.9000,true,1,1114
7290002824640,false,גבינת סקי 5% 250 גרם,,,גבינת סקי 5% 250 גרם***,גרמים,250.00,100 גרם,false,1,4.98,1.9920,true,1,1505
7290002830184,false,פילה דג לברק יפני,דלידג,,פילה דג לברק יפני,קילוגרמים,1.00,"ק""ג",true,,51.90,51.9000,true,1,11994
7290002830245,false,פילה דג לברק יפני,דלידג,,פילה דג לברק יפני,קילוגרמים,1.00,"ק""ג",true,,51.90,51.9000,true,1,28252
7290002830948,false,גבינת מון בלאן עיזים,ש.האופים,,גבינת מון בלאן עיזים 120 גר,גרמים,120.00,100 גרם,false,1,10.00,8.3333,true,1,9877
7290002842002,false,קוואקר מורנפלייק אנג,מורנינג פוד,GB,קוואקר מורנפלייק אנגלי 500 גרם,גרמים,500.00,100 גרם,false,1,11.90,2.3800,true,1,2628
7290002842163,false,טונה לבנה יולה 185 ג,יו.אס.איי וליו קו,,טונה לבנה יולה 185 גר,גרמים,185.00,100 גרם,false,1,12.90,6.9730,true,1,2113
7290002842293,false,סרדין מינרבה חריף 12,יו.אס.איי וליו קו,,סרדין מינרבה חריף 120 גרם,גרמים,120.00,100 גרם,false,1,6.90,5.7500,true,1,3501
7290002842309,false,סרדין מינרבה בשמן 12,יו.אס.איי וליו קו,,סרדין מינרבה בשמן 120 גרם,גרמים,120.00,100 גרם,false,1,6.90,5.7500,true,1,3502
7290002842415,false,פילה אנשובי אמיתי יו,יו.אס.איי וליו קו,,פילה אנשובי אמיתי יוליה 50 גר,גרמים,50.00,100 גרם,false,1,6.90,13.8000,true,1,4686
7290002842699,false,מיץ שזיפים יולה 946מ,קליפסטאר,,מיץ שזיפים יולה 946מל ללא סוכר,מיליליטרים,946.00,"100 מ""ל",false,1,20.90,2.2093,true,1,48382
7290002866985,false,פילה בורי טרי ארוז ב,,,פילה בורי טרי ארוז במגשית,קילוגרמים,1.00,"ק""ג",true,,114.90,114.9000,true,1,21815
7290002868996,false,גבינת קוטג 5% מועשר,טרה,,גבינת קוטג 5% מועשר 250 ג,גרמים,250.00,100 גרם,false,1,5.80,2.3200,true,1,5300
7290002871446,false,פריגת 1.5 ליטר ענבים,פריגת,,פריגת 1.5 ליטר ענבים,ליטרים,1.50,ליטר,false,1,9.60,6.4000,true,1,649
7290002879206,false,ממרח פלפל חלפינו חרי,,TR,ממרח פלפל חלפינו חריף פלרמו 500 גרם לחי,גרמים,500.00,100 גרם,false,8,16.90,3.3800,true,1,52959
7290002879237,false,חטיף טורטילה סומבררו,,,חטיף טורטילה סומבררו ברביקיו 200 גרם,מיליליטרים,200.00,"100 מ""ל",false,1,11.50,5.7500,true,1,29434
7290002879282,false,טורטילה חטיף סומבררו,אן. וי סנק פוד,,טורטילה חטיף סומבררו תירס טבעי 200 גרם,גרמים,200.00,100 גרם,false,1,11.50,5.7500,true,1,2122
7290002879299,false,מלפפונים גרין ואלי צ,פרנצוסקה,,מלפפונים גרין ואלי צהוב 860 גר,גרמים,860.00,100 גרם,false,1,19.90,2.3140,true,1,3861
7290002879305,false,מלפפונים גרין ואלי כ,פרנצוסקה,,מלפפונים גרין ואלי כחול 860 גר,גרמים,860.00,100 גרם,false,1,21.90,2.5465,true,1,3862
7290002879411,false,מלפפונים פרוסים גריי,פרנצוסקה,,מלפפונים פרוסים גריין ואלי 680 גר,גרמים,680.00,100 גרם,false,1,14.50,2.1324,true,1,11841
7290002879435,false,כרוב כבוש  גרין ואלי,פרנצוסקה,,כרוב כבוש  גרין ואלי  900 גר,גרמים,900.00,100 גרם,false,1,17.90,1.9889,true,1,2118
7290002879459,false,סלק כבוש  גרין ואלי,פרנצוסקה,,סלק כבוש  גרין ואלי 710 גרם,גרמים,710.00,100 גרם,false,1,15.50,2.1831,true,1,2119
7290002881230,false,לפתן אננס חתוך תומר,,,לפתן אננס חתוך תומר 820 גר,גרמים,820.00,100 גרם,false,1,10.90,1.3293,true,1,7001
7290002881254,false,לפתן קוקטיל פירות טר,,,לפתן קוקטיל פירות טרופי תומר 850 גר,גרמים,850.00,100 גרם,false,1,10.90,1.2824,true,1,13425
7290002881261,false,לפתן ליצי שלם תומר 4,,,לפתן ליצי שלם תומר 400 גר,גרמים,400.00,100 גרם,false,1,10.90,2.7250,true,1,6732
7290002881407,false,אטריות נודלס דקות 40,,,אטריות נודלס דקות 400 ג,גרמים,400.00,100 גרם,false,1,6.90,1.7250,true,1,6493
7290002881414,false,אטריות נודלס עבות 40,,,אטריות נודלס עבות 400 גרם,גרמים,400.00,100 גרם,false,1,6.90,1.7250,true,1,6848
7290002881506,false,חמאת בוטנים רגיל 500,,,חמאת בוטנים רגיל 500 גר תומר,גרמים,500.00,100 גרם,false,1,10.90,2.1800,true,1,6640
7290002881551,false,עלי גפן ממולאים באור,,,עלי גפן ממולאים באורז 400 גר,גרמים,400.00,100 גרם,false,1,8.90,2.2250,true,1,7829
7290002881742,false,לבבות דקל פרוס 8 אונ,,,לבבות דקל פרוס 8 אונס,גרמים,400.00,100 גרם,false,1,8.90,2.2250,true,1,6188
7290002881803,false,שמן קנולה תומר 1 ליט,,DE,שמן קנולה תומר 1 ליטר,ליטרים,1.00,ליטר,false,1,11.90,11.9000,true,1,61016
7290002881940,false,סרדין מרוקאי בשמן 12,,,סרדין מרוקאי בשמן 125 גר,גרמים,125.00,100 גרם,false,1,5.90,4.7200,true,1,6011
7290002881957,false,סרדין מרוקאי חריף בש,,,סרדין מרוקאי חריף בשמן 125 גר,גרמים,125.00,100 גרם,false,1,5.90,4.7200,true,1,6010
7290002881971,false,סרדין מרוקאי בשמן זי,,,סרדין מרוקאי בשמן זית 125 גר,גרמים,125.00,100 גרם,false,1,5.90,4.7200,true,1,6954
7290002881988,false,סרדין מרוקאי בשמן ול,,,סרדין מרוקאי בשמן ולימון 125 גר,גרמים,125.00,100 גרם,false,1,5.90,4.7200,true,1,6953
7290002921165,false,ספריי הזלין לניקוי ר,פרייק,,ספריי הזלין לניקוי רהיטים,Unknown,0.00,Unknown,false,1,35.90,0.0000,true,1,2171
7290002921226,false,נוזל הזלין קרם לניקו,פריקה,,נוזל הזלין קרם לניקוי רהיטי עור בקבוק,Unknown,0.00,Unknown,false,1,29.90,0.0000,true,1,2295
7290002921233,false,קרבונה ספריי לכתמים,מרקה,,קרבונה ספריי לכתמים,Unknown,0.00,Unknown,false,1,26.90,0.0000,true,1,252
7290002921240,false,שמפוזר קרבונה אדום,קרבונה,,שמפוזר קרבונה אדום,Unknown,0.00,Unknown,false,1,29.90,0.0000,true,1,37
7290002921516,false,טורבול סופג לחות,טורבול,,טורבול סופג לחות,Unknown,0.00,Unknown,false,1,49.90,0.0000,true,1,2783
7290002922117,false,עוגיות אקלר בטעמים ש,,,עוגיות אקלר בטעמים שונים 200-250 ג,גרמים,200.00,100 גרם,false,1,22.90,11.4500,true,1,2738
7290002929130,false,גבינת דנאבלו במשקל,מאמן,,גבינת דנאבלו במשקל,קילוגרמים,1.00,"ק""ג",true,,89.00,89.0000,true,1,15861
7290002929512,false,כדורי פלאפל 500 גרם,שלושת האופים,,כדורי פלאפל 500 גרם שלושת האופים,גרמים,500.00,100 גרם,false,1,12.90,2.5800,true,1,22761
7290002929536,false,קובה למרק 600גרם שלו,שלושת האופים,,קובה למרק 600גרם שלושת האופים,גרמים,600.00,100 גרם,false,1,12.90,2.1500,true,1,22759
7290002929642,false,מארז 4 טונה בשמן צמח,ויליגר,,מארז 4 טונה בשמן צמחי ויליגר 140 ג,גרמים,560.00,100 גרם,false,1,20.90,3.7321,true,1,17072
7290002929734,false,גפילטע פיש דלידג 7 ק,דלידג,,גפילטע פיש 570 גר,גרמים,560.00,100 גרם,false,1,12.90,2.3036,true,1,34743
7290002951735,false,גל היגייני רוטס 125מ,,,גל היגייני רוטס 125מל,מיליליטרים,125.00,"100 מ""ל",false,1,12.90,10.3200,true,1,45667
7290002954460,false,אורז אוסטרלי 1 קג,בני ג'ורג' שוקחה חיפ,,אורז אוסטרלי 1 קג,קילוגרמים,1.00,"ק""ג",false,1,11.90,11.9000,true,1,2184
7290002971009,false,קמח שטיבל רגיל 1 קג,"שטיבל בע""מ",,קמח שטיבל רגיל 1 קג,קילוגרמים,1.00,"ק""ג",false,1,4.50,4.5000,true,1,3235
7290002971016,false,סולת שטיבל 1 קג,"שטיבל בע""מ",,סולת שטיבל 1 קג,Unknown,0.00,Unknown,false,1,4.50,0.0000,true,1,3236
7290003006120,false,פלפל/דלעת ממולא טאפס,גבינות אמיר ניצן בעמ,,פלפל/דלעת ממולא טאפס שכונתי במשקל,קילוגרמים,1.00,"ק""ג",true,,150.00,150.0000,true,1,10898
7290003009183,false,סירופ דיאט פריגת תפו,סירופ - גבעת חיים,,סירופ דיאט פריגת תפוחים 750 מל בקבוק,מיליליטרים,750.00,"100 מ""ל",false,1,25.90,3.4533,true,1,723
7290003009596,false,סירופ דיאט פריגת אשכ,סירופ - גבעת חיים,,סירופ דיאט פריגת אשכליות 750 מל בקבוק,מיליליטרים,750.00,"100 מ""ל",false,1,25.90,3.4533,true,1,5296
7290003009640,false,מיץ תפוז סחוט טרי 1,פריגת מצוננים,,מיץ תפוז סחוט טרי 1 ל פקדון פריגת,ליטרים,1.00,ליטר,false,1,13.90,13.9000,true,1,928
7290003011087,false,אורז בסמטי 1 קג הגמל,,IN,אורז בסמטי אלפנט 1 קג,קילוגרמים,1.00,"ק""ג",false,24,10.90,10.9000,true,1,16917
7290003015627,false,נוזל רצפה ריצפז פרש,,,נוזל רצפה ריצפז פרש אפרסק 2 לי,ליטרים,2.00,ליטר,false,1,16.90,8.4500,true,1,5639
7290003015634,false,נוזל רצפה ריצפז פרש,,,נוזל רצפה ריצפז פרש פסיפלורה 2 לי,ליטרים,2.00,ליטר,false,1,16.90,8.4500,true,1,5640
7290003015641,false,נוזל רצפה ריצפז פרש,,,נוזל רצפה ריצפז פרש 2 ל יסמין,ליטרים,2.00,ליטר,false,1,16.90,8.4500,true,1,5641
7290003020386,false,זוג ניילון נצמד קצר,,,זוג ניילון נצמד קצר 30/28.50,מטרים,60.00,מטר,false,1,9.90,0.1650,true,1,19846
7290003026029,false,שמפו קמיל בלו סנסטיי,פישר תעשיות,,שמפו קמיל בלו סנסטייב אל דמע 500 מל,מיליליטרים,500.00,"100 מ""ל",false,1,18.90,3.7800,true,1,5815
7290003026197,false,שמן לתינוק טיפולי קמ,פישר תעשיות,,שמן לתינוק טיפולי קמיל בלו 520 מל,מיליליטרים,520.00,"100 מ""ל",false,1,19.90,3.8269,true,1,5044
7290003026234,false,תחליב לתינוק קמיל בל,פישר תעשיות,,תחליב לתינוק קמיל בלו 500 מל,מיליליטרים,500.00,"100 מ""ל",false,1,19.90,3.9800,true,1,213
7290003029181,false,שוקו יטבתה בקבוק 1 ל,,,שוקו יטבתה בקבוק 1 ליטר,ליטרים,1.00,ליטר,false,1,12.10,12.1000,true,1,151
7290003029372,false,משקה חלב בננה 1 ליטר,,,משקה חלב בננה 1 ליטר,ליטרים,1.00,ליטר,false,1,12.10,12.1000,true,1,2350
7290003029389,false,משקה בננה פקק 250 מל,,,משקה בננה פקק 250 מל,מיליליטרים,250.00,"100 מ""ל",false,1,5.80,2.3200,true,1,839
7290003029433,false,שוקו יוטבתה פקק 250,,,שוקו יוטבתה פקק 250 מל,מיליליטרים,250.00,"100 מ""ל",false,1,5.80,2.3200,true,1,150
7290003029532,false,מוקה קפה בק 1 ליטר,,,מוקה קפה בק 1 ליטר,ליטרים,1.00,ליטר,false,1,12.10,12.1000,true,1,2971
7290003029792,false,מארז שוקו יוטבתה 8 י,,,מארז שוקו יוטבתה 8 יח,ליטרים,1.80,ליטר,false,1,21.20,11.7778,true,1,5325
7290003029815,false,חלב מועשר כד3% 2ל,,,חלב מועשר כד3% 2ל,ליטרים,2.00,ליטר,false,1,15.90,7.9500,true,1,5377
7290003029907,false,משקה חלב קפה 1 ל יוט,,,משקה חלב קפה 1 ל יוטבתה,ליטרים,1.00,ליטר,false,1,12.10,12.1000,true,1,5606
7290003047642,false,תה ליפטון ילו לייבל,יוניליוור,,תה ליפטון ילו לייבל 100 יח,יחידה,1.00,יחידה,false,1,13.90,13.9000,true,1,1708
7290003054176,false,לחם שיפון עם מיסלי 5,,,לחם שיפון עם מיסלי 500 גרם,גרמים,500.00,100 גרם,false,1,13.90,2.7800,true,1,1017
7290003054183,false,לחם שיפון מלא 500 גר,,,לחם שיפון מלא 500 גרם,גרמים,500.00,100 גרם,false,1,13.90,2.7800,true,1,1016
7290003054190,false,לחם שיפון עם שלושה ד,,,לחם שיפון עם שלושה דגנים 500 גר,גרמים,500.00,100 גרם,false,1,13.90,2.7800,true,1,1019
7290003054206,false,לחם שיפון עם זרעי חמ,,,לחם שיפון עם זרעי חמניות 500 גרם,גרמים,500.00,100 גרם,false,1,13.90,2.7800,true,1,1020
7290003054213,false,לחם שיפון כפרי 500 ג,,,לחם שיפון כפרי 500 גרם,גרמים,500.00,100 גרם,false,1,13.90,2.7800,true,1,1015
7290003054220,false,לחם שיפון פומפרניקל,,,לחם שיפון פומפרניקל 500 גרם,גרמים,500.00,100 גרם,false,1,13.90,2.7800,true,1,1018
7290003054657,false,חרדל ריין דיזון אקסט,,,חרדל דיזון  אקסטרא פורטה 370 גרם,גרמים,370.00,100 גרם,false,1,11.90,3.2162,true,1,1271
7290003069156,false,פילה סלמון וי קפוא,דלידג,,פילה סלמון וי קפוא,קילוגרמים,1.00,"ק""ג",true,,77.00,77.0000,true,1,38035
7290003069583,false,סטייק סלומון קפוא,דלידג,,סטייק סלומון קפוא,קילוגרמים,1.00,"ק""ג",true,,79.00,79.0000,true,1,10332
7290003069590,false,פילה סול ארוז קפוא 1,דלידג,,פילה סול ארוז קפוא 1 קג,קילוגרמים,1.00,"ק""ג",false,1,39.00,39.0000,true,1,10541
7290003069682,false,בצק פילאס 500 גר,שלושת האופים שגמור,,בצק פילאס 500 גר,גרמים,500.00,100 גרם,false,1,20.90,4.1800,true,1,10612
7290003072811,false,נקניקיות בראטוורסט,טירת צבי,IL,נקניקיות בראטוורסט  320גר טירת צבי,גרמים,320.00,100 גרם,false,1,23.90,7.4687,true,1,43037
7290003072835,false,נקניקיות קנאקוורסט,טירת צבי,IL,נקניקיות קנאקוורסט  320גר טירת צבי,גרמים,320.00,100 גרם,false,1,23.90,7.4687,true,1,43036
7290003072842,false,חזה אווז 100גר טירת,,,חזה אווז 100גר טירת צבי,גרמים,100.00,100 גרם,false,1,23.90,23.9000,true,1,44639
7290003072859,false,נקניק רוסטביף 120גר,,,נקניק רוסטביף 120גר,גרמים,120.00,100 גרם,false,1,23.90,19.9167,true,1,45269
7290003075409,false,כדורי לאבנה 360גר,,,כדורי לאבנה 360גר,גרמים,360.00,100 גרם,false,1,24.90,6.9167,true,1,8968
7290003075553,false,לאבנה 500 גר,,,לאבנה 500 גר,גרמים,500.00,100 גרם,false,1,18.90,3.7800,true,1,8963
7290003075652,false,גבינת לאבנה 250 גר,,,גבינת לאבנה 250 גר,גרמים,250.00,100 גרם,false,1,12.90,5.1600,true,1,8965
7290003075805,false,גבינת ברינזה 400 גר,,,גבינת ברינזה 400 גר,גרמים,400.00,100 גרם,false,1,26.90,6.7250,true,1,8967
7290003075850,false,לבנה עם זעתר 250 גר,,,לבנה עם זעתר 250 גר,גרמים,250.00,100 גרם,false,1,13.90,5.5600,true,1,8964
7290003102136,false,צמר גפן 100 גרם כותו,S.T.O CO.LTD,CN,צמר גפן 100 גרם כותון סופט,גרמים,100.00,100 גרם,false,24,4.90,4.9000,true,1,27953
7290003102419,false,כפפות ניילון 100 יח,,CN,כפפות ניילון יח קופסא,יחידה,100.00,יחידה,false,1,6.90,0.0690,true,1,32094
7290003102976,false,צימרוני אוזניים 200י,S.T.O CO.LTD,CN,צימרוני אוזניים 200יח בכוס,יחידה,200.00,יחידה,false,6,4.50,0.0225,true,1,27954
7290003109265,false,עוגיות מרוקאיות 400,,,עוגיות מרוקאיות 400 גרם,גרמים,500.00,100 גרם,false,1,18.00,3.6000,true,1,3181
7290003119110,false,מארז 6 יח קוקה קולה,קוקה קולה,,מארז 6 יח קוקה קולה 1.5 ל,ליטרים,9.00,ליטר,false,1,48.10,5.3444,true,1,423
7290003121083,false,מגיק טעם בשר שקית 85,מג'יק,,מגיק טעם בשר שקית 85 גר,גרמים,85.00,100 גרם,false,1,2.90,3.4118,true,1,855
7290003121090,false,מגיק טעם ירקות שקית,מג'יק,,מגיק טעם ירקות שקית 85 גר,גרמים,85.00,100 גרם,false,1,2.90,3.4118,true,1,815
7290003121106,false,מגיק טעם עוף שקית 85,מג'יק,,מגיק טעם עוף שקית 85 גר,גרמים,85.00,100 גרם,false,1,2.90,3.4118,true,1,820
7290003126712,false,יוגורט עיזים 3% ביו,מחלבת משק צוריאל,,יוגורט עיזים 3% ביו 150 גר,גרמים,150.00,100 גרם,false,1,5.90,3.9333,true,1,1004
7290003126958,false,גבינת טופו טבעי בואק,מחלבת משק צוריאל,,גבינת טופו טבעי בואקום 300 גר,גרמים,300.00,100 גרם,false,1,13.90,4.6333,true,1,1334
7290003141159,false,מרשמלו יוגטה 180 גר,סאדאט,,מרשמלו יוגטה 180 גר,גרמים,180.00,100 גרם,false,1,5.90,3.2778,true,1,13107
7290003143276,false,מרשמלו רול יוגטה 180,תות ממתקי איכות,,מרשמלו רול יוגטה 180 גר,גרמים,180.00,100 גרם,false,1,5.90,3.2778,true,1,15369
7290003144105,false,עוגה אישית קרמל צוקט,אס.פי.אס,,עוגה אישית קרמל צוקטה 10 יח 300 גר,גרמים,300.00,100 גרם,false,1,12.90,4.3000,true,1,24235
7290003189076,false,צהובה הטובה פיצרלה,,,צהובה הטובה פיצרלה  מגורדת 500 גרם,גרמים,500.00,100 גרם,false,1,22.00,4.4000,true,1,5433
7290003189205,false,צהובה טובה לייט קלאס,,,צהובה טובה לייט קלאסית 200 גרם,גרמים,200.00,100 גרם,false,1,11.90,5.9500,true,1,5435
7290003189267,false,צהובה טובה קלאסית 5%,,,צהובה טובה קלאסית 5% 200 גרם,גרמים,200.00,100 גרם,false,1,11.90,5.9500,true,1,5528
7290003189557,false,צהובה טובה מעושנת 5%,,,צהובה טובה מעושנת 5% 200 גרם,גרמים,200.00,100 גרם,false,1,11.90,5.9500,true,1,5804
7290003208586,false,יין וורמוט מרטיני בי,,,יין וורמוט מרטיני ביאנקו 750 מל פיקדון,מיליליטרים,750.00,"100 מ""ל",false,1,60.00,8.0000,true,1,9736
7290003208593,false,יין מרטיני לבן יבש 7,,,יין מרטיני לבן יבש 750 מל פיקדון,מיליליטרים,750.00,"100 מ""ל",false,1,60.00,8.0000,true,1,9745
7290003208609,false,יין וורמוט מרטיני רו,,,יין וורמוט מרטיני רוסו 750 מל פיקדון,מיליליטרים,750.00,"100 מ""ל",false,1,60.00,8.0000,true,1,9737
7290003212033,false,עוגת קראנץ בטעמים 50,,,עוגת קראנץ בטעמים 500 ג אנטיקוביץ,גרמים,600.00,100 גרם,false,1,16.90,2.8167,true,1,59500
7290003212255,false,עוגיות אוזני המן 350,,,עוגיות אוזני המן 350 גר,גרמים,350.00,100 גרם,false,1,13.90,3.9714,true,1,29562
7290003219766,false,טורבול מילוי שלישיה,טורבול,,טורבול מילוי שלישיה,Unknown,0.00,Unknown,false,1,39.90,0.0000,true,1,2794
7290003224036,false,אוכמניות כחולות 300,מאמא מרי,,אוכמניות כחולות 300 ג קפוא,גרמים,300.00,100 גרם,false,1,19.90,6.6333,true,1,8859
7290003224128,false,כיסונים תפוחי אדמה 8,מאמא מרי,,כיסונים תפוחי אדמה 800 ג מאמא מרי,גרמים,800.00,100 גרם,false,1,19.90,2.4875,true,1,5883
7290003224487,false,כיסונים בשר 1 קג מאמ,מאמא מרי,,כיסונים בשר 1 קג מאמא מרי,קילוגרמים,1.00,"ק""ג",false,1,27.90,27.9000,true,1,5885
7290003224654,false,מיקס פירות יער 300 ג,מאמא מרי,,מיקס פירות יער 300 ג קפוא,גרמים,300.00,100 גרם,false,1,14.90,4.9667,true,1,5764
7290003224708,false,בלינצס גבינה טבעוני,,,בלינצס גבינה טבעוני מתוקה וצימוקים 400גר,גרמים,400.00,100 גרם,false,1,24.90,6.2250,true,1,37068
7290003224746,false,דומדמניות שחורות 300,מאמא מרי,,דומדמניות שחורות 300 ג קפוא,גרמים,300.00,100 גרם,false,1,13.90,4.6333,true,1,5765
7290003224753,false,דומדמניות אדומות 300,מאמא מרי,,דומדמניות אדומות 300 ג קפוא,גרמים,300.00,100 גרם,false,1,13.90,4.6333,true,1,5768
7290003321155,false,יוגורט דנונה בר פקאן,,,יוגורט דנונה בר פקאן קראנצ 183 גרם,גרמים,183.00,100 גרם,false,1,4.70,2.5683,true,1,1443
7290003321292,false,גבינה 9% למריחה סקי,,,גבינה 9% למריחה סקי 250 גר,גרמים,250.00,100 גרם,false,1,5.10,2.0400,true,1,1506
7290003400500,false,חטיף קרמל ובוטנים מצ,,,חטיף קרמל ובוטנים מצופה47גר הרשי,Unknown,0.00,Unknown,false,1,4.90,0.0000,true,1,15488
7290003402809,false,חטיף שוקולד הרשי ריס,,,חטיף שוקולד הרשי ריסז לבן42גר,Unknown,0.00,Unknown,false,1,4.00,0.0000,true,1,40899
7290003411009,false,כפפות לטקס סמול 100,,,כפפות לטקס סמול 100 יח,Unknown,0.00,Unknown,false,1,19.90,0.0000,true,1,5182
7290003411276,false,עמבה פרי הודית 500 ג,,,עמבה פרי הודית 500 גר,גרמים,500.00,100 גרם,false,1,10.90,2.1800,true,1,634
7290003411405,false,נר נשמה להבית,,,נר נשמה להבית,Unknown,0.00,Unknown,false,1,2.50,0.0000,true,1,18633
7290003411726,false,קסמי שיניים מלחיה 30,,,קסמי שיניים מלחיה 300 יח,Unknown,0.00,Unknown,false,1,3.70,0.0000,true,1,221
7290003411993,false,גפרורים 10 יח הנמל,,,גפרורים 10 יח הנמל,Unknown,0.00,Unknown,false,1,3.50,0.0000,true,1,1535
7290003414406,false,נטיפי ריזס הרשי לאפי,,,נטיפי ריזס הרשי לאפיה 283 גר,גרמים,283.00,100 גרם,false,1,15.00,5.3004,true,1,19752
7290003423909,false,חטיף שוקולד לבן עם ע,,,חטיף שוקולד לבן עם עוגיות43גר הרשי,Unknown,0.00,Unknown,false,1,5.00,0.0000,true,1,8488
7290003427154,false,שמן זית זיתא כתית מע,זיתא - י.ט.ב תעשיות,,שמן זית זיתא כתית מעולה 750 מל,מיליליטרים,750.00,"100 מ""ל",false,1,29.90,3.9867,true,1,189
7290003427208,false,שמן זית זיתא כנען750,,,שמן זית כנען כתית מעולה  750 מל זיתא,מיליליטרים,750.00,"100 מ""ל",false,1,37.90,5.0533,true,1,5489
7290003432004,false,חטיף שוקולד אלמונד ג,הרשיז,US,חטיף שוקולד אלמונד גוי 45 גרם הרשי,Unknown,0.00,Unknown,false,36,5.00,0.0000,true,1,56102
7290003438006,false,ממרח פסטו איטלקי 180,,,ממרח פסטו איטלקי 180 ג אוליביה,גרמים,180.00,100 גרם,false,1,13.90,7.7222,true,1,974
7290003438013,false,ממרח זיתים ירוקים 19,,,ממרח זיתים ירוקים 190 גר אוליביה,גרמים,190.00,100 גרם,false,1,13.90,7.3158,true,1,965
7290003438020,false,ממרח עגבניות עם אגוז,,,ממרח עגבניות עם אגוזים 190 ג אוליביה,גרמים,190.00,100 גרם,false,1,13.90,7.3158,true,1,971
7290003438075,false,חרוסת מצונן 210גרם א,אוליביה,,חרוסת 210גרם אוליביה,גרמים,210.00,100 גרם,false,1,10.90,5.1905,true,1,22890
7290003438082,false,חזרת 180גר אוליביה,אוליביה,,חזרת 180גר אוליביה,גרמים,180.00,100 גרם,false,1,12.90,7.1667,true,1,15790
7290003438709,false,ממרח זיתים שחורים 19,,,ממרח זיתים שחורים 190 ג אוליביה,גרמים,190.00,100 גרם,false,1,13.90,7.3158,true,1,966
7290003438853,false,ממרח אריסה אוליביה 1,,,ממרח אריסה אוליביה 180 גר,גרמים,180.00,100 גרם,false,1,13.90,7.7222,true,1,19735
7290003438990,false,עיטורי עגבניות אוליב,,,עיטורי עגבניות אוליביה 220 ג,גרמים,220.00,100 גרם,false,1,17.90,8.1364,true,1,625
7290003444009,false,חטיף שוקולד הרשי ריס,,,חטיף שוקולד הרשי ריסז רגיל42גר,Unknown,0.00,Unknown,false,1,4.00,0.0000,true,1,15484
7290003450602,false,חרדל היינץ לחיץ 255,,,חרדל היינץ לחיץ 255 גרם,גרמים,255.00,100 גרם,false,1,11.00,4.3137,true,1,1270
7290003450725,false,חומץ היינץ בן יין 35,,,חומץ היינץ בן יין 355 מל,מיליליטרים,355.00,"100 מ""ל",false,1,12.90,3.6338,true,1,1215
7290003457991,false,מאגדת קורנטו קלאסיק,"גלידת שטראוס בע""מ",,מאגדת קורנטו קלאסיק 6 יח,גרמים,360.00,100 גרם,false,1,34.90,9.6944,true,1,435
7290003514007,false,שקדי מרק רגיל 400 גר,Mana,,שקדי מרק רגיל 400 גר מנה,גרמים,400.00,100 גרם,false,1,9.90,2.4750,true,1,8842
7290003520572,false,מארז 6 יח מטריות חרו,,,מארז 6 יח מטריות חרוב 45 גר,Unknown,0.00,Unknown,false,1,16.90,0.0000,true,1,26571
7290003521166,false,קרם רוזמרין סרקל 325,פישר תעשיות,,קרם רוזמרין סרקל 325 מל,מיליליטרים,325.00,"100 מ""ל",false,1,27.90,8.5846,true,1,5076
7290003521197,false,מתיר קשרים סרקל 340,פישר תעשיות,,מתיר קשרים סרקל 340 מל,מיליליטרים,340.00,"100 מ""ל",false,1,27.90,8.2059,true,1,5130
7290003524297,false,אספרגוס לבן שלם 330,ויליגר,,אספרגוס לבן שלם 370 גרם,גרמים,330.00,100 גרם,false,1,11.90,3.6061,true,1,1586
7290003525478,false,סלט טונה ויליגר 160,ויליגר,,סלט טונה ויליגר 160 גר,גרמים,160.00,100 גרם,false,1,5.20,3.2500,true,1,2410
7290003525898,false,מארז 3 יח סלט טונה ו,ויליגר,,מארז 3 יח סלט טונה ויליגר 160 גר,גרמים,480.00,100 גרם,false,1,15.90,3.3125,true,1,6787
7290003525904,false,מארז 3 יח סלט טונה פ,ויליגר,,מארז 3 יח סלט טונה פיקנטי ויליגר 160 גר,גרמים,480.00,100 גרם,false,1,15.90,3.3125,true,1,6788
7290003526444,false,לפתן אננס חתוך ויליג,,,לפתן אננס חתוך ויליגר 565 גרם,גרמים,565.00,100 גרם,false,24,6.50,1.1504,true,1,28466
7290003526864,false,פטריות חתוך ויליגר 2,פרנסשמפניון,,פטריות חתוך ויליגר 290 גרם,גרמים,290.00,100 גרם,false,1,4.50,1.5517,true,1,2364
7290003526871,false,מארז 3 יח פטריות חתו,פרנסשמפניון,,מארז 3 יח פטריות חתוך 290 גר,גרמים,870.00,100 גרם,false,1,11.90,1.3678,true,1,8710
7290003527380,false,לפתן דובדבן ללא חרצן,גולדסטארקפט,,לפתן דובדבן ללא חרצן 680 גר ויליגר,גרמים,680.00,100 גרם,false,1,9.90,1.4559,true,1,5512
7290003550753,false,מארז 4 יח טונה בשמן,פוסידון,,מארז 4 יח טונה בשמן פוסידון 108 גר,גרמים,432.00,100 גרם,false,1,19.90,4.6065,true,1,14473
7290003550937,false,רגל פרוסה קפואה במגש,טיבון ויל,,רגל פרוסה קפואה במגש,קילוגרמים,1.00,"ק""ג",true,,34.00,34.0000,true,1,5824
7290003561193,false,בייבי חליות 70 גרם,בונז'ור,,בייבי חליות 70 גרם,גרמים,70.00,100 גרם,false,1,2.50,3.5714,true,1,4257
7290003578108,false,לפתן אננס חתוך ויליפ,טקרנג,,לפתן אננס חתוך ויליפוד 850 גרם,גרמים,850.00,100 גרם,false,1,9.90,1.1647,true,1,1580
7290003578498,false,חמאה פינלדית 500 גרם,,FI,חמאה פינלדית 500 גרם,גרמים,500.00,100 גרם,false,1,24.90,4.9800,true,1,41913
7290003578672,false,שמן חמניות 1 ליטר וי,גידה,,שמן חמניות 1 ליטר ויליפוד,ליטרים,1.00,ליטר,false,1,11.90,11.9000,true,1,190
7290003578931,false,גבינה חצי רכה 20% רא,מוראטביי,,גבינה חצי רכה 20% ראסטה ציז במשקל,קילוגרמים,1.00,"ק""ג",true,,99.00,99.0000,true,1,18164
7290003643004,false,אורז בסמטי קלאסי 1 ק,סוגת תעשיות בעמ,,אורז בסמטי קלאסי 1 קג סוגת,קילוגרמים,1.00,"ק""ג",false,1,13.90,13.9000,true,1,1551
7290003643134,false,סוכר וניל 10 יח סוגת,"י. כהן בע""מ",,סוכר וניל 10 יח סוגת,גרמים,100.00,100 גרם,false,1,2.50,2.5000,true,1,6198
7290003643158,false,קורנפלור 200 גר סוגת,"י. כהן בע""מ",,קורנפלור 200 גר סוגת,גרמים,200.00,100 גרם,false,1,3.00,1.5000,true,1,6201
7290003643172,false,אבקת סוכר 100 גר סוג,"י. כהן בע""מ",,אבקת סוכר 100 גר סוגת,גרמים,100.00,100 גרם,false,1,2.50,2.5000,true,1,6200
7290003643325,false,קוסקוס בינוני 350 גר,"אסיף תעשיות מזון בע""",,קוסקוס בינוני 350 גר סוגת,גרמים,350.00,100 גרם,false,1,5.90,1.6857,true,1,5348
7290003643387,false,סוכר לבן 1 קג צנצנת,סוגת תעשיות בעמ,,סוכר לבן 1 קג צנצנת סוגת,קילוגרמים,1.00,"ק""ג",false,1,8.90,8.9000,true,1,698
7290003643646,false,סוכר חום דמררה צנצנת,סוגת תעשיות בעמ,,סוכר חום דמררה צנצנת 1 קג סוגת,קילוגרמים,1.00,"ק""ג",false,1,12.90,12.9000,true,1,700
7290003643684,false,אפונה סוגת 500 גרם,סוגת תעשיות בעמ,,אפונה סוגת 500 גרם,גרמים,500.00,100 גרם,false,1,7.00,1.4000,true,1,2255
7290003643707,false,גריסים סוגת 500 גרם,סוגת תעשיות בעמ,,גריסים סוגת 500 גרם,גרמים,500.00,100 גרם,false,1,6.00,1.2000,true,1,2256
7290003643714,false,חומוס סוגת 500 גרם,סוגת תעשיות בעמ,,חומוס סוגת 500 גרם,גרמים,500.00,100 גרם,false,1,8.90,1.7800,true,1,2250
7290003643738,false,חיטה סוגת 500 גרם,סוגת תעשיות בעמ,,חיטה סוגת 500 גרם,גרמים,500.00,100 גרם,false,1,6.00,1.2000,true,1,2257
7290003643745,false,כוסמת סוגת 500 גרם,סוגת תעשיות בעמ,,כוסמת סוגת 500 גרם,גרמים,500.00,100 גרם,false,1,8.90,1.7800,true,1,2258
7290003643752,false,עדשים ירוקים סוגת 50,סוגת תעשיות בעמ,,עדשים ירוקים סוגת 500 גרם,גרמים,500.00,100 גרם,false,1,7.90,1.5800,true,1,2254
7290003643769,false,עדשים אדומים סוגת 50,סוגת תעשיות בעמ,,עדשים אדומים סוגת 500 גרם,גרמים,500.00,100 גרם,false,1,7.90,1.5800,true,1,2689
7290003643776,false,פופקורן סוגת 500 גרם,סוגת תעשיות בעמ,,פופקורן סוגת 500 גרם,גרמים,500.00,100 גרם,false,1,7.00,1.4000,true,1,2251
7290003643783,false,קוקוס סוגת 100 גרם,סוגת תעשיות בעמ,,קוקוס סוגת 100 גרם,גרמים,100.00,100 גרם,false,1,4.50,4.5000,true,1,2260
7290003643806,false,שעועית לבנה סוגת 500,סוגת תעשיות בעמ,,שעועית לבנה סוגת 500 גרם,גרמים,500.00,100 גרם,false,1,11.90,2.3800,true,1,2253
7290003643813,false,שעועית אדומה 500 ג ס,סוגת תעשיות בעמ,,שעועית אדומה 500 ג סוגת,גרמים,500.00,100 גרם,false,1,12.90,2.5800,true,1,2252
7290003643820,false,חומוס ענק 500 ג סוגת,סוגת תעשיות בעמ,,חומוס ענק 500 ג סוגת,גרמים,500.00,100 גרם,false,1,11.90,2.3800,true,1,4060
7290003703227,false,חצי בגט עם סובין,בונז'ור,,חצי בגט עם סובין,Unknown,0.00,Unknown,false,1,3.30,0.0000,true,1,6129
7290003703418,false,גביניות,בונז'ור,,גביניות ללא צימוקים,קילוגרמים,1.00,"ק""ג",true,,40.00,40.0000,true,1,7143
7290003706020,false,סלרי ראש ארוז,,,סלרי ראש ארוז,Unknown,0.00,Unknown,false,1,5.90,0.0000,true,1,5411
7290003706044,false,קוסברה ארוז,,,כוסברה,Unknown,0.00,Unknown,false,1,4.00,0.0000,true,1,5414
7290003706181,false,דלעת חתוכה ארוזה,,,דלעת חתוכה,קילוגרמים,1.00,"ק""ג",true,,10.90,10.9000,true,1,14474
7290003706396,false,מלפפון טעם של פעם יח,,,מלפפון טעם של פעם יח,Unknown,0.00,Unknown,false,1,10.00,0.0000,true,1,6880
7290003713929,false,סלסה פהיטה 200 גרם,"דוידוב סלמון בע""מ",IL,סלסה פהיטה 200 גרם,גרמים,200.00,100 גרם,false,24,16.90,8.4500,true,1,39152
7290003713943,false,מחית ציפוטלה 200 גרם,"דוידוב סלמון בע""מ",IL,מחית ציפוטלה 200 גרם,גרמים,200.00,100 גרם,false,24,23.90,11.9500,true,1,39143
7290003713950,false,סלסה מקסיקנית 200 גר,"דוידוב סלמון בע""מ",IL,סלסה מקסיקנית 200 גרם,גרמים,200.00,100 גרם,false,24,16.90,8.4500,true,1,39151
7290003719259,false,לחם אקסלוסיבי 1 קג ל,מאפית י.את א. ברמן ב,,לחם אקסלוסיבי 1 קג ליבו,גרמים,1000.00,100 גרם,false,1,13.90,1.3900,true,1,7236
7290003726141,false,טופו משק גאיה 300 גר,מחלבות גד,,טופו משק גאיה 300 גרם,גרמים,300.00,100 גרם,false,1,14.90,4.9667,true,1,3392
7290003726615,false,טופו ויילר במרקם קשה,,IL,טופו ויילר במרקם קשה 300גר,גרמים,300.00,100 גרם,false,10,13.90,4.6333,true,1,41830
7290003744428,false,אובלטים קימל 300 גר,,,אובלטים קימל 300 גר,גרמים,300.00,100 גרם,false,1,10.90,3.6333,true,1,7811
7290003744831,false,אובלטים בצל 300 גר,,,אובלטים בצל 300 גר,גרמים,300.00,100 גרם,false,1,10.90,3.6333,true,1,7813
7290003744848,false,אובלטים גריל 300 גר,,,אובלטים גריל 300 גר,גרמים,300.00,100 גרם,false,1,10.90,3.6333,true,1,7812
7290003744855,false,אובלטים שומשום 300 ג,,,אובלטים שומשום 300 גר,גרמים,300.00,100 גרם,false,1,10.90,3.6333,true,1,3215
7290003744862,false,אובלטים זעתר 300 גר,,,אובלטים זעתר 300 גר,גרמים,300.00,100 גרם,false,1,10.90,3.6333,true,1,3216
7290003781652,false,צלפים במלח 350 גרם,טינטאש,,צלפים במלח 350 גרם,גרמים,350.00,100 גרם,false,1,9.90,2.8286,true,1,40560
7290003804252,false,תיבולית נוסח הודי 80,יוניליוור,,תיבולית נוסח הודי 80 גרם,Unknown,0.00,Unknown,false,1,10.90,0.0000,true,1,1674
7290003804320,false,תיבולית שום  פטרוזיל,יוניליוור,,תיבולית שום  פטרוזיליה 72 גרם,Unknown,0.00,Unknown,false,1,10.90,0.0000,true,1,1677
7290003804368,false,תיבולית בזילקום 72 ג,יוניליוור,,תיבולית בזילקום 72 גרם,Unknown,0.00,Unknown,false,1,10.90,0.0000,true,1,2
7290003804382,false,תיבולית פטריות 72 גר,יוניליוור,,תיבולית פטריות 72 גרם,Unknown,0.00,Unknown,false,1,10.90,0.0000,true,1,1676
7290003805501,false,פתית שבדי חסכוני 300,יוניליוור,,פתית שבדי חסכוני 300 גרם,גרמים,300.00,100 גרם,false,1,16.90,5.6333,true,1,317
7290003805587,false,פתית חיטה מלאה 250 ג,יוניליוור,,פתית חיטה מלאה 250 גר שפע בדץ,גרמים,250.00,100 גרם,false,1,16.90,6.7600,true,1,315
7290003807178,false,רוטב קנור סויה סגנון,יוניליוור,,רוטב קנור סויה סגנון סיני 300 מל,מיליליטרים,300.00,"100 מ""ל",false,1,11.90,3.9667,true,1,6684
7290003807482,false,רוטב קנור טריאקי 300,יוניליוור,,רוטב קנור טריאקי 300 מל,מיליליטרים,300.00,"100 מ""ל",false,1,11.90,3.9667,true,1,6685
7290003864478,false,סרדין בשמן צמחי 110,גולדן פריז,,סרדין בשמן צמחי 110 גרם,גרמים,110.00,100 גרם,false,1,5.90,5.3636,true,1,598
7290003882502,false,שמן תירס 1 לי וילי פ,יונקה גידה,,שמן תירס 1 לי וילי פוד,ליטרים,1.00,ליטר,false,1,12.90,12.9000,true,1,243
7290003903771,false,קפה נמס קפוצינו רגיל,,,קפה נמס קפוצינו רגיל 200 גרם,גרמים,200.00,100 גרם,false,1,24.90,12.4500,true,1,234
7290003903788,false,קפה נמס קפוצינו וניל,,,קפה נמס קפוצינו וניל 200 גרם,גרמים,200.00,100 גרם,false,1,24.90,12.4500,true,1,233
7290003989539,false,פסטה רביולי גבינה 40,שטראוס,,פסטה רביולי גבינה 400 גרם,גרמים,400.00,100 גרם,false,1,19.90,4.9750,true,1,287
7290003989553,false,פסטה טורטלוני פטריות,שטראוס,,פסטה טורטלוני פטריות וגבינה 400 גרם,גרמים,400.00,100 גרם,false,1,19.90,4.9750,true,1,1337
7290004011277,false,שמנת לבישול והקרמה ר,ריץ',,שמנת לבישול והקרמה ריץ 220 מל,מיליליטרים,220.00,"100 מ""ל",false,1,8.90,4.0455,true,1,9135
7290004011284,false,שמנת להקצפה ריץ 212,ריץ',,שמנת להקצפה ריץ 212 מל,מיליליטרים,212.00,"100 מ""ל",false,1,7.90,3.7264,true,1,9132
7290004011338,false,קצפת מוכנה ריץ 250גר,ריץ',,קצפת מוכנה ריץ 250גר,גרמים,250.00,100 גרם,false,1,11.90,4.7600,true,1,9136
7290004011345,false,קצפת מוכנה ריץ פרווה,ריץ',,קצפת מוכנה ריץ פרווה במיכל 250גר,גרמים,250.00,100 גרם,false,1,11.90,4.7600,true,1,11385
7290004011352,false,מארז 3 יח קצפת להכנה,ריץ',,מארז 3 יח קצפת להכנה 212 מל,מיליליטרים,636.00,"100 מ""ל",false,1,19.90,3.1289,true,1,10537
7290004011796,false,קבבונים אל גאוצו 400,טיבון ויל,,קבבונים אל גאוצו 400 גר,גרמים,400.00,100 גרם,false,1,22.90,5.7250,true,1,9790
7290004011802,false,נקניקיות צוריסוס אל,טיבון ויל,,נקניקיות צוריסוס אל גאוצו 400 גר,גרמים,400.00,100 גרם,false,1,22.90,5.7250,true,1,9791
7290004011819,false,המבורגר ריב אנטריקוט,טיבון ויל,,המבורגר ריב אנטריקוט 360 גר,גרמים,360.00,100 גרם,false,1,22.90,6.3611,true,1,11905
7290004011826,false,מיני המבורגר ריב אנט,טיבון ויל,,מיני המבורגר ריב אנטריקוט 320 גר,גרמים,320.00,100 גרם,false,1,22.90,7.1562,true,1,11906
7290004014407,false,סוכריות אם אנד אמס ח,,,שוקולד חמאת בוטנים אם אנד אם 46 גר,Unknown,0.00,Unknown,false,,5.00,0.0000,true,1,46999
7290004023041,false,לחם שיפון מחמצת 750,,IL,לחם שיפון פרוס 750 גר דר מארק,גרמים,750.00,100 גרם,false,1,13.90,1.8533,true,1,45236
7290004026776,false,לחם מחמצת אגוזים וצי,פילסברי,,לחם רוסטיק אגוזים וצימוקים,Unknown,0.00,Unknown,false,1,17.90,0.0000,true,1,26237
7290004030018,false,מיץ לימון סחוט לסלטי,פרי ניב,IL,מיץ לימון סחוט לסלטים 500מל,מיליליטרים,500.00,"100 מ""ל",false,1,9.90,1.9800,true,1,37640
7290004030216,false,מיץ חמוציות 1 ליטר פ,פרי ניב,IL,מיץ חמוציות 1 ליטר פרי ניב,ליטרים,1.00,ליטר,false,1,15.50,15.5000,true,1,37651
7290004030223,false,מיץ תפוח סחוט 100% 1,פרי ניב,IL,מיץ תפוח סחוט 100% 1ליטר פרי ניב,ליטרים,1.00,ליטר,false,1,16.90,16.9000,true,1,37653
7290004030445,false,מיץ תפוזים 1 ליטר פר,פרי ניב,IL,מיץ תפוזים 1 ליטר פרי ניב,ליטרים,1.00,ליטר,false,1,14.90,14.9000,true,1,37649
7290004030544,false,מיץ לימונענע 1 ליטר,פרי ניב,IL,מיץ לימונענע 1 ליטר פרי ניב,ליטרים,1.00,ליטר,false,1,14.90,14.9000,true,1,47987
7290004030612,false,מיץ קיווי אגס תפוח ל,פרי ניב,IL,מיץ קיווי אגס תפוח ללא סוכר 1ל פרי ניב,ליטרים,1.00,ליטר,false,1,15.90,15.9000,true,1,37654
7290004030834,false,מיץ רימון סחוט 1ליטר,פרי ניב,IL,מיץ רימון סחוט 1ליטר פרי ניב,ליטרים,1.00,ליטר,false,1,21.90,21.9000,true,1,37652
7290004033712,false,לחם עננים קמח מלא 75,מאפית י.את א. ברמן ב,IL,לחם עננים קמח מלא 750גר ברמן,גרמים,750.00,100 גרם,false,1,15.90,2.1200,true,1,52517
7290004033729,false,לחם עננים קמח כוסמין,מאפית י.את א. ברמן ב,IL,לחם עננים קמח כוסמין 600גר ברמן,גרמים,600.00,100 גרם,false,1,15.90,2.6500,true,1,52518
7290004033736,false,לחם עננים בסגנון ברי,מאפית י.את א. ברמן ב,IL,לחם עננים בסגנון בריוש 500גר ברמן,גרמים,500.00,100 גרם,false,1,15.90,3.1800,true,1,58132
7290004033750,false,מארז לחמניות עננים ב,מאפית י.את א. ברמן ב,,מארז לחמניות עננים בסגנון בריוש 360גר,גרמים,360.00,100 גרם,false,1,13.90,3.8611,true,1,61729
7290004033804,false,לחם כפרי ללא גלוטן 3,מאפית י.את א. ברמן ב,IL,לחם כפרי ללא גלוטן 320גר ברמן,גרמים,320.00,100 גרם,false,1,16.90,5.2812,true,1,57946
7290004033811,false,לחם מיוחד ללא גלוטן,מאפית י.את א. ברמן ב,IL,לחם מיוחד ללא גלוטן 320גר ברמן,גרמים,320.00,100 גרם,false,1,16.90,5.2812,true,1,57947
7290004033835,false,לחמניות לבנות ללא גל,מאפית י.את א. ברמן ב,IL,לחמניות לבנות ללא גלוטן 200גר ברמן,גרמים,200.00,100 גרם,false,1,16.90,8.4500,true,1,57949
7290004063016,false,"מלח שולחן מעולה 1 ק""",,,מלח שולחן מעולה 1 קג***,קילוגרמים,1.00,"ק""ג",false,1,2.07,2.0700,true,1,950
7290004063115,false,"מלח בישול 1 ק""ג***",,,"מלח בישול 1 ק""ג***",קילוגרמים,1.00,"ק""ג",false,1,2.07,2.0700,true,1,949
7290004063153,false,מלח ים אטלנטי טבעי 1,"מלח הארץ אילת בע""מ",,מלח ים אטלנטי טבעי 1 קג,קילוגרמים,1.00,"ק""ג",false,1,20.00,20.0000,true,1,10078
7290004064082,false,מלח ים טבעי במטחנה 2,"מלח הארץ אילת בע""מ",,מלח ים טבעי במטחנה 250 גרם,גרמים,250.00,100 גרם,false,1,14.90,5.9600,true,1,24480
7290004064099,false,מטחנת מלח הימלאי 250,"מלח הארץ אילת בע""מ",,מטחנת מלח הימלאי 250 גרם,גרמים,250.00,100 גרם,false,1,16.90,6.7600,true,1,24222
7290004064105,false,מטחנת מלח ים עשבי תי,"מלח הארץ אילת בע""מ",,מטחנת מלח ים עשבי תיבול250  גרם,גרמים,250.00,100 גרם,false,1,16.90,6.7600,true,1,24223
7290004064174,false,מלח הימלאיה דק 1 קג,"מלח הארץ אילת בע""מ",,מלח הימלאיה דק 1 קג מלח הארץ,קילוגרמים,1.00,"ק""ג",false,1,18.90,18.9000,true,1,32393
7290004064181,false,מלח הימלאיה גס 1 קג,"מלח הארץ אילת בע""מ",,מלח הימלאיה גס 1 קג מלח הארץ,קילוגרמים,1.00,"ק""ג",false,1,18.90,18.9000,true,1,32392
7290004064198,false,מטחנת מלח ספייסי מלח,"מלח הארץ אילת בע""מ",IL,מטחת מלח ספייסי מלח הארץ 115 גר,גרמים,115.00,100 גרם,false,6,16.90,14.6957,true,1,38580
7290004064228,false,מטחנת מלח שום ופלפל,"מלח הארץ אילת בע""מ",IL,מטחת מלח שום ופלפל מלח הארץ 125 גר,גרמים,125.00,100 גרם,false,6,16.90,13.5200,true,1,38581
7290004064280,false,מלח הארץ מופחת נתרן,"מלח הארץ אילת בע""מ",,מלח הארץ מופחת נתרן 600 גרם,גרמים,600.00,100 גרם,false,1,16.90,2.8167,true,1,42215
7290004064297,false,מלח ים הארץ מועשר בי,"מלח הארץ אילת בע""מ",,מלח ים הארץ מועשר ביוד 1 קג,קילוגרמים,1.00,"ק""ג",false,1,9.90,9.9000,true,1,42214
7290004064303,false,מלח הארץ אטלנטי 800,"מלח הארץ אילת בע""מ",,מלח הארץ אטלנטי 800 גרם צנצנת,גרמים,800.00,100 גרם,false,1,16.90,2.1125,true,1,42255
7290004064372,false,מטחנת מלח אקסטרא תבל,"מלח הארץ אילת בע""מ",,מטחנת מלח אקסטרא תבלינים איטלקי 105 גרם,גרמים,250.00,100 גרם,false,1,16.90,6.7600,true,1,46516
7290004064389,false,מלח הימליה דק מלחייה,"מלח הארץ אילת בע""מ",,מלח הימליה דק מלחייה 250 גרם,גרמים,250.00,100 גרם,false,1,10.90,4.3600,true,1,51396
7290004068011,false,יוגורט כבשים 5%  600,,,יוגורט כבשים 5%  600 גר,גרמים,600.00,100 גרם,false,1,18.90,3.1500,true,1,12889
7290004068028,false,יוגורט צזיקי לשתיה 5,,,יוגורט צזיקי לשתיה 500 מל,מיליליטרים,500.00,"100 מ""ל",false,1,10.90,2.1800,true,1,13550
7290004068035,false,יוגורט איירן 3%  500,,,יוגורט איירן 3%  500 מל גד,מיליליטרים,500.00,"100 מ""ל",false,1,9.90,1.9800,true,1,13551
7290004068172,false,יוגורט עיזים 5% בדלי,,,יוגורט עיזים 5% בדלי 600 גר,גרמים,600.00,100 גרם,false,1,18.90,3.1500,true,1,13691
7290004078225,false,מי פה פלקס מנטה עדין,Colgate - Brazil,,מי פה פלקס מנטה עדין 500 מל ירוק,מיליליטרים,500.00,"100 מ""ל",false,1,25.90,5.1800,true,1,891
7290004078270,false,נוזל כלים פלמוליב צי,Colgate - Greece,,נוזל כלים פלמוליב צילנדר 1 ל לימון,ליטרים,1.00,ליטר,false,1,13.50,13.5000,true,1,497
7290004078690,false,נוזל לשרותים אגקס רע,Colgate - Belgium,,נוזל לשרותים אגקס רענן 750 מל,מיליליטרים,750.00,"100 מ""ל",false,1,16.90,2.2533,true,1,1695
7290004078942,false,ליידי ספיד סטיק גל מ,Colgate - USA,,ליידי ספיד סטיק גל מרענן,Unknown,0.00,Unknown,false,1,18.90,0.0000,true,1,1030
7290004091248,false,קרם ווזלין טהור פטרו,יוניליוור,,קרם ווזלין טהור פטרולאום גל 106 גרם,גרמים,106.00,100 גרם,false,1,17.90,16.8868,true,1,1376
7290004119225,false,יופלה 3% אננס 150 גר,,,יופלה 3% אננס 150 גר,גרמים,150.00,100 גרם,false,1,5.10,3.4000,true,1,2061
7290004120108,false,יוגורט יופלה דיאט דו,,,יוגורט יופלה דיאט דובדבן 150 גר,גרמים,150.00,100 גרם,false,1,5.10,3.4000,true,1,1292
7290004120566,false,גבינה בולגרית פיראוס,,,גבינה בולגרית פיראוס 24% 250 גרם,גרמים,250.00,100 גרם,false,1,22.90,9.1600,true,1,1487
7290004120573,false,גבינה בולגרית פיראוס,,,גבינה בולגרית פיראוס 16% 250 גרם,גרמים,250.00,100 גרם,false,1,22.90,9.1600,true,1,1486
7290004120634,false,גבינה בולגרית פיראוס,,,גבינה בולגרית פיראוס 5% 250 גרם,גרמים,250.00,100 גרם,false,1,22.90,9.1600,true,1,1488
7290004121488,false,ד.יופלה אפרסק 150 גם,,,ד.יופלה אפרסק 150 גם,גרמים,150.00,100 גרם,false,1,5.10,3.4000,true,1,2417
7290004121525,false,מאגדת 8 יופלה 3% אפר,,,מאגדת 8 יופלה 3% אפרסק ותות 1.2קג,קילוגרמים,1.20,"ק""ג",false,1,30.90,25.7500,true,1,5288
7290004121754,false,יופלה 3% עוגת גבינה&,,,יופלה 3% עוגת גבינה&תות 150 גר,גרמים,150.00,100 גרם,false,1,5.10,3.4000,true,1,2176
7290004121839,false,גבינת פטה כבשים 20%,,,גבינת פטה כבשים 20% פיראוס 250 גרם,גרמים,250.00,100 גרם,false,1,28.10,11.2400,true,1,2756
7290004121853,false,פיראוס קוביות בולגרי,,,פיראוס קוביות בולגרית 5%,גרמים,200.00,100 גרם,false,1,20.50,10.2500,true,1,2992
7290004122119,false,פתיתי פרמזן 100 גרם,,,פתיתי פרמזן 100 גרם,גרמים,100.00,100 גרם,false,1,12.30,12.3000,true,1,320
7290004122195,false,גוש חלב פרוס 200 גרם,,,גוש חלב פרוס 200 גרם,גרמים,200.00,100 גרם,false,1,14.30,7.1500,true,1,2228
7290004122270,false,עמק פרוס בקופסא 200,,,עמק פרוס בקופסא 200 גרם,גרמים,200.00,100 גרם,false,1,16.60,8.3000,true,1,647
7290004122348,false,עמק לייט פרוס 200 גר,,,עמק לייט פרוס 200 גרם,גרמים,200.00,100 גרם,false,1,17.50,8.7500,true,1,646
7290004122607,false,גבינה עמק לייט 9% במ,,,גבינה עמק לייט 9% במשקל,קילוגרמים,1.00,"ק""ג",true,,79.00,79.0000,true,1,645
7290004122676,false,גב.מלוחה חמד לייט 5%,,,גב.מלוחה חמד לייט 5% פיראוס 250 גרם,גרמים,250.00,100 גרם,false,1,18.30,7.3200,true,1,5981
7290004122683,false,אצבעות גבינת עמק 172,,,אצבעות גבינת עמק 172גר,גרמים,172.00,100 גרם,false,1,16.70,9.7093,true,1,6775
7290004124205,false,מעדן יופלה דיאט תות,,,מעדן יופלה דיאט תות 150 גר,גרמים,150.00,100 גרם,false,1,5.10,3.4000,true,1,1294
7290004124847,false,קצפת צמחית 500 מל הש,,,קצפת צמחית 500 מל השף הלבן,מיליליטרים,500.00,"100 מ""ל",false,1,16.90,3.3800,true,1,5496
7290004125370,false,שמנת חמוצה מופחתת שו,,,שמנת חמוצה מופחתת שומן 9% 200 מל,מיליליטרים,200.00,"100 מ""ל",false,1,4.00,2.0000,true,1,251
7290004125400,false,שלי אשל 200 מל***,,,שלי אשל 200 מל***,מיליליטרים,200.00,"100 מ""ל",false,1,1.69,0.8450,true,1,183
7290004125417,false,גיל 200 מל***,,,גיל 200 מל***,מיליליטרים,200.00,"100 מ""ל",false,1,1.51,0.7550,true,1,2088
7290004125455,false,שמנת חמוצה 15% 200 מ,,,שמנת חמוצה 15% 200 מל***,מיליליטרים,200.00,"100 מ""ל",false,1,2.40,1.2000,true,1,2087
7290004125462,false,שמנת חמוצה 15% 500 מ,,,שמנת חמוצה 15% 500 מל***,מיליליטרים,500.00,"100 מ""ל",false,1,6.00,1.2000,true,1,246
7290004125509,false,שמנת אוריגינל 15% שו,,,שמנת אוריגינל 15% שומן 100מל,מיליליטרים,100.00,"100 מ""ל",false,1,1.90,1.9000,true,1,244
7290004125578,false,משקה סויה 1 ליטר מוע,,,משקה סויה 1 ליטר מועשר,ליטרים,1.00,ליטר,false,1,11.90,11.9000,true,1,3257
7290004125585,false,משקה סויה 1 ליטר על,,,משקה סויה 1 ליטר על הבוקר,ליטרים,1.00,ליטר,false,1,11.90,11.9000,true,1,3258
7290004125721,false,שמנת לבישול 15% השף,,,שמנת לבישול 15% השף הלבן250 מל,מיליליטרים,250.00,"100 מ""ל",false,1,8.40,3.3600,true,1,247
7290004125738,false,שמנת להקצפה 32% 250,,,שמנת להקצפה 32% 250 מל,מיליליטרים,250.00,"100 מ""ל",false,1,7.70,3.0800,true,1,248
7290004125776,false,גבינת עמק פרוס 400 ג,,,גבינת עמק פרוס 400 גר 28% בקופסא,גרמים,400.00,100 גרם,false,1,30.90,7.7250,true,1,5494
7290004126674,false,טל העמק לייט 200 גרם,,,טל העמק לייט 200 גרם,גרמים,200.00,100 גרם,false,1,19.30,9.6500,true,1,3447
7290004126759,false,ד.יופלה פירות יער 15,,,ד.יופלה פירות יער 150 גר,גרמים,150.00,100 גרם,false,1,5.10,3.4000,true,1,1293
7290004126872,false,שוקו שוק  250 מל בבק,,,שוקו שוק  250 מל בבקבוק,מיליליטרים,250.00,"100 מ""ל",false,1,6.20,2.4800,true,1,5649
7290004127077,false,גבינת קוטג 3% 250 גר,,,גבינת קוטג 3% 250 גרם,גרמים,250.00,100 גרם,false,1,5.80,2.3200,true,1,3446
7290004127329,false,גבינת קוטג 5% 250 גר,,,גבינת קוטג 5% 250 גרם,גרמים,250.00,100 גרם,false,1,5.80,2.3200,true,1,382
7290004127336,false,גבינת קוטג 9% 250 גר,,,גבינת קוטג 9% 250 גרם,גרמים,250.00,100 גרם,false,1,5.80,2.3200,true,1,383
7290004127800,false,גבינה לבנה 5% למריחה,,,גבינה לבנה 5% למריחה 500 ג***,גרמים,500.00,100 גרם,false,1,9.96,1.9920,true,1,1495
7290004127817,false,גבינה לבנה 9% למריחה,,,גבינה לבנה 9% למריחה 500 גרם,גרמים,500.00,100 גרם,false,1,10.00,2.0000,true,1,1496
7290004127862,false,גבינה לבנה 5% למריחה,,,גבינה לבנה 5% למריחה 750 גרם***,גרמים,750.00,100 גרם,false,1,14.94,1.9920,true,1,1484
7290004127916,false,גבינה לבנה 1/2% למרי,,,גבינה לבנה 1/2% למריחה 500 גרם,גרמים,500.00,100 גרם,false,1,10.00,2.0000,true,1,1512
7290004128333,false,לבנה 9% 500 גרם,,,לבנה 9% 500 גרם,גרמים,500.00,100 גרם,false,1,20.80,4.1600,true,1,2212
7290004128340,false,גבינת שמנת 5% טעם טב,,,גבינת שמנת 5% טעם טבעי 200 ג,גרמים,200.00,100 גרם,false,1,12.10,6.0500,true,1,3355
7290004128364,false,גבינת שמנת 5% עם זית,,,גבינת שמנת 5% עם זיתים 200 ג,גרמים,200.00,100 גרם,false,1,12.10,6.0500,true,1,3356
7290004128401,false,גבינת פטה פיראוס במש,,,גבינת פטה פיראוס במשקל,קילוגרמים,1.00,"ק""ג",true,,119.00,119.0000,true,1,5208
7290004128432,false,פתיתי גבינה מיוחדים,,,פתיתי גבינה מיוחדים לפיצה,גרמים,500.00,100 גרם,false,1,23.20,4.6400,true,1,7456
7290004129101,false,גב.שמנת נפוליאון טבע,,,גב.שמנת נפוליאון טבעי 225 גרם,גרמים,225.00,100 גרם,false,1,14.10,6.2667,true,1,880
7290004129118,false,גב.שמנת נפוליאון זית,,,גב.שמנת נפוליאון זיתים 225 גרם,גרמים,225.00,100 גרם,false,1,14.10,6.2667,true,1,879
7290004129156,false,גב.שמנת נפוליאון שום,,,גב.שמנת נפוליאון שום שמיר 225 גרם,גרמים,225.00,100 גרם,false,1,14.10,6.2667,true,1,881
7290004129545,false,גבינה למריחה 3% 250,,,גבינה למריחה 3% 250 גרם,גרמים,250.00,100 גרם,false,1,5.10,2.0400,true,1,3670
7290004129736,false,יופלה מעודן 1.5% 200,,,יופלה מעודן 1.5% 200 גר,גרמים,200.00,100 גרם,false,1,4.50,2.2500,true,1,4503
7290004129767,false,מאגדת יופלה לבן 3% ש,,,"מאגדת יופלה לבן 3% שמינייה 1.2 ק""ג",קילוגרמים,1.20,"ק""ג",false,1,16.90,14.0833,true,1,4504
7290004130695,false,משקה אייס קפה שוק בב,,,משקה אייס קפה שוק בבקבוק 1 ל,ליטרים,1.00,ליטר,false,1,14.10,14.1000,true,1,7593
7290004130794,false,משקה סויה 1 ליטר מוע,,,משקה סויה 1 ליטר מועשר מופחת,ליטרים,1.00,ליטר,false,1,11.90,11.9000,true,1,3714
7290004130916,false,יופלה פירות יער בשמנ,,,יופלה פירות יער בשמנת 150 גר,גרמים,150.00,100 גרם,false,1,5.10,3.4000,true,1,5493
7290004131074,false,חלב 3% קרטון 1 ליטר*,,,חלב 3% קרטון 1 ליטר***,ליטרים,1.00,ליטר,false,1,6.23,6.2300,true,1,1236
7290004131432,false,יופלה לבן 3% 200 גר,,,יופלה לבן 3% 200 גר,גרמים,200.00,100 גרם,false,1,3.90,1.9500,true,1,4501
7290004131456,false,יופלה לבן 1.5 % 200,,,יופלה לבן 1.5 % 200 גר,גרמים,200.00,100 גרם,false,1,3.90,1.9500,true,1,4502
7290004131531,false,שוק שוקו 30%פחות סוכ,,,שוק שוקו 30%פחות סוכר בקבוק 1ל,ליטרים,1.00,ליטר,false,1,13.30,13.3000,true,1,5062
7290004131814,false,גבינת פיראוס צפתית מ,,,גבינת פיראוס צפתית מעודנת 5% 200 ג,גרמים,200.00,100 גרם,false,1,15.30,7.6500,true,1,4824
7290004132231,false,חלב פלוס מיוחד לקפה,,,חלב פלוס מיוחד לקפה  800 מל,מיליליטרים,800.00,"100 מ""ל",false,1,7.00,0.8750,true,1,4730
7290004132552,false,משקה דיאט סויה טבעי,,,משקה דיאט סויה טבעי 1 ל,ליטרים,1.00,ליטר,false,1,11.90,11.9000,true,1,4977
7290004132606,false,מאגדת קרלו מיני 8 יח,,,מאגדת קרלו מיני 8 יח וניל 100 גר,גרמים,800.00,100 גרם,false,1,14.30,1.7875,true,1,7096
7290004132712,false,אצבעות גבינה מוצרלה,,,אצבעות גבינה מוצרלה 172 גרם,גרמים,172.00,100 גרם,false,1,17.10,9.9419,true,1,4729
7290004133511,false,מאגדת יופלה לבן 1.5%,,,מאגדת יופלה לבן 1.5% מעודן שמיניה 1.2 קג,גרמים,1.00,100 גרם,false,1,20.40,2040.0000,true,1,4795
7290004133917,false,מאגדת 3 קצפת צמחית 2,,,מאגדת 3 קצפת צמחית 250 מל השף הלבן,מיליליטרים,750.00,"100 מ""ל",false,1,19.90,2.6533,true,1,5697
7290004135058,false,מאגדת קרלו מיני 8 יח,,,מאגדת קרלו מיני 8 יח שוקולד 100 גר,גרמים,800.00,100 גרם,false,1,14.30,1.7875,true,1,7097
7290004135225,false,מעדן תנובה דיאט שוקו,,,מעדן תנובה דיאט שוקולדה 0% 150 גר,גרמים,150.00,100 גרם,false,1,4.10,2.7333,true,1,6094
7290004135324,false,גב.בולגרית פיראוס מע,,,גב.בולגרית פיראוס מעודנת 5% במשקל,קילוגרמים,1.00,"ק""ג",true,,65.00,65.0000,true,1,5917
7290004135614,false,גב.בולגרית מעודנת 5%,,,גב.בולגרית מעודנת 5% פיראוס 250 גר,גרמים,250.00,100 גרם,false,1,23.50,9.4000,true,1,7124
7290004136154,false,משקה אייס קפה שוק 34,,,משקה אייס קפה שוק 340 מל בקבוק,מיליליטרים,340.00,"100 מ""ל",false,1,7.20,2.1176,true,1,7279
7290004136222,false,מאגדת 6 יח שוקו 30%,,,מאגדת 6 יח שוקו 30% פחות סוכר,ליטרים,1.50,ליטר,false,1,29.90,19.9333,true,1,7342
7290004136857,false,מעדן גלי פטל 125 גרם,,,מעדן גלי פטל 125 גרם,גרמים,125.00,100 גרם,false,1,2.50,2.0000,true,1,6840
7290004136864,false,מעדן גלי אננס עם תחת,,,מעדן גלי אננס עם תחתיות 125 גרם,גרמים,125.00,100 גרם,false,1,2.90,2.3200,true,1,6842
7290004136871,false,מעדן גלי אפרסק עם תח,,,מעדן גלי אפרסק עם תחתיות 125 גרם,גרמים,125.00,100 גרם,false,1,2.90,2.3200,true,1,6841
7290004137021,false,שמנת לבישול 10% מופח,,,שמנת לבישול 10% מופחתת שומן 250 מל,מיליליטרים,250.00,"100 מ""ל",false,1,8.70,3.4800,true,1,7421
7290004137311,false,גבינת עמק לייט 9% מש,,,גבינת עמק לייט 9% משפחתית 400 גר,גרמים,400.00,100 גרם,false,1,32.00,8.0000,true,1,7343
7290004150112,false,חומוס מזרחי פיקנטי 3,סלטי שמיר,IL,חומוס מזרחי פיקנטי 300גר פרימיום,גרמים,300.00,100 גרם,false,16,14.90,4.9667,true,1,60873
7290004150129,false,טחינה 300 גרם פיקנטי,סלטי שמיר,IL,טחינה 300 גרם פיקנטי פרימיום,גרמים,300.00,100 גרם,false,16,14.90,4.9667,true,1,60885
7290004150136,false,סלט חציל על האש 300ג,סלטי שמיר,IL,סלט חציל על האש 300גרם פיקנטי פרימיום,גרמים,300.00,100 גרם,false,16,14.90,4.9667,true,1,60886
7290004150143,false,סלט חציל במיונז 300ג,סלטי שמיר,IL,סלט חציל במיונז 300גרם פיקנטי פרימיום,גרמים,300.00,100 גרם,false,16,14.90,4.9667,true,1,60887
7290004150150,false,סלט חציל בטחינה 300ג,סלטי שמיר,IL,סלט חציל בטחינה 300גרם פיקנטי פרימיום,גרמים,300.00,100 גרם,false,16,14.90,4.9667,true,1,60888
7290004150167,false,סלט תפוא במיונז 300ג,סלטי שמיר,IL,סלט תפוא במיונז 300גרם פיקנטי פרימיום,גרמים,300.00,100 גרם,false,16,14.90,4.9667,true,1,60889
7290004150181,false,חמוצים סיני 300 גרם,סלטי שמיר,IL,חמוצים סיני 300 גרם פיקנטי פרימיום,גרמים,300.00,100 גרם,false,16,14.90,4.9667,true,1,60891
7290004150198,false,סלט סלק מגורד 300גרם,סלטי שמיר,IL,סלט סלק מגורד 300גרם פיקנטי פרימיום,גרמים,300.00,100 גרם,false,16,14.90,4.9667,true,1,60892
7290004150204,false,סלט מטבוחה 300 גרם פ,סלטי שמיר,IL,סלט מטבוחה 300 גרם פיקנטי פרימיום,גרמים,300.00,100 גרם,false,16,14.90,4.9667,true,1,60893
7290004150266,false,סלט קטניות צבעוני 30,סלטי שמיר,IL,סלט קטניות צבעוני 300גר פיקנטי פרימיום,גרמים,300.00,100 גרם,false,16,14.90,4.9667,true,1,60874
7290004150273,false,חומוס גזר פיקנטי 300,סלטי שמיר,IL,חומוס גזר פיקנטי 300גר פרימיום,גרמים,300.00,100 גרם,false,16,14.90,4.9667,true,1,60881
7290004150280,false,חומוס עם לימון כבוש,סלטי שמיר,IL,חומוס עם לימון כבוש 300גר פיקנטי פרימיום,גרמים,300.00,100 גרם,false,16,14.90,4.9667,true,1,60898
7290004150365,false,חומוס בטטה פיקנטי 30,סלטי שמיר,IL,חומוס בטטה פיקנטי 300גר פרימיום,גרמים,300.00,100 גרם,false,16,14.90,4.9667,true,1,60883
7290004150372,false,חומוס וואסבי פיקנטי,סלטי שמיר,IL,חומוס וואסבי פיקנטי 300גר פרימיום,גרמים,300.00,100 גרם,false,16,14.90,4.9667,true,1,60884
7290004165000,false,רסק תפוחי עץ רגיל 56,זנלכל,,רסק תפוחי עץ רגיל 560 גר א/2 יכין,גרמים,560.00,100 גרם,false,1,8.90,1.5893,true,1,132
7290004165017,false,רסק תפוח ללא סוכר 56,זנלכל,,רסק תפוח ללא סוכר 560 גר א/2 יכין,גרמים,560.00,100 גרם,false,1,8.90,1.5893,true,1,131
7290004199074,false,אגד מדבק 50יח סאני פ,,,אגד מדבק 50יח סאני פלסטר,יחידה,50.00,יחידה,false,36,6.50,0.1300,true,1,39170
7290004199173,false,כפפות לאטקס איזי טאצ,G.G.CO.LTD,TH,כפפות לאטקס איזי טאצ  מדיום 100יח,יחידה,100.00,יחידה,false,10,24.90,0.2490,true,1,27887
7290004199180,false,כפפות לאטקס איזי טאצ,G.G.CO.LTD,TH,כפפות לאטקס איזי טאצ  אקסטרה לארג 100יח,יחידה,100.00,יחידה,false,10,24.90,0.2490,true,1,27888
7290004199579,false,אגד מדבק מעורב 100יח,,,אגד מדבק מעורב 100יח סאני פלסטר,יחידה,100.00,יחידה,false,36,10.90,0.1090,true,1,39172
7290004199777,false,צימרוני אוזניים כוס/,,,צימרוני אוזניים כוס/קופסא 300 יח,Unknown,0.00,Unknown,false,1,7.90,0.0000,true,1,32101
7290004199784,false,כפפות לאטקס 100יח אי,,TH,כפפות לאטקס 100יח איזי טאצ מידה סמול,יחידה,100.00,יחידה,false,10,17.90,0.1790,true,1,46426
7290004199791,false,כפפות לאטקס 100יח אי,,TH,כפפות לאטקס 100יח איזי טאצ מידה מדיום,יחידה,100.00,יחידה,false,10,17.90,0.1790,true,1,46425
7290004199807,false,כפפות לאטקס 100יח אי,,TH,כפפות לאטקס 100יח איזי טאצ מידה לארג,יחידה,100.00,יחידה,false,10,17.90,0.1790,true,1,46424
7290004221409,false,רוטב חזרת בק לחיץ 45,ווברס,,רוטב חזרת בק לחיץ 453 מל,גרמים,453.00,100 גרם,false,1,24.50,5.4084,true,1,2219
7290004225025,false,בסגנון פטה במשקל,מאמן,,בסגנון פטה במשקל,קילוגרמים,1.00,"ק""ג",true,,35.00,35.0000,true,1,12388
7290004225285,false,סגנון דנאבלו 100 גרם,מאמן,,סגנון דנאבלו 100 גרם,גרמים,100.00,100 גרם,false,1,10.00,10.0000,true,1,13001
7290004225407,false,סרדין פוסידון שמן צמ,פוסידון,,סרדין פוסידון שמן צמחי ופלפל 125 גר,גרמים,125.00,100 גרם,false,1,4.90,3.9200,true,1,13278
7290004225872,false,קרם קוקוס 21% ויליגר,קונקוט,,קרם קוקוס 21% ויליגר 400 מל,מיליליטרים,400.00,"100 מ""ל",false,1,7.50,1.8750,true,1,14309
7290004225940,false,פילה סלמון וי קפוא,דלידג,,פילה סלמון וי קפוא,קילוגרמים,1.00,"ק""ג",true,,77.00,77.0000,true,1,44658
7290004228415,false,פיצה סיציליאנית עבה,סואליה,IT,פיצה סיציליאנית עבה 425גר שף שגב,גרמים,425.00,100 גרם,false,13,19.90,4.6824,true,1,41944
7290004228767,false,נתחי פילה אמנון בציפ,,,נתחי פילה אמנון בציפוי ציפס 350גר שף שגב,גרמים,350.00,100 גרם,false,10,24.90,7.1143,true,1,46818
7290004228804,false,עלי בצק למילוי סיגרי,אופרה,,עלי בצק למילוי סיגרים 450 גרם,גרמים,450.00,100 גרם,false,1,12.90,2.8667,true,1,44820
7290004229931,false,אורז בסמטי מובחר הימ,ניו בהארט רייס,,אורז בסמטי מובחר הימליאה 1 קג,קילוגרמים,1.00,"ק""ג",false,1,10.90,10.9000,true,1,40304
7290004230081,false,קציצות עוף ברוטב עגב,טיבון ויל,,קציצות עוף ברוטב עגבניות שגב 800 גר,גרמים,800.00,100 גרם,false,1,24.90,3.1125,true,1,13267
7290004230104,false,קציצות בקר שגב ברוטב,טיבון ויל,,קציצות בקר שגב ברוטב עגבניות 800 גרם,גרמים,800.00,100 גרם,false,1,24.90,3.1125,true,1,18955
7290004230326,false,בורקס מקלות פילו תפו,שלושת האופים שגמור,,בורקס מקלות פילו תפוח עץ וקינמ 600גר שגב,גרמים,600.00,100 גרם,false,1,16.90,2.8167,true,1,17376
7290004230340,false,בורקס מקלות פילו תרד,שלושת האופים שגמור,,בורקס מקלות פילו תרד ובצל 600גר שגב,גרמים,600.00,100 גרם,false,1,16.90,2.8167,true,1,13700
7290004230364,false,בורקס מקלות פילו גבי,שלושת האופים שגמור,,בורקס מקלות פילו גבינה צרפתי 600גר שגב,גרמים,600.00,100 גרם,false,1,16.90,2.8167,true,1,13701
7290004230371,false,מקלות בורקס פילו פיצ,שלושת האופים שגמור,,מקלות בורקס פילו פיצה 600 גר,גרמים,600.00,100 גרם,false,1,16.90,2.8167,true,1,14310
7290004230388,false,גבינת קפלוטרי במשקל,,,גבינת קפלוטרי במשקל,קילוגרמים,1.00,"ק""ג",true,,159.00,159.0000,true,1,17646
7290004232825,false,שיפודי פרגית קפוא במ,טיבון ויל,IL,שיפודי פרגית קפוא במשקל,קילוגרמים,1.00,"ק""ג",true,,69.90,69.9000,true,1,59452
7290004256371,false,צהובה פרוסה ריץ 400ג,,,צהובה פרוסה ריץ 400גר על בסיס חלב,גרמים,400.00,100 גרם,false,1,17.90,4.4750,true,1,42787
7290004323967,false,שניצל אמריקאי 700 ג,טיבון ויל,,שניצל אמריקאי 700 ג,גרמים,700.00,100 גרם,false,1,14.90,2.1286,true,1,51
7290004323998,false,שניצלוני עוף 800 גרם,טיבון ויל,,שניצלוני עוף 800 גרם,גרמים,800.00,100 גרם,false,1,17.90,2.2375,true,1,65
7290004339173,false,המבורגר קינואה 400 ג,,,המבורגר קינואה 400 גר טבע דלי,גרמים,400.00,100 גרם,false,6,25.90,6.4750,true,1,7619
7290004339425,false,סייטן שוארמה 350 גר,,,סייטן שוארמה 350 גר  טבע דלי,גרמים,350.00,100 גרם,false,1,25.90,7.4000,true,1,7621
7290004339777,false,סייטן טחון בולונז 35,,,סייטן טחון בולונז 350 גר טבע דלי,גרמים,350.00,100 גרם,false,1,25.90,7.4000,true,1,15750
7290004339784,false,המבורגר מיני על הגרי,,,המבורגר מיני על הגריל 400 גרם ליב,גרמים,400.00,100 גרם,false,6,25.90,6.4750,true,1,20380
7290004339807,false,המבורגר כוסמת מש אור,,,המבורגר כוסמת מש אורז מלא 400 גר,גרמים,400.00,100 גרם,false,1,25.90,6.4750,true,1,15749
7290004339838,false,קבב מהצומח 350 גר טב,,,קבב מהצומח 350 גר טבע דלי,גרמים,350.00,100 גרם,false,1,25.90,7.4000,true,1,15751
7290004339937,false,סייטן טבע דלי אמרנט,,,סייטן טבע דלי אמרנט רצועות ברוטב סויה350,גרמים,350.00,100 גרם,false,1,19.90,5.6857,true,1,19655
7290004339944,false,סיגרים במילוי סייטן,,,סיגרים במילוי סייטן אמרנט 400גר טבע דלי,גרמים,400.00,100 גרם,false,1,28.90,7.2250,true,1,38376
7290004339975,false,קובה מטוגן סייטן טבע,,,קובה מטוגן סייטן טבע דלי אמרנט 400 גרם,גרמים,400.00,100 גרם,false,1,28.90,7.2250,true,1,20003
7290004339999,false,שניצלונים סייטן טבע,,,שניצלונים סייטן טבע דלי אמרנט 400 גרם,גרמים,400.00,100 גרם,false,1,28.90,7.2250,true,1,20004
7290004352349,false,שקיות כותנה לבישול 6,,,שקיות כותנה לבישול 6יח,יחידה,6.00,יחידה,false,20,26.90,4.4833,true,1,57563
7290004423353,false,משקה פריגת תפוחים 1.,פריגת,,משקה פריגת תפוחים 1.5 ל,ליטרים,1.50,ליטר,false,1,9.60,6.4000,true,1,1762
7290004483128,false,גבינת כבשים פטריות כ,,,גבינת כבשים פטריות כמהין במשקל,קילוגרמים,1.00,"ק""ג",true,,250.00,250.0000,true,1,35549
7290004483173,false,גבינת פרובלונה גדול,,,גבינת פרובלונה גדול במשקל איטליה,קילוגרמים,1.00,"ק""ג",true,,139.00,139.0000,true,1,36590
7290004483272,false,גבינת גרוייר 1655 במ,,CH,גבינת גרוייר 1655 במשקל שוויץ,קילוגרמים,1.00,"ק""ג",true,,249.00,249.0000,true,1,38903
7290004483357,false,גבינת גאודה מייפל וו,,NL,גבינת גאודה מייפל וויסקי במשקל הולנד,קילוגרמים,1.00,"ק""ג",true,,169.00,169.0000,true,1,42935
7290004485191,false,עוף טבעי שלם טרי במג,,,עוף טבעי שלם טרי במגש,קילוגרמים,1.00,"ק""ג",true,,25.90,25.9000,true,1,13859
7290004485207,false,חזה עוף טבעי טרי במג,,,חזה עוף טבעי טרי במגש,קילוגרמים,1.00,"ק""ג",true,,39.90,39.9000,true,1,13860
7290004485214,false,פילה עוף טבעי טרי במ,,,פילה עוף טבעי טרי במגש,קילוגרמים,1.00,"ק""ג",true,,44.90,44.9000,true,1,13861
7290004485221,false,שניצל עוף טבעי טרי ב,,,שניצל עוף טבעי טרי במגש,קילוגרמים,1.00,"ק""ג",true,,46.90,46.9000,true,1,13862
7290004485238,false,סטייק פרגית עוף טבעי,,,סטייק פרגית עוף טבעי טרי במגש,קילוגרמים,1.00,"ק""ג",true,,69.90,69.9000,true,1,13863
7290004485245,false,כרעיים עוף טבעי טרי,,,כרעיים עוף טבעי טרי במגש,קילוגרמים,1.00,"ק""ג",true,,36.90,36.9000,true,1,13864
7290004485252,false,שוקיים עוף טבעי טרי,,,שוקיים עוף טבעי טרי במגש,קילוגרמים,1.00,"ק""ג",true,,41.90,41.9000,true,1,13910
7290004485290,false,כבד עוף טבעי טרי במג,,,כבד עוף טבעי טרי במגש,קילוגרמים,1.00,"ק""ג",true,,34.90,34.9000,true,1,13865
7290004485344,false,זוג עופיונים במגש,,,זוג פרגיות עוף טרי,קילוגרמים,1.00,"ק""ג",true,,52.90,52.9000,true,1,39784
7290004492274,false,בייגל גלגל 400 גרם,יוניליוור,,בייגל גלגל 400 גרם,גרמים,400.00,100 גרם,false,1,10.90,2.7250,true,1,1658
7290004492762,false,נשנושים תירס 325 גרם,יוניליוור,,נשנושים תירס 325 גרם,גרמים,325.00,100 גרם,false,1,12.90,3.9692,true,1,678
7290004494100,false,יין כנען אדום  דלתון,"יקב דלתון בע""מ",,יין כנען אדום  דלתון  750מל,מיליליטרים,750.00,"100 מ""ל",false,1,45.00,6.0000,true,1,48439
7290004494315,false,יין כנען  מוסקטו דלת,"יקב דלתון בע""מ",,יין כנען  מוסקטו דלתון 2015 750 מל פקדון,מיליליטרים,750.00,"100 מ""ל",false,1,35.00,4.6667,true,1,5581
7290004494353,false,יין עלמה אייבורי דלת,"יקב דלתון בע""מ",,יין עלמה אייבורי דלתון 750מל פקדון,מיליליטרים,750.00,"100 מ""ל",false,1,80.00,10.6667,true,1,11068
7290004494551,false,יין דלתון רזרב ויוני,"יקב דלתון בע""מ",,יין דלתון רזרב ויונייה 750 מל פקדון,מיליליטרים,750.00,"100 מ""ל",false,1,90.00,12.0000,true,1,6304
7290004494599,false,יין דלתון עלמה אדום,"יקב דלתון בע""מ",,יין דלתון עלמה קרימזון 750מל פקדון,מיליליטרים,750.00,"100 מ""ל",false,1,80.00,10.6667,true,1,6975
7290004494919,false,יין כנען ק. שיראז דל,"יקב דלתון בע""מ",,יין כנען ק. שיראז דלתון 2015 750 מל,מיליליטרים,750.00,"100 מ""ל",false,1,45.00,6.0000,true,1,14305
7290004505004,false,דלעת חתוכה ארוזה,,,דלעת חתוכה,קילוגרמים,1.00,"ק""ג",true,,10.90,10.9000,true,1,42346
7290004528690,false,יין אדיר כרם בן זמרה,,,יין אדיר כרם בן זמרה שיראז,מיליליטרים,750.00,"100 מ""ל",false,1,85.00,11.3333,true,1,22710
7290004528737,false,יין אדיר כרם בן זמרה,,IL,יין אדיר כרם בן זמרה שנין בלאן 750 מל,מיליליטרים,750.00,"100 מ""ל",false,6,85.00,11.3333,true,1,46941
7290004528775,false,יין פורט אדיר  אדום,,IL,יין פורט אדיר אדום,מיליליטרים,750.00,"100 מ""ל",false,1,100.00,13.3333,true,1,38061
7290004528782,false,יין פורט אדיר  סמוק,,IL,יין פורט אדיר  סמוק פלוט 750 מל,מיליליטרים,750.00,"100 מ""ל",false,1,100.00,13.3333,true,1,38062
7290004584306,false,מארז 4 יח סופר גמדים,,,מארז 4 יח סופר גמדים תות בננה 400 גרם,גרמים,400.00,100 גרם,false,1,11.90,2.9750,true,1,717
7290004584351,false,גב.סימפוניה 5% טבעית,,,גב.סימפוניה 5% טבעית 200 ג,גרמים,200.00,100 גרם,false,1,11.90,5.9500,true,1,734
7290004584528,false,יוגורט דנונה ביו 1.5,,,יוגורט דנונה ביו 1.5% 200 גרם,גרמים,200.00,100 גרם,false,1,3.80,1.9000,true,1,1112
7290004585907,false,מעדן דני וניל 125 גר,,,מעדן דני וניל 125 גר,גרמים,125.00,100 גרם,false,1,2.70,2.1600,true,1,1355
7290004603175,false,מלח הים האדום גס 500,"מלח הארץ אילת בע""מ",,מלח הים האדום גס 500 גר במיכל,גרמים,500.00,100 גרם,false,1,8.90,1.7800,true,1,16069
7290004652043,false,גבינת גאודה עלמה 400,עלמה,,גבינת גאודה עלמה 400 גרם,גרמים,400.00,100 גרם,false,,13.20,3.3000,true,1,50841
7290004652067,false,גבינת מוצרלה עלמה חצ,עלמה,,גבינת מוצרלה עלמה חצי קשה במשקל נטו,קילוגרמים,1.00,"ק""ג",true,,28.00,28.0000,true,1,53015
7290004652166,false,גבינת גאודה עלמה במש,עלמה,,גבינת גאודה עלמה במשקל***,קילוגרמים,1.00,"ק""ג",true,,28.00,28.0000,true,1,53148
7290004652173,false,חמאה 200 גרם עלמה,מלקפול,,חמאה 200 גרם עלמה,גרמים,200.00,100 גרם,false,1,10.90,5.4500,true,1,52672
7290004652364,false,גבינת קשקבל ספרדי במ,,ES,גבינת קשקבל ספרדי במשקל,קילוגרמים,1.00,"ק""ג",true,,79.00,79.0000,true,1,53303
7290004652388,false,גבינת גורמעז טבעי 18,,,גבינת גורמעז טבעי 180גר עלמה,גרמים,180.00,100 גרם,false,14,17.90,9.9444,true,1,53616
7290004658960,false,יין אמרלד ריזלינג פי,כרמל מזרחי,,""" יין אמרלד ריזלינג פי סי 750 מל",מיליליטרים,750.00,"100 מ""ל",false,1,45.00,6.0000,true,1,1576
7290004685010,false,לחם הארץ שיפון פלוס,מאפית י.את א. ברמן ב,,לחם הארץ שיפון פלוס 100% 750 גרם,גרמים,750.00,100 גרם,false,1,15.90,2.1200,true,1,12457
7290004685027,false,לחם הארץ חיטה מלאה פ,מאפית י.את א. ברמן ב,,לחם הארץ חיטה מלאה פלוס 750 גרם,גרמים,750.00,100 גרם,false,1,15.90,2.1200,true,1,12456
7290004685089,false,לחם הארץ חמניות 750,מאפית י.את א. ברמן ב,,לחם הארץ חמניות 750 גרם,גרמים,750.00,100 גרם,false,1,15.90,2.1200,true,1,12455
7290004685126,false,לחם הארץ 5 דגנים 750,מאפית י.את א. ברמן ב,,לחם הארץ 5 דגנים 750 גרם,גרמים,750.00,100 גרם,false,1,15.90,2.1200,true,1,1196
7290004685157,false,לחם הארץ  100% שיפון,מאפית י.את א. ברמן ב,,לחם הארץ  100% שיפון 750 גרם,גרמים,750.00,100 גרם,false,1,15.90,2.1200,true,1,1198
7290004685195,false,לחם הארץ 10 דגנים 75,מאפית י.את א. ברמן ב,,לחם הארץ 10 דגנים 750 גרם,גרמים,750.00,100 גרם,false,1,15.90,2.1200,true,1,3745
7290004685201,false,לחם הארץ שיפון אגוזי,מאפית י.את א. ברמן ב,,לחם הארץ שיפון אגוזים 500 גרם,גרמים,500.00,100 גרם,false,1,15.90,3.1800,true,1,1197
7290004685225,false,לחם הארץ פומפרניקל 7,מאפית י.את א. ברמן ב,,לחם הארץ פומפרניקל 750 גרם,גרמים,750.00,100 גרם,false,1,15.90,2.1200,true,1,5693
7290004685232,false,לחם הארץ שאור ללא שמ,מאפית י.את א. ברמן ב,,לחם הארץ שאור ללא שמרים 500 גרם,גרמים,500.00,100 גרם,false,1,15.90,3.1800,true,1,9295
7290004685430,false,לחם הארץ כוסמין 100%,מאפית י.את א. ברמן ב,,לחם הארץ כוסמין 100% 500 גרם,גרמים,500.00,100 גרם,false,1,15.90,3.1800,true,1,27363
7290004685447,false,מארז לחמניות כוסמין,מאפית י.את א. ברמן ב,IL,מארז לחמניות כוסמין 6יח 450 גר,גרמים,450.00,100 גרם,false,1,15.90,3.5333,true,1,43218
7290004685454,false,לחם שיבולת שועל 500ג,מאפית י.את א. ברמן ב,IL,לחם שיבולת שועל 500גר ברמן,גרמים,500.00,100 גרם,false,1,15.90,3.1800,true,1,45697
7290004725600,false,גבינה סקנדינבית במשק,תנובה חלב,,גבינה סקנדינבית במשקל,קילוגרמים,1.00,"ק""ג",true,,89.00,89.0000,true,1,25573
7290004731076,false,אלסבון כיף אלוורה 1,,,אלסבון כיף אלוורה 1 ליטר,ליטרים,1.00,ליטר,false,1,12.90,12.9000,true,1,4899
7290004731083,false,אלסבון כיף גינסנג 1,,,אלסבון כיף גינסנג 1 ליטר,ליטרים,1.00,ליטר,false,1,12.90,12.9000,true,1,4900
7290004731090,false,אלסבון כיף קמומיל 1,,,אלסבון כיף קמומיל 1 ליטר,ליטרים,1.00,ליטר,false,1,12.90,12.9000,true,1,4901
7290004731472,false,מארז 3יח אלסבון כיף,,,מארז 3יח אלסבון כיף צבעוני 500מל,ליטרים,1.50,ליטר,false,1,19.90,13.2667,true,1,4902
7290004731519,false,סנו מקסימה למייבש 75,,,סנו מקסימה למייבש 750 מל סנסטיב,מיליליטרים,750.00,"100 מ""ל",false,1,18.90,2.5200,true,1,4893
7290004731557,false,סנו מקסימה למייבש 75,,,סנו מקסימה למייבש 750 מל בלאק,מיליליטרים,750.00,"100 מ""ל",false,1,18.90,2.5200,true,1,4894
7290004731564,false,סנו מקסימה למייבש בל,,,סנו מקסימה למייבש בלו בלוסום 750מל,מיליליטרים,750.00,"100 מ""ל",false,1,18.90,2.5200,true,1,31669
7290004731984,false,משחת שיניים אורביטול,סנו,IL,משחת שיניים אורביטול גו מלבינה 145גר,גרמים,145.00,100 גרם,false,24,16.90,11.6552,true,1,47675
7290004737900,false,חלב מרוכז ממותק 397,מריג'מפולס,,חלב מרוכז ממותק 397 גרם,גרמים,397.00,100 גרם,false,1,7.90,1.9899,true,1,1240
7290004872786,false,טילון אקסטרים פקאן ע,נסטלה,,טילון אקסטרים פקאן ענק,יחידה,1.00,יחידה,false,1,12.00,12.0000,true,1,26748
7290004905004,false,משקה קוקה קולה בטעם,,US,משקה קוקה קולה בטעם דובדבן שרי 355מל,מיליליטרים,355.00,"100 מ""ל",false,24,6.50,1.8310,true,1,37626
7290004944032,false,חומוס אסלי 400 גרם,סלטי שמיר,,חומוס אסלי 400 גרם,גרמים,400.00,100 גרם,false,1,9.90,2.4750,true,1,24084
7290004944049,false,טחינה אסלי 400 גרם,סלטי שמיר,,טחינה אסלי 400 גרם,גרמים,400.00,100 גרם,false,1,9.90,2.4750,true,1,24245
7290004944056,false,חציל במיונז אסלי 400,סלטי שמיר,,חציל במיונז אסלי 400 גרם,גרמים,400.00,100 גרם,false,1,9.90,2.4750,true,1,24085
7290004944063,false,סלט תורכי אסלי 400 ג,סלטי שמיר,,סלט תורכי אסלי 400 גרם,גרמים,400.00,100 גרם,false,1,10.90,2.7250,true,1,24088
7290004952136,false,קמח כוסמין מלא אורגנ,,,קמח כוסמין מלא אורגני 1 קג הרדוף,קילוגרמים,1.00,"ק""ג",false,12,19.90,19.9000,true,1,32845
7290004952778,false,טופו אורגני 300 ג הר,,,טופו אורגני 300 ג הרדוף,גרמים,300.00,100 גרם,false,1,14.90,4.9667,true,1,4575
7290004982355,false,גבינת צדר טריפל במשק,שבינגטון,,גבינת צדר טריפל במשקל,קילוגרמים,1.00,"ק""ג",true,,135.00,135.0000,true,1,23038
7290004982379,false,גבינת פול אפי במשקל,בונגראן,,גבינת פול אפי במשקל,קילוגרמים,1.00,"ק""ג",true,,189.00,189.0000,true,1,447
7290004982393,false,גבינת ברס בלו במשקל,בונגראן,,גבינת ברס בלו במשקל,קילוגרמים,1.00,"ק""ג",true,,149.00,149.0000,true,1,1452
7290005008184,false,פלמוליב  סבון נוזלי,CP - Turkey+60,,פלמוליב  סבון נוזלי חלב שקדים 500 מל,מיליליטרים,500.00,"100 מ""ל",false,1,16.90,3.3800,true,1,498
7290005008191,false,פלמוליב סבון נוזלי,CP - Turkey+60,,פלמוליב סבון נוזלי  ארומה 500 מל,מיליליטרים,500.00,"100 מ""ל",false,1,16.90,3.3800,true,1,680
7290005008481,false,דאו.ספיד סטיק גל לגב,Colgate - USA,,דאו.ספיד סטיק גל לגבר ספורט 24/7,Unknown,0.00,Unknown,false,1,18.90,0.0000,true,1,566
7290005040993,false,ערמונים קלויים קלופי,,,ערמונים קלויים קלופים 100 גרם,גרמים,100.00,100 גרם,false,1,5.90,5.9000,true,1,22099
7290005079634,false,גבינת קשקבל נעם במשק,,,גבינת קשקבל נעם במשקל,קילוגרמים,1.00,"ק""ג",true,,99.00,99.0000,true,1,60124
7290005084355,false,מש.שיניים סנסודיין ד,,,מש.שיניים סנסודיין דואל קר 75 ג,גרמים,75.00,100 גרם,false,1,21.90,29.2000,true,1,5045
7290005113222,false,מיקס זיתים א/2 יבנה,,,מיקס זיתים א/2 יבנה,גרמים,540.00,100 גרם,false,1,10.90,2.0185,true,1,7293
7290005113956,false,מלפפון במלח תיבול בי,,IL,מלפפון במלח תיבול ביתי פיקנטי 1.7 קג,גרמים,1700.00,100 גרם,false,6,21.90,1.2882,true,1,59573
7290005158407,false,עוגיות טחינה אגוזים,,,עוגיות טחינה אגוזים כוסמין 300גר ל.סוכר,גרמים,300.00,100 גרם,false,1,27.90,9.3000,true,1,52575
7290005174551,false,חומוס יום יום 125 גר,,,חומוס יום יום 125 גרם,גרמים,125.00,100 גרם,false,1,5.50,4.4000,true,1,1212
7290005174575,false,טחינה יום יום 125 גר,,,טחינה יום יום 125 גרם,גרמים,125.00,100 גרם,false,1,5.50,4.4000,true,1,1089
7290005175428,false,קמח תירס אינסטנט 500,ריבארה,,קמח תירס אינסטנט 500 גרם,גרמים,500.00,100 גרם,false,1,6.20,1.2400,true,1,207
7290005197758,false,ביסקויט חיוכים שוקו,,,ביסקויט חיוכים שוקו 150 גר,גרמים,150.00,100 גרם,false,1,5.50,3.6667,true,1,1228
7290005199288,false,מסטיק מאסט פטל לימון,,,מסטיק מאסט פטל לימון 28 ג פליפטופ,גרמים,28.00,100 גרם,false,1,5.00,17.8571,true,1,4580
7290005199578,false,קפה נמס פלטינום נטול,,,קפה נמס פלטינום נטול 200 ג,גרמים,200.00,100 גרם,false,1,34.90,17.4500,true,1,492
7290005200786,false,תפוציפס שמנת ובצל 50,STRAUSS-ISRAEL,,תפוציפס שמנת ובצל 50 גר,Unknown,0.00,Unknown,false,1,4.30,0.0000,true,1,42
7290005201455,false,קפה נמס ארומה 200 ג,,,קפה נמס ארומה 200 ג,גרמים,200.00,100 גרם,false,1,23.90,11.9500,true,1,1610
7290005201882,false,קפה טורקי 200 ג עלית,,,קפה טורקי 200 ג עלית,גרמים,200.00,100 גרם,false,1,16.90,8.4500,true,1,631
7290005230035,false,צלחות גדולות חד פעמי,פאלאס,,צלחות גדולות חד פעמי 50 יח,יחידה,50.00,יחידה,false,1,18.90,0.3780,true,1,342
7290005230042,false,צלחות קטנות חד פעמי,פאלאס תעשיות נטו,,צלחות קטנות חד פעמי 50 יח,יחידה,50.00,יחידה,false,1,10.90,0.2180,true,1,343
7290005230066,false,צלחות לפתן חד פעמי 2,פאלאס תעשיות נטו,,צלחות לפתן חד פעמי 25 יח,יחידה,25.00,יחידה,false,1,4.90,0.1960,true,1,21292
7290005230769,false,צלחות חד פעמי בינוני,פאלאס,,צלחות חד פעמי בינונית 50 יח,יחידה,50.00,יחידה,false,1,15.90,0.3180,true,1,3791
7290005230806,false,כוס שתיה קרה 100 יח,,,כוס שתיה קרה 100 יח פאלאס,יחידה,100.00,יחידה,false,1,8.90,0.0890,true,1,4500
7290005271410,false,ביצה גדול 12יח לארג*,גליקסמן,,ביצה גדול 12יח לארג***,יחידה,12.00,יחידה,false,1,12.05,1.0042,true,1,26503
7290005271427,false,ביצה בינוני 12יח מדי,גליקסמן,,ביצה בינוני 12יח מדיום***,יחידה,12.00,יחידה,false,1,11.15,0.9292,true,1,26504
7290005271458,false,ביצים אורגניות לארג,גליקסמן,,ביצים אורגניות לארג 12יח,יחידה,12.00,יחידה,false,1,22.90,1.9083,true,1,26515
7290005271465,false,ביצים אורגניות מדיום,גליקסמן,,ביצים אורגניות מדיום 12יח,יחידה,12.00,יחידה,false,1,21.90,1.8250,true,1,26516
7290005271656,false,ביצים אומגה 3 אקס אל,גליקסמן,,ביצים אומגה 3 אקס אל 20יח,יחידה,20.00,יחידה,false,1,34.90,1.7450,true,1,26510
7290005271687,false,ביצים אומגה 3 לארג 1,גליקסמן,,ביצים אומגה 3 לארג 12יח,יחידה,12.00,יחידה,false,1,20.90,1.7417,true,1,26512
7290005271755,false,ביצי חופש לארג 12 יח,גליקסמן,,ביצי חופש לארג 12 יח,יחידה,12.00,יחידה,false,1,19.90,1.6583,true,1,26517
7290005271762,false,ביצי חופש מדיום 12 י,גליקסמן,,ביצי חופש מדיום 12 יח,יחידה,12.00,יחידה,false,1,18.90,1.5750,true,1,26518
7290005271779,false,ביצה גדול 30 יח לארג,גליקסמן,,ביצה גדול 30 יח לארג***,יחידה,30.00,יחידה,false,1,30.12,1.0040,true,1,26508
7290005271786,false,ביצה בינוני 30 יח מד,גליקסמן,,ביצה בינוני 30 יח מדיום***,יחידה,30.00,יחידה,false,1,27.87,0.9290,true,1,26507
7290005271793,false,ביצה ענק 30 יח אקס א,גליקסמן,,ביצה ענק 30 יח אקס אל***,יחידה,30.00,יחידה,false,1,32.75,1.0917,true,1,26509
7290005271847,false,ביצה ענק 10יח אקס אל,גליקסמן,,ביצה ענק 10יח אקס אל***,יחידה,10.00,יחידה,false,1,10.92,1.0920,true,1,36690
7290005287206,false,מארז4 טונה סטארקיסט,,,רביעיית טונה סטארקיסט שמן160גר,גרמים,640.00,100 גרם,false,1,25.90,4.0469,true,1,2248
7290005287251,false,מארז4 טונה סטארקיסט,,,רבייעת טונה סטארקיסט במים 160 גרם,גרמים,640.00,100 גרם,false,1,25.90,4.0469,true,1,4725
7290005287510,false,טונה סטארקיסט  בשמן,,,טונה סטארקיסט  בשמן עם פלפל חריף 160 גר,גרמים,160.00,100 גרם,false,1,7.90,4.9375,true,1,7119
7290005287527,false,טונה סטארקיסט  בשמן,,,טונה סטארקיסט  בשמן עם לימון 160 גר פ.ק,גרמים,160.00,100 גרם,false,1,7.90,4.9375,true,1,7122
7290005287534,false,טונה סטארקיסט בשמן ע,,,טונה סטארקיסט  בשמן עישון 160 גר פ.ק,גרמים,160.00,100 גרם,false,1,7.90,4.9375,true,1,7120
7290005296246,false,פותח סתימות צנרת יעק,סאמיט,,פותח סתימות צנרת יעקבי,Unknown,0.00,Unknown,false,1,29.90,0.0000,true,1,460
7290005296260,false,אסטוניש רסס נגב 750,אסטוניש,,אסטוניש רסס נגב 750 מל ירוק,מיליליטרים,750.00,"100 מ""ל",false,1,13.90,1.8533,true,1,1584
7290005296857,false,ספריי לרהיטים מבריקי,פוליבוי,,ספריי לרהיטים מבריקים הפי,מיליליטרים,300.00,"100 מ""ל",false,1,16.90,5.6333,true,1,4409
7290005296871,false,נוזל פוליבוי לניקוי,פוליבוי,,נוזל פוליבוי לניקוי רהיטי עץ,Unknown,0.00,Unknown,false,1,15.90,0.0000,true,1,4410
7290005296895,false,נוזל פוליבוי לניקוי,פוליבוי,,נוזל פוליבוי לניקוי כלי כסף,Unknown,0.00,Unknown,false,1,26.50,0.0000,true,1,451
7290005326387,false,עגבניות מיובשות בשמן,,,עגבניות מיובשות בשמן זית 270 ג אוליביה,גרמים,270.00,100 גרם,false,1,17.90,6.6296,true,1,607
7290005326523,false,ממרח פסטו פטרוזיליה,,,ממרח פסטו פטרוזיליה נענע 180 גר,גרמים,180.00,100 גרם,false,1,13.90,7.7222,true,1,19749
7290005326585,false,פסטו בזיליקום 180גרם,תנובה ב.ע.ד,IL,פסטו בזיליקום 180גרם אוליביה,גרמים,180.00,100 גרם,false,6,12.90,7.1667,true,1,37568
7290005384837,false,מיץ לימון 500 מל,דריבדוס סיטרוס,,מיץ לימון 500 מל ויליפוד,מיליליטרים,500.00,"100 מ""ל",false,1,7.90,1.5800,true,1,925
7290005384851,false,מיץ לימון 200 מל ויל,,,מיץ לימון 200 מל ויליפוד,מיליליטרים,200.00,"100 מ""ל",false,1,4.50,2.2500,true,1,926
7290005400155,false,פתיתים אפויים קמח כו,שיבולים בני דרום,IL,פתיתים אפויים קמח כוסמין 500 גרם,גרמים,400.00,100 גרם,false,1,13.90,3.4750,true,1,36502
7290005423253,false,סנו מקסימה למייבש 75,,,סנו מקסימה למייבש 750 מל אולטרא פרש,מיליליטרים,750.00,"100 מ""ל",false,1,18.90,2.5200,true,1,773
7290005423482,false,קרם כירים קרמיים 300,סנו,,קרם לניקוי כיריים 300 מל,מיליליטרים,300.00,"100 מ""ל",false,1,17.90,5.9667,true,1,264
7290005423499,false,סנו נירוסטה  לניקוי,,,סנו נירוסטה  לניקוי והברקה,מיליליטרים,476.00,"100 מ""ל",false,1,19.90,4.1807,true,1,810
7290005423505,false,אורביטול מי פה הלבנה,,,אורביטול מי פה הלבנה  500 מל,מיליליטרים,500.00,"100 מ""ל",false,1,19.90,3.9800,true,1,1548
7290005423543,false,משחת שיניים אורביטול,,,משחת שיניים אורביטול הלבנת 145 גר,גרמים,145.00,100 גרם,false,1,9.90,6.8276,true,1,1549
7290005423567,false,מטלית סנו סושי גליל,,,מטלית סנו סושי גליל 40 יח צהוב,יחידה,40.00,יחידה,false,1,20.90,0.5225,true,1,2058
7290005423635,false,נוזל ריצפז דוחה חרקי,,,נוזל ריצפז דוחה חרקים 2 ליטר,ליטרים,2.00,ליטר,false,1,19.90,9.9500,true,1,123
7290005423734,false,מרכך כביסה סנומקסימה,,,מרכך כביסה סנומקסימה 4 ליטר א.פרש,ליטרים,4.00,ליטר,false,1,22.90,5.7250,true,1,784
7290005423833,false,נוזל רצפה פוליויקס פ,,,נוזל רצפה פוליויקס פרקט 2 ליטר,ליטרים,2.00,ליטר,false,1,19.90,9.9500,true,1,452
7290005423871,false,מש.שיניים אורביטול ש,,,מש.שיניים אורביטול שלישיה מנטול,גרמים,435.00,100 גרם,false,1,18.90,4.3448,true,1,47661
7290005423918,false,מרכך כביסה סנומקסימה,,,מרכך כביסה סנומקסימה 4 ל בייבי,ליטרים,4.00,ליטר,false,1,22.90,5.7250,true,1,785
7290005424113,false,מטלית לרצפה סנו סושי,,,מטלית לרצפה סנו סושי 4 יח,יחידה,4.00,יחידה,false,1,12.90,3.2250,true,1,3060
7290005424700,false,סנו פורטה פלוס להסרת,סנו,IL,סנו פורטה פלוס להסרת לכלוך ושומן שרוף 1ל,ליטרים,1.00,ליטר,false,12,18.90,18.9000,true,1,37900
7290005424755,false,מטליות לחות דוחה תיק,,,מטליות לחות דוחה תיקנים ריצפז פלוס 10יח,יחידה,10.00,יחידה,false,12,15.90,1.5900,true,1,37827
7290005424762,false,ריצפז פלוס ווקס דוחה,,,ריצפז פלוס ווקס דוחה חרקים 2 ליטר,ליטרים,2.00,ליטר,false,1,28.90,14.4500,true,1,4459
7290005424847,false,מפיות סנו סושי  150,,,מפיות סנו סושי  150 יח לבן,יחידה,150.00,יחידה,false,1,7.90,0.0527,true,1,3045
7290005425073,false,מ.אוויר סנו דואופרש,,,מ.אוויר סנו דואופרש יסמין ועץ סאנדלווד,Unknown,0.00,Unknown,false,1,12.90,0.0000,true,1,3007
7290005425110,false,מרסס לחיטוי משטחים ס,סנו,IL,מרסס לחיטוי  משטחים סדרת 99% 750מל,מיליליטרים,750.00,"100 מ""ל",false,12,11.90,1.5867,true,1,40976
7290005425127,false,מרסס לחיטוי וניקוי י,סנו,IL,מרסס לחיטוי  וניקוי יסודי סדרת 99% 750מל,מיליליטרים,750.00,"100 מ""ל",false,12,11.90,1.5867,true,1,40977
7290005425196,false,אב.כביסה מקסימה סנסט,סנו,,אב.כביסה מקסימה סנסטיב 2.5 קג,קילוגרמים,2.50,"ק""ג",false,1,26.90,10.7600,true,1,3035
7290005425202,false,אב.כביסה מקסימה ביו,סנו,,אב.כביסה מקסימה ביו 2.5 קג,קילוגרמים,2.50,"ק""ג",false,1,26.90,10.7600,true,1,3036
7290005425585,false,סנו רהיט מטליות,,,סנו רהיט מטליות,יחידה,20.00,יחידה,false,1,14.90,0.7450,true,1,3024
7290005425646,false,סנוקליר אקדח 1 ליטר,,,סנוקליר אקדח 1 ליטר,ליטרים,1.00,ליטר,false,1,11.90,11.9000,true,1,3365
7290005425660,false,סנומט מכשיר 60 לילות,,,סנומט מכשיר 60 לילות,Unknown,0.00,Unknown,false,1,32.90,0.0000,true,1,3000
7290005425714,false,סנו שמפו שטיחים פלוס,,,סנו שמפו שטיחים פלוס,מיליליטרים,600.00,"100 מ""ל",false,1,25.90,4.3167,true,1,3025
7290005426193,false,ספוג הפלא סנו סושי ש,,,ספוג הפלא סנו סושי שישייה,יחידה,6.00,יחידה,false,1,12.90,2.1500,true,1,3658
7290005426230,false,מטלית הפלא לריצפה סנ,,,מטלית הפלא לריצפה סנו סושי,יחידה,1.00,יחידה,false,1,12.90,12.9000,true,1,3059
7290005426629,false,מ.אוויר סנו דואופרש,,,מ.אוויר סנו דואופרש  לוטוס ופרחי מים,Unknown,0.00,Unknown,false,1,12.90,0.0000,true,1,3683
7290005426735,false,אב.כביסה מקסימה 1.25,,,אב.כביסה מקסימה 1.25 קג שחור,קילוגרמים,1.25,"ק""ג",false,1,13.90,11.1200,true,1,3870
7290005426971,false,סבון אסלה סנובון כחו,,,סבון אסלה סנובון כחול שלישיה תפוח,יחידה,3.00,יחידה,false,1,14.90,4.9667,true,1,3656
7290005427848,false,מטלית סנו סושי  ורוד,,,מטלית סנו סושי  ורוד גליל 40 יח,יחידה,30.00,יחידה,false,1,20.90,0.6967,true,1,4897
7290005428852,false,מגבוני אף סנו סופט צ,,,מגבוני אף סנו סופט צבעוני חמישיה,יחידה,5.00,יחידה,false,1,14.90,2.9800,true,1,5805
7290005430480,false,מטלית הפלא סנו סושי,,,מטלית הפלא סנו סושי מיקרופייבר לשיש,יחידה,1.00,יחידה,false,1,7.90,7.9000,true,1,3058
7290005430602,false,מסיר כתמים סנו אוקסי,,,מסיר כתמים סנו אוקסיגן 750 מל,מיליליטרים,750.00,"100 מ""ל",false,1,17.90,2.3867,true,1,791
7290005430671,false,סנו פוליויקס קרמיקה,,,סנו פוליויקס קרמיקה 2 ליטר,ליטרים,2.00,ליטר,false,1,19.90,9.9500,true,1,453
7290005431883,false,מלבי עדן קינוחים 165,תנובה חלב,IL,מלבי עדן קינוחים 165גר חלבי,גרמים,165.00,100 גרם,false,12,6.90,4.1818,true,1,44427
7290005431906,false,קדאיף עדן קינוחים 82,תנובה חלב,IL,קדאיף עדן קינוחים 82גר חלבי,גרמים,82.00,100 גרם,false,12,6.90,8.4146,true,1,44430
7290005431913,false,עוגת גבינה  פירורים,תנובה חלב,IL,עוגת גבינה  פירורים 92גרם עדן קינוחי,גרמים,92.00,100 גרם,false,12,6.90,7.5000,true,1,44429
7290005431920,false,עוגת גבינה פירורים ל,תנובה חלב,IL,עוגת גבינה פירורים לייט 78גרם עדן קינוחי,גרמים,78.00,100 גרם,false,12,6.90,8.8462,true,1,44428
7290005431937,false,טירמיסו עדן קינוחים,תנובה חלב,IL,טירמיסו עדן קינוחים 82גר חלבי,גרמים,82.00,100 גרם,false,12,6.90,8.4146,true,1,44426
7290005431951,false,מוס שוקולד עדן קינוח,תנובה חלב,IL,מוס שוקולד עדן קינוחים 75גר,גרמים,75.00,100 גרם,false,12,6.90,9.2000,true,1,44433
7290005431968,false,מלבי שמנת עדן קינוחי,תנובה חלב,IL,מלבי שמנת עדן קינוחים 150גר חלבי,גרמים,150.00,100 גרם,false,12,6.90,4.6000,true,1,46757
7290005431999,false,קינוח מלבי חלבי לייט,,,קינוח מלבי חלבי לייט 150גר עדן קינוחים,גרמים,150.00,100 גרם,false,12,6.90,4.6000,true,1,56162
7290005477669,false,סבון נוזלי דרמפון מו,,,סבון נוזלי דרמפון מועשר בלחות 1 ל,ליטרים,1.00,ליטר,false,1,17.90,17.9000,true,1,1360
7290005491252,false,ריבת תות שרדונה 220,,,ריבת תות שרדונה 220 גר,גרמים,220.00,100 גרם,false,1,19.90,9.0455,true,1,59600
7290005491290,false,ריבת דובדבן שיראז 22,,,ריבת דובדבן שיראז 240 גר,גרמים,220.00,100 גרם,false,1,19.90,9.0455,true,1,59596
7290005491351,false,ריבת בצל קברנה 220 ג,,,קונפיטורה בצל קברנה 220 גר,גרמים,220.00,100 גרם,false,1,19.90,9.0455,true,1,59593
7290005509445,false,עוג.מיני קוקיס בטעם,כרמית,,עוג.מיני קוקיס בטעם חמאה600 גר,גרמים,600.00,100 גרם,false,1,15.90,2.6500,true,1,921
7290005559587,false,מאפה נקניקיות 800 גר,,,מאפה נקניקיות 800 גרם,גרמים,800.00,100 גרם,false,1,30.00,3.7500,true,1,1044
7290005559709,false,בורקס פיצה 700 גרם,,,בורקס פיצה 700 גרם,גרמים,700.00,100 גרם,false,1,27.50,3.9286,true,1,1646
7290005559907,false,פיצה משפחתית גבינה 5,,,פיצה משפחתית גבינה 500 גר,גרמים,500.00,100 גרם,false,1,15.90,3.1800,true,1,2123
7290005559914,false,פיצה משפחתית עם זיתי,,,פיצה משפחתית עם זיתים 550 גר,גרמים,550.00,100 גרם,false,1,15.90,2.8909,true,1,2124
7290005559990,false,בצק פילאס  טורקי 600,,,בצק פילאס  טורקי 600 גרם,גרמים,600.00,100 גרם,false,1,15.90,2.6500,true,1,2263
7290005589492,false,חטיף חיטה תפוחה ודבש,מפעלי דגן,,חטיף חיטה תפוחה ודבש 200 ג דגן,גרמים,200.00,100 גרם,false,1,7.00,3.5000,true,1,20623
7290005591761,false,דבש טהור לחיץ 400 גר,,,דבש טהור לחיץ 400 גר יד מרדכי,גרמים,400.00,100 גרם,false,1,24.90,6.2250,true,1,1341
7290005610509,false,צנונית ארוזה,,,צנונית ארוזה,Unknown,0.00,Unknown,false,1,5.00,0.0000,true,1,12823
7290005678387,false,ענבים אוטום רויאל,,,ענבים אוטום רויאל,קילוגרמים,1.00,"ק""ג",true,,22.90,22.9000,true,1,48295
7290005680052,false,טמפון אובה קלאסי סופ,Johnson Toilet-IT,,טמפון אובה קלאסי סופר פלוס 32 יח,יחידה,32.00,יחידה,false,1,29.90,0.9344,true,1,1679
7290005686436,false,תפוח עץ 200 גרם בקופ,,,תפוח עץ 200 גרם,גרמים,200.00,100 גרם,false,1,12.90,6.4500,true,1,2643
7290005697272,false,גבינת תום עיזים מונפ,,,גבינת תום עיזים מונפורט שקיל,קילוגרמים,1.00,"ק""ג",true,,199.00,199.0000,true,1,15062
7290005697289,false,גבינת תום עיזים מורב,,,גבינת תום עיזים מורבייה שקיל,קילוגרמים,1.00,"ק""ג",true,,199.00,199.0000,true,1,15063
7290005697326,false,גבינת פקורינו במשקל,,,גבינת פקורינו במשקל,קילוגרמים,1.00,"ק""ג",true,,199.00,199.0000,true,1,15066
7290005697333,false,גבינת קממבר עיזים במ,,,גבינת קממבר עיזים במשקל,קילוגרמים,1.00,"ק""ג",true,,179.90,179.9000,true,1,15067
7290005697340,false,גבינת ברי עיזים טבעי,,,גבינת ברי עיזים טבעי שקיל,קילוגרמים,1.00,"ק""ג",true,,179.90,179.9000,true,1,15068
7290005697364,false,גבינת פרובנס עיזים ע,,,גבינת פרובנס עיזים עשבי תיבול  שקיל,קילוגרמים,1.00,"ק""ג",true,,199.90,199.9000,true,1,15070
7290005697371,false,גבינת קממבר בקר פטרי,,,גבינת קממבר בקר פטריות כמהין שקיל,קילוגרמים,1.00,"ק""ג",true,,199.00,199.0000,true,1,15071
7290005697388,false,גבינת קממבר גלילי במ,,,גבינת קממבר גלילי במשקל מדף,קילוגרמים,1.00,"ק""ג",true,,149.00,149.0000,true,1,18861
7290005697395,false,גבינת ברי גלילי במשק,,,גבינת ברי גלילי במשקל מדף,קילוגרמים,1.00,"ק""ג",true,,149.00,149.0000,true,1,18862
7290005697524,false,יוגורט עיזים תמרים ב,,,יוגורט עיזים תמרים ביו 500 מל,מיליליטרים,500.00,"100 מ""ל",false,1,15.90,3.1800,true,1,21000
7290005697531,false,יוגורט עיזים תות ביו,,,יוגורט עיזים תות ביו 500 מל,מיליליטרים,500.00,"100 מ""ל",false,1,15.90,3.1800,true,1,21001
7290005697548,false,יוגורט עיזים פירות י,,,יוגורט עיזים פירות יער ביו 500 מל,מיליליטרים,500.00,"100 מ""ל",false,1,15.90,3.1800,true,1,21002
7290005697562,false,יוגורט עיזים אפרסק ב,,,יוגורט עיזים אפרסק ביו 500 מל,מיליליטרים,500.00,"100 מ""ל",false,1,15.90,3.1800,true,1,21003
7290005697579,false,יוגורט עיזים דובדבני,,,יוגורט עיזים דובדבנים ביו 500 מל,מיליליטרים,500.00,"100 מ""ל",false,1,15.90,3.1800,true,1,53498
7290005697623,false,יוגורט עיזים פסיפלור,בי או די רגבים,,יוגורט עיזים פסיפלורה ביו 500 מל,מיליליטרים,500.00,"100 מ""ל",false,1,15.90,3.1800,true,1,24929
7290005697630,false,יוגורט עיזים תאנים ב,בי או די רגבים,,יוגורט עיזים תאנים ביו 500 מל,מיליליטרים,500.00,"100 מ""ל",false,1,15.90,3.1800,true,1,24930
7290005719189,false,לחם מחמצת שיפון אגוז,,,לחם מחמצת שיפון אגוזים,Unknown,0.00,Unknown,false,1,17.90,0.0000,true,1,41687
7290005719462,false,עוגיות מנגלך טעם קינ,פילסברי,IL,עוגיות מנגלך טעם קינמון 400 גרם,גרמים,400.00,100 גרם,false,20,22.90,5.7250,true,1,58366
7290005789380,false,מגבונים להסרת איפור,ווטנאפס,,מגבונים להסרת איפור פרשיס קוסמטיקס54יח,יחידה,54.00,יחידה,false,1,9.90,0.1833,true,1,29903
7290005826023,false,גבינת גאודה עיזים בל,jacks cheese,NL,גבינת גאודה עיזים בלייכן במשקל,קילוגרמים,1.00,"ק""ג",true,,159.00,159.0000,true,1,40066
7290005826047,false,גבינת גאודה עיזים עו,jacks cheese,NL,גבינת גאודה עיזים עובש כחול במשקל,קילוגרמים,1.00,"ק""ג",true,,159.00,159.0000,true,1,40068
7290005826054,false,גבינת גאודה כבשים מו,jacks cheese,NL,גבינת גאודה כבשים מוטון במשקל,קילוגרמים,1.00,"ק""ג",true,,179.00,179.0000,true,1,40069
7290005826061,false,גבינת גואדה בלק לייב,jacks cheese,NL,גבינת גואדה בלק לייבל 24חודש במשקל,קילוגרמים,1.00,"ק""ג",true,,129.00,129.0000,true,1,40070
7290005826078,false,גבינת גואדה בלו לייב,jacks cheese,NL,גבינת גואדה בלו לייבל 12חודש במשקל,קילוגרמים,1.00,"ק""ג",true,,119.00,119.0000,true,1,40071
7290005826108,false,גבינת פסטו ירוק במשק,jacks cheese,NL,גבינת פסטו ירוק במשקל,קילוגרמים,1.00,"ק""ג",true,,125.00,125.0000,true,1,40074
7290005826115,false,גבינת גאודה כמון במש,jacks cheese,NL,גבינת גאודה כמון במשקל,קילוגרמים,1.00,"ק""ג",true,,99.00,99.0000,true,1,40075
7290005826122,false,גבינת גאודה קימל במש,jacks cheese,NL,גבינת גאודה קימל במשקל,קילוגרמים,1.00,"ק""ג",true,,99.00,99.0000,true,1,40076
7290005826139,false,גבינת גאודה צילי במש,jacks cheese,NL,גבינת גאודה צילי במשקל,קילוגרמים,1.00,"ק""ג",true,,99.00,99.0000,true,1,45091
7290005826146,false,גבינת אולד אמסטרדם ב,jacks cheese,NL,גבית אולד אמסטרדם במשקל חצי,קילוגרמים,1.00,"ק""ג",true,,119.00,119.0000,true,1,40077
7290005826153,false,גבינת  מסדאם  במשקל,jacks cheese,NL,גבינת  מסדאם  במשקל חצי גלגל,קילוגרמים,1.00,"ק""ג",true,,69.00,69.0000,true,1,40078
7290005826160,false,גבינת גאודה בקר במשק,jacks cheese,NL,גבינת גאודה בקר במשקל,קילוגרמים,1.00,"ק""ג",true,,69.00,69.0000,true,1,40079
7290005826245,false,גבינת גאודה עיזים כמ,jacks cheese,NL,גבינת גאודה עיזים כמהין במשקל,קילוגרמים,1.00,"ק""ג",true,,199.00,199.0000,true,1,42072
7290005826351,false,גבינת טריקולור במשקל,jacks cheese,NL,גבינת טריקולור במשקל,קילוגרמים,1.00,"ק""ג",true,,199.00,199.0000,true,1,43215
7290005826382,false,גבינת פטיט עיזים במש,,,גבינת פטיט עיזים במשקל,קילוגרמים,1.00,"ק""ג",true,,159.00,159.0000,true,1,45093
7290005826399,false,גבינת גאודה פסטו אדו,jacks cheese,NL,גבינת גאודה פסטו אדום במשקל,קילוגרמים,1.00,"ק""ג",true,,125.00,125.0000,true,1,45092
7290005826429,false,גבינת אולד אמסטרדם ב,,ES,גבינת אולד אמסטרדם במשקל גלגל שלם,קילוגרמים,1.00,"ק""ג",true,,119.00,119.0000,true,1,50445
7290005826450,false,גבינת ברי פריזדנט במ,,FR,גבינת ברי פריזדנט במשקל צרפת,קילוגרמים,1.00,"ק""ג",true,,129.00,129.0000,true,1,47556
7290005826467,false,גבינת אמנטל פריזדנט,,FR,גבינת אמנטל פריזדנט במשקל צרפת,קילוגרמים,1.00,"ק""ג",true,,89.00,89.0000,true,1,47557
7290005826498,false,גבינת גאודה בקר במשק,jacks cheese,NL,גבינת גאודה בקר במשקל,קילוגרמים,1.00,"ק""ג",true,,69.00,69.0000,true,1,45665
7290005826504,false,גבינת בושה עיזים במש,jacks cheese,NL,גבינת בושה עיזים במשקל,קילוגרמים,1.00,"ק""ג",true,,139.00,139.0000,true,1,45120
7290005826559,false,גבינת צדר וינטאג ויי,jacks cheese,NL,גבינת צדר וינטאג וייק פארם במשקל,קילוגרמים,1.00,"ק""ג",true,,119.00,119.0000,true,1,49063
7290005826566,false,גבינת צדר כתום אנגלי,,GB,גבינת צדר כתום אנגלי במשקל,קילוגרמים,1.00,"ק""ג",true,,89.00,89.0000,true,1,48527
7290005826603,false,גבינת מנצגו כמהין במ,,ES,גבינת מנצגו כמהין במשקל,קילוגרמים,1.00,"ק""ג",true,,189.00,189.0000,true,1,50444
7290005826689,false,גבינת גאודה זעתר במש,,NL,גבינת גאודה זעתר במשקל,קילוגרמים,1.00,"ק""ג",true,,99.00,99.0000,true,1,58042
7290005826917,false,גבינת גאודה עם טבסקו,,,גבינת גאודה עם טבסקו במשקל,קילוגרמים,1.00,"ק""ג",true,,109.00,109.0000,true,1,52156
7290005826924,false,גבינת גאודה שום שחור,,,גבינת גאודה שום שחור במשקל,קילוגרמים,1.00,"ק""ג",true,,129.00,129.0000,true,1,52157
7290005826948,false,גבינת גאודה עיזים עו,jacks cheese,NL,גבינת גאודה עיזים עובש כחול במשקל,קילוגרמים,1.00,"ק""ג",true,,159.00,159.0000,true,1,57493
7290005826955,false,גבינת מונטנה במשקל,jacks cheese,NL,גבינת מונטנה במשקל,קילוגרמים,1.00,"ק""ג",true,,119.00,119.0000,true,1,53491
7290005826962,false,גבינת גאודה כמהין במ,jacks cheese,NL,גבינת גאודה כמהין במשקל,קילוגרמים,1.00,"ק""ג",true,,199.00,199.0000,true,1,57489
7290005826979,false,גבינת גאודה צילי במש,jacks cheese,NL,גבינת גאודה צילי במשקל,קילוגרמים,1.00,"ק""ג",true,,99.00,99.0000,true,1,57490
7290005826986,false,גבית גאודה קימל במשק,jacks cheese,NL,גבית גאודה קימל במשקל,קילוגרמים,1.00,"ק""ג",true,,99.00,99.0000,true,1,57487
7290005838002,false,דניאלה וניל 100 גרם,,,דניאלה וניל 100 גרם,גרמים,100.00,100 גרם,false,1,4.50,4.5000,true,1,1356
7290005838613,false,גבינת סקי וניל 125 ג,שטראוס,,גבינת סקי וניל 125 גרם,גרמים,125.00,100 גרם,false,1,4.10,3.2800,true,1,586
7290005838972,false,גבינת סקי יום יום 5%,שטראוס,,גבינת סקי יום יום 5% 125 גרם,גרמים,125.00,100 גרם,false,1,3.20,2.5600,true,1,585
7290005839078,false,מארז 8 דנונה ביו טבע,,,מארז 8 דנונה ביו טבעי 3%,ליטרים,1.20,ליטר,false,1,18.20,15.1667,true,1,2082
7290005839108,false,גבינת סימפוניה זיתים,שטראוס,,גבינת סימפוניה זיתים 200 גרם 5%,גרמים,200.00,100 גרם,false,1,11.90,5.9500,true,1,733
7290005839313,false,מילקי טופ מגולגל 130,,,מילקי טופ מגולגל 130 גרם,גרמים,130.00,100 גרם,false,1,4.90,3.7692,true,1,913
7290005896620,false,סן בנדטו מוגז 1.5 לי,,,סן בנדטו מוגז 1.5 ליטר,ליטרים,1.50,ליטר,false,1,4.20,2.8000,true,1,917
7290005896637,false,סן בנדטו 1.5 ליטר בק,,,סן בנדטו 1.5 ליטר בק. פקדון,ליטרים,1.50,ליטר,false,1,4.20,2.8000,true,1,915
7290005896972,false,שישיית משקה פפסי מקס,,,שישיית משקה פפסי מקס 1.5 ל,ליטרים,9.00,ליטר,false,1,40.10,4.4556,true,1,3691
7290005938238,false,ממרח צימיצורי 220 ג,פרסקו חצבה,,ממרח צימיצורי 220 ג פרסקו,גרמים,220.00,100 גרם,false,1,18.90,8.5909,true,1,4735
7290005938245,false,ממרח פסטו קלאסי 220,פרסקו חצבה,,ממרח פסטו קלאסי 220 ג פרסקו,גרמים,220.00,100 גרם,false,1,18.90,8.5909,true,1,4734
7290005938603,false,טפנד זיתים שחורים 22,פרסקו חצבה,,טפנד זיתים שחורים 220 גר פרסקו,גרמים,220.00,100 גרם,false,1,16.90,7.6818,true,1,9092
7290005938610,false,טפנד זיתים ירוקים 22,פרסקו חצבה,,טפנד זיתים ירוקים 220 גר פרסקו,גרמים,220.00,100 גרם,false,1,18.90,8.5909,true,1,9093
7290005938627,false,ממרח עגבניות שרי מיו,פרסקו חצבה,,ממרח עגבניות שרי מיובשות 220 ג פרסקו,גרמים,220.00,100 גרם,false,1,18.90,8.5909,true,1,8725
7290005951022,false,דלעת חתוכה ארוזה,,,דלעת חתוכה,קילוגרמים,1.00,"ק""ג",true,,10.90,10.9000,true,1,40223
7290005966033,false,יין ירדן הר חרמון לב,יקבי רמת הגולן,,יין ירדן הר חרמון לבן 750 מל פקדון,מיליליטרים,750.00,"100 מ""ל",false,1,40.00,5.3333,true,1,2078
7290005966088,false,יין ירדן הר חרמון אד,יקבי רמת הגולן,,יין ירדן הר חרמון אדום 750 מל פקדון,מיליליטרים,750.00,"100 מ""ל",false,1,40.00,5.3333,true,1,1130
7290005966347,false,יין גמלא סובניון בלא,יקבי רמת הגולן,IL,יין גמלא סובניון בלאן 750 מל פקדון,מיליליטרים,750.00,"100 מ""ל",false,6,60.00,8.0000,true,1,2769
7290005966354,false,יין ירדן סוביניון בל,יקבי רמת הגולן,,יין ירדן סוביניון בלנק 750 מל פקדון,מיליליטרים,750.00,"100 מ""ל",false,1,65.00,8.6667,true,1,3310
7290005966361,false,יין גמלא שרדונה 750,יקבי רמת הגולן,,יין גמלא שרדונה 750 מל פקדון,מיליליטרים,750.00,"100 מ""ל",false,1,60.00,8.0000,true,1,3455
7290005966392,false,יין גולן קברנה סובינ,יקבי רמת הגולן,,יין גולן קברנה סוביניון  750 מל פקדון,מיליליטרים,750.00,"100 מ""ל",false,1,45.00,6.0000,true,1,2437
7290005966422,false,יין ירדן שרדונה 750,יקבי רמת הגולן,,יין ירדן שרדונה 2002 750 מל פקדון,מיליליטרים,750.00,"100 מ""ל",false,1,65.00,8.6667,true,1,2740
7290005992018,false,יוגורט עיזים 3% בק.,מחלבות גד,,יוגורט עיזים 3% בק. 500 מל,מיליליטרים,500.00,"100 מ""ל",false,1,13.90,2.7800,true,1,1115
7290005992247,false,גבינת חלומי במשקל,,,גבינת חלומי במשקל,קילוגרמים,1.00,"ק""ג",true,,119.00,119.0000,true,1,12785
7290005992575,false,בולגרית למריחה 250 ג,מחלבות גד,,בולגרית למריחה 250 גרם,גרמים,250.00,100 גרם,false,1,17.90,7.1600,true,1,1629
7290005992735,false,לבנה טבעית גד 5%  25,מחלבות גד,,לבנה טבעית גד 5%  250 גרם,גרמים,250.00,100 גרם,false,1,13.90,5.5600,true,1,2357
7290005992858,false,גבינת פטה עיזים במשק,,,גבינת פטה עיזים במשקל,קילוגרמים,1.00,"ק""ג",true,,139.00,139.0000,true,1,2852
7290005992872,false,גבינה צפתית 5% במים,,,גבינה צפתית 5% במים במשקל,קילוגרמים,1.00,"ק""ג",true,,79.00,79.0000,true,1,2922
7290005992957,false,גבינת פטה עיזים במשק,,,גבינת פטה עיזים במשקל,קילוגרמים,1.00,"ק""ג",true,,120.00,120.0000,true,1,2925
7290005996009,false,נקניק סלמי גלילי מעו,,,נקניק סלמי גלילי מעושן 400 גר,גרמים,400.00,100 גרם,false,1,21.90,5.4750,true,1,41442
7290005996078,false,נקניק סלמי הונגרי 12,,,נקניק סלמי הונגרי 125גר,גרמים,125.00,100 גרם,false,1,25.90,20.7200,true,1,45634
7290005996153,false,נקניקיות צרפתיות 280,מעדני יחיעם,IL,נקניקיות צרפתיות 280גר יחיעם,גרמים,280.00,100 גרם,false,1,22.90,8.1786,true,1,44276
7290005996160,false,נקניקיות צוריסו 280ג,מעדני יחיעם,IL,נקניקיות צוריסו 280גר יחיעם,גרמים,280.00,100 גרם,false,1,22.90,8.1786,true,1,44275
7290005996221,false,פסטרמה של פעם דק דק,,IL,פסטרמה של פעם דק דק 120 גר,גרמים,120.00,100 גרם,false,1,10.90,9.0833,true,1,46514
7290005996238,false,פסטרמה  בדבש דק  דק,,IL,פסטרמה  בדבש דק  דק 120 גר,גרמים,120.00,100 גרם,false,1,10.90,9.0833,true,1,46513
7290005996276,false,פסטרמה ברביקיו דק דק,,IL,פסטרמה ברביקיו דק דק 120 גר,גרמים,120.00,100 גרם,false,1,10.90,9.0833,true,1,46515
7290005996740,false,נקניק סלמי פפרוני 30,,,נקניק סלמי פפרוני 300 גרם,גרמים,300.00,100 גרם,false,1,22.90,7.6333,true,1,51984
7290005996825,false,נקניקיות בקר בסגנון,מעדני יחיעם,IL,נקניקיות בקר בסגנון אמריקאי 280גר יחיעם,גרמים,280.00,100 גרם,false,1,22.90,8.1786,true,1,51985
7290005996979,false,נקניק סלמי פרח 200גר,,,נקניק סלמי פרח 200גר,גרמים,200.00,100 גרם,false,1,25.90,12.9500,true,1,58448
7290006199027,false,מאגדת גלידל וניל פטל,פלקו בעמ,,מאגדת גלידל וניל פטל  8 יח  פלדמן,גרמים,600.00,100 גרם,false,1,29.90,4.9833,true,1,4882
7290006199218,false,מאגדת שלגון גלידל קפ,פלקו בעמ,,מאגדת שלגון גלידל קפוצינו 8 יח  פלדמן,יחידה,8.00,יחידה,false,1,29.90,3.7375,true,1,4881
7290006199942,false,מאגדת גלידל פרי 8יח,פלקו בעמ,,מאגדת גלידל פרי 8יח פרווה פלדמן,יחידה,8.00,יחידה,false,1,21.90,2.7375,true,1,7925
7290006210197,false,רוגלאך,בונז'ור,,רוגלאך,קילוגרמים,1.00,"ק""ג",true,,35.00,35.0000,true,1,2144
7290006210203,false,בורקס תפוא,בונז'ור,,בורקס תפוא,קילוגרמים,1.00,"ק""ג",true,,36.00,36.0000,true,1,2146
7290006210210,false,בורקיטס גבינה,בונז'ור,,בורקיטס גבינה,קילוגרמים,1.00,"ק""ג",true,,36.00,36.0000,true,1,2136
7290006210227,false,מאפה וניל במשקל,בונז'ור,,מאפה וניל במשקל,קילוגרמים,1.00,"ק""ג",true,,36.00,36.0000,true,1,2282
7290006210272,false,ריבועי שוקולד במשקל,בונז'ור,,ריבועי שוקולד במשקל,קילוגרמים,1.00,"ק""ג",true,,36.00,36.0000,true,1,2283
7290006210289,false,שנק קינמון במשקל,בונז'ור,,שנק קינמון במשקל,קילוגרמים,1.00,"ק""ג",true,,36.00,36.0000,true,1,2150
7290006210319,false,קרואסון ביס חמאה,בונז'ור,,קרואסון ביס חמאה,קילוגרמים,1.00,"ק""ג",true,,40.00,40.0000,true,1,2152
7290006210340,false,עוגיות ביס שוקולד,בונז'ור,,עוגיות ביס שוקולד,קילוגרמים,1.00,"ק""ג",true,,36.00,36.0000,true,1,2153
7290006210357,false,שנק פיצה,בונז'ור,,שנק פיצה,קילוגרמים,1.00,"ק""ג",true,,40.00,40.0000,true,1,2154
7290006210449,false,בורקס פילס קשקבל במש,בונז'ור,,בורקס פילס קשקבל במשקל,קילוגרמים,1.00,"ק""ג",true,,40.00,40.0000,true,1,2286
7290006210456,false,בורקס פילס פטריות במ,בונז'ור,,בורקס פילס פטריות במשקל,קילוגרמים,1.00,"ק""ג",true,,40.00,40.0000,true,1,2157
7290006210654,false,עוגיות תפוחי עץ,בונז'ור,,עוגיות תפוחי עץ,קילוגרמים,1.00,"ק""ג",true,,36.00,36.0000,true,1,2151
7290006210661,false,בגט רגיל,בונז'ור,,בגט רגיל,גרמים,330.00,100 גרם,false,1,5.10,1.5455,true,1,2137
7290006210685,false,לחמניה פטיט פאן לבן,בונז'ור,,לחמניה פטיט פאן לבן,Unknown,0.00,Unknown,false,1,1.50,0.0000,true,1,4228
7290006210692,false,לחמניה פטיט פאן כפרי,בונז'ור,,לחמניה פטיט פאן כפרי,Unknown,0.00,Unknown,false,1,1.50,0.0000,true,1,4229
7290006210708,false,בגט כפרי,בונז'ור,,בגט כפרי,גרמים,330.00,100 גרם,false,1,6.50,1.9697,true,1,4233
7290006210876,false,לחמניה אצבע,בונז'ור,,לחמניה אצבע,Unknown,0.00,Unknown,false,1,1.90,0.0000,true,1,4227
7290006210913,false,לחם איטלקי,בונז'ור,,לחם איטלקי,גרמים,340.00,100 גרם,false,1,7.00,2.0588,true,1,2140
7290006229427,false,מארז 6יח מים סן בנדט,,,מארז 6יח מים סן בנדטו 500 מל פיקדון,ליטרים,3.00,ליטר,false,1,12.90,4.3000,true,1,3706
7290006235244,false,משחה לתינוק קמיל בלו,פישר תעשיות,,משחה לתינוק קמיל בלו צמחי מרפא פסטה100ג,גרמים,100.00,100 גרם,false,1,21.90,21.9000,true,1,6920
7290006241511,false,תרכיז קפוא גת פרייז,פריגת מצוננים,,תרכיז קפוא גת פרייז לימונענע 340 גרם,גרמים,340.00,100 גרם,false,1,13.90,4.0882,true,1,2985
7290006241535,false,תרכיז קפוא גת פרייז,פריגת מצוננים,,תרכיז קפוא גת פרייז מנגו 340 גרם,גרמים,340.00,100 גרם,false,1,13.90,4.0882,true,1,2986
7290006241689,false,תרכיז קפוא גת פרייז,פריגת מצוננים,,תרכיז קפוא גת פרייז לימון 340 גרם,גרמים,340.00,100 גרם,false,1,13.90,4.0882,true,1,3450
7290006251107,false,תה צאי מסאלה 2 גר 25,תה ויסוצקי,,תה צאי מסאלה 2 גר 25 שקיקים,יחידה,25.00,יחידה,false,1,18.90,0.7560,true,1,2531
7290006251268,false,תה ירוק תפוח וקינמון,תה ויסוצקי,,תה ירוק תפוח וקינמון 1.5 ג 25 שק,יחידה,25.00,יחידה,false,1,24.90,0.9960,true,1,2789
7290006251275,false,תה ירוק סיני 1.5 ג 2,תה ויסוצקי,,תה ירוק סיני 1.5 ג 25 שק,יחידה,25.00,יחידה,false,1,24.90,0.9960,true,1,2788
7290006251343,false,תה גן הקסום פסיפלורה,תה ויסוצקי,,תה גן הקסום פסיפלורה מנגו 2ג 25 ש,יחידה,25.00,יחידה,false,1,19.50,0.7800,true,1,3255
7290006251374,false,תה ירוק לימונית גינג,תה ויסוצקי,,תה ירוק לימונית גינגר 1.5 ג 25 שק,יחידה,25.00,יחידה,false,1,24.90,0.9960,true,1,3712
7290006251589,false,תה ירוק נענע 1.5 ג 5,תה ויסוצקי,,תה ירוק נענע 1.5 ג 50 שקיקים,יחידה,50.00,יחידה,false,1,45.90,0.9180,true,1,2987
7290006256089,false,יין גאטו נגרו קבר.סו,,,יין גאטו נגרו קבר.סוביניון 750 מל פקדון,מיליליטרים,750.00,"100 מ""ל",false,1,40.00,5.3333,true,1,48005
7290006256577,false,יין וודברידג קברנה ס,,,יין וודברידג קברנה סוביניון 750 מל פקדון,מיליליטרים,750.00,"100 מ""ל",false,1,45.00,6.0000,true,1,13777
7290006256584,false,יין וודברידג מרלו 75,,,יין וודברידג מרלו 750 מל פיקדון,מיליליטרים,750.00,"100 מ""ל",false,1,45.00,6.0000,true,1,13775
7290006256607,false,יין וודברידג שרדונה,,,יין וודברידג שרדונה 750 מל פקדון,מיליליטרים,750.00,"100 מ""ל",false,1,45.00,6.0000,true,1,13776
7290006256621,false,יין וודברידג רוזה 75,,,יין וודברידג רוזה 750 מל פקדון,מיליליטרים,750.00,"100 מ""ל",false,1,45.00,6.0000,true,1,13778
7290006265524,false,פטריות חורש פורטובלה,,,פטריות חורש פורטובלה יח,Unknown,0.00,Unknown,false,1,11.90,0.0000,true,1,4715
7290006271174,false,גחנון בצק 700 גרם,,,גחנון בצק 700 גרם,גרמים,700.00,100 גרם,false,1,19.90,2.8429,true,1,3166
7290006271181,false,גחנון אפוי 750 גרם,,,גחנון אפוי 750 גרם,גרמים,750.00,100 גרם,false,1,25.00,3.3333,true,1,3167
7290006271648,false,מיני בורקס תפוחי אדמ,,,מיני בורקס תפוחי אדמה 800 ג מוזל,גרמים,800.00,100 גרם,false,1,24.50,3.0625,true,1,4888
7290006271655,false,מיני בורקס גבינה 800,,,מיני בורקס גבינה 800 ג מוזל,גרמים,800.00,100 גרם,false,1,26.50,3.3125,true,1,4873
7290006271761,false,מיני גחנון אפוי 600,,,מיני גחנון אפוי 600 ג,גרמים,600.00,100 גרם,false,1,24.00,4.0000,true,1,5334
7290006272072,false,חטיפי פיצה גבינה 650,,,חטיפי פיצה גבינה 650 גר מוזל,גרמים,650.00,100 גרם,false,1,29.90,4.6000,true,1,7318
7290006272430,false,בצק עלים חמאה 600 גר,,,בצק עלים חמאה 600 גר,גרמים,600.00,100 גרם,false,1,15.90,2.6500,true,1,7755
7290006306159,false,לזניה 4 גבינות 500 ג,,,לזניה 4 גבינות 500 גר פסטנונה,גרמים,500.00,100 גרם,false,1,36.90,7.3800,true,1,2586
7290006306180,false,קנלוני גבינת עיזים,,,קנלוני גבינת עיזים  500 גר פסטנונה,גרמים,500.00,100 גרם,false,1,36.90,7.3800,true,1,8089
7290006306296,false,פסטה רביולי גבינה לי,,,פסטה רביולי גבינה לילדים 400 ג,גרמים,400.00,100 גרם,false,1,25.90,6.4750,true,1,10569
7290006306302,false,פסטה רביולי גבינה ופ,,,פסטה רביולי גבינה ופרמזן 400 ג,גרמים,400.00,100 גרם,false,1,25.90,6.4750,true,1,5316
7290006306319,false,פסטה רביולי בטטה 400,,,פסטה רביולי בטטה 400 ג,גרמים,400.00,100 גרם,false,1,25.90,6.4750,true,1,5317
7290006306326,false,פסטה רביולי פטריות 4,,,פסטה רביולי פטריות 400 ג,גרמים,400.00,100 גרם,false,1,25.90,6.4750,true,1,5318
7290006306333,false,פסטה רביולי תרד 400,,,פסטה רביולי תרד 400 ג,גרמים,400.00,100 גרם,false,1,25.90,6.4750,true,1,5320
7290006306340,false,פסטה ניוקי תפוחי אדמ,,,פסטה ניוקי תפוחי אדמה 400 ג,גרמים,400.00,100 גרם,false,1,22.90,5.7250,true,1,5321
7290006306357,false,פסטה רביולי גבינת עי,,,פסטה רביולי גבינת עיזים 400 ג,גרמים,400.00,100 גרם,false,1,25.90,6.4750,true,1,5319
7290006342072,false,גרעין לבן ששון הקולה,"דין שיווק וקלייה בע""",,גרעין לבן 200 ג,גרמים,200.00,100 גרם,false,1,7.90,3.9500,true,1,4119
7290006342447,false,גרעיני אבטיח 200 ג,"דין שיווק וקלייה בע""",,גרעיני אבטיח 200 ג,גרמים,200.00,100 גרם,false,1,16.00,8.0000,true,1,4121
7290006342515,false,תערובת מנצס ששון הקו,"דין שיווק וקלייה בע""",,תערובת מנצס 200 ג,גרמים,200.00,100 גרם,false,1,6.90,3.4500,true,1,4125
7290006342553,false,קבוקים 200 ג,,,קבוקים 200 ג,גרמים,200.00,100 גרם,false,1,5.90,2.9500,true,1,4126
7290006342560,false,בוטן אמריקאי 200 ג,"דין שיווק וקלייה בע""",,בוטן אמריקאי 200 ג,גרמים,200.00,100 גרם,false,1,5.90,2.9500,true,1,4127
7290006362209,false,יין דרך ארץ ק.סוביני,,,יין דרך ארץ ק.סוביניון 750 מל פיקדון,מיליליטרים,750.00,"100 מ""ל",false,1,35.00,4.6667,true,1,3318
7290006362216,false,יין דרך ארץ מרלו 750,,IL,יין דרך ארץ מרלו 750 מל פיקדון,מיליליטרים,750.00,"100 מ""ל",false,12,35.00,4.6667,true,1,3319
7290006374615,false,מזון מלכות 340 גרם 5,,,מזון מלכות 340 גרם 5.8%,גרמים,340.00,100 גרם,false,1,41.90,12.3235,true,1,3526
7290006374653,false,דבש לייט 350 גר יד מ,,,דבש לייט 350 גר יד מרדכי,גרמים,350.00,100 גרם,false,1,25.90,7.4000,true,1,3527
7290006374738,false,קונפיטורה תות שדה 34,,,קונפיטורה תות שדה 340 גר יד מרדכי,גרמים,340.00,100 גרם,false,1,13.90,4.0882,true,1,3850
7290006439031,false,שמן קנולה שוקחה 1 לי,,BE,שמן קנולה שוקחה 1 ליטר,ליטרים,1.00,ליטר,false,15,11.90,11.9000,true,1,47403
7290006439444,false,אורז בסמטי גולד 1 קג,צימאן לאל סאטיה-דלהי,IN,אורז בסמטי גולד 1 קג,קילוגרמים,1.00,"ק""ג",false,20,11.90,11.9000,true,1,29672
7290006439475,false,עדשים ירוקת שוקחה 1,סוגת תעשיות בעמ,,עדשים ירוקת שוקחה 1 קג,קילוגרמים,1.00,"ק""ג",false,1,12.90,12.9000,true,1,39759
7290006439598,false,פריקה שוקחה 800 גרם,בני ג'ורג' שוקחה חיפ,,פריקה שוקחה 800 גרם,גרמים,800.00,100 גרם,false,1,13.90,1.7375,true,1,22094
7290006439703,false,אפונה ירוקה חצאים שו,סוגת תעשיות בעמ,,אפונה ירוקה חצאים אדומות שוקחה 1 קג,קילוגרמים,1.00,"ק""ג",false,1,9.90,9.9000,true,1,39761
7290006439710,false,שעועית אדומה שוקחה 1,סוגת תעשיות בעמ,,שעועית אדומה שוקחה 1 קג,קילוגרמים,1.00,"ק""ג",false,1,13.90,13.9000,true,1,39840
7290006492432,false,מוצרלה בייבי 18%  15,מחלבות גד,,מוצרלה בייבי 18%  150 ג גד,גרמים,150.00,100 גרם,false,1,16.90,11.2667,true,1,3393
7290006492616,false,גב.בולגרית 5% פרוסות,מחלבות גד,,גב.בולגרית 5% פרוסות 250 גרם,גרמים,250.00,100 גרם,false,1,28.90,11.5600,true,1,4909
7290006492630,false,גבינת גליל עיזים 180,מחלבות גד,,גבינת גליל עיזים 180 גרם,גרמים,180.00,100 גרם,false,1,24.90,13.8333,true,1,5022
7290006492647,false,גבינת עיזים  מטבעות,מחלבות גד,,גבינת עיזים  מטבעות 22%  150 ג,גרמים,150.00,100 גרם,false,1,23.90,15.9333,true,1,5023
7290006492685,false,לבנה 5% עיזים 250 גר,מחלבות גד,,לבנה 5% עיזים 250 גר,גרמים,250.00,100 גרם,false,1,18.90,7.5600,true,1,5335
7290006492852,false,גבינת עיזים 5% לבנה,מחלבות גד,,גבינת עיזים 5% לבנה 250 גר,גרמים,250.00,100 גרם,false,1,18.90,7.5600,true,1,5667
7290006492913,false,לבנה ציזקי למריחה 5%,מחלבות גד,,לבנה ציזקי למריחה 5%  250 גר,גרמים,250.00,100 גרם,false,1,14.90,5.9600,true,1,5666
7290006494917,false,ופל שוקולד טוסו ללא,,,ופל שוקולד טוסו ללא סוכר 200 גר,גרמים,200.00,100 גרם,false,1,9.90,4.9500,true,1,3605
7290006494924,false,וופל לימון ללא סוכר,,,וופל לימון ללא סוכר מרמולייט 180 גר,גרמים,180.00,100 גרם,false,1,9.90,5.5000,true,1,3606
7290006511683,false,פולי סויה קפוא 454 ג,קו.אל.טי.די.קיאוניונ,,פולי סויה קפוא 454 גר,גרמים,454.00,100 גרם,false,1,10.00,2.2026,true,1,4463
7290006554017,false,עוגיות מרוקאית 500 ג,,,עוגיות מרוקאית 500 ג ארקד,גרמים,500.00,100 גרם,false,1,18.90,3.7800,true,1,4911
7290006554024,false,עוגיות תמרים 400 ג א,,,עוגיות תמרים 400 ג ארקד,גרמים,400.00,100 גרם,false,1,18.90,4.7250,true,1,4912
7290006554031,false,עוגיות אגוזים 400 ג,,,עוגיות אגוזים 400 ג ארקד,גרמים,400.00,100 גרם,false,1,18.90,4.7250,true,1,4913
7290006554048,false,עוגיות ריבה 250 ג אר,,,עוגיות ריבה 250 ג ארקד,גרמים,250.00,100 גרם,false,1,18.90,7.5600,true,1,11124
7290006554055,false,עוגיות חלבה ביתיות 3,,,עוגיות חלבה ביתיות 300 ג,גרמים,300.00,100 גרם,false,1,18.90,6.3000,true,1,5287
7290006554062,false,עוגיות גרנולה 250 ג,,,עוגיות גרנולה 250 ג ארקד,גרמים,250.00,100 גרם,false,1,18.90,7.5600,true,1,11123
7290006554079,false,עוגיות גרנולה ללא סו,,,עוגיות גרנולה ללא סוכר 250 גר,גרמים,250.00,100 גרם,false,1,18.90,7.5600,true,1,12279
7290006554093,false,עוגיות סהרונים ביתיו,,,עוגיות סהרונים ביתיות 300 ג,גרמים,300.00,100 גרם,false,1,18.90,6.3000,true,1,5532
7290006554123,false,עוגיות שקדים 250 ג א,,,עוגיות שקדים 250 ג ארקד,גרמים,250.00,100 גרם,false,1,18.90,7.5600,true,1,11125
7290006554154,false,עוגיות מרנג נשיקות 1,,,עוגיות מרנג נשיקות 100 גר,גרמים,100.00,100 גרם,false,1,18.90,18.9000,true,1,12281
7290006554161,false,עוגיות משקפיים קינמו,,,עוגיות משקפיים  250 ג ארקד,גרמים,250.00,100 גרם,false,1,18.90,7.5600,true,1,16673
7290006554246,false,עוגיות משקפיים 250 ג,,,עוגיות משקפיים 250 ג ארקד,גרמים,250.00,100 גרם,false,1,18.90,7.5600,true,1,18322
7290006554307,false,עוגיות מרוקאית ללא ס,,,עוגיות מרוקאית ללא סוכר 300 גר ארקד,גרמים,300.00,100 גרם,false,1,18.90,6.3000,true,1,5626
7290006554314,false,עוגיות שקדים ללא סוכ,,,עוגיות שקדים ללא סוכר 250גר ארקד,גרמים,250.00,100 גרם,false,1,18.90,7.5600,true,1,18174
7290006554321,false,עוגיות אגוזי לוז ללא,,,עוגיות אגוזי לוז ללא סוכר 250גר ארקד,גרמים,250.00,100 גרם,false,1,18.90,7.5600,true,1,18175
7290006554345,false,עוגיות תמרים ללא סוכ,,,עוגיות תמרים ללא סוכר 250 גרם,גרמים,250.00,100 גרם,false,1,18.90,7.5600,true,1,34846
7290006554413,false,עוגיות מרוקאית קמח מ,,,עוגיות מרוקאית קמח מלא ל.ס.300גר,גרמים,300.00,100 גרם,false,1,18.90,6.3000,true,1,8680
7290006554703,false,עוגיות כעכים מלוח 40,,,עוגיות כעכים מלוח 400 גר,גרמים,400.00,100 גרם,false,1,16.90,4.2250,true,1,11155
7290006554710,false,עוגיות מקלות מלוח 40,,,עוגיות מקלות מלוח 400 גר,גרמים,400.00,100 גרם,false,1,16.90,4.2250,true,1,11156
7290006559067,false,גבינת בורטה חצי קשה,,,גבינת בורטה חצי קשה 18% שומן 220גר,גרמים,220.00,100 גרם,false,1,29.90,13.5909,true,1,5273
7290006559098,false,לבנה כדורים בשמן זית,,,לבנה כדורים בשמן זית בופאלו 250 ג,גרמים,250.00,100 גרם,false,1,25.50,10.2000,true,1,5279
7290006559203,false,בואפלו מוצרלה במשקל,,,בואפלו מוצרלה במשקל,קילוגרמים,1.00,"ק""ג",true,,109.00,109.0000,true,1,5269
7290006559265,false,גבינת מוצרלה בופאלו,,,גבינת מוצרלה בופאלו 250 ג,גרמים,250.00,100 גרם,false,1,34.90,13.9600,true,1,5267
7290006559340,false,בואפלו 150 בוקנציני,,,בואפלו 150 בוקנציני כדור קטן,גרמים,150.00,100 גרם,false,1,22.90,15.2667,true,1,5268
7290006559388,false,יוגורט ביו 5% בופאלו,חוות הבואפלו,,יורט בואפלו 5% 850 גרם,מיליליטרים,850.00,"100 מ""ל",false,1,22.50,2.6471,true,1,9952
7290006559692,false,גבינת קרם 5% 500 גר,,,גבינת קרם 5% 500 גר,גרמים,500.00,100 גרם,false,1,26.50,5.3000,true,1,9951
7290006559722,false,גבינת סקרמוצה בואפלו,חוות הבואפלו,IL,גבינת סקרמוצה בואפלו במשקל,קילוגרמים,1.00,"ק""ג",true,,149.00,149.0000,true,1,57517
7290006559807,false,בלה מוצרלה בואפלו 15,חוות הבואפלו,IL,בלה מוצרלה בואפלו 150גר,גרמים,150.00,100 גרם,false,1,22.90,15.2667,true,1,35174
7290006559814,false,כדור בוראטה בואפלו,,,גבינת מוצרלה מעושנת בופאלו במשקל,יחידה,1.00,יחידה,false,,19.90,19.9000,true,1,52091
7290006562906,false,סטיק הודו וכבש פרמיו,,,סטיק הודו וכבש פרמיו 15 גר,יחידה,1.00,יחידה,false,35,6.90,6.9000,true,1,60967
7290006567048,false,פתיתי אסם קוסקוס ישר,קוסקוס,,פתיתי אסם קוסקוס ישראלי 350 ג בדץ,גרמים,350.00,100 גרם,false,1,7.90,2.2571,true,1,4438
7290006578006,false,גבינת גורגונזולה פיק,,IT,גבינת גורגונזולה פיקנטה במשקל נטו,קילוגרמים,1.00,"ק""ג",true,,129.00,129.0000,true,1,45736
7290006578266,false,גבינת פיור גולד הנרי,,NL,גבינת פיור גולד הנרי וויליך במשקל,קילוגרמים,1.00,"ק""ג",true,,179.00,179.0000,true,1,50867
7290006578303,false,גבינת ברי כמהין במשק,איסיני סנט מור,FR,גבינת ברי כמהין במשקל איסיני סנט מור,קילוגרמים,1.00,"ק""ג",true,,249.00,249.0000,true,1,59012
7290006578600,false,גבינת קומטה במשקל גו,,FR,גבינת קומטה במשקל גורה פלור,קילוגרמים,1.00,"ק""ג",true,,219.00,219.0000,true,1,45735
7290006578648,false,גבינת בושה מפוחם במש,איסיני סנט מור,FR,גבינת בושה מפוחם במשקל,קילוגרמים,1.00,"ק""ג",true,,179.00,179.0000,true,1,45738
7290006578655,false,גבינת גלוריוס עיזים,,NL,גבינת גלוריוס עיזים הנרי וויליך במשקל,קילוגרמים,1.00,"ק""ג",true,,189.00,189.0000,true,1,50864
7290006578662,false,גבינת פלורט במשקל,,FR,גבינת פלורט במשקל,קילוגרמים,1.00,"ק""ג",true,,199.00,199.0000,true,1,59134
7290006578853,false,גבינת טרמנדס כמהין ה,,NL,גבינת טרמנדס כמהין הנרי וויליך במשקל,קילוגרמים,1.00,"ק""ג",true,,189.00,189.0000,true,1,50865
7290006582355,false,סילאן שקדיה 900 גר,טעמי הגליל,,סילאן 900 גר,גרמים,900.00,100 גרם,false,1,11.90,1.3222,true,1,9611
7290006582799,false,גינגר מיובש 200 ג בק,"דין שיווק וקלייה בע""",,גינגר מיובש 200 ג,גרמים,200.00,100 גרם,false,1,12.90,6.4500,true,1,5327
7290006618078,false,אסטוניש מרסס לניקוי,אסטוניש,,אסטוניש מרסס לניקוי כללי צהוב,Unknown,0.00,Unknown,false,1,13.90,0.0000,true,1,4414
7290006618085,false,אסטוניש מרסס לניקוי,אסטוניש,,אסטוניש מרסס לניקוי אמבטיה,מיליליטרים,750.00,"100 מ""ל",false,1,13.90,1.8533,true,1,4413
7290006618146,false,הפי נוזל מדליק פחמים,Dutch Flame,,הפי נוזל מדליק פחמים 500 מל,מיליליטרים,500.00,"100 מ""ל",false,1,15.90,3.1800,true,1,4408
7290006618153,false,הפי לניקוי נירוסטה ב,,,הפי לניקוי נירוסטה במיוחד,Unknown,0.00,Unknown,false,1,34.90,0.0000,true,1,4794
7290006618665,false,מטלית גילדה לרכב הפי,סיפי קנג,,מטלית גילדה לרכב הפי,יחידה,1.00,יחידה,false,1,24.90,24.9000,true,1,16640
7290006625236,false,גבינת בושה במשקל,,,גבינת בושה במשקל,קילוגרמים,1.00,"ק""ג",true,,139.00,139.0000,true,1,8087
7290006625465,false,גבינת לנדנה רוסו עיז,,,גבינת לנדנה רוסו עיזים ביין לבן במשקל,קילוגרמים,1.00,"ק""ג",true,,199.00,199.0000,true,1,8944
7290006625816,false,גבינת מונטשגו 12 חוד,,,גבינת מונטשגו 12 חודשים ספרד שקיל,קילוגרמים,1.00,"ק""ג",true,,180.00,180.0000,true,1,10386
7290006625885,false,גבינת גאודה עיזים 16,,,גבינת גאודה עיזים 16% הולנד,קילוגרמים,1.00,"ק""ג",true,,169.00,169.0000,true,1,15244
7290006625960,false,גבינת עיזים ביין ספר,,,גבינת עיזים ביין ספרד שקיל,קילוגרמים,1.00,"ק""ג",true,,160.00,160.0000,true,1,10385
7290006636638,false,יין אמפורה ריטון  75,,,יין אמפורה 2006/5 רוזה אורג 750 מל פקדון,Unknown,0.00,Unknown,false,6,110.00,0.0000,true,1,59398
7290006636737,false,יין אמפורה גרנאש בלג,,,יין אמפורה גרנאש בלגן 750 מל,מיליליטרים,750.00,"100 מ""ל",false,1,100.00,13.3333,true,1,61263
7290006636775,false,יין מד רד אמפורה 750,,,יין מד רד אמפורה 750 מל,מיליליטרים,750.00,"100 מ""ל",false,1,85.00,11.3333,true,1,59401
7290006644480,false,משקה תפוזינה תפוזים,יפאורה,,משקה תפוזינה תפוזים 500 מל פקדון,מיליליטרים,500.00,"100 מ""ל",false,1,7.90,1.5800,true,1,21792
7290006644510,false,משקה תפוזינה ענבים 5,יפאורה,,משקה תפוזינה ענבים 500 מל פקדון,מיליליטרים,500.00,"100 מ""ל",false,1,7.90,1.5800,true,1,21794
7290006644527,false,משקה תפוזינה תות בננ,יפאורה,,משקה תפוזינה תות בננה 500 מל פקדון,מיליליטרים,500.00,"100 מ""ל",false,1,7.90,1.5800,true,1,21796
7290006653765,false,פסטה פרפקטו פטוציני,זארה,,פסטה פרפקטו פטוציני 500 ג,גרמים,500.00,100 גרם,false,1,7.50,1.5000,true,1,5237
7290006653819,false,קוסקוס  אסם אמיתי דק,קוסקוס,,קוסקוס  אסם אמיתי דק בשקית 350 גרם,גרמים,350.00,100 גרם,false,1,7.90,2.2571,true,1,4221
7290006653857,false,חטיף תפוא ארנבונים 4,"אסם תעשיות בע""מ",,חטיף תפוא ארנבונים 40 ג,גרמים,40.00,100 גרם,false,1,4.90,12.2500,true,1,4439
7290006660107,false,אבקת הלבנה אקולוגי 5,,,אבקת הלבנה אקולוגי 500 גר,גרמים,500.00,100 גרם,false,1,17.90,3.5800,true,1,9459
7290006660350,false,מלבין אל אקונומיקה א,,,מלבין אל אקונומיקה אקופרנד 3.5ל,ליטרים,2.00,ליטר,false,1,28.00,14.0000,true,1,9559
7290006660596,false,קמח עדשים אדומות דגש,דגש,IL,קמח עדשים אדומות דגש 500 גר,גרמים,500.00,100 גרם,false,15,17.90,3.5800,true,1,39719
7290006664037,false,מארז 4 יח סופר גמדים,,,מארז 4 יח סופר גמדים דגנים 400 גר,גרמים,400.00,100 גרם,false,1,11.90,2.9750,true,1,4419
7290006664051,false,משקה אקטימל טבעי  14,,,משקה אקטימל טבעי  14 יח,ליטרים,1.40,ליטר,false,1,33.80,24.1429,true,1,4418
7290006664310,false,גבינה לבנה סקי 3% 25,,,גבינה לבנה סקי 3% 250 גרם,גרמים,250.00,100 גרם,false,1,5.10,2.0400,true,1,3519
7290006664402,false,גבינת סקי 5% 750 גרם,,,גבינת סקי 5% 750 גרם***,גרמים,750.00,100 גרם,false,1,14.94,1.9920,true,1,3682
7290006664532,false,דנונה פרי 3% תות 150,,,דנונה פרי 3% תות 150 גר,גרמים,150.00,100 גרם,false,1,3.70,2.4667,true,1,3751
7290006664655,false,משקה אקטימל טבעי 8יח,,,משקה אקטימל טבעי 8יח 108גרם,גרמים,864.00,100 גרם,false,1,22.40,2.5926,true,1,4415
7290006664693,false,דנונה פרי 3% אפרסק 1,,,דנונה פרי 3% אפרסק 150 גר,גרמים,150.00,100 גרם,false,1,3.70,2.4667,true,1,3858
7290006664990,false,מארז 8 דנונה ביו פרו,,,מארז 8 דנונה ביו פרויובוטי 1.7%,גרמים,1.00,100 גרם,false,1,18.20,1820.0000,true,1,4632
7290006666307,false,סלט חומוס 300 ג משני,,,סלט חומוס 300 ג משני,גרמים,300.00,100 גרם,false,1,14.10,4.7000,true,1,4841
7290006666314,false,סלט טחינה 300 ג משני,,,סלט טחינה 300 ג משני,גרמים,300.00,100 גרם,false,1,14.10,4.7000,true,1,4842
7290006666338,false,סלט טחינה ירוקה 300,,,סלט טחינה ירוקה 300 ג משני,גרמים,300.00,100 גרם,false,1,15.20,5.0667,true,1,4844
7290006666345,false,סלט חציל במיונז 300,,,סלט חציל במיונז 300 ג משני,גרמים,300.00,100 גרם,false,1,21.20,7.0667,true,1,4845
7290006666352,false,סלט חציל בטחינה 300,,,סלט חציל בטחינה 300 ג משני,גרמים,300.00,100 גרם,false,1,21.20,7.0667,true,1,4846
7290006666406,false,סלט חציל טבעי 300 ג,,,סלט חציל טבעי 300 ג משני,גרמים,300.00,100 גרם,false,1,23.20,7.7333,true,1,4850
7290006666413,false,סלט כרוב שוודי 300 ג,,,סלט כרוב שוודי 300 ג משני,גרמים,300.00,100 גרם,false,1,17.10,5.7000,true,1,4851
7290006666420,false,סלט כרוב קולסלו אמרי,,,סלט כרוב קולסלו אמריקאי 300 ג משני,גרמים,300.00,100 גרם,false,1,17.10,5.7000,true,1,4852
7290006666437,false,סלט טורקי 300 ג משני,,,סלט טורקי 300 ג משני,גרמים,300.00,100 גרם,false,1,17.10,5.7000,true,1,4853
7290006666444,false,סלט מטבוחה 300 ג משנ,,,סלט מטבוחה 300 ג משני,גרמים,300.00,100 גרם,false,1,21.50,7.1667,true,1,4854
7290006666451,false,סלט סלסה פלפל 300 ג,,,סלט סלסה פלפל 300 ג משני,גרמים,300.00,100 גרם,false,1,19.90,6.6333,true,1,4855
7290006666468,false,סלט גזר בלימון 300 ג,,,סלט גזר בלימון 300 ג משני,גרמים,300.00,100 גרם,false,1,21.20,7.0667,true,1,4856
7290006666475,false,סלט תפוח אדמה רוסי 3,,,סלט תפוח אדמה רוסי 300 ג משני,גרמים,300.00,100 גרם,false,1,17.10,5.7000,true,1,4857
7290006666505,false,סלט טונה ברוטב 300 ג,,,סלט טונה ברוטב 300 ג,גרמים,300.00,100 גרם,false,1,30.50,10.1667,true,1,5352
7290006666529,false,סלט פלפל מרוקאי 300,,,סלט פלפל מרוקאי 300 גר,גרמים,300.00,100 גרם,false,1,20.90,6.9667,true,1,7099
7290006666543,false,סלט סלק 300 ג משני,,,סלט סלק 300 ג משני,גרמים,300.00,100 גרם,false,1,17.10,5.7000,true,1,7872
7290006666567,false,סלט חציל נוסח מרוקאי,,,סלט חציל נוסח מרוקאי 300 גר משני,גרמים,300.00,100 גרם,false,1,24.90,8.3000,true,1,9739
7290006666628,false,סלט ביצים 300 גר משנ,,,סלט ביצים 300 גר משני,גרמים,300.00,100 גרם,false,1,32.50,10.8333,true,1,9740
7290006681553,false,קרמבו וניל 8 יח שטרא,"גלידת שטראוס בע""מ",,קרמבו וניל 8 יח שטראוס,Unknown,0.00,Unknown,false,1,15.90,0.0000,true,1,4258
7290006681560,false,קרמבו מוקה 8 יח שטרא,"גלידת שטראוס בע""מ",,קרמבו מוקה 8 יח שטראוס,Unknown,0.00,Unknown,false,1,15.90,0.0000,true,1,4259
7290006681843,false,מאגדת שטראוס לייט פר,"גלידת שטראוס בע""מ",,מאגדת שטראוס לייט פרי 6 יח,גרמים,300.00,100 גרם,false,1,25.90,8.6333,true,1,4678
7290006704504,false,גינגר טרי,,,גינגר טרי,Unknown,0.00,Unknown,false,1,10.00,0.0000,true,1,2802
7290006724182,false,ביצי שליו טריות 20יח,,IL,ביצי שליו טריות 20יחידות ליב,יחידה,18.00,יחידה,false,12,22.90,1.2722,true,1,47926
7290006724472,false,טחינה אורגנית 500 גר,,,טחינה אורגנית 500 גר ליב,גרמים,500.00,100 גרם,false,1,17.90,3.5800,true,1,7605
7290006724496,false,טחינה שומשום אורגנית,,,חמאת שומשום אורגנית 500 גר ליב,גרמים,500.00,100 גרם,false,1,17.90,3.5800,true,1,7606
7290006739346,false,נקניקיות פרגיות 400,,IL,נקניקיות פרגיות 400 גר וואקום,גרמים,400.00,100 גרם,false,8,10.90,2.7250,true,1,59772
7290006739407,false,שניצל טבע תירס לייט,,IL,שניצל טבע תירס לייט 630 גר,גרמים,630.00,100 גרם,false,1,24.90,3.9524,true,1,59773
7290006739445,false,שניצל טבע תירס קלאסי,,IL,שניצל טבע תירס קלאסי 750 גרם,גרמים,750.00,100 גרם,false,12,24.90,3.3200,true,1,59774
7290006744425,false,יין קברנה סוביניון ס,,,יין קברנה סוביניון סדרת אם 750מל פקדון,מיליליטרים,750.00,"100 מ""ל",false,1,40.00,5.3333,true,1,12671
7290006744456,false,יין מרלו סדרת אם 750,,,יין מרלו סדרת אם 750מל פקדון מוני,מיליליטרים,750.00,"100 מ""ל",false,1,40.00,5.3333,true,1,12672
7290006744593,false,יין מוני גוורצטרמינר,,,יין מוני גוורצטרמינר 750מל פיקדון,מיליליטרים,750.00,"100 מ""ל",false,1,60.00,8.0000,true,1,10512
7290006744715,false,יין מרלו רזרב 2009 מ,,,יין מרלו רזרב 2009 מוני 750 מל פיקדון,מיליליטרים,750.00,"100 מ""ל",false,1,80.00,10.6667,true,1,11757
7290006744760,false,יין מוני נחל קלרט 75,,,יין מוני נחל קלרט 750מל פיקדון,מיליליטרים,750.00,"100 מ""ל",false,1,60.00,8.0000,true,1,18759
7290006744814,false,יין קברנה רזרב 2009,,,יין קברנה רזרב 2009 מוני 750 מל פיקדון,מיליליטרים,750.00,"100 מ""ל",false,1,80.00,10.6667,true,1,11758
7290006744883,false,יין מוני נחל שסק לבן,יקב מוני,,יין מוני נחל שסק לבן 750 מל,מיליליטרים,750.00,"100 מ""ל",false,1,60.00,8.0000,true,1,22964
7290006744913,false,יין מוני נחל קאלדוק,,,יין מוני נחל קאלדוק רוזה 750 מל,מיליליטרים,750.00,"100 מ""ל",false,1,60.00,8.0000,true,1,59967
7290006744920,false,יין שרדונה רזרב 2010,,,יין שרדונה רזרב 2010 מוני 750 מל פיקדון,מיליליטרים,750.00,"100 מ""ל",false,1,80.00,10.6667,true,1,11759
7290006744951,false,יין סמיון שרדונה סדר,,,יין סמיון שרדונה סדרת אם 750מל פקדון,מיליליטרים,750.00,"100 מ""ל",false,1,40.00,5.3333,true,1,58124
7290006745071,false,יין נחל שסק אדום מונ,יקב מוני,IL,יין נחל שסק אדום מוני 750 מל,מיליליטרים,750.00,"100 מ""ל",false,6,60.00,8.0000,true,1,46934
7290006764270,false,מארז 4יח סודה אשכולי,,IL,מארז 4יח סודה אשכולית אדומה1.5ל בק.פקדון,ליטרים,6.00,ליטר,false,1,11.90,1.9833,true,1,60364
7290006764485,false,מארז 6 בירה נשר מאלט,,,מארז 6 בירה נשר מאלט 330 מל פיקדון,ליטרים,1.98,ליטר,false,1,35.90,18.1313,true,1,3578
7290006765000,false,טורטיה טורטילס קמח מ,מוטלוקל,TR,טורטיה טורטילס קמח מלא 8 יח 360 גר,גרמים,540.00,100 גרם,false,1,10.90,2.0185,true,1,9547
7290006765772,false,אננס יבש 200 גרם בקו,"דין שיווק וקלייה בע""",,אננס יבש 200 גרם,גרמים,200.00,100 גרם,false,1,10.90,5.4500,true,1,3504
7290006765895,false,בוטנים בקליפה 200 גר,,,בוטנים בקליפה 200 גר שקית,גרמים,200.00,100 גרם,false,1,7.50,3.7500,true,1,19765
7290006766014,false,קוקוס מיובש 160 גרם,,,קוקוס רצועות מיובש 160 גרם בקופסא,גרמים,160.00,100 גרם,false,1,16.90,10.5625,true,1,5328
7290006784360,false,נוזל חלונות סנט מורי,,IL,נוזל חלונות סנט מוריץ 1 ליטר,ליטרים,1.00,ליטר,false,15,5.90,5.9000,true,1,42949
7290006788405,false,קרליין דאו רול און י,,,קרליין דאו רול און ירוק 75 מל,מיליליטרים,75.00,"100 מ""ל",false,1,12.90,17.2000,true,1,3553
7290006788412,false,קרליין דאו רול און כ,,,קרליין דאו רול און כחול 75 מל,מיליליטרים,75.00,"100 מ""ל",false,1,12.90,17.2000,true,1,3554
7290006788436,false,קרליין דאו רול און ו,,,קרליין דאו רול און ורוד 75 מל,מיליליטרים,75.00,"100 מ""ל",false,1,12.90,17.2000,true,1,3556
7290006788443,false,קרליין דאו רול און ס,,,קרליין דאו רול און סגול 75 מל,מיליליטרים,75.00,"100 מ""ל",false,1,12.90,17.2000,true,1,3557
7290006788450,false,דאו קרליין ספאיי נוש,,,דאו קרליין ספאיי נושם טורקיז 200 מל,מיליליטרים,200.00,"100 מ""ל",false,1,12.90,6.4500,true,1,3544
7290006788481,false,דאו קרליין ספריי נוש,,,דאו קרליין ספריי נושם כתום 200 מל,מיליליטרים,200.00,"100 מ""ל",false,1,12.90,6.4500,true,1,3547
7290006788498,false,דאו.קרליין ספריי נוש,,,דאו.קרליין ספריי נושם ורוד 200 מל,מיליליטרים,200.00,"100 מ""ל",false,1,12.90,6.4500,true,1,3548
7290006788504,false,דאו קרליין ספריי נוש,,,דאו קרליין ספריי נושם סגול 200 מל,מיליליטרים,200.00,"100 מ""ל",false,1,12.90,6.4500,true,1,3549
7290006804686,false,לחם מרוקאי רגיל פרנה,פילסברי,,לחם מרוקאי,Unknown,0.00,Unknown,false,1,14.90,0.0000,true,1,26543
7290006805355,false,תערובת לכדורי שוקולד,,,תערובת לכדורי שוקולד 517 גרם,גרמים,517.00,100 גרם,false,1,18.90,3.6557,true,1,4367
7290006805850,false,תערובת לפנקיק 400 ג,,,תערובת לפנקיק 400 ג פילסברי,גרמים,400.00,100 גרם,false,1,18.90,4.7250,true,1,4865
7290006822192,false,משקה חמוציות דיאט או,פריגת,,משקה חמוציות דיאט אושן ספריי 1 ל פקדון,ליטרים,1.00,ליטר,false,1,11.90,11.9000,true,1,3722
7290006855183,false,חטיף ברבריא תמר אגוז,טבעית מוצרים מן הטבע,,חטיף ברבריא תמר אגוז 4 יח 120 גר,גרמים,120.00,100 גרם,false,1,16.90,14.0833,true,1,17815
7290006855190,false,חטיף ברבריא תמר ובננ,טבעית מוצרים מן הטבע,,חטיף ברבריא תמר ובננה 4 יח 120 גר,גרמים,120.00,100 גרם,false,1,16.90,14.0833,true,1,46605
7290006855206,false,חטיף ברבריא שזיף קוק,טבעית מוצרים מן הטבע,,חטיף ברבריא שזיף קוקוס 4 יח 120 גר,גרמים,120.00,100 גרם,false,1,16.90,14.0833,true,1,17814
7290006855244,false,חטיף ברבריא אגוז וצי,טבעית מוצרים מן הטבע,,חטיף ברבריא אגוז וצימוק 4 יח 108 גר,גרמים,108.00,100 גרם,false,1,16.90,15.6481,true,1,17812
7290006855251,false,חטיף ברבריא קשיו חמו,טבעית מוצרים מן הטבע,,חטיף ברבריא קשיו חמוציות 4 יח  108 גר,גרמים,108.00,100 גרם,false,1,16.90,15.6481,true,1,17813
7290006855404,false,חטיף ברבריא בייטס תמ,טבעית מוצרים מן הטבע,IL,חטיף ברבריא בייטס תמר שקד פיסטוק 55 גר,Unknown,0.00,Unknown,false,12,6.90,0.0000,true,1,56235
7290006855428,false,חטיף ברבריא בייטס תמ,טבעית מוצרים מן הטבע,IL,חטיף ברבריא בייטס תמר לוז קשיו 55 גר,Unknown,0.00,Unknown,false,12,6.90,0.0000,true,1,56236
7290006855435,false,חטיף ברבריא בייטס תמ,טבעית מוצרים מן הטבע,IL,חטיף ברבריא בייטס תמר שקד קוקוס 55 גר,Unknown,0.00,Unknown,false,12,6.90,0.0000,true,1,56237
7290006866363,false,מיץ אשכליות אדומות ס,,,מיץ אשכליות אדומות סחוט טרי 1 ל פקדון,ליטרים,1.00,ליטר,false,1,15.90,15.9000,true,1,5941
7290006899088,false,תה סרמוני ירוק נענע,תה סרמוני בעמ,,תה סרמוני ירוק נענע 20 יח,יחידה,20.00,יחידה,false,1,16.90,0.8450,true,1,22103
7290006899187,false,תה סרמוני לימונית לו,תה סרמוני בעמ,,תה סרמוני לימונית לואיזה 20יח,יחידה,20.00,יחידה,false,1,16.90,0.8450,true,1,22104
7290006899255,false,תה סרמוני ארל גריי 2,תה סרמוני בעמ,,תה סרמוני ארל גריי 20 יח,יחידה,20.00,יחידה,false,1,16.90,0.8450,true,1,7928
7290006899354,false,תה סרמוני פרחי קמומי,תה סרמוני בעמ,IL,תה סרמוני פרחי קמומיל 20 יח,יחידה,20.00,יחידה,false,6,16.90,0.8450,true,1,7930
7290006942012,false,רפידת מסאז עור,,,רפידת מסאז עור,Unknown,0.00,Unknown,false,1,59.50,0.0000,true,1,3475
7290006942043,false,רפידת נוחות אנטי בקט,,,רפידת נוחות אנטי בקטריאלית,Unknown,0.00,Unknown,false,1,23.00,0.0000,true,1,3477
7290006942098,false,בולם זעזועים עור,,,בולם זעזועים עור,Unknown,0.00,Unknown,false,1,75.00,0.0000,true,1,6173
7290006942111,false,רפידת אמטומיק אווריר,,,רפידת אמטומיק אוורירי,Unknown,0.00,Unknown,false,1,52.00,0.0000,true,1,9494
7290006942166,false,רפידת לטקס גל,,,רפידת לטקס גל,Unknown,0.00,Unknown,false,1,75.00,0.0000,true,1,24157
7290006960023,false,כרוב כבוש 750 גרם,מאמא מרי,,כרוב כבוש 750 גרם,גרמים,750.00,100 גרם,false,1,19.90,2.6533,true,1,16690
7290006960429,false,כרוב בולגרי כבוש 750,מאמא מרי,,כרוב בולגרי כבוש 750 גרם,גרמים,750.00,100 גרם,false,1,19.90,2.6533,true,1,16691
7290006963093,false,פרילי סוריני בכוכב פ,MIESZKO,,prhkhbho xurhbh fufc ehauy npj 60 dro,Unknown,0.00,Unknown,false,1,12.90,0.0000,true,1,49172
7290006963314,false,עוגת שטולן מייסטר קל,,DE,עוגת שטולן מייסטר קלאסית 750 גרם,גרמים,750.00,100 גרם,false,6,36.90,4.9200,true,1,61802
7290006963321,false,עוגת שטולן מייסטר עם,,DE,עוגת שטולן מייסטר עם מרציפן 750 גרם,גרמים,750.00,100 גרם,false,6,39.90,5.3200,true,1,61803
7290006963413,false,עוגת שטולן מייסטר עם,,DE,עוגת שטולן מייסטר עם חמאה 500 גרם,גרמים,500.00,100 גרם,false,10,34.90,6.9800,true,1,61804
7290006983152,false,קרוטונים מתובלים אסם,עינת,,קרוטונים מתובלים אסם 400 גר,גרמים,400.00,100 גרם,false,1,18.90,4.7250,true,1,4579
7290006983176,false,לחמית שיפון 230 גרם,"אסם תעשיות בע""מ",,לחמית שיפון 230 גרם,גרמים,230.00,100 גרם,false,1,9.50,4.1304,true,1,3797
7290006983206,false,פלאפל בקלי קלות 180,"אסם תעשיות בע""מ",,פלאפל בקלי קלות 180 ג,גרמים,180.00,100 גרם,false,1,10.90,6.0556,true,1,4078
7290006983770,false,עוגת הבית שיש 400 גר,"אסם תעשיות בע""מ",,עוגת הבית שיש 400 גר,גרמים,400.00,100 גרם,false,1,12.90,3.2250,true,1,3783
7290006983787,false,עוגת הבית שוקוציפס 4,"אסם תעשיות בע""מ",,עוגת הבית שוקוציפס 400 גר,גרמים,400.00,100 גרם,false,1,12.90,3.2250,true,1,3724
7290006983794,false,עוגת הבית תפוז 400 ג,"אסם תעשיות בע""מ",,עוגת הבית תפוז 400 גר,גרמים,400.00,100 גרם,false,1,12.90,3.2250,true,1,3725
7290006992161,false,דייסת מטרנה קורנפלור,מטרנה,,דייסת מטרנה קורנפלור 200 גר,גרמים,200.00,100 גרם,false,1,15.90,7.9500,true,1,3660
7290006992185,false,דייסת מטרנה אורז 200,מטרנה,,דייסת מטרנה אורז 200 גר,גרמים,200.00,100 גרם,false,1,15.90,7.9500,true,1,3661
7290006992390,false,דייסת מטרנה וניל 200,מטרנה,,דייסת מטרנה וניל 200 גר,גרמים,200.00,100 גרם,false,1,15.90,7.9500,true,1,4982
7290008000239,false,שטיפה אינטימית פמינה,,,שטיפה אינטימית פמינה עם לחות 220 מל,מיליליטרים,220.00,"100 מ""ל",false,1,26.90,12.2273,true,1,9570
7290008023542,false,נוזל רצפה סיף יסמין,יוניליוור,,נוזל רצפה סיף יסמין  4 ל,ליטרים,4.00,ליטר,false,1,19.90,4.9750,true,1,2652
7290008101318,false,פירורי לחם קריספ זהו,,,פירורי לחם קריספ זהוב 300 גרם,גרמים,300.00,100 גרם,false,20,6.90,2.3000,true,1,60132
7290008101356,false,פירורי לחם קריספ פנק,,,פירורי לחם קריספ פנקו 300 גרם,גרמים,300.00,100 גרם,false,20,9.90,3.3000,true,1,60133
7290008116541,false,נוזל שטיפת פה ליסטרי,,IT,נוזל שטיפת פה ליסטרין מנטה כחול 500מרענן,מיליליטרים,500.00,"100 מ""ל",false,1,19.90,3.9800,true,1,39756
7290008116565,false,נוזל שטיפת פה ליסטרי,,IT,נוזל שטיפת פה ליסטרין פרש ירוק 500מרענן,מיליליטרים,500.00,"100 מ""ל",false,1,19.90,3.9800,true,1,39755
7290008154222,false,שניצלונים עוף טוב 70,עוף טוב,,שניצלונים עוף טוב 700 גר,גרמים,700.00,100 גרם,false,1,21.90,3.1286,true,1,4616
7290008175173,false,חמאה ללא מלח 200גרם,,FI,חמאה ללא מלח 200גרם פינלנד,גרמים,200.00,100 גרם,false,20,11.90,5.9500,true,1,3337
7290008175210,false,גבינת פרמזן מגורדת 9,זנטי,,גבינת פרמזן מגורדת 90 גרם,Unknown,0.00,Unknown,false,1,16.90,0.0000,true,1,3727
7290008190909,false,עוג.מיני קוקיס שוקול,כרמית,,עוג.מיני קוקיס שוקולד ציפס 600 גר,גרמים,600.00,100 גרם,false,1,15.90,2.6500,true,1,4591
7290008233026,false,משחה להברקת כל סוגי,,NL,משחה להברקת כל סוגי המתכות פיק 100גר,גרמים,100.00,100 גרם,false,1,29.90,29.9000,true,1,48807
7290008263214,false,ממרח חרובים אורגני 3,,,ממרח חרובים אורגני 350 ג הרדוף,גרמים,350.00,100 גרם,false,1,19.90,5.6857,true,1,6151
7290008263481,false,פסטה פנה קמח לבן,,,פסטה פנה קמח לבן,גרמים,500.00,100 גרם,false,1,10.90,2.1800,true,1,32812
7290008263498,false,פתיתים פוזילי אורגני,,,פתיתים פוזילי אורגני 500 גר הרדוף,גרמים,500.00,100 גרם,false,1,10.90,2.1800,true,1,32811
7290008263528,false,ממרח שוקולד אגוז אור,,,ממרח שוקולד אגוז אורגני 350 ג הרדוף,גרמים,350.00,100 גרם,false,1,19.90,5.6857,true,1,6150
7290008263535,false,ממרח שוקולד אורגני 3,,,ממרח שוקולד אורגני 350 ג הרדוף,גרמים,350.00,100 גרם,false,1,19.90,5.6857,true,1,32817
7290008263597,false,קוואקר אורגני 500 גר,,,קוואקר אורגני 500 גר הרדוף,גרמים,500.00,100 גרם,false,1,10.90,2.1800,true,1,32810
7290008263641,false,קוואקר עדין אורגני 5,,,קוואקר עדין אורגני 500 גר הרדוף,גרמים,500.00,100 גרם,false,1,10.90,2.1800,true,1,32816
7290008263658,false,חלב סויה אורגני ללא,,,חלב סויה אורגני ללא סוכר 1 ל הרדוף,ליטרים,1.00,ליטר,false,1,11.90,11.9000,true,1,32855
7290008263719,false,טחינה אורגנית 400 גר,,,טחינה אורגנית 400 גר הרדוף,גרמים,400.00,100 גרם,false,1,17.90,4.4750,true,1,4295
7290008263764,false,פסטה פוסילי טריקולו,,,פסטה פוסילי טריקולו 500 ג,גרמים,500.00,100 גרם,false,1,13.90,2.7800,true,1,32814
7290008310000,false,אמפנדס עוף 12יחידות,מאפה של חייקה,IL,אמפנדס עוף 12יחידות 700גר,גרמים,700.00,100 גרם,false,1,46.90,6.7000,true,1,57985
7290008310086,false,בצק לאמפנדס 700 גרם,מאפה של חייקה,,בצק לאמפנדס 700 גרם,גרמים,700.00,100 גרם,false,1,34.90,4.9857,true,1,3649
7290008310406,false,אמפנדס פטריות 12יחיד,מאפה של חייקה,IL,אמפנדס פטריות 12יחידות 700גר,גרמים,700.00,100 גרם,false,1,46.90,6.7000,true,1,57984
7290008310604,false,אמפנדס תירס 12יחידות,מאפה של חייקה,IL,אמפנדס תירס 12יחידות 700גר,גרמים,700.00,100 גרם,false,1,46.90,6.7000,true,1,57987
7290008330107,false,מרכך בדין 4 ליטר סגו,יוניליוור,,מרכך בדין 4 ליטר סגול,ליטרים,4.00,ליטר,false,1,22.90,5.7250,true,1,1622
7290008333115,false,אבקת גלטין טהור מדגי,ויינברג,,אבקת גלטין טהור מדגים 28 ג,גרמים,28.00,100 גרם,false,1,10.90,38.9286,true,1,2204
7290008335515,false,אגרול סיני 600 גרם ש,שלושת האופים,,אגרול סיני 600 גרם שלושת האופים,גרמים,600.00,100 גרם,false,1,12.90,2.1500,true,1,2708
7290008335539,false,פלמיני כיסוני בשר 60,שלושת האופים,,פלמיני כיסוני בשר 600 גרם שלושת האופים,גרמים,600.00,100 גרם,false,1,12.90,2.1500,true,1,2710
7290008335546,false,ורניקי כיסוני תפוא 6,שלושת האופים,,ורניקי כיסוני תפוא 600 גרם שלושת האופים,גרמים,600.00,100 גרם,false,1,12.90,2.1500,true,1,2711
7290008335553,false,קובה בשר 600 גרם שלו,שלושת האופים,,קובה בשר 600 גרם שלושת האופים,גרמים,600.00,100 גרם,false,1,12.90,2.1500,true,1,2709
7290008335560,false,סיגרים בשר 600 גרם ש,שלושת האופים,,סיגרים בשר 600 גרם שלושת האופים,גרמים,600.00,100 גרם,false,1,12.90,2.1500,true,1,2707
7290008335577,false,פסטלים תפוא 600 גרם,שלושת האופים,,פסטלים תפוא 600 גרם שלושת האופים,גרמים,600.00,100 גרם,false,1,12.90,2.1500,true,1,2705
7290008335584,false,סיגרים תפוא 600 גרם,שלושת האופים,,סיגרים תפוא 600 גרם שלושת האופים,גרמים,600.00,100 גרם,false,1,12.90,2.1500,true,1,2706
7290008340618,false,סלמון מעושן 100 גרם,דלידג,,סלמון מעושן 100 גרם,גרמים,100.00,100 גרם,false,1,19.90,19.9000,true,1,3730
7290008343466,false,בצק פילו 500 גרם,שלושת האופים שגמור,,בצק פילו 500 גרם,גרמים,500.00,100 גרם,false,1,20.90,4.1800,true,1,4691
7290008343503,false,גחנון אפוי 650 גרם,אופרה,,גחנון אפוי 650 גרם,גרמים,650.00,100 גרם,false,1,20.90,3.2154,true,1,3903
7290008343510,false,מיני גחנון אפוי 650,שלושת האופים ירכא,,מיני גחנון אפוי 650 גר שלושת האופים,גרמים,650.00,100 גרם,false,1,20.90,3.2154,true,1,3904
7290008345132,false,פילה  הרינג כבוש 240,דלידג,,פילה  הרינג כבוש 240 גרם,גרמים,240.00,100 גרם,false,1,25.90,10.7917,true,1,3239
7290008345156,false,פילה מקרוסקה מעושנת,דלידג,,פילה מקרוסקה מעושנת בואקום במשקל,קילוגרמים,1.00,"ק""ג",true,,129.00,129.0000,true,1,3245
7290008345163,false,מקרל שלם במשקל,דלידג,,מקרל שלם במשקל,קילוגרמים,1.00,"ק""ג",true,,109.00,109.0000,true,1,3244
7290008345170,false,מקרל חצאים במשקל,דלידג,,מקרל חצאים במשקל,קילוגרמים,1.00,"ק""ג",true,,109.00,109.0000,true,1,3243
7290008345576,false,איקרה ביתית לבנה 300,דלידג,,איקרה ביתית לבנה 300 גרם,גרמים,300.00,100 גרם,false,1,21.90,7.3000,true,1,3781
7290008345583,false,איקרה ביתית ורודה 30,דלידג,,איקרה ביתית ורודה 300 גרם,גרמים,300.00,100 גרם,false,1,21.90,7.3000,true,1,3782
7290008347730,false,סלמון מעושן הילטון ב,דלידג,,סלמון מעושן הילטון במשקל,קילוגרמים,1.00,"ק""ג",true,,219.00,219.0000,true,1,7157
7290008348683,false,שום יבש יחידה,,,שום יבש יחידה,Unknown,0.00,Unknown,false,1,6.90,0.0000,true,1,6353
7290008379335,false,גיבן בואקום 500 גר,,,גיבן בואקום 500 גר,גרמים,500.00,100 גרם,false,,34.90,6.9800,true,1,10866
7290008379373,false,גבינת אורגו טבעי 300,,,גבינת אורגו טבעי 300 גר,גרמים,300.00,100 גרם,false,1,27.90,9.3000,true,1,10859
7290008379380,false,גבינת סולוגוני 300 ג,,,גבינת סולוגוני 300 גר,גרמים,300.00,100 גרם,false,1,27.90,9.3000,true,1,10861
7290008379557,false,כדורי בייבי מוצרלה 1,,,כדורי בייבי מוצרלה 150 גר,גרמים,150.00,100 גרם,false,1,13.90,9.2667,true,1,40092
7290008403030,false,גבינת פאווה דאיסיני,איסיני סנט מור,FR,גבינת פאווה דאיסיני במשקל,קילוגרמים,1.00,"ק""ג",true,,179.00,179.0000,true,1,17643
7290008403054,false,גבינת סנט פולאן במשק,איזיניסטמר,,גבינת סנט פולאן במשקל,קילוגרמים,1.00,"ק""ג",true,,179.00,179.0000,true,1,17644
7290008403085,false,גבינת טום מוניטיין ע,זולנפוב,,גבינת טום מוניטיין עיזים במשרל,קילוגרמים,1.00,"ק""ג",true,,199.00,199.0000,true,1,17647
7290008403191,false,גבינת קשקבל בשלה במש,,,גבינת קשקבל בשלה במשקל,קילוגרמים,1.00,"ק""ג",true,,109.00,109.0000,true,1,18263
7290008403238,false,גבינת ברי איסיני במש,איסיני סנט מור,,גבינת ברי איסיני במשקל,קילוגרמים,1.00,"ק""ג",true,,129.00,129.0000,true,1,21758
7290008403443,false,גבינת קברה במשקל,סאן ויסנצה,,גבינת קברה במשקל,קילוגרמים,1.00,"ק""ג",true,,189.00,189.0000,true,1,25157
7290008403450,false,גבינת מנצגו במשקל,סאן ויסנצה,,גבינת מנצגו במשקל,קילוגרמים,1.00,"ק""ג",true,,189.00,189.0000,true,1,25156
7290008403535,false,גבינת פרימדונה במשקל,,,גבינת פרימדונה במשקל חצי גלגל,קילוגרמים,1.00,"ק""ג",true,,189.00,189.0000,true,1,36267
7290008403771,false,גבינת פלור דה אלפס ב,מלוסין,CH,גבינת פלור דה אלפס במשקל שוויץ,קילוגרמים,1.00,"ק""ג",true,,219.00,219.0000,true,1,41671
7290008403788,false,גבינת פורמזה דה פינו,,CH,גבינת פורמזה דה פינואה במשקל,קילוגרמים,1.00,"ק""ג",true,,149.00,149.0000,true,1,41673
7290008403849,false,גבינת אולד רוטרדם עז,הנרי בליך,NL,גבינת אולד רוטרדם עזים במשקל חצי גלגל,קילוגרמים,1.00,"ק""ג",true,,179.00,179.0000,true,1,41677
7290008408073,false,מים מזוקקים 4 ליטר,י.שיאון,,מים מזוקקים 4 ליטר,ליטרים,4.00,ליטר,false,1,14.90,3.7250,true,1,21628
7290008409049,false,שניצלונים מיני מיני,תנובה גליל,,שניצלונים מיני מיני  בציפוי שומשום 500גר,גרמים,500.00,100 גרם,false,1,29.90,5.9800,true,1,12890
7290008409100,false,אצבעות שניצל בציפוי,תנובה גליל,,אצבעות שניצל בציפוי שומשום 700 ג,גרמים,700.00,100 גרם,false,1,36.90,5.2714,true,1,4974
7290008409124,false,שניצל עוף גונגל 700,תנובה גליל,,שניצל עוף גונגל 700 ג,גרמים,700.00,100 גרם,false,1,36.90,5.2714,true,1,5013
7290008409216,false,שניצל דק דק פריך 700,תנובה גליל,,שניצל דק דק פריך 700 גר,גרמים,700.00,100 גרם,false,1,32.90,4.7000,true,1,8411
7290008409223,false,שניצל דק דק מתובל 70,תנובה גליל,,שניצל דק דק מתובל 700 גר,גרמים,700.00,100 גרם,false,1,32.90,4.7000,true,1,8726
7290008409315,false,שניצלונים מיני מיני,תנובה גליל,,שניצלונים מיני מיני בציפוי פריך 500ג,גרמים,500.00,100 גרם,false,1,29.90,5.9800,true,1,3726
7290008409377,false,מאמא עוף פרגיות 300,תנובה גליל,,מאמא עוף פרגיות 300 גרם,גרמים,300.00,100 גרם,false,1,38.90,12.9667,true,1,3275
7290008409407,false,שניצל דק בציפוי ציפס,תנובה גליל,,שניצל דק בציפוי ציפס 700 גר,קילוגרמים,700.00,"ק""ג",false,1,32.90,0.0470,true,1,3225
7290008409452,false,מאמא עוף שישליק עוף,תנובה גליל,,מאמא עוף שישליק עוף טרי 400 גרם,גרמים,400.00,100 גרם,false,1,38.90,9.7250,true,1,2353
7290008409476,false,מאמא עוף קציצות עוף,תנובה גליל,,מאמא עוף קציצות עוף טרי 480 גרם,גרמים,480.00,100 גרם,false,1,27.50,5.7292,true,1,2242
7290008409544,false,שניצל עוף אמיתי פריך,תנובה גליל,,שניצל עוף אמיתי פריך 700 גרם,גרמים,700.00,100 גרם,false,1,45.00,6.4286,true,1,2666
7290008409551,false,שניצל עוף אמיתי מעוד,תנובה גליל,,שניצל עוף אמיתי מעודן 700 גרם,גרמים,700.00,100 גרם,false,1,45.00,6.4286,true,1,2667
7290008409568,false,שניצל עוף אמיתי שבבי,תנובה גליל,,שניצל עוף אמיתי שבבי ציפס 700 גרם,גרמים,700.00,100 גרם,false,1,45.00,6.4286,true,1,2669
7290008409582,false,שניצל עוף אמיתי ביתי,תנובה גליל,,שניצל עוף אמיתי ביתי 700 גרם,גרמים,700.00,100 גרם,false,1,45.00,6.4286,true,1,2668
7290008409605,false,כוכבי עוף מעודן 700,תנובה גליל,,כוכבי עוף מעודן 700 גרם,גרמים,700.00,100 גרם,false,1,36.90,5.2714,true,1,2671
7290008415071,false,סלט חומוס עם טחינה צ,צבר,,סלט חומוס עם טחינה צבר 150 גר,גרמים,150.00,100 גרם,false,1,5.40,3.6000,true,1,2746
7290008415514,false,סלט חומוס עם חריף צב,צבר,,סלט חומוס עם חריף צבר 150 גר,גרמים,150.00,100 גרם,false,1,5.40,3.6000,true,1,2990
7290008425094,false,יוגורט ביו טבעי אורג,,IL,יוגורט ביו טבעי אורגני 1ליטר נאות סמדר,ליטרים,1.00,ליטר,false,6,29.90,29.9000,true,1,60059
7290008425100,false,יוגורט ביו טבעי אורג,,IL,יוגורט ביו טבעי אורגני 500מל נאות סמדר,מיליליטרים,500.00,"100 מ""ל",false,6,16.90,3.3800,true,1,60039
7290008443616,false,נקה 7 מרכך 750 מל יב,,,נקה 7 מרכך 750 מל יבש,מיליליטרים,750.00,"100 מ""ל",false,1,12.90,1.7200,true,1,3584
7290008461047,false,גבינת ברי לה רוסטיק,בונגראן,,גבינת ברי לה רוסטיק במשקל,קילוגרמים,1.00,"ק""ג",true,,149.00,149.0000,true,1,7
7290008461177,false,גבינת חלומי צאן 200ג,פאוויוס,,גבינת חלומי צאן 200גר קפריסין,גרמים,200.00,100 גרם,false,1,17.90,8.9500,true,1,2306
7290008461221,false,סרדין רוברט בשמן חמנ,קונסוורס,,סרדין רוברט בשמן חמניות 115 גר,גרמים,115.00,100 גרם,false,1,7.50,6.5217,true,1,2636
7290008461238,false,סרדין רוברט בשמן חמנ,קונסוורס,,סרדין רוברט בשמן חמניות חריף 115 גר,גרמים,115.00,100 גרם,false,1,7.50,6.5217,true,1,2755
7290008461283,false,גבינת טריפל צדר 200,שבינגטון,,גבינת טריפל צדר 200 גר,גרמים,200.00,100 גרם,false,1,19.90,9.9500,true,1,27268
7290008462204,false,חרדל מאילי דיזון מקו,מיילי,,חרדל מאילי דיזון מקורי 380 גר,גרמים,380.00,100 גרם,false,1,12.90,3.3947,true,1,3380
7290008462259,false,חרדל מאילי דיזון גרג,מיילי,,חרדל מאילי דיזון גרגירים 380 גר,גרמים,380.00,100 גרם,false,1,14.90,3.9211,true,1,3381
7290008462310,false,גבינת סנט מור עיזים,אוריאל,,גבינת סנט מור עיזים טבעית במשקל,קילוגרמים,1.00,"ק""ג",true,,149.00,149.0000,true,1,4886
7290008463966,false,עוגה בטעם דבש אנטיקב,,,עוגה בטעם דבש אנטיקביץ400 גרם,גרמים,400.00,100 גרם,false,1,11.90,2.9750,true,1,48352
7290008464017,false,שישיית משקה דיאט סבן,,,שישיית משקה דיאט סבן אפ 1.5 ל,ליטרים,9.00,ליטר,false,1,38.10,4.2333,true,1,3693
7290008464024,false,בירה גולדסטאר לא מסו,,,בירה גולדסטאר לא מסונן פח 500 מל פיקדון,מיליליטרים,500.00,"100 מ""ל",false,1,10.00,2.0000,true,1,16077
7290008464130,false,מארז 6יח גולדסטאר לא,,,מארז 6יח גולדסטאר לא מסונןבק330מל פיקדון,ליטרים,1.98,ליטר,false,1,34.90,17.6263,true,1,13680
7290008464468,false,בירה גולדסטאר פחית 5,,,בירה גולדסטאר פחית 500מל פיקדון,מיליליטרים,500.00,"100 מ""ל",false,1,10.00,2.0000,true,1,1520
7290008464505,false,סן בנדטו 500 מל פקדו,,,סן בנדטו 500 מל פקדון,מיליליטרים,500.00,"100 מ""ל",false,1,5.00,1.0000,true,1,3707
7290008464604,false,בירה היינקן פחית 500,,,בירה היינקן פחית 500 מל פיקדון,מיליליטרים,500.00,"100 מ""ל",false,1,11.90,2.3800,true,1,1366
7290008464673,false,בירה גולדסטאר סלו בר,,,בירה גולדסטאר סלו ברו 500מל פח 10% אלכוה,מיליליטרים,500.00,"100 מ""ל",false,1,10.00,2.0000,true,1,39895
7290008464697,false,מארז 6יח בירה מכבי 7,,,מארז 6יח בירה מכבי 7.9% בק 330 מל פיקדון,ליטרים,1.98,ליטר,false,1,34.90,17.6263,true,1,17778
7290008464734,false,מארז 6יח גולדסטאר סל,,IL,מארז 6יח גולדסטאר סלוו בירבק330מל פיקדון,ליטרים,1.98,ליטר,false,1,36.90,18.6364,true,1,1042
7290008464741,false,מארז 6יח בירה גולדסט,,,מארז 6יח בירה גולדסטאר בק330 מל פיקדון,ליטרים,1.98,ליטר,false,1,34.90,17.6263,true,1,1518
7290008464796,false,מארז 6יח בירה היינקן,,,מארז 6יח בירה היינקן בק330מל פיקדון,ליטרים,1.98,ליטר,false,1,32.90,16.6162,true,1,1365
7290008464857,false,מארז 4 יח סודה אננס,,IL,מארז 4 יח סודה אננס 1.5ליטר טמפו,ליטרים,6.00,ליטר,false,1,9.90,1.6500,true,1,40178
7290008464864,false,מארז 4 יח סודה פירות,,IL,מארז 4 יח סודה פירות יער 1.5ליטר טמפו,ליטרים,6.00,ליטר,false,1,9.90,1.6500,true,1,40177
7290008493413,false,פרורי גריסיני 200 גר,,,פרורי גריסיני 200 גרם,גרמים,200.00,100 גרם,false,1,6.90,3.4500,true,1,6618
7290008493710,false,פרורי גריסיני זהב 20,,,פרורי גריסיני זהב 200 גר,גרמים,200.00,100 גרם,false,1,6.90,3.4500,true,1,18330
7290008498203,false,גבינת מונטשגו 12 חוד,,,גבינת מונטשגו 12 חודשים ספרד שקיל,קילוגרמים,1.00,"ק""ג",true,,180.00,180.0000,true,1,47232
7290008498210,false,גבינת כבשים פטריות כ,,,גבינת כבשים פטריות כמהין במשקל,קילוגרמים,1.00,"ק""ג",true,,250.00,250.0000,true,1,47196
7290008498234,false,גבינת עיזים ביין במש,,,גבינת עיזים ביין במשקל ספרד,קילוגרמים,1.00,"ק""ג",true,,169.00,169.0000,true,1,47235
7290008498333,false,גבינת כבשים עם כמהין,,ES,גבינת כבשים עם כמהין לבנות במשקל ספרד,קילוגרמים,1.00,"ק""ג",true,,199.00,199.0000,true,1,60787
7290008498364,false,גבינת כבשים עם חלפינ,,ES,גבינת כבשים עם חלפיניו במשקל ספרד,קילוגרמים,1.00,"ק""ג",true,,199.00,199.0000,true,1,60786
7290008498432,false,גבינת קומטה במשקל צר,,FR,גבינת קומטה במשקל צרפת,קילוגרמים,1.00,"ק""ג",true,,199.00,199.0000,true,1,47208
7290008498463,false,גבינת פרובלונה גדול,,,גבינת פרובלונה גדול במשקל איטליה,קילוגרמים,1.00,"ק""ג",true,,149.00,149.0000,true,1,47199
7290008498531,false,גבינת גאודה עיזים כמ,,NL,גבינת גאודה עיזים כמהין במשקל הולנד אוספ,קילוגרמים,1.00,"ק""ג",true,,249.00,249.0000,true,1,47201
7290008498562,false,גבינת גרוגונזולה פיק,,,גבינת גרוגונזולה פיקנטי במשקל,קילוגרמים,1.00,"ק""ג",true,,189.00,189.0000,true,1,47234
7290008498685,false,גבינת גרוייר שוויצרי,,CH,גבינת גרוייר שוויצרית 1655 במשקל שוויץ,קילוגרמים,1.00,"ק""ג",true,,249.00,249.0000,true,1,47204
7290008498739,false,גבינת דליס דה בורגון,,,גבינת דליס דה בורגון צרפת במשקל,קילוגרמים,1.00,"ק""ג",true,,169.00,169.0000,true,1,47225
7290008498746,false,גבינת ברי צרפת במשקל,,,גבינת ברי צרפת במשקל,קילוגרמים,1.00,"ק""ג",true,,129.00,129.0000,true,1,47212
7290008498753,false,גבינת בושה במשקל,,,גבינת בושה במשקל,קילוגרמים,1.00,"ק""ג",true,,139.00,139.0000,true,1,47217
7290008498845,false,גבינת גאודה עיזים במ,,,גבינת גאודה עיזים במשקל 16% הולנד,קילוגרמים,1.00,"ק""ג",true,,169.00,169.0000,true,1,47233
7290008498883,false,גבינת גאודה עם צילי,,,גבינת גאודה עם צילי במשקל,קילוגרמים,1.00,"ק""ג",true,,119.00,119.0000,true,1,47223
7290008498913,false,גבינת לנדנה רוסו עיז,,,גבינת לנדנה רוסו עיזים ביין לבן במשקל,קילוגרמים,1.00,"ק""ג",true,,189.00,189.0000,true,1,47224
7290008498944,false,גבינת גאודה קרמלה במ,,NL,גבינת גאודה קרמלה במשקל הולנד אוספיר,קילוגרמים,1.00,"ק""ג",true,,169.00,169.0000,true,1,47210
7290008498951,false,גבינת גאודה מייפל וו,,NL,גבינת גאודה מייפל וויסקי במשקל הולנד,קילוגרמים,1.00,"ק""ג",true,,169.00,169.0000,true,1,47209
7290008500531,false,ערכת יום הולדת פילסב,ג'נרל מילס,DE,ערכת יום הולדת פילסברי 525 גרם,גרמים,525.00,100 גרם,false,12,19.90,3.7905,true,1,58074
7290008606028,false,גבינת גאודה הולנדי ב,,NL,גבינת גאודה הולנדי בקר במשקל וואן,קילוגרמים,1.00,"ק""ג",true,,69.00,69.0000,true,1,49482
7290008606035,false,גבינת גאודה עיזים הו,,NL,גבינת גאודה עיזים הולנדי במשקל,קילוגרמים,1.00,"ק""ג",true,,119.00,119.0000,true,1,49483
7290008606059,false,גבינת גאודה מתובלת ב,,NL,גבינת גאודה מתובלת במשקל הולנד,קילוגרמים,1.00,"ק""ג",true,,109.00,109.0000,true,1,49485
7290008606332,false,גבינת ברי במשקל,,,גבינת ברי במשקל,קילוגרמים,1.00,"ק""ג",true,,89.00,89.0000,true,1,50176
7290008609531,false,נייר אפיה 50 יח,,,נייר אפיה 50 יח           פאלאס,יחידה,50.00,יחידה,false,1,8.90,0.1780,true,1,19067
7290008634045,false,אגד מדבק שקוף/צבעוני,,,אגד מדבק שקוף/צבעוני 30יח סאני פלסטר,יחידה,30.00,יחידה,false,36,5.90,0.1967,true,1,39171
7290008634267,false,זוג ספוג מתכת בבליסט,יוניסן,CN,זוג ספוג מתכת בבליסטר כסף וזהב,יחידה,2.00,יחידה,false,24,5.90,2.9500,true,1,34582
7290008634564,false,ספוג רחצה רך 3 יחידו,הוסטס,BG,ספוג רחצה רך 3 יחידות,יחידה,3.00,יחידה,false,20,7.90,2.6333,true,1,34584
7290008644235,false,אחלה מבחר עלי בייבי,,,אחלה מבחר עלי בייבי 120 ג,גרמים,120.00,100 גרם,false,1,10.00,8.3333,true,1,3434
7290008644839,false,אחלה טבע חסה 300 גרם,,,אחלה טבע חסה 250 גרם,גרמים,300.00,100 גרם,false,1,10.00,3.3333,true,1,3433
7290008644945,false,סלט המושבה 450 גרם,,,סלט המושבה 450 גרם,גרמים,450.00,100 גרם,false,1,12.00,2.6667,true,1,3470
7290008670005,false,יין רקאנטי שרדונה גל,,,יין רקאנטי שרדונה 750 מל פקדון,מיליליטרים,750.00,"100 מ""ל",false,1,60.00,8.0000,true,1,137
7290008670142,false,יין רקאנטי יסמין אדו,,,יין רקאנטי יסמין אדום 750 מל פקדון,מיליליטרים,750.00,"100 מ""ל",false,1,45.00,6.0000,true,1,3684
7290008670159,false,יין רקאנטי יסמין לבן,,,יין רקאנטי יסמין לבן 750 מל פקדון,מיליליטרים,750.00,"100 מ""ל",false,1,45.00,6.0000,true,1,3685
7290008670302,false,יין רקאנטי  ק.ס.רזרב,רקנאטי,,יין רקנאטי ק.ס.רזרב 2010 750 פקדון,מיליליטרים,750.00,"100 מ""ל",false,1,85.00,11.3333,true,1,6168
7290008670388,false,יין רקנאטי 2007 רוזה,,,יין רקנאטי 2007 רוזה 750 פקדון,מיליליטרים,750.00,"100 מ""ל",false,1,70.00,9.3333,true,1,6169
7290008670630,false,יין רקאנטי רזרב סירה,,,יין רקאנטי רזרב סירה-ויונייה 2011 פקדון,מיליליטרים,750.00,"100 מ""ל",false,1,130.00,17.3333,true,1,11966
7290008670678,false,יין רקנאטי רזרב מרלו,רקנאטי,,יין רקנאטי רזרב מרלו 2010 750 מל פקדון,מיליליטרים,750.00,"100 מ""ל",false,1,85.00,11.3333,true,1,13276
7290008670852,false,יין רקנאטי יונתן אדו,רקנאטי,,יין רקנאטי יונתן אדום 2016 750 מל,מיליליטרים,750.00,"100 מ""ל",false,1,45.00,6.0000,true,1,27130
7290008670869,false,יין רקנאטי יונתן לבן,רקנאטי,,יין רקנאטי יונתן לבן 2016 750 מל,מיליליטרים,750.00,"100 מ""ל",false,1,45.00,6.0000,true,1,27126
7290008670876,false,יין רקנאטי פרנץ בלנד,רקנאטי,IL,יין רקנאטי פרנץ בלנד 750 מל,מיליליטרים,750.00,"100 מ""ל",false,1,75.00,10.0000,true,1,42967
7290008670913,false,יין רקאנטי קברנה סוב,רקנאטי,IL,יין רקאנטי קברנה סוביניון 2017 750 מל,מיליליטרים,750.00,"100 מ""ל",false,1,60.00,8.0000,true,1,34687
7290008670920,false,יין רקאנטי מרלו 2017,,,יין רקאנטי מרלו 2017 750 מל פקדון,מיליליטרים,750.00,"100 מ""ל",false,1,60.00,8.0000,true,1,35619
7290008670937,false,יין רקנאטי שיראז 750,,,יין רקנאטי שיראז 750 מל 2017,מיליליטרים,750.00,"100 מ""ל",false,1,60.00,8.0000,true,1,36024
7290008679428,false,כפפות הנדי לבית בינו,,,כפפות הנדי לבית בינוני,Unknown,0.00,Unknown,false,1,6.90,0.0000,true,1,2540
7290008679459,false,כפפות הנדי רגישות במ,,,כפפות הנדי רגישות במיוחד בינוני,Unknown,0.00,Unknown,false,1,8.50,0.0000,true,1,2537
7290008690713,false,משקה חמוציות אושן ספ,פריגת,,משקה חמוציות אושן ספריי 1 ל פקדון,ליטרים,1.00,ליטר,false,1,12.70,12.7000,true,1,3219
7290008693134,false,דניאלה תות 100 גרם,,,דניאלה תות 100 גרם,גרמים,100.00,100 גרם,false,1,4.50,4.5000,true,1,2060
7290008745239,false,תפוציפס טבעי 50 גרם,STRAUSS-ISRAEL,,תפוציפס טבעי 50 גרם,Unknown,0.00,Unknown,false,1,4.30,0.0000,true,1,2213
7290008747431,false,שוקולד פרה במילוי תו,,,שוקולד פרה במילוי תות 50 גר,גרמים,50.00,100 גרם,false,1,5.00,10.0000,true,1,2167
7290008747547,false,חטיף תפוציפס אקסטרא,STRAUSS-ISRAEL,,חטיף תפוציפס אקסטרא טבעי 200 גרם,גרמים,200.00,100 גרם,false,1,11.00,5.5000,true,1,2214
7290008749343,false,וופל שחור לבן 400 גר,,,וופל שחור לבן 400 גרם,גרמים,400.00,100 גרם,false,1,16.00,4.0000,true,1,2957
7290008750264,false,מסטיק מאסט דובדבן 28,,,מסטיק מאסט דובדבן 28 גרם,גרמים,28.00,100 גרם,false,1,5.00,17.8571,true,1,2637
7290008750400,false,שוקולד פרה לבן עם עו,,IL,שוקולד פרה לבן עם עוגיות 100 גר,גרמים,100.00,100 גרם,false,1,5.90,5.9000,true,1,2638
7290008750677,false,שוקולד פרה תות 100 ג,,IL,שוקולד פרה תות 100 גר מגדים,גרמים,100.00,100 גרם,false,1,5.90,5.9000,true,1,4454
7290008752244,false,תפוציפס אקסטרא גריל,STRAUSS-ISRAEL,,תפוציפס אקסטרא גריל 50 גרם,Unknown,0.00,Unknown,false,1,4.30,0.0000,true,1,3261
7290008753111,false,תפוציפס מקסיקני 50 ג,STRAUSS-ISRAEL,,תפוציפס מקסיקני 50 גרם,גרמים,50.00,100 גרם,false,1,4.30,8.6000,true,1,3478
7290008754415,false,מסטיק מאסט מנטה עדים,,,מסטיק מאסט מנטה עדים ספירמנט ל.ל,Unknown,0.00,Unknown,false,1,5.00,0.0000,true,1,5614
7290008754422,false,מסטיק מאסט מנטה קלאס,,,מסטיק מאסט מנטה קלאסי 28 גר,גרמים,28.00,100 גרם,false,1,5.00,17.8571,true,1,5615
7290008757003,false,שוופס גינגר 250 מל פ,,,שוופס גינגר 250 מל פקדון,מיליליטרים,250.00,"100 מ""ל",false,1,5.90,2.3600,true,1,5217
7290008757010,false,משקה שוופס ביטר 250,,,משקה שוופס ביטר 250 מל פיקדון,מיליליטרים,250.00,"100 מ""ל",false,1,5.90,2.3600,true,1,5218
7290008757027,false,משקה שוופס מי טוניק,,,משקה שוופס מי טוניק 250 מל פיקדון,מיליליטרים,250.00,"100 מ""ל",false,1,5.90,2.3600,true,1,5219
7290008757034,false,שוופס סודה 250 מל פי,יפאורה,,שוופס סודה 250 מל פיקדון,מיליליטרים,250.00,"100 מ""ל",false,1,3.90,1.5600,true,1,4587
7290008757980,false,נקטר ספרינג רימונים,יפאורה,,נקטר ספרינג רימונים 1 ל בקרטון,ליטרים,1.00,ליטר,false,1,7.50,7.5000,true,1,5021
7290008775816,false,ערגליות שוקו 300 גרם,"אסם תעשיות בע""מ",,ערגליות שוקו 300 גרם,גרמים,300.00,100 גרם,false,1,10.90,3.6333,true,1,2246
7290008775823,false,ערגליות תות 300 גרם,"אסם תעשיות בע""מ",,ערגליות תות 300 גרם,גרמים,300.00,100 גרם,false,1,10.90,3.6333,true,1,2247
7290008775892,false,פסטה פרפקטו לינגווינ,זארה,,פסטה פרפקטו לינגוויני 500 גרם,גרמים,500.00,100 גרם,false,1,7.50,1.5000,true,1,2582
7290008801010,false,יין קברנה/מרלו פי.סי,כרמל מזרחי,,""" יין קברנה/מרלו פי.סי 750 מל",מיליליטרים,750.00,"100 מ""ל",false,1,45.00,6.0000,true,1,374
7290008801089,false,יין קברנה סוביניון P,,,יין קברנה סוביניון P.C 375 מל פקדון,מיליליטרים,375.00,"100 מ""ל",false,1,25.00,6.6667,true,1,40399
7290008801157,false,יין סלקטד מרלו 750 מ,כרמל מזרחי,,""" יין סלקטד מרלו 750 מל",מיליליטרים,750.00,"100 מ""ל",false,1,35.00,4.6667,true,1,789
7290008801430,false,מיץ ענבים תירוש אדום,כרמל מזרחי,,יין ענבים תירוש אדום 750 מל פיקדון,מיליליטרים,750.00,"100 מ""ל",false,1,16.90,2.2533,true,1,1126
7290008801461,false,יין הנצחון 750 מל פק,כרמל מזרחי,,יין הנצחון 750 מל פקדון,מיליליטרים,750.00,"100 מ""ל",false,1,25.00,3.3333,true,1,1123
7290008801522,false,יין קונקורד קינג דוי,כרמל מזרחי,,יין קונקורד קינג דויד 750 מל,מיליליטרים,750.00,"100 מ""ל",false,1,25.00,3.3333,true,1,416
7290008801539,false,יין כרמל קינג דיויד,,,יין כרמל קינג דיויד 750 מל,מיליליטרים,750.00,"100 מ""ל",false,1,25.00,3.3333,true,1,1178
7290008801546,false,יין מוסקט מתוק ק.דיו,,,""" יין מוסקט מתוק ק.דיויד 750 מל",מיליליטרים,750.00,"100 מ""ל",false,1,25.00,3.3333,true,1,1073
7290008801843,false,יין סלקטד קברנה סובנ,כרמל מזרחי,,""" יין סלקטד קברנה סובניון 750 מל",מיליליטרים,750.00,"100 מ""ל",false,1,35.00,4.6667,true,1,2033
7290008801850,false,יין סלקטד אמרלד ריזל,כרמל מזרחי,,""" יין סלקטד אמרלד ריזלינג 750 מל",מיליליטרים,750.00,"100 מ""ל",false,1,35.00,4.6667,true,1,1577
7290008802291,false,יין מרלו פי.סי 750 מ,כרמל מזרחי,,""" יין מרלו פי.סי 750 מל פקדון",מיליליטרים,750.00,"100 מ""ל",false,1,45.00,6.0000,true,1,2036
7290008802512,false,יין וינו אדום יבש 75,כרמל מזרחי,IL,""" יין וינו אדום יבש 750 מל",מיליליטרים,750.00,"100 מ""ל",false,12,25.00,3.3333,true,1,2340
7290008802529,false,יין וינו לבן יבש 750,,,יין וינו לבן יבש 750 מל פקדון,מיליליטרים,750.00,"100 מ""ל",false,1,25.00,3.3333,true,1,2341
7290008802895,false,יין קברנה סובניון פי,כרמל מזרחי,,""" יין קברנה סובניון פי.סי 750 מל",מיליליטרים,750.00,"100 מ""ל",false,1,45.00,6.0000,true,1,2108
7290008803090,false,יין מרלו גליל עליון,כרמל מזרחי,,""" יין מרלו גליל עליון 750 מל",מיליליטרים,750.00,"100 מ""ל",false,1,60.00,8.0000,true,1,2223
7290008804189,false,יין ק.סוביניון גליל,כרמל מזרחי,IL,""" יין ק.סוביניון גליל עליון 750מל",מיליליטרים,750.00,"100 מ""ל",false,12,60.00,8.0000,true,1,5019
7290008804332,false,יין שיראז פי.סי 750,כרמל מזרחי,,""" יין שיראז פי.סי 750 מל פקדון",מיליליטרים,750.00,"100 מ""ל",false,1,45.00,6.0000,true,1,5716
7290008804745,false,יין גוורצטרמינר ס.אז,,,יין גוורצטרמינר ס.אזורית 750מל פקדון,מיליליטרים,750.00,"100 מ""ל",false,1,60.00,8.0000,true,1,7331
7290008805520,false,יין סלקטד קברנה/מרלו,כרמל מזרחי,,""" יין סלקטד קברנה/מרלו 750 מל",מיליליטרים,750.00,"100 מ""ל",false,1,35.00,4.6667,true,1,5376
7290008805964,false,יין קברנה שירז גליל,,,יין קברנה שירז גליל עליון 750 מל,מיליליטרים,750.00,"100 מ""ל",false,1,60.00,8.0000,true,1,5688
7290008806961,false,גל.קרמיסימו שוקולד פ,"גלידת שטראוס בע""מ",,גל.קרמיסימו שוקולד פרה 1.33 ל,ליטרים,1.33,ליטר,false,1,22.90,17.2180,true,1,3609
7290008806985,false,גלידונית וניל מצופה,"גלידת שטראוס בע""מ",,גלידונית וניל מצופה 60 יח,גרמים,630.00,100 גרם,false,1,44.90,7.1270,true,1,3611
7290008846219,false,שמן זית חלוצה כתית מ,חלוצה,,שמן זית חלוצה כתית מעולה 750 מל,מיליליטרים,750.00,"100 מ""ל",false,1,39.90,5.3200,true,1,2293
7290008846332,false,שמן זית חלוצה 3 ל,חלוצה,,שמן זית חלוצה 3 ל,ליטרים,3.00,ליטר,false,1,145.00,48.3333,true,1,13450
7290008849470,false,ממרח פלפל צומה 185 ג,,,ממרח פלפל צומה 185 ג אוליביה,גרמים,185.00,100 גרם,false,1,13.90,7.5135,true,1,3205
7290008849586,false,רוטב ריבת בצל אוליבי,,,רוטב אוליביה עוף בצל 310 גר,גרמים,310.00,100 גרם,false,1,12.90,4.1613,true,1,2896
7290008849661,false,ממרח עגבניות מיובשות,תנובה ב.ע.ד,IL,ממרח עגבניות מיובשות פיקנטי 180ג אוליביה,גרמים,180.00,100 גרם,false,6,12.90,7.1667,true,1,37566
7290008849739,false,רוטב סויה קלאסית 290,,,רוטב סויה קלאסית 290 מל אוליביה,מיליליטרים,290.00,"100 מ""ל",false,1,12.90,4.4483,true,1,3366
7290008849753,false,רוטב אוליביה טריאקי,,,רוטב אוליביה טריאקי עשיר 290 מל,מיליליטרים,290.00,"100 מ""ל",false,1,12.90,4.4483,true,1,3367
7290008849777,false,רוטב אוליביה צילי מת,,,רוטב אוליביה צילי מתוק 290 מל,מיליליטרים,290.00,"100 מ""ל",false,1,12.90,4.4483,true,1,3369
7290008849838,false,טפנד זיתים 180גרם או,תנובה ב.ע.ד,IL,טפנד זיתים 180גרם אוליביה,גרמים,180.00,100 גרם,false,6,12.90,7.1667,true,1,37565
7290008849845,false,אריסה פיקנטית 180גרם,תנובה ב.ע.ד,IL,אריסה פיקנטית 180גרם אוליביה,גרמים,180.00,100 גרם,false,6,12.90,7.1667,true,1,37567
7290008863001,false,עוגת גינגי עם ציפוי,קונדיטוריה וולפסון,IL,עוגת גינגי עם ציפוי פירורים 450גר,גרמים,450.00,100 גרם,false,1,34.90,7.7556,true,1,11004
7290008863063,false,עוגיות ריבת חלב 600ג,קונדיטוריה וולפסון,IL,עוגיות ריבת חלב 600גרם,גרמים,600.00,100 גרם,false,1,44.90,7.4833,true,1,11009
7290008863070,false,אקלר ממולא קרם חמאה,קונדיטוריה וולפסון,,אקלר ממולא קרם חמאה 350 גר,גרמים,350.00,100 גרם,false,1,24.90,7.1143,true,1,11011
7290008863087,false,עוגיות נשיקות 130 גר,קונדיטוריה וולפסון,,עוגיות נשיקות 130 גר,גרמים,130.00,100 גרם,false,1,19.90,15.3077,true,1,11010
7290008863117,false,עוגת אריסטוקרט 380גר,קונדיטוריה וולפסון,IL,עוגת אריסטוקרט 380גרם,גרמים,380.00,100 גרם,false,1,34.90,9.1842,true,1,11008
7290008866040,false,גבינת ברי עיזים במשק,,,גבינת ברי עיזים במשקל,קילוגרמים,1.00,"ק""ג",true,,119.00,119.0000,true,1,56618
7290008909761,false,בירה קרלסברג 330מל ב,קרלסברג ישראל,,בירה קרלסברג 330מל בק. פקדון,מיליליטרים,330.00,"100 מ""ל",false,1,8.90,2.6970,true,1,50731
7290008909877,false,מארז 6 יח קוקה קולה,קוקה קולה,,מארז 6 יח קוקה קולה זירו 1.5 ל,ליטרים,9.00,ליטר,false,1,46.10,5.1222,true,1,7244
7290008921022,false,יין פרנץ ריזלינג 750,,,יין פרנץ ריזלינג 750מל  פיקדון,מיליליטרים,750.00,"100 מ""ל",false,1,40.00,5.3333,true,1,2543
7290008921053,false,יין אדום סגול 750 מל,,,יין אדום סגול 750 מל,מיליליטרים,750.00,"100 מ""ל",false,1,40.00,5.3333,true,1,35876
7290008921077,false,יין תשבי מלבק 750 מל,יקב התשבי,IL,יין תשבי מלבק 750 מל,מיליליטרים,750.00,"100 מ""ל",false,12,45.00,6.0000,true,1,44346
7290008921084,false,יין תשבי רובי קברנה,,,יין תשבי רובי קברנה 750מל,מיליליטרים,750.00,"100 מ""ל",false,1,45.00,6.0000,true,1,51094
7290008921121,false,יין תשבי סוביניון בל,,,יין תשבי סוביניון בלאן 750 מל,מיליליטרים,750.00,"100 מ""ל",false,1,45.00,6.0000,true,1,39809
7290008921169,false,יין תשבי קברנה סובינ,,,יין תשבי קברנה סוביניון 750מל פקד,מיליליטרים,750.00,"100 מ""ל",false,1,45.00,6.0000,true,1,2665
7290008921176,false,יין תשבי מרלו 750 מל,,,יין תשבי מרלו 750 מל פקדון,מיליליטרים,750.00,"100 מ""ל",false,1,45.00,6.0000,true,1,2544
7290008921213,false,יין ויוניה לבן 2015,,,יין ויוניה לבן 2015 תשבי 750מל פקדון,מיליליטרים,750.00,"100 מ""ל",false,1,60.00,8.0000,true,1,6749
7290008921251,false,יין קברנה פרנק 750 מ,,,יין קברנה פרנק 750 מל,מיליליטרים,750.00,"100 מ""ל",false,1,45.00,6.0000,true,1,17484
7290008921268,false,יין תישבי קברנה פרנק,,,יין תישבי קברנה פרנק 2012 750 מל,מיליליטרים,750.00,"100 מ""ל",false,1,100.00,13.3333,true,1,20674
7290008921275,false,יין תשבי שיראז 750 מ,,,יין תשבי שיראז 750 מל פקדון,מיליליטרים,750.00,"100 מ""ל",false,1,45.00,6.0000,true,1,8645
7290008921299,false,יין פטיט ורדו תשבי 7,,,יין פטיט ורדו תשבי 750 מל,מיליליטרים,750.00,"100 מ""ל",false,1,45.00,6.0000,true,1,20892
7290008921312,false,יין תשבי ק.סוביניון,,,יין תשבי ק.סוביניון 2011 750 מל פקדון,מיליליטרים,750.00,"100 מ""ל",false,1,80.00,10.6667,true,1,3817
7290008921329,false,יין תשבי מרלו 2010 7,,,יין תשבי מרלו 2010 750 מל פקדון,מיליליטרים,750.00,"100 מ""ל",false,1,80.00,10.6667,true,1,3323
7290008921336,false,יין תשבי שרדונה 2016,,,יין תשבי שרדונה 2016 750 מל פקדון,מיליליטרים,750.00,"100 מ""ל",false,1,60.00,8.0000,true,1,3311
7290008921503,false,יין תשבי שרדונה 2005,,,יין תשבי שרדונה 2005 ס.רזרב 750מל פיקדון,Unknown,0.00,Unknown,false,1,80.00,0.0000,true,1,6750
7290008921541,false,יין קברנה מרלו תשבי,,,יין קברנה מרלו תשבי  750 מל,מיליליטרים,750.00,"100 מ""ל",false,1,80.00,10.6667,true,1,20676
7290008921558,false,יין תשבי מלבק אסטייט,,,יין תשבי שרדונה 2016 750 מל פקדון,מיליליטרים,750.00,"100 מ""ל",false,1,80.00,10.6667,true,1,28173
7290008921572,false,יין ויוניה גוורצטרמי,,,יין ויוניה גוורצטרמינר תשבי 750 מל,מיליליטרים,750.00,"100 מ""ל",false,1,45.00,6.0000,true,1,35056
7290008921657,false,יין ספישל רזרב 2016,יקב התשבי,IL,יין ספישל רזרב 2016 750 מל,מיליליטרים,750.00,"100 מ""ל",false,6,199.00,26.5333,true,1,40644
7290008921688,false,יין תישבי פטיט סירה,,,יין תישבי פטיט סירה סינגל 750 מל,מיליליטרים,750.00,"100 מ""ל",false,1,100.00,13.3333,true,1,39223
7290008921695,false,יין רוזה מ נואר תשבי,יקב התשבי,IL,יין רוזה מ נואר תשבי 750 מל,מיליליטרים,750.00,"100 מ""ל",false,12,80.00,10.6667,true,1,45283
7290008921718,false,יין תשבי 2010 גוורצט,,,יין תשבי 2010 גוורצטרמינר 750 מל פיקדון,מיליליטרים,750.00,"100 מ""ל",false,1,60.00,8.0000,true,1,10337
7290008921732,false,יין תשבי אסטייט רוזה,,,יין תשבי אסטייט רוזה  750 מל,מיליליטרים,750.00,"100 מ""ל",false,1,60.00,8.0000,true,1,59993
7290008940078,false,גבינת ברי צרפתי במשק,,FR,גבינת ברי צרפתי במשקל,קילוגרמים,1.00,"ק""ג",true,,89.00,89.0000,true,1,57750
7290008940092,false,גבינת מוצרלה צמה 200,,IT,גבינת מוצרלה צמה 200גר עבודת יד,גרמים,200.00,100 גרם,false,1,16.90,8.4500,true,1,57748
7290008940108,false,גבינת מוצרלה100גר כד,,IT,גבינת מוצרלה100גר כדור,גרמים,100.00,100 גרם,false,1,8.90,8.9000,true,1,57746
7290008940115,false,גבינת בייבי מוצרלה 2,,IT,גבינת בייבי מוצרלה 200גר,גרמים,200.00,100 גרם,false,1,16.90,8.4500,true,1,57747
7290008940139,false,גבינת אולד אמסטרדם צ,,NL,גבינת אולד אמסטרדם צעיר במשקל,קילוגרמים,1.00,"ק""ג",true,,99.00,99.0000,true,1,58040
7290008940146,false,גבינת אולד אמסטרדם ר,,NL,גבינת אולד אמסטרדם רזרב במשקל,קילוגרמים,1.00,"ק""ג",true,,139.00,139.0000,true,1,58041
7290008940160,false,גבינת גאודה כמון במש,jacks cheese,NL,גבינת גאודה כמון במשקל,קילוגרמים,1.00,"ק""ג",true,,99.00,99.0000,true,1,58705
7290008940214,false,גבינת צדר כתום אנגלי,,,גבינת צדר כתום אנגלי 200 גר,גרמים,200.00,100 גרם,false,1,17.90,8.9500,true,1,59609
7290008940221,false,גבינת צדר לבן אנגלי,,,גבינת צדר לבן אנגלי 200 גר,גרמים,200.00,100 גרם,false,1,17.90,8.9500,true,1,59610
7290008940368,false,גבינת טקסס ברביקיו ב,,,גבינת טקסס ברביקיו במשקל,קילוגרמים,1.00,"ק""ג",true,,149.00,149.0000,true,1,60027
7290008940443,false,גבינת גאודה פלפל שחו,jacks cheese,NL,גבינת גאודה פלפל שחור במשקל,קילוגרמים,1.00,"ק""ג",true,,99.00,99.0000,true,1,61265
7290008940528,false,גבינת גאודה זיתים עג,jacks cheese,NL,גבינת גאודה זיתים עגבניות במשקל,קילוגרמים,1.00,"ק""ג",true,,99.00,99.0000,true,1,61292
7290008940535,false,גבינת גאודה פלפלים מ,jacks cheese,NL,גבינת גאודה פלפלים מתוקים במשקל,קילוגרמים,1.00,"ק""ג",true,,99.00,99.0000,true,1,61293
7290008981279,false,זעתר ביתי 100 ג אלנח,,,זעתר ביתי 100 ג אלנחלה,גרמים,100.00,100 גרם,false,1,10.90,10.9000,true,1,4376
7290010002696,false,ציפס אורז חום שמנת ו,,,ציפס אורז חום שמנת ובצל 60 גרם,Unknown,0.00,Unknown,false,24,6.90,0.0000,true,1,60129
7290010003785,false,פירורי לחם זהוב 200,א.ל ייצור ושיווק תבל,,פירורי לחם זהוב 200 גר שקית,גרמים,200.00,100 גרם,false,1,4.00,2.0000,true,1,9394
7290010023141,false,תה גן הקסום לימונענע,תה ויסוצקי,,תה גן הקסום לימונענע 2ג 25 שק,יחידה,25.00,יחידה,false,1,19.50,0.7800,true,1,3780
7290010023622,false,תה קלאסיק 100/1 בנגי,תה ויסוצקי,,תה קלאסיק 100/1 בנגיעות נענע,יחידה,100.00,יחידה,false,1,20.00,0.2000,true,1,4526
7290010023943,false,רוייבוש תה קינמון ונ,תה ויסוצקי,,רוייבוש תה קינמון וניל 2 ג 25 שק,יחידה,25.00,יחידה,false,1,25.90,1.0360,true,1,5248
7290010036424,false,יין בזלת הגולן מרלו,,IL,יין בזלת הגולן מרלו רזרב 2017 750 מל,מיליליטרים,750.00,"100 מ""ל",false,6,150.00,20.0000,true,1,43103
7290010036844,false,יין בזלת הגולן שרדונ,,IL,יין בזלת הגולן שרדונה רזרב 2017 750 מל,מיליליטרים,750.00,"100 מ""ל",false,6,110.00,14.6667,true,1,42043
7290010050109,false,עירית,,,עירית,Unknown,0.00,Unknown,false,1,5.90,0.0000,true,1,10060
7290010051021,false,בזיליקום,,,בזיליקום,Unknown,0.00,Unknown,false,1,5.90,0.0000,true,1,6356
7290010051038,false,אספרגוס יחידה,,,אספרגוס יחידה,Unknown,0.00,Unknown,false,1,25.00,0.0000,true,1,6106
7290010051052,false,פטרוזיליה,,,פטרוזיליה,Unknown,0.00,Unknown,false,1,4.00,0.0000,true,1,6100
7290010051076,false,לבבות חסה,,,לבבות חסה,Unknown,0.00,Unknown,false,1,10.90,0.0000,true,1,6110
7290010051113,false,קורנית טימין,,,קורנית טימין,Unknown,0.00,Unknown,false,1,5.90,0.0000,true,1,6108
7290010051120,false,מרווה,,,מרווה,Unknown,0.00,Unknown,false,1,5.90,0.0000,true,1,6109
7290010051144,false,תרד עלים יח,,,תרד עלים 180 גר יח,Unknown,0.00,Unknown,false,1,8.90,0.0000,true,1,9879
7290010051168,false,כוסברה,,,כוסברה,Unknown,0.00,Unknown,false,1,4.00,0.0000,true,1,6164
7290010051175,false,שמיר,,,שמיר,Unknown,0.00,Unknown,false,1,4.00,0.0000,true,1,6102
7290010051182,false,נענע ירוק,,,נענע ירוק,Unknown,0.00,Unknown,false,1,4.00,0.0000,true,1,6101
7290010051199,false,שורש פטרוזיליה,,,שורש פטרוזיליה,Unknown,0.00,Unknown,false,1,5.90,0.0000,true,1,6103
7290010051205,false,סלרי עלים,,,סלרי עלים,Unknown,0.00,Unknown,false,1,5.90,0.0000,true,1,4917
7290010051212,false,סלרי ראש,,,סלרי ראש,Unknown,0.00,Unknown,false,1,5.90,0.0000,true,1,4918
7290010051250,false,אורגנו,,,אורגנו,Unknown,0.00,Unknown,false,1,5.90,0.0000,true,1,8886
7290010051298,false,סלק עלים,,,סלק עלים,Unknown,0.00,Unknown,false,1,5.90,0.0000,true,1,6104
7290010051311,false,סלרי עלים,,,סלרי עלים,Unknown,0.00,Unknown,false,1,5.90,0.0000,true,1,26261
7290010051335,false,בצל ירוק,,,בצל ירוק,Unknown,0.00,Unknown,false,1,5.90,0.0000,true,1,6105
7290010051403,false,שיבה,,,שיבה,Unknown,0.00,Unknown,false,1,5.90,0.0000,true,1,6111
7290010051687,false,רוזמרין,,,רוזמרין,Unknown,0.00,Unknown,false,1,5.90,0.0000,true,1,14455
7290010116386,false,חטיף מיני מקופלת 400,,,חטיף מיני מקופלת 400 ג מגדים,גרמים,400.00,100 גרם,false,1,25.90,6.4750,true,1,26137
7290010116980,false,אבקת שוקולית 850 גרם,,,אבקת שוקולית 850 גרם בשקית,גרמים,850.00,100 גרם,false,1,16.90,1.9882,true,1,3891
7290010117864,false,חטיף דוריטוס בטעם חר,STRAUSS-ISRAEL,,חטיף דוריטוס בטעם חריף אש 70ג,Unknown,0.00,Unknown,false,1,4.00,0.0000,true,1,5890
7290010118328,false,מארז6יח תפוציפס טבעי,STRAUSS-ISRAEL,,מארז6יח תפוציפס טבעי 40גר,גרמים,240.00,100 גרם,false,12,13.00,5.4167,true,1,6320
7290010154005,false,סחוג תימני 250 גרם,תבליני יוחאי ביטון,,סחוג תימני 250 גרם,גרמים,250.00,100 גרם,false,1,15.50,6.2000,true,1,3540
7290010154012,false,לימון כבוש 250 גרם,תבליני יוחאי ביטון,,לימון כבוש 250 גרם,גרמים,250.00,100 גרם,false,1,15.50,6.2000,true,1,3541
7290010154029,false,אריסה מתוקה 250 גרם,תבליני יוחאי ביטון,,אריסה מתוקה 250 גרם,גרמים,250.00,100 גרם,false,1,15.50,6.2000,true,1,3749
7290010154036,false,עמבה 250 גרם,תבליני יוחאי ביטון,,עמבה 250 גרם,גרמים,250.00,100 גרם,false,1,15.50,6.2000,true,1,3750
7290010154050,false,ממרח שיפקה כבוש 250ג,תבליני יוחאי ביטון,,ממרח שיפקה כבוש 250גר ביטון,גרמים,250.00,100 גרם,false,1,15.50,6.2000,true,1,58473
7290010154241,false,סלט חזרת ביתית 250 ג,תבליני יוחאי ביטון,,סלט חזרת ביתית 250 גרם,גרמים,250.00,100 גרם,false,1,15.50,6.2000,true,1,3890
7290010154265,false,פלפל צומה 250 ג ביטו,תבליני יוחאי ביטון,,פלפל צומה 250 ג ביטון,גרמים,250.00,100 גרם,false,1,15.50,6.2000,true,1,5686
7290010154418,false,סחוג אדום 130 ג ביטו,תבליני יוחאי ביטון,,סחוג אדום 130 ג ביטון,גרמים,130.00,100 גרם,false,1,9.90,7.6154,true,1,12711
7290010154425,false,סחוג ירוק 130 ג ביטו,תבליני יוחאי ביטון,,סחוג ירוק 130 ג ביטון,גרמים,130.00,100 גרם,false,1,9.90,7.6154,true,1,12712
7290010154548,false,ממרח שום טבעי 235 גר,תבליני יוחאי ביטון,,ממרח שום טבעי 235 גרם,גרמים,235.00,100 גרם,false,1,12.90,5.4894,true,1,24395
7290010154555,false,ממרח לימון כבוש 235,תבליני יוחאי ביטון,,ממרח לימון כבוש 235 גרם,גרמים,235.00,100 גרם,false,1,12.90,5.4894,true,1,24397
7290010154678,false,אריסה מרוקאית 250 גר,תבליני יוחאי ביטון,,אריסה מרוקאית 250 גרם,גרמים,250.00,100 גרם,false,1,14.90,5.9600,true,1,36563
7290010154685,false,סלט שום כתוש 250 גרם,תבליני יוחאי ביטון,,סלט שום כתוש 250 גרם,גרמים,250.00,100 גרם,false,1,14.90,5.9600,true,1,36564
7290010154692,false,סחוג אדום 250 גרם בי,תבליני יוחאי ביטון,,סחוג אדום 250 גרם ביטון,גרמים,250.00,100 גרם,false,1,15.50,6.2000,true,1,50976
7290010163069,false,צנובר השף 100 ג,"דין שיווק וקלייה בע""",,צנובר 100 ג,גרמים,100.00,100 גרם,false,1,19.90,19.9000,true,1,4128
7290010173037,false,יין בר הרי גליל רוזה,יקבי רמת הגולן,,יין גליל רוזה 2016 750 מל פקדון,מיליליטרים,750.00,"100 מ""ל",false,1,40.00,5.3333,true,1,5451
7290010173068,false,יין בר הרי גליל ק.סו,יקבי רמת הגולן,,יין גליל ק.סוביניון 2016 750 מל,מיליליטרים,750.00,"100 מ""ל",false,1,40.00,5.3333,true,1,3887
7290010173174,false,יין גליל אלון 2014 7,יקבי רמת הגולן,,יין גליל אלון 2014 750 מל פקדון,מיליליטרים,750.00,"100 מ""ל",false,1,60.00,8.0000,true,1,11921
7290010173181,false,יין גליל אלה 2014 75,יקבי רמת הגולן,,יין גליל אלה 2014 750 מל,מיליליטרים,750.00,"100 מ""ל",false,1,60.00,8.0000,true,1,12534
7290010173334,false,יין בר הרי גליל סירה,יקבי רמת הגולן,,יין הרי גליל סירה  2016 750 מל פקדון,מיליליטרים,750.00,"100 מ""ל",false,1,40.00,5.3333,true,1,6911
7290010192120,false,צנונית ארוזה,,,צנונית ארוזה,Unknown,0.00,Unknown,false,1,5.00,0.0000,true,1,14818
7290010192144,false,סלרי חתוך,,,סלרי אמריקאי חתוך,Unknown,0.00,Unknown,false,1,5.90,0.0000,true,1,59024
7290010195268,false,פופקורן פופסטאר מופח,Preston farms,,פופקורן פופסטאר מופחת שומן טבעי5יח 425גר,גרמים,425.00,100 גרם,false,1,13.90,3.2706,true,1,10713
7290010195275,false,פופקורן פופסטאר מופח,Preston farms,,פופקורן פופסטאר מופחת שומן חמאה5יח425גר,גרמים,425.00,100 גרם,false,1,13.90,3.2706,true,1,10714
7290010228201,false,עוגיות נשיקות מרנג 1,,,עוגיות נשיקות מרנג 100 גר,גרמים,100.00,100 גרם,false,1,19.90,19.9000,true,1,6906
7290010237531,false,משקה פפסי קולה קוול,,,משקה פפסי קולה קוול 500 מל בק פקדון,מיליליטרים,500.00,"100 מ""ל",false,1,5.90,1.1800,true,1,6246
7290010237548,false,משקה פפסי מקס קוול 5,,,משקה פפסי מקס קוול 500 מל בק פקדון,מיליליטרים,500.00,"100 מ""ל",false,1,5.90,1.1800,true,1,6247
7290010237586,false,משקה ד.סבן אפ קוול 5,,,משקה ד.סבן אפ קוול 500 מל בק פקדון,מיליליטרים,500.00,"100 מ""ל",false,1,5.90,1.1800,true,1,6249
7290010237685,false,בירה היינקן בק330מל,,,בירה היינקן בק330מל בק. פיקדון,מיליליטרים,330.00,"100 מ""ל",false,1,8.90,2.6970,true,1,50732
7290010237784,false,מארז 6יח בירה שנדי ל,,,מארז 6יח בירה שנדי למון ליים בק330מל פיק,ליטרים,1.98,ליטר,false,1,29.90,15.1010,true,1,4828
7290010259007,false,עוגיות בישקוטים 200,דן קייק,,עוגיות ביצים בישקוטיםו 200 ג,גרמים,200.00,100 גרם,false,1,5.90,2.9500,true,1,5168
7290010259977,false,שמן קנולה 1 ליטר ויל,ברקולמן,,שמן קנולה 1 ליטר וילי פוד,ליטרים,1.00,ליטר,false,1,11.90,11.9000,true,1,5167
7290010259991,false,צנימים קלאסיק 250 גר,דן קייק,,צנימים קלאסיק 250 גר רגילים,גרמים,250.00,100 גרם,false,1,7.90,3.1600,true,1,9096
7290010298273,false,יין דרך ארץ שרדונה 7,,IL,יין דרך ארץ שרדונה 750 מל פיקדון,מיליליטרים,750.00,"100 מ""ל",false,1,35.00,4.6667,true,1,31952
7290010328093,false,ממרח חלבה אחווה 400,,,ממרח חלבה אחווה 400 גרם,גרמים,400.00,100 גרם,false,1,11.90,2.9750,true,1,6461
7290010328468,false,חטיפי חלבה אחווה טעמ,,,חטיפי חלבה אחווה טעמים 18 גר,Unknown,0.00,Unknown,false,1,10.90,0.0000,true,1,39487
7290010328505,false,חטיפי חלבה אחווה ללא,,,חטיפי חלבה אחווה ללא סוכר 15 יח,Unknown,0.00,Unknown,false,1,10.90,0.0000,true,1,39488
7290010328819,false,ממרח טחינה עם שוקולד,,,ממרח טחינה עם שוקולד ל.ס.400 גרם,גרמים,400.00,100 גרם,false,1,11.90,2.9750,true,1,43609
7290010329854,false,עוג.מיני קוקיס בטעם,כרמית,,עוג.מיני קוקיס בטעם חמאה ל.ס600גר,גרמים,600.00,100 גרם,false,1,19.90,3.3167,true,1,7418
7290010329977,false,מטבעות שוקולד מריר 4,כרמית,,מטבעות שוקולד מריר 48 ג ברשת,Unknown,0.00,Unknown,false,1,5.00,0.0000,true,1,7954
7290010417162,false,יין גמלא ריזלינג עבר,יקבי רמת הגולן,,יין גמלא ריזלינג 750 מל פקדון רמת הגולן,מיליליטרים,750.00,"100 מ""ל",false,1,60.00,8.0000,true,1,5118
7290010429684,false,זוג דבש יד מרדכי 350,,,זוג דבש יד מרדכי 350 ג צנצנת,גרמים,700.00,100 גרם,false,1,34.90,4.9857,true,1,5460
7290010471669,false,יוגורט דנונה בר קראנ,,,יוגורט דנונה בר קראנצ תות קורנפלקס 175גר,גרמים,175.00,100 גרם,false,1,4.70,2.6857,true,1,4681
7290010472390,false,מארז 8 מעדן דני שוקו,,,מארז 8 מעדן דני שוקולד 125 גר,גרמים,1000.00,100 גרם,false,1,16.70,1.6700,true,1,5065
7290010513703,false,צופסטיקס יפני 20 יח,Guilin fengzhu tradi,,צופסטיקס יפני 20 יח,Unknown,0.00,Unknown,false,1,6.90,0.0000,true,1,5807
7290010513727,false,פירורי לחם פנקו 200,Qingdao Sun-growing,,פירורי לחם פנקו 200 ג קינגדאו,גרמים,200.00,100 גרם,false,1,8.90,4.4500,true,1,13839
7290010517367,false,יין פלם 2015 קלאסיקו,,,יין פלם 2015 קלאסיקו 750 מל,מיליליטרים,750.00,"100 מ""ל",false,1,110.00,14.6667,true,1,26201
7290010517473,false,יין פלם רוזה 750 מל,,,יין פלם רוזה 2015 750 מל פקדון,מיליליטרים,750.00,"100 מ""ל",false,1,120.00,16.0000,true,1,22131
7290010546053,false,גרנולה מנדל ללא סוכר,מנדל,,גרנולה מנדל ללא סוכר 400 גר צנצנת,גרמים,400.00,100 גרם,false,1,19.90,4.9750,true,1,14092
7290010546152,false,גרנולה מנדל תמרים 40,מנדל,,גרנולה מנדל תמרים 400 גר צנצנת,גרמים,400.00,100 גרם,false,1,19.90,4.9750,true,1,14090
7290010546169,false,גרנולה מנדל שקד צימו,מנדל,,גרנולה מנדל שקד צימוק 400 גר צנצנת,גרמים,400.00,100 גרם,false,1,19.90,4.9750,true,1,14089
7290010546336,false,גרנולה מנדל בסילאן ל,מנדל,,גרנולה מנדל בסילאן ל.סוכר 400 גרם,גרמים,400.00,100 גרם,false,1,19.90,4.9750,true,1,23493
7290010546558,false,גרנולה מנדל חלבה תמר,מנדל,,גרנולה מנדל חלבה תמרים 400 גרם,גרמים,400.00,100 גרם,false,1,19.90,4.9750,true,1,33994
7290010546565,false,גרנולה מנדל שוקולד 4,מנדל,,גרנולה מנדל שוקולד 400 גרם,גרמים,400.00,100 גרם,false,1,19.90,4.9750,true,1,33995
7290010546633,false,גרנולה מנדל חמאת בוט,מנדל,,גרנולה מנדל חמאת בוטנים 350 גר צנצנת,גרמים,350.00,100 גרם,false,1,19.90,5.6857,true,1,49442
7290010549108,false,רכז רימונים 350 גרם,,UZ,רכז רימונים 350 גרם 100% טבעי גרנטה,גרמים,350.00,100 גרם,false,6,31.90,9.1143,true,1,51836
7290010561100,false,ברילי כמו קוטג 220גר,,,ברילי כמו קוטג 220גר טבעוני,גרמים,220.00,100 גרם,false,1,18.90,8.5909,true,1,34119
7290010561643,false,פירורי לחם חחא גלוטן,,,פירורי לחם חחא גלוטן 250 גר,גרמים,250.00,100 גרם,false,12,16.90,6.7600,true,1,51700
7290010582686,true,ליצי ארוז,,,ליצי ארוז,Unknown,0.00,Unknown,false,,14.90,0.0000,true,1,60437
7290010587469,false,יין ק. סוביניון טולי,יקב טוליפ,,יין ק. סוביניון טוליפ 2017 750 מל פק,מיליליטרים,750.00,"100 מ""ל",false,1,65.00,8.6667,true,1,35874
7290010587476,false,יין מרלו טוליפ 2017,יקב טוליפ,,יין מרלו טוליפ 2017 750מל פקדון,מיליליטרים,750.00,"100 מ""ל",false,1,65.00,8.6667,true,1,35875
7290010587490,false,יין אספרסו וויט טולי,יקב טוליפ,,יין אספרסו וויט טוליפ 2017 750 מל,מיליליטרים,750.00,"100 מ""ל",false,1,85.00,11.3333,true,1,35879
7290010587711,false,יין סביון לבן 750 מל,יקב טוליפ,,יין סביון לבן 750 מל,מיליליטרים,750.00,"100 מ""ל",false,1,65.00,8.6667,true,1,20354
7290010587896,false,יין סובניון בלאן 201,יקב טוליפ,,"יין סובניון בלאן 2017 750 מ""ל",מיליליטרים,750.00,"100 מ""ל",false,1,100.00,13.3333,true,1,37294
7290010587902,false,יין טוליפ פרנק מרו,יקב טוליפ,,יין טוליפ פרנק מרו  רזרב 2016 750 מל,מיליליטרים,750.00,"100 מ""ל",false,1,110.00,14.6667,true,1,37053
7290010632787,false,צימרוני אוזניים 300,S.T.O CO.LTD,,צימרוני אוזניים 300 יח מעץ,יחידה,300.00,יחידה,false,1,4.90,0.0163,true,1,27956
7290010650019,false,אנדיב תקוע ארוז,,,אנדיב ארוז,Unknown,0.00,Unknown,false,1,15.00,0.0000,true,1,8808
7290010650033,false,בצלצלי שאלוט תקוע אר,,,בצלצלי שאלוט ארוז במגש,Unknown,0.00,Unknown,false,1,10.90,0.0000,true,1,8809
7290010650040,false,פטריות שיטאקי תקוע א,,,פטריות שיטאקי ארוז,Unknown,0.00,Unknown,false,1,13.00,0.0000,true,1,8801
7290010650064,false,פטריות יער מיובשות ת,,,פטריות יער מיובשות,Unknown,0.00,Unknown,false,1,8.90,0.0000,true,1,7110
7290010650088,false,פטריות שמפיניון מיוב,,,פטריות שמפיניון מיובשות,Unknown,0.00,Unknown,false,1,11.00,0.0000,true,1,7112
7290010650255,false,לקט פטריות מיובשות ל,,,לקט פטריות מיובשות למרק,Unknown,0.00,Unknown,false,1,15.00,0.0000,true,1,8807
7290010650286,false,ברוקולי מיני תקוע,,,ברוקולי מיני תקוע,Unknown,0.00,Unknown,false,1,18.90,0.0000,true,1,8810
7290010650293,false,בצלצלי שאלוט מקולף ת,,,בצלצלי שאלוט מקולף ארוז במגש,Unknown,0.00,Unknown,false,1,14.90,0.0000,true,1,10297
7290010650354,false,שורש כורכום תקוע,,,שורש כורכום טרי ארוז,Unknown,0.00,Unknown,false,1,12.50,0.0000,true,1,10283
7290010650385,false,למון ליים אמיתי תקוע,,,למון ליים אמיתי,Unknown,0.00,Unknown,false,1,13.00,0.0000,true,1,13713
7290010650408,false,בצלצלי פנינה תקוע יח,,,בצלצלי פנינה יח,Unknown,0.00,Unknown,false,1,10.00,0.0000,true,1,47633
7290010650576,false,פטריות שינוקי תקוע,,,פטריות שינוקי 150. גר,Unknown,0.00,Unknown,false,1,11.90,0.0000,true,1,12160
7290010650590,false,ריזוטו פטריות תקוע,,,ריזוטו פטריות 9 יח,Unknown,0.00,Unknown,false,1,15.00,0.0000,true,1,13715
7290010650767,false,אנדיב אדום תקוע,,,אנדיב אדום ארוז,Unknown,0.00,Unknown,false,1,20.00,0.0000,true,1,20558
7290010650798,false,לקט פטריות ובורגול,,,לקט פטריות ובורגול  310 גר,Unknown,0.00,Unknown,false,1,15.00,0.0000,true,1,39135
7290010650804,false,לקט פטריות ופתיתים ת,,,לקט פטריות ופתיתים  235 גר,Unknown,0.00,Unknown,false,1,15.00,0.0000,true,1,39134
7290010650828,false,פטריות שימגי לבן תקו,,,פטריות שימגי לבן תקוע,Unknown,0.00,Unknown,false,1,13.00,0.0000,true,1,38756
7290010650903,false,עגבניות לחות תקוע או,,,עגבניות לחות תקוע אורגנו 200 גר יח,גרמים,100.00,100 גרם,false,1,12.90,12.9000,true,1,44652
7290010650927,false,עגבניות לחות תקוע בז,,,עגבניות לחות תקוע בזיליקום 200 גר יח,גרמים,100.00,100 גרם,false,1,12.90,12.9000,true,1,44654
7290010650996,false,פטריות שימגי חום תקו,,,פטריות שימגי חום תקוע,Unknown,0.00,Unknown,false,1,13.00,0.0000,true,1,52317
7290010657254,false,סרדין קזבלנקה בשמן ס,יוניון דה פחריס,,סרדין קזבלנקה בשמן סויה  125 גר,גרמים,125.00,100 גרם,false,1,5.90,4.7200,true,1,10632
7290010657292,false,צלפים בחומץ סי פווד,פ.ח סאנצאס,,צלפים בחומץ סי פווד 350 גר,גרמים,350.00,100 גרם,false,1,13.50,3.8571,true,1,6875
7290010657490,false,סרדין קזבלנקה בשמן ח,יוניון דה פחריס,,סרדין קזבלנקה בשמן חריף  125 גר,גרמים,125.00,100 גרם,false,1,5.90,4.7200,true,1,10629
7290010657506,false,סרדין קזבלנקה בשמן ז,יוניון דה פחריס,,סרדין קזבלנקה בשמן זית 125 גר,גרמים,125.00,100 גרם,false,1,6.90,5.5200,true,1,10628
7290010657551,false,סרדין קזבלנקה ברוטב,יוניון דה פחריס,,סרדין קזבלנקה ברוטב עגבניות  125 גר,גרמים,125.00,100 גרם,false,1,5.90,4.7200,true,1,10630
7290010657568,false,סרדין קזבלנקה לימון,יוניון דה פחריס,,סרדין קזבלנקה לימון  125 גר,גרמים,125.00,100 גרם,false,1,5.90,4.7200,true,1,10631
7290010657681,false,פילה מקרל בשמן צמחי,יוניון דה פחריס,,פילה מקרל בשמן צמחי ללא עור ועצמו 125 גר,גרמים,125.00,100 גרם,false,1,10.00,8.0000,true,1,10626
7290010657698,false,פילה מקרל פלפל חריף,יוניון דה פחריס,,פילה מקרל פלפל חריף 125 גר,גרמים,125.00,100 גרם,false,1,10.00,8.0000,true,1,10625
7290010657704,false,פילה מקרל בשמן זית ל,יוניון דה פחריס,,פילה מקרל בשמן זית ללא עור ועצמות 125גר,גרמים,125.00,100 גרם,false,1,11.00,8.8000,true,1,10627
7290010657834,false,מי ורדים 500 מל סי.א,אלימאד פוד,,מי ורדים 500 מל סי.אף,מיליליטרים,500.00,"100 מ""ל",false,1,16.90,3.3800,true,1,7760
7290010690138,false,ברוקולי ארוז במגשית,,,ברוקולי ארוז במגשית,Unknown,0.00,Unknown,false,1,9.90,0.0000,true,1,12409
7290010690473,false,חסה עגולה ארוזה במגש,,,חסה עגולה ארוזה במגשית,Unknown,0.00,Unknown,false,1,6.90,0.0000,true,1,12760
7290010711918,false,מארז 5יח מטליות מיקר,נועם אורים,IL,מארז 5יח מטליות מיקרו לניקוי כללי שיין,יחידה,5.00,יחידה,false,1,7.90,1.5800,true,1,48245
7290010711932,false,מטליות רב שימושיות פ,נועם אורים,IL,מטליות רב שימושיות פרימיום 9 יח,יחידה,9.00,יחידה,false,24,7.90,0.8778,true,1,38069
7290010715220,false,כוסות קרטון חד פעמי,,,כוסות קרטון חד פעמי 8אונז 50יח פאלאס,יחידה,50.00,יחידה,false,1,12.90,0.2580,true,1,19241
7290010715336,false,להבונים בשקית 50 יח,,,להבונים בשקית 50 יח,יחידה,50.00,יחידה,false,1,13.90,0.2780,true,1,19143
7290010720064,false,נבטי חמניה אורגני,,,נבטי חמניה אורגני,Unknown,0.00,Unknown,false,1,12.00,0.0000,true,1,10068
7290010720149,false,נבטי אלפלפא אורגני,,,נבטי אלפלפא אורגני,Unknown,0.00,Unknown,false,1,10.00,0.0000,true,1,10064
7290010720170,false,נבטי צנונית אורגני,,,נבטי צנונית אורגני,Unknown,0.00,Unknown,false,1,10.00,0.0000,true,1,10066
7290010720200,false,נבטים סינים אורגני,,,נבטים סינים אורגני,Unknown,0.00,Unknown,false,1,10.00,0.0000,true,1,10067
7290010720224,false,נבטוטים גדול אורגני,,,נבטוטים גדול אורגני,Unknown,0.00,Unknown,false,1,12.00,0.0000,true,1,10063
7290010748860,false,קרם ידיים אפקטיב קר,פישר תעשיות,,קרם ידיים אפקטיב קר לעור יבש  150מ,מיליליטרים,150.00,"100 מ""ל",false,1,11.90,7.9333,true,1,6943
7290010766949,false,ממרח תחתיות ארטישוק,,,ממרח תחתיות ארטישוק 180גר אוליביה,גרמים,180.00,100 גרם,false,1,13.90,7.7222,true,1,10089
7290010766956,false,ממרח פלפלים קלויים 1,,,ממרח פלפלים קלויים 180 גר אוליביה,גרמים,180.00,100 גרם,false,1,13.90,7.7222,true,1,10090
7290010777051,false,מארז לחמניות המבורגר,שי שאשא,,מארז לחמניות המבורגר 5 יח,יחידה,5.00,יחידה,false,1,14.90,2.9800,true,1,22098
7290010777099,false,פיתות עבודת יד 8 יחי,,,פיתות עבודת יד 8 יחידות,יחידה,8.00,יחידה,false,1,12.90,1.6125,true,1,33314
7290010777150,false,פיתה בריבוע חיטה מלא,,,פיתה בריבוע חיטה מלאה 100% 8 יח,יחידה,8.00,יחידה,false,1,14.90,1.8625,true,1,20735
7290010777297,false,פיתות ביס עגול/ריבוע,,,פיתות ביס עגול/ריבוע/עבודת יד 10 יחידות,יחידה,10.00,יחידה,false,1,14.90,1.4900,true,1,20733
7290010777358,false,פיתה כוסמין 8 יחידות,שי שאשא,,פיתה כוסמין 8 יחידות,יחידה,10.00,יחידה,false,1,17.90,1.7900,true,1,22814
7290010777488,false,מארז 8יח פיתה מחמצת,,IL,מארז 8יח פיתה מחמצת קמח מלא 500גר,יחידה,8.00,יחידה,false,1,16.90,2.1125,true,1,59449
7290010777525,false,מארז 6יח פיתה כוסמין,,IL,מארז 6יח פיתה כוסמין דק,יחידה,6.00,יחידה,false,1,17.90,2.9833,true,1,59450
7290010791538,false,לה קט דליקטס עוף גור,לה קט,,לה קט דליקטס עוף גורמה  85 גר,Unknown,0.00,Unknown,false,1,5.60,0.0000,true,1,6088
7290010791545,false,לה קט דליקטס  פטה כב,לה קט,,לה קט דליקטס  פטה כבד עוף 85  גר,Unknown,0.00,Unknown,false,1,5.60,0.0000,true,1,6090
7290010791552,false,לה קט  דליקטס  נתחי,לה קט,,לה קט  דליקטס  נתחי טונה ברוטב 85 גר,Unknown,0.00,Unknown,false,1,5.60,0.0000,true,1,6092
7290010791583,false,לה קט אוקיאנוס וט דל,לה קט,,לה קט אוקיאנוס וט דליקטס וטונה  85 גר,Unknown,0.00,Unknown,false,1,5.60,0.0000,true,1,6089
7290010814244,false,מארז 3 יח שוקולד אגו,כרמית,IL,מארז 3 יח שוקולד אגו 44% מריר 85גר,גרמים,255.00,100 גרם,false,1,12.90,5.0588,true,1,7172
7290010814251,false,מארז 3 יח שוקולד אגו,כרמית,,מארז 3 יח שוקולד אגו חלב 85 גר,גרמים,255.00,100 גרם,false,1,12.90,5.0588,true,1,7173
7290010814268,false,מארז 3 יח שוקולד אגו,כרמית,,מארז 3 יח שוקולד אגו לבן 85 גר,גרמים,255.00,100 גרם,false,1,12.90,5.0588,true,1,7174
7290010814695,false,שוקולד מריר ללא סוכר,כרמית,,שוקולד מריר ללא סוכר 85 ג כרמית,Unknown,0.00,Unknown,false,1,5.90,0.0000,true,1,5992
7290010814701,false,שוקולד חלב ללא סוכר,כרמית,,שוקולד חלב ללא סוכר 85 ג כרמית,Unknown,0.00,Unknown,false,1,5.90,0.0000,true,1,5991
7290010822096,false,סיידר תפוח מוגז 275מ,,IL,סיידר תפוח מוגז 275מל פקדון,מיליליטרים,275.00,"100 מ""ל",false,24,6.90,2.5091,true,1,40179
7290010838219,false,ממתיק סטיביה מרמוליי,קיפל,,ממתיק סטיביה מרמולייט 100 שקיות,יחידה,100.00,יחידה,false,1,26.90,0.2690,true,1,12504
7290010838424,false,זוג נוזל אסלה טואלט,SC Jonson,,זוג נוזל אסלה טואלט דאק 750 מל ירוק,ליטרים,1.50,ליטר,false,1,19.90,13.2667,true,1,5250
7290010838431,false,זוג נוזל אסלה טואלט,SC Jonson,,זוג נוזל אסלה טואלט דאק 750 מל כחול,ליטרים,1.50,ליטר,false,1,19.90,13.2667,true,1,5251
7290010839865,false,רוטב רימונים 320 גר,גרין ביס דיס,,רוטב רימונים 320 גר,גרמים,320.00,100 גרם,false,1,10.90,3.4063,true,1,6829
7290010880003,false,ליקר שוקולד מריר 500,,,ליקר שוקולד מריר 500 מל יקב לביא כולל פק,מיליליטרים,500.00,"100 מ""ל",false,1,69.00,13.8000,true,1,11019
7290010880010,false,ליקר קפה ושמנת 500 מ,,,ליקר קפה ושמנת 500 מל יקב לביא כולל,מיליליטרים,500.00,"100 מ""ל",false,1,69.00,13.8000,true,1,11021
7290010883042,false,סנובון נוזלי בניחוח,,,סנובון נוזלי בניחוח רענן 750 מל,מיליליטרים,750.00,"100 מ""ל",false,1,10.90,1.4533,true,1,5965
7290010883356,false,זוג כפפות אלוורה סנו,,,זוג כפפות אלוורה סנו סושי גדול,יחידה,1.00,יחידה,false,1,11.90,11.9000,true,1,6121
7290010883363,false,זוג כפפות אלוורה סנו,,,זוג כפפות אלוורה סנו סושי קטן,יחידה,1.00,יחידה,false,1,11.90,11.9000,true,1,6119
7290010883370,false,זוג כפפות אלוורה סנו,,,זוג כפפות אלוורה סנו סושי בינוני,יחידה,1.00,יחידה,false,1,11.90,11.9000,true,1,6120
7290010945146,false,גבינת קוטג 3% מועשר,טרה,,גבינת קוטג 3% מועשר 250 ג,גרמים,250.00,100 גרם,false,1,5.80,2.3200,true,1,5299
7290010945306,false,חלב 3% קרטון 2 ל***,טרה,,חלב 3% בקרטון 2 ל***,ליטרים,2.00,ליטר,false,1,12.46,6.2300,true,1,5513
7290010945450,false,גבינה לבנה 3% 250 ג,טרה,,גבינה לבנה 3% 250 ג,גרמים,250.00,100 גרם,false,1,5.10,2.0400,true,1,5503
7290010945481,false,גבינה לבנה 5% 500 גר,טרה,,גבינה לבנה 5% 500 גרם***,גרמים,500.00,100 גרם,false,1,9.96,1.9920,true,1,5505
7290011015862,false,סירופ דיאט פריגת לימ,סירופ - גבעת חיים,,סירופ דיאט פריגת לימונענע 750 מל בקבוק,מיליליטרים,750.00,"100 מ""ל",false,1,25.90,3.4533,true,1,9084
7290011015985,false,סירופ דיאט פריגת אננ,סירופ - גבעת חיים,,סירופ דיאט פריגת אננס 750 מל בקבוק,מיליליטרים,750.00,"100 מ""ל",false,1,25.90,3.4533,true,1,12629
7290011017866,false,קוקה קולה פחית 330 פ,קוקה קולה,,קוקה קולה פחית 330 פקדון,מיליליטרים,330.00,"100 מ""ל",false,1,5.90,1.7879,true,1,12626
7290011017873,false,קוקה קולה זירו פחית,קוקה קולה,,קוקה קולה זירו פחית 330 פקדון,מיליליטרים,330.00,"100 מ""ל",false,1,5.90,1.7879,true,1,12628
7290011017880,false,קוקה קולה דיאט פחית,קוקה קולה,,קוקה קולה דיאט פחית 330 פקדון,מיליליטרים,330.00,"100 מ""ל",false,1,5.90,1.7879,true,1,12627
7290011018252,false,משקה פיוז תה מנגו אנ,FUZE TEA,,משקה פיוז תה מנגו אננס 1.5ל,ליטרים,1.50,ליטר,false,1,9.60,6.4000,true,1,12607
7290011018368,false,מארז 6יח בירה ויינשט,קרלסברג ישראל,,מארז 6יח בירה ויינשטפן 330מל פקדון,מיליליטרים,1980.00,"100 מ""ל",false,1,69.90,3.5303,true,1,13319
7290011018443,false,משקה פאנטה אורנג פחי,קוקה קולה,,משקה פאנטה אורנג פחית 330 פקדון,מיליליטרים,330.00,"100 מ""ל",false,1,5.90,1.7879,true,1,14127
7290011018474,false,סיידר תפוחים סומרסבי,,,סיידר תפוחים סומרסבי 330מל בק  אלכוהולי,מיליליטרים,330.00,"100 מ""ל",false,1,9.90,3.0000,true,1,18337
7290011018832,false,מארז 6 פחיות קוקה קו,קוקה קולה,,מארז 6 פחיות קוקה קולה 330 מל פקדון,ליטרים,1.98,ליטר,false,1,23.90,12.0707,true,1,13968
7290011018917,false,מארז 6 פחיות קוקה קו,קוקה קולה,,מארז 6 פחיות קוקה קולה זירו 330 מל פקדון,ליטרים,1.98,ליטר,false,1,23.90,12.0707,true,1,13969
7290011026523,false,שמפו סנסטיב לפני שינ,פישר תעשיות,,שמפו סנסטיב לפני שינה אל דמע 500 מל משאב,מיליליטרים,500.00,"100 מ""ל",false,1,22.90,4.5800,true,1,6922
7290011051365,false,שוופס סודה לימון 1.5,,,שוופס סודה לימון 1.5 ל רביעיה,ליטרים,6.00,ליטר,false,1,11.00,1.8333,true,1,6058
7290011051525,false,ספרינג טי אפרסק 500,יפאורה,,ספרינג טי אפרסק 500 מל פקדון,מיליליטרים,500.00,"100 מ""ל",false,1,6.90,1.3800,true,1,6997
7290011051655,false,משקה שוופס מוגז עדין,יפאורה,,משקה שוופס מוגז עדין ריזלינג 1.5 ל,ליטרים,1.50,ליטר,false,1,8.60,5.7333,true,1,7242
7290011064020,false,גבינה בולגרית בעיר 2,גבינות אמיר ניצן בעמ,,גבינה בולגרית בעיר 200 גרם,גרמים,200.00,100 גרם,false,1,12.90,6.4500,true,1,6973
7290011064075,false,לאבנה אבו גוש פלוס 2,גבינות אמיר ניצן בעמ,,לאבנה אבו גוש פלוס 200 גר,גרמים,200.00,100 גרם,false,1,12.90,6.4500,true,1,7694
7290011064099,false,פלפלים ממולאים טאפס,גבינות אמיר ניצן בעמ,,פלפלים ממולאים טאפס שכונתי 125גר,גרמים,125.00,100 גרם,false,1,19.90,15.9200,true,1,10899
7290011081492,false,גל.קרמיסימו שרבט 3 ש,"גלידת שטראוס בע""מ",,גל.קרמיסימו שרבט 3 שוקולדים 1.33 ל,ליטרים,1.33,ליטר,false,1,22.90,17.2180,true,1,6556
7290011081690,false,גל.קרמיסימו שוקו/וני,"גלידת שטראוס בע""מ",,גל.קרמיסימו שוקו/וניל ציפס פרווה1.33 ל,ליטרים,1.33,ליטר,false,1,22.90,17.2180,true,1,7160
7290011110000,false,חסה רומית יח,,,חסה רומית יח,Unknown,0.00,Unknown,false,1,9.90,0.0000,true,1,6550
7290011110024,false,חסה סלנובה יח,,,חסה סלנובה יח,Unknown,0.00,Unknown,false,1,11.90,0.0000,true,1,32631
7290011110079,false,בזיליקום,,,בזיליקום,Unknown,0.00,Unknown,false,1,6.90,0.0000,true,1,46321
7290011110093,false,עלי מנגולד,,,עלי מנגולד,Unknown,0.00,Unknown,false,1,8.90,0.0000,true,1,46323
7290011110116,false,תרד ניוזלנדי,,,תרד ניוזלנדי,Unknown,0.00,Unknown,false,1,9.90,0.0000,true,1,46324
7290011110130,false,רוקולה גדול,,,רוקולה גדול,Unknown,0.00,Unknown,false,1,9.90,0.0000,true,1,46327
7290011110154,false,קורנית,,,קורנית,Unknown,0.00,Unknown,false,1,6.90,0.0000,true,1,46332
7290011110512,false,חסה מסולסלת יח,,,חסה מסולסלת יח,Unknown,0.00,Unknown,false,1,11.90,0.0000,true,1,53362
7290011115258,false,מארז 4 יח סבון נקה 7,,,מארז 4 יח סבון נקה 7 מוצק ירוק,גרמים,400.00,100 גרם,false,1,11.90,2.9750,true,1,6861
7290011115265,false,מארז 4 יח סבון נקה 7,,,מארז 4 יח סבון נקה 7 מוצק לגבר מועשר,גרמים,400.00,100 גרם,false,1,11.90,2.9750,true,1,6863
7290011115289,false,מארז 4 יח סבון נקה 7,,,מארז 4 יח סבון נקה 7 מוצק לילך,גרמים,400.00,100 גרם,false,1,11.90,2.9750,true,1,6859
7290011126209,false,תה גן הקסום תפוח קינ,תה ויסוצקי,,תה גן הקסום תפוח קינמון 2.4ג 25ש,יחידה,25.00,יחידה,false,1,19.50,0.7800,true,1,5951
7290011126216,false,רוייבש  תה  קלאסי 2,תה ויסוצקי,,רוייבש  תה  קלאסי 2 ג  25 שק,יחידה,25.00,יחידה,false,1,25.90,1.0360,true,1,5799
7290011126452,false,תה גן הקסום קמומיל נ,תה ויסוצקי,,תה גן הקסום קמומיל נענע 1.5ג25שק,יחידה,25.00,יחידה,false,1,19.50,0.7800,true,1,6965
7290011126469,false,תה גן הקסום קמומיל ד,תה ויסוצקי,,תה גן הקסום קמומיל דבש 1.5ג25שק,יחידה,25.00,יחידה,false,1,19.50,0.7800,true,1,6966
7290011126940,false,תה ירוק מרווה 1.5 ג,תה ויסוצקי,,תה ירוק מרווה 1.5 ג 25 שק,יחידה,25.00,יחידה,false,1,24.90,0.9960,true,1,8003
7290011126957,false,תה ירוק ארל גריי 1.5,תה ויסוצקי,,תה ירוק ארל גריי 1.5 ג 25 שק,יחידה,25.00,יחידה,false,1,24.90,0.9960,true,1,8002
7290011131371,false,תערובת מיזלי קרנצי ש,וויטליה,,תערובת מיזלי גרין שקדים 1 קג,קילוגרמים,1.00,"ק""ג",false,1,25.90,25.9000,true,1,7218
7290011131395,false,תערובת מיזלי גרין קר,וויטליה,,תערובת מיזלי גרין קראנץ 1 קג,קילוגרמים,1.00,"ק""ג",false,1,25.90,25.9000,true,1,7216
7290011131654,false,תערובת מיזלי גרין בי,וויטליה,,תערובת מיזלי גרין ביג מיקס1 קג,קילוגרמים,1.00,"ק""ג",false,1,25.90,25.9000,true,1,18256
7290011131975,false,תערובת גרנולה פירות,וויטליה,,תערובת גרנולה פירות 1 קג ספץ,קילוגרמים,1.00,"ק""ג",false,1,25.90,25.9000,true,1,9485
7290011132583,false,משקה פפסי מקס 6יחידו,,IL,משקה פפסי מקס 6יחידות 500מל בק. פקדון,מיליליטרים,3000.00,"100 מ""ל",false,4,23.90,0.7967,true,1,51871
7290011132620,false,מארז 6 יח בירה שנדי,,,מארז 6 יח בירה שנדי אבטיח בק 330מל פיקד,מיליליטרים,1980.00,"100 מ""ל",false,1,29.90,1.5101,true,1,9777
7290011133368,false,מארז 6יח בירה שנדי ת,,,מארז 6יח בירה שנדי תפוח בק330מל פיקדון,מיליליטרים,1980.00,"100 מ""ל",false,1,29.90,1.5101,true,1,8364
7290011133375,false,מארז 6יח בירה שנדי א,,,מארז 6יח בירה שנדי אפרסק בק330מל פיקדון,מיליליטרים,1980.00,"100 מ""ל",false,1,29.90,1.5101,true,1,8365
7290011154035,false,תרכיז תפוח טבעי סחוט,טעמי הגליל,IL,תרכיז תפוח טבעי סחוט טעמי הגליל 500 מל,מיליליטרים,500.00,"100 מ""ל",false,1,23.90,4.7800,true,1,46142
7290011154080,false,תרכיז תפוח טבעי צלול,טעמי הגליל,IL,תרכיז תפוח צלול טעמי הגליל 500 מל,מיליליטרים,500.00,"100 מ""ל",false,1,23.90,4.7800,true,1,46141
7290011154721,false,שיכר רימונים בסגנון,,,שיכר רימונים בסגנון פורט 750 מל פיקדון,מיליליטרים,750.00,"100 מ""ל",false,1,89.90,11.9867,true,1,10244
7290011154738,false,שיכר רימונים קינוח 5,,,שיכר רימונים קינוח 500 מל פיקדון,מיליליטרים,500.00,"100 מ""ל",false,1,60.00,12.0000,true,1,10245
7290011154745,false,שיכר רימונים יבש 750,,,שיכר רימונים יבש 750 מל פיקדון,מיליליטרים,750.00,"100 מ""ל",false,1,70.00,9.3333,true,1,11108
7290011154882,false,תרכיז תפוזים טבעי טע,טעמי הגליל,IL,תרכיז תפוזים טבעי טעמי הגליל 500 מל,מיליליטרים,500.00,"100 מ""ל",false,1,26.90,5.3800,true,1,58633
7290011154899,false,תרכיז תפוחים ענבים ט,טעמי הגליל,IL,תרכיז תפוחים ענבים טבעי טעמי הגליל500 מל,מיליליטרים,500.00,"100 מ""ל",false,1,26.90,5.3800,true,1,58634
7290011194215,false,מעדן דניאלה בננה  10,,,מעדן דניאלה בננה  100 גרם,גרמים,100.00,100 גרם,false,1,4.50,4.5000,true,1,5359
7290011194246,false,קוטג 5% עם סידן 250,,,קוטג 5% עם סידן 250 ג שטראוס,גרמים,250.00,100 גרם,false,1,5.90,2.3600,true,1,5462
7290011223021,false,רפידות הנקה פרש וואנ,על בד,,רפידות הנקה פרש וואנס 30 יח,יחידה,30.00,יחידה,false,1,17.90,0.5967,true,1,5518
7290011223038,false,עלים לקרמשניט בונמי,Bonomi,,עלים לקרמשניט ויצנצי 300 ג,גרמים,300.00,100 גרם,false,1,15.90,5.3000,true,1,9869
7290011223052,false,רצועות שעווה אלוורה1,ש.שוורץ,,רצועות שעווה אלוורה16 יח מגע המשי,יחידה,16.00,יחידה,false,1,21.90,1.3687,true,1,11933
7290011223076,false,רצועות שעווה רגישות1,ש.שוורץ,,רצועות שעווה רגישות12 יח מגע המשי,יחידה,12.00,יחידה,false,1,21.90,1.8250,true,1,11935
7290011223205,false,ריבת חלב ארגנטינאית,DULCOR,,ריבת חלב ארגנטינאית 454 ג,גרמים,454.00,100 גרם,false,1,17.50,3.8546,true,1,5733
7290011223229,false,ט.דאק גל אסלה טיפות,DEOFLOR,,ט.דאק גל אסלה טיפות טל רעננות 55 מל,Unknown,0.00,Unknown,false,1,9.90,0.0000,true,1,5647
7290011223243,false,טואלט דאק גל אסלה ני,DEOFLOR,,טואלט דאק גל אסלה ניחוח לבנדר 55 מל,Unknown,0.00,Unknown,false,1,9.90,0.0000,true,1,5646
7290011236649,false,שוקולד ציפס בלגי 54%,בייסיק,,שוקולד ציפס בלגי 54% 300 גר,גרמים,300.00,100 גרם,false,1,11.90,3.9667,true,1,6781
7290011240332,false,מיץ ענבים תירוש אדום,יקבי ציון,,מיץ ענבים תירוש אדום 1 ליטר,ליטרים,1.00,ליטר,false,1,15.00,15.0000,true,1,15913
7290011240516,false,יין ק. סוביניון דור,יקב 1848,,יין ק. סוביניון דור 2 750 מל פקדון,מיליליטרים,750.00,"100 מ""ל",false,1,60.00,8.0000,true,1,15901
7290011240530,false,יין מרלו דור 2 750 מ,יקב 1848,,יין מרלו דור 2 750 מל פקדון,מיליליטרים,750.00,"100 מ""ל",false,1,60.00,8.0000,true,1,15903
7290011240547,false,יין רוזה דור 2 750 מ,יקב 1848,,יין רוזה דור 2 750 מל פקדון,מיליליטרים,750.00,"100 מ""ל",false,1,60.00,8.0000,true,1,15904
7290011240554,false,יין ק. פרנק דור 5 75,יקב 1848,,יין ק. פרנק דור 5 750מל פקדון,מיליליטרים,750.00,"100 מ""ל",false,1,70.00,9.3333,true,1,15905
7290011240561,false,יין ק. סירה דור 5 75,יקב 1848,,יין ק. סירה דור 5 750מל פקדון,מיליליטרים,750.00,"100 מ""ל",false,1,75.00,10.0000,true,1,15906
7290011240578,false,יין זנים לבנים דור 5,יקב 1848,,יין זנים לבנים דור 5 750מל פקדון,מיליליטרים,750.00,"100 מ""ל",false,1,70.00,9.3333,true,1,15907
7290011240585,false,יין ק. סוביניון דור,יקב 1848,,יין ק. סוביניון דור 7 750 מל פקדון,מיליליטרים,750.00,"100 מ""ל",false,1,110.00,14.6667,true,1,15909
7290011240752,false,יין שרדונה סוביניון,יקב 1848,,יין שרדונה סוביניון ב. דור2 750 מל פקדון,מיליליטרים,750.00,"100 מ""ל",false,1,60.00,8.0000,true,1,27708
7290011240868,false,יין מוסקטו מבעבע 750,יקבי ציון,,יין מוסקטו מבעבע 750מל פקדון,מיליליטרים,750.00,"100 מ""ל",false,1,35.00,4.6667,true,1,15927
7290011240943,false,יין קברנה רזרב 750מל,יקבי ציון,,יין קברנה רזרב 750מל פקדון,מיליליטרים,750.00,"100 מ""ל",false,1,150.00,20.0000,true,1,15911
7290011303570,false,מעדן רימון דודה ברטה,,IL,מעדן רימון דודה ברטה 284 גרם,גרמים,284.00,100 גרם,false,6,15.90,5.5986,true,1,59830
7290011343002,false,שמן זית קורנייקי 750,,,שמן זית קורנייקי 750 מל ארץ גשור,מיליליטרים,750.00,"100 מ""ל",false,1,49.90,6.6533,true,1,11144
7290011343019,false,שמן זית שמן הבית 750,,,שמן זית שמן הבית 750 מל ארץ גשור,מיליליטרים,750.00,"100 מ""ל",false,1,49.90,6.6533,true,1,11146
7290011343026,false,שמן זית פישולין 750,,,שמן זית פישולין 750 מל ארץ גשור,מיליליטרים,750.00,"100 מ""ל",false,1,49.90,6.6533,true,1,11145
7290011343033,false,שמן זית לצינו 750 מל,,,שמן זית לצינו 750 מל ארץ גשור,מיליליטרים,750.00,"100 מ""ל",false,1,49.90,6.6533,true,1,11143
7290011343064,false,שמן זית סורי 750 מל,,,שמן זית סורי 750 מל ארץ גשור,מיליליטרים,750.00,"100 מ""ל",false,1,49.90,6.6533,true,1,11766
7290011343170,false,שמן זית פיקואל 750 מ,,,שמן זית פיקואל 750 מל ארץ גשור,מיליליטרים,750.00,"100 מ""ל",false,1,49.90,6.6533,true,1,11147
7290011343194,false,שמן זית ארבקינה 750,,,שמן זית ארבקינה 750 מל ארץ גשור,מיליליטרים,750.00,"100 מ""ל",false,1,49.90,6.6533,true,1,11149
7290011378028,false,חלבה ללא סוכר שומשום,רושדי תעשיות מזון בע,,חלבה ללא סוכר שומשום מלא 350 ג בארכה,גרמים,350.00,100 גרם,false,1,15.90,4.5429,true,1,7023
7290011378233,false,מארז7יח חטיף חלבה ונ,רושדי תעשיות מזון בע,,מארז7יח חטיף חלבה וניל ל.ס.18 גר,גרמים,126.00,100 גרם,false,1,11.90,9.4444,true,1,14380
7290011378257,false,מארז7יח חטיף חלבה פק,רושדי תעשיות מזון בע,,מארז7יח חטיף חלבה פקאן ל.ס18גר,גרמים,126.00,100 גרם,false,1,11.90,9.4444,true,1,14476
7290011378769,false,מארז7יח חטיף חלבה ונ,רושדי תעשיות מזון בע,,מארז7יח חטיף חלבה וניל 18 גר,גרמים,126.00,100 גרם,false,1,11.90,9.4444,true,1,12781
7290011402266,false,ציפס זיג זג 1.5 קג,מילוטל,IL,ציפס זיג זג 1.5 קג,גרמים,1500.00,100 גרם,false,1,17.90,1.1933,true,1,51376
7290011428358,false,קרקר שיפון חמניות200,,,קרקר שיפון חמניות200 גר,גרמים,200.00,100 גרם,false,1,29.90,14.9500,true,1,10769
7290011428365,false,קרקר כוסמין גרעיני ד,,,קרקר כוסמין גרעיני דלעת 200 גר,גרמים,200.00,100 גרם,false,1,29.90,14.9500,true,1,10768
7290011428426,false,קרקר חיטה מלאה רוזמר,,,קרקר חיטה מלאה רוזמרין 200 גר,גרמים,200.00,100 גרם,false,1,29.90,14.9500,true,1,10774
7290011428518,false,קרקר חיטה מלאה וזעתר,,,קרקר חיטה מלאה וזעתר 200 גר דיטרה,גרמים,200.00,100 גרם,false,1,29.90,14.9500,true,1,10773
7290011428686,false,קרקר כוסמין פישתן160,,,קרקר כוסמין פישתן160 גרם דיטרא,גרמים,160.00,100 גרם,false,1,27.90,17.4375,true,1,37575
7290011435226,false,דבש לחיץ פרחי בר 650,,,דבש לחיץ פרחי בר 650 גר יד מרדכי,גרמים,650.00,100 גרם,false,1,34.90,5.3692,true,1,8700
7290011438142,false,משקה חלב טעם קפה יוט,,,משקה חלב טעם קפה יוטבתה בקבוק 350 מל,מיליליטרים,350.00,"100 מ""ל",false,1,6.60,1.8857,true,1,6460
7290011461058,false,מפיץ ריח גומא 100 מל,,,מפיץ ריח גומא 100 מל,מיליליטרים,100.00,"100 מ""ל",false,1,20.00,20.0000,true,1,10986
7290011473006,false,קינואה אורגנית 500 ג,,,קינואה אורגנית 500 גר תבואות,גרמים,500.00,100 גרם,false,1,15.90,3.1800,true,1,9183
7290011473051,false,קוואקר עבה אורגני 50,,,קוואקר עבה אורגני 500 גר תבואות,גרמים,500.00,100 גרם,false,1,10.90,2.1800,true,1,9184
7290011473068,false,אורז מעורב אורגני 50,,,אורז מעורב אורגני 500 גר תבואות,גרמים,500.00,100 גרם,false,1,18.90,3.7800,true,1,9185
7290011473082,false,אורז בסמטי אורגני 50,,,אורז בסמטי אורגני 500 גר תבואות,גרמים,500.00,100 גרם,false,1,13.90,2.7800,true,1,9186
7290011473099,false,אורז עגול אורגני 500,,,אורז עגול אורגני 500 גר תבואות,גרמים,500.00,100 גרם,false,1,10.50,2.1000,true,1,9187
7290011473112,false,אורז אדום אורגני 500,,,אורז אדום אורגני 500 גר תבואות,גרמים,500.00,100 גרם,false,1,17.00,3.4000,true,1,9188
7290011473129,false,גרעיני חמניות מקולף,,,גרעיני חמניות מקולף אורגני 300 גר תבואות,גרמים,300.00,100 גרם,false,1,11.50,3.8333,true,1,9189
7290011473136,false,גרעיני דלעת מקולף או,,,גרעיני דלעת מקולף אורגני 300 גר תבואות,גרמים,300.00,100 גרם,false,1,16.90,5.6333,true,1,9190
7290011473143,false,קוסקוס אורגני 500 גר,,,קוסקוס אורגני 500 גר תבואות,גרמים,500.00,100 גרם,false,1,12.90,2.5800,true,1,9191
7290011473150,false,שומשום מלא אורגני 40,,,שומשום מלא אורגני 400 גר תבואות,גרמים,400.00,100 גרם,false,1,13.60,3.4000,true,1,9192
7290011473181,false,עדשים שחורים אורגני,,,עדשים שחורים אורגני 500 גר תבואות,גרמים,500.00,100 גרם,false,1,15.90,3.1800,true,1,9194
7290011473198,false,עדשים חומים אורגני 5,,,עדשים חומים אורגני 500 גר תבואות,גרמים,500.00,100 גרם,false,1,12.90,2.5800,true,1,9195
7290011473204,false,עדשים ירוקים אורגני,,,עדשים ירוקים אורגני 500 גר תבואות,גרמים,500.00,100 גרם,false,1,13.90,2.7800,true,1,9196
7290011473211,false,עדשים אדומים אורגני,,,עדשים אדומים אורגני 500 גר תבואות,גרמים,500.00,100 גרם,false,1,12.90,2.5800,true,1,9197
7290011473228,false,אפונה ירוקה אורגנית,,,אפונה ירוקה אורגנית 500 גר תבואות,גרמים,500.00,100 גרם,false,1,10.20,2.0400,true,1,9198
7290011473242,false,פשתן זרעים אורגני 50,,,פשתן זרעים אורגני 500 גר תבואות,גרמים,500.00,100 גרם,false,1,11.50,2.3000,true,1,9199
7290011473259,false,פשתן טחון אורגני 350,,,פשתן טחון אורגני 350 גר תבואות,גרמים,350.00,100 גרם,false,1,11.90,3.4000,true,1,9200
7290011473266,false,אמרנט אורגני 500 גר,,,אמרנט אורגני 500 גר תבואות,גרמים,500.00,100 גרם,false,1,15.90,3.1800,true,1,9201
7290011473273,false,בורגול אורגני 500 גר,,,בורגול אורגני 500 גר תבואות,גרמים,500.00,100 גרם,false,1,10.50,2.1000,true,1,9202
7290011473280,false,חומוס אורגני 500 גר,,,חומוס אורגני 500 גר תבואות,גרמים,500.00,100 גרם,false,1,11.50,2.3000,true,1,9203
7290011473297,false,גריסי פנינה אורגני 5,,,גריסי פנינה אורגני 500 גר תבואות,גרמים,500.00,100 גרם,false,1,10.90,2.1800,true,1,9204
7290011473310,false,פולי אזוקי אורגני 50,,,פולי אזוקי אורגני 500 גר תבואות,גרמים,500.00,100 גרם,false,1,13.10,2.6200,true,1,9206
7290011473327,false,מש אורגני 500 גר תבו,,,מש אורגני 500 גר תבואות,גרמים,500.00,100 גרם,false,1,15.50,3.1000,true,1,9207
7290011473334,false,שעועית לבנה אורגנית,,,שעועית לבנה אורגנית 500 גר תבואות,גרמים,500.00,100 גרם,false,1,11.90,2.3800,true,1,9208
7290011473341,false,שעועית אדומה אורגנית,,,שעועית אדומה אורגנית 500 גר תבואות,גרמים,500.00,100 גרם,false,1,13.50,2.7000,true,1,9223
7290011473358,false,שעועית שחורה אורגנית,,,שעועית שחורה אורגנית 500 גר תבואות,גרמים,500.00,100 גרם,false,1,12.20,2.4400,true,1,9209
7290011473365,false,דוחן אורגני 500 גר ת,,,דוחן אורגני 500 גר תבואות,גרמים,500.00,100 גרם,false,1,12.20,2.4400,true,1,9224
7290011473389,false,קמח כוסמין לבן אורגנ,,,קמח כוסמין לבן אורגני 500 גר תבואות,גרמים,500.00,100 גרם,false,1,12.90,2.5800,true,1,9241
7290011473433,false,כוסמת אורגנית 500 גר,,,כוסמת אורגנית 500 גר תבואות,גרמים,500.00,100 גרם,false,1,11.90,2.3800,true,1,9212
7290011473440,false,שיבולת שועל אורגני 5,,,שיבולת שועל אורגני 500 גר תבואות,גרמים,500.00,100 גרם,false,1,12.20,2.4400,true,1,9213
7290011473457,false,שומשום שחור אורגני 4,,,שומשום שחור אורגני 400 גר תבואות,גרמים,400.00,100 גרם,false,1,17.00,4.2500,true,1,9215
7290011473464,false,סובין שיבולת שועל או,,,סובין שיבולת שועל אורגני 400גר תבואות,גרמים,400.00,100 גרם,false,1,13.60,3.4000,true,1,9214
7290011473471,false,אורז בסמטי לבן אורגנ,,,אורז בסמטי לבן אורגני 500 גר תבואות,גרמים,500.00,100 גרם,false,1,13.90,2.7800,true,1,9216
7290011473488,false,קמח אורז מלא טבעי 50,,,קמח אורז מלא טבעי 500 גר תבואות,גרמים,500.00,100 גרם,false,1,10.50,2.1000,true,1,9426
7290011473495,false,פתיתי שמרי בירה טבעי,,,פתיתי שמרי בירה טבעי 200 גר תבואות,גרמים,200.00,100 גרם,false,1,24.50,12.2500,true,1,9244
7290011473525,false,אורז בר טבעי 400 גר,,,אורז בר טבעי 400 גר תבואות,גרמים,400.00,100 גרם,false,1,34.90,8.7250,true,1,9245
7290011473570,false,קמח חומוס טבעי 500 ג,,,קמח חומוס טבעי 500 גר תבואות,גרמים,500.00,100 גרם,false,1,12.50,2.5000,true,1,9248
7290011473587,false,נבט חיטה טבעי 250 גר,,,נבט חיטה טבעי 250 גר תבואות,גרמים,250.00,100 גרם,false,1,8.20,3.2800,true,1,9249
7290011473594,false,טחינה אורגנית 1 קג ת,,,טחינה אורגנית 1 קג תבואות,קילוגרמים,1.00,"ק""ג",false,1,28.90,28.9000,true,1,32143
7290011473624,false,טחינה מלאה אורגנית 1,,,טחינה מלאה אורגנית 1 קג תבואות,קילוגרמים,1.00,"ק""ג",false,1,28.90,28.9000,true,1,32115
7290011473648,false,סוכר דמררה אורגני 1,,,סוכר דמררה אורגני 1 קג  תבואות,קילוגרמים,1.00,"ק""ג",false,1,10.90,10.9000,true,1,9217
7290011473655,false,סוכר קנים אורגני 1 ק,,,סוכר קנים אורגני 1 קג  תבואות,קילוגרמים,1.00,"ק""ג",false,1,10.90,10.9000,true,1,9218
7290011473723,false,מלח הימליה דק 1 קג ת,,,מלח הימליה דק 1 קג תבואות,קילוגרמים,1.00,"ק""ג",false,1,12.90,12.9000,true,1,23367
7290011473860,false,אבקת שימרי בירה טבעי,,,אבקת שימרי בירה טבעי 250 גר תבואות,גרמים,250.00,100 גרם,false,1,24.50,9.8000,true,1,9253
7290011473877,false,קינואה אדומה אורגנית,,,קינואה אדומה אורגנית 500 גר תבואות,גרמים,500.00,100 גרם,false,1,19.90,3.9800,true,1,9226
7290011473907,false,סובין חיטה טבעי 200,,,סובין חיטה טבעי 200 גר תבואות,גרמים,200.00,100 גרם,false,1,6.10,3.0500,true,1,9254
7290011473921,false,סובין שיבולת שועל טב,,,סובין שיבולת שועל טבעי 500 גר תבואות,גרמים,500.00,100 גרם,false,1,14.50,2.9000,true,1,9255
7290011473952,false,קוואקר מהיר הכנה טבע,,,קוואקר מהיר הכנה טבעי 400 גר תבואות,גרמים,400.00,100 גרם,false,1,6.50,1.6250,true,1,9257
7290011473969,false,קינואה טריו אורגנית,,,קינואה טריו אורגנית 500 גר תבואות,גרמים,500.00,100 גרם,false,1,21.90,4.3800,true,1,9182
7290011474058,false,פסטה ספגטי קמח כוסמי,,,פסטה ספגטי קמח כוסמין אורגני500גר תבואות,גרמים,500.00,100 גרם,false,1,17.90,3.5800,true,1,9841
7290011474362,false,קמח עדשים אורגני 500,,,קמח עדשים אורגני 500 גר תבואות,גרמים,500.00,100 גרם,false,1,12.90,2.5800,true,1,16997
7290011498160,false,שמן קוקוס אורגני שקד,שקד תבור,,שמן קוקוס אורגני 1 ל,ליטרים,1.00,ליטר,false,1,49.90,49.9000,true,1,7841
7290011498191,false,מארז חטיפי מרציפן מצ,שקד תבור,IL,חטיפי מרציפן מצופים שוקולד 180 גם,גרמים,180.00,100 גרם,false,12,19.90,11.0556,true,1,41874
7290011498283,false,חמאת בוטנים שקד תבור,שקד תבור,,חמאת בוטנים שקד תבור 700 גרם,גרמים,700.00,100 גרם,false,1,25.90,3.7000,true,1,22749
7290011498368,false,ממרח פיסטוק אלת הבטנ,שקד תבור,,ממרח 100% פיסטוק 200 גר,גרמים,200.00,100 גרם,false,1,41.90,20.9500,true,1,7838
7290011498375,false,ממרח חמאת קוקוס 300,שקד תבור,,ממרח חמאת קוקוס 300 גרם,גרמים,300.00,100 גרם,false,1,19.90,6.6333,true,1,7839
7290011498405,false,שמן קוקוס אורגני 350,שקד תבור,,שמן קוקוס אורגני 350 מל,מיליליטרים,350.00,"100 מ""ל",false,1,22.90,6.5429,true,1,7835
7290011498412,false,חמאת קקאו אורגני 200,שקד תבור,,חמאת קקאו אורגני 200 גרם,Unknown,0.00,Unknown,false,1,22.90,0.0000,true,1,6704
7290011498504,false,ממרח חלבה עשירה 350,שקד תבור,,ממרח חלבה עשירה 350 גרם,גרמים,350.00,100 גרם,false,1,13.90,3.9714,true,1,31228
7290011498511,false,ממרח חלבה מלאה 350 ג,שקד תבור,,ממרח חלבה מלאה 350 גרם,גרמים,350.00,100 גרם,false,1,13.90,3.9714,true,1,31239
7290011498528,false,שמן פשתן 100% טבעי 2,שקד תבור,,שמן פשתן 100% טבעי 250 מל,מיליליטרים,250.00,"100 מ""ל",false,1,24.00,9.6000,true,1,22750
7290011498634,false,חמאת גרעיני דלעת 300,שקד תבור,,חמאת גרעיני דלעת 300 גרם,גרמים,300.00,100 גרם,false,6,27.90,9.3000,true,1,26051
7290011498658,false,שמן אבוקדו כבישה קרה,שקד תבור,,שמן אבוקדו כבישה קרה 250 מל,מיליליטרים,250.00,"100 מ""ל",false,6,32.90,13.1600,true,1,31240
7290011498733,false,שמן קצח 100% 250 מל,שקד תבור,,שמן קצח 100% 250 מל,גרמים,380.00,100 גרם,false,1,49.90,13.1316,true,1,15090
7290011498740,false,ממרח שקד מלא כבישה ק,שקד תבור,,ממרח שקד מלא כבישה קרה 310 גר,גרמים,310.00,100 גרם,false,6,32.90,10.6129,true,1,10705
7290011498887,false,חטיפי תמר מילוי חמאת,שקד תבור,IL,חטיפי תמר מילוי חמאת קוקוס 150 גרם,גרמים,150.00,100 גרם,false,12,18.90,12.6000,true,1,41897
7290011498894,false,חטיפי תמר מילוי חמאת,שקד תבור,IL,חטיפי תמר מילוי חמאת בוטנים 150 גרם,גרמים,150.00,100 גרם,false,12,18.90,12.6000,true,1,41898
7290011498900,false,חטיפי תמר חמאת שקדים,שקד תבור,IL,חטיפי תמר חמאת שקדים מצופה 150 גרם,גרמים,150.00,100 גרם,false,12,18.90,12.6000,true,1,41899
7290011498917,false,חטיפי תמר חמאת קוקוס,שקד תבור,IL,חטיפי תמר חמאת קוקוס מצופה 150 גרם,גרמים,150.00,100 גרם,false,12,18.90,12.6000,true,1,41875
7290011498948,false,חטיפי תמר מצופה שוקל,שקד תבור,IL,חטיפי תמר מצופים שוקלד 100% קקו 150 גרם,גרמים,150.00,100 גרם,false,12,18.90,12.6000,true,1,11654
7290011498955,false,חמאת בוטנים שקד תבור,שקד תבור,,חמאת בוטנים שקד תבור 300 גרם,גרמים,300.00,100 גרם,false,1,12.90,4.3000,true,1,19646
7290011498962,false,ממרח שקד לבן כבישה ק,שקד תבור,,ממרח שקד לבן כבישה  קרה 300 גר,גרמים,300.00,100 גרם,false,1,32.90,10.9667,true,1,14964
7290011498979,false,ממרח שקד לבן מועשר 3,שקד תבור,,ממרח שקד לבן מועשר 300 גר,גרמים,300.00,100 גרם,false,6,32.90,10.9667,true,1,15089
7290011498986,false,חטיפי תמר חמאת קשיו,שקד תבור,,ממרח שקד לבן עם קשיו 300 גר,גרמים,300.00,100 גרם,false,1,18.90,6.3000,true,1,19643
7290011498993,false,ממרח קשיו לבן 300 גר,שקד תבור,,ממרח קשיו לבן 300 גר,גרמים,300.00,100 גרם,false,1,27.90,9.3000,true,1,19645
7290011499051,false,גבינה פטה כבשים 250,,,גבינה פטה כבשים 250 ג,גרמים,250.00,100 גרם,false,1,27.90,11.1600,true,1,5980
7290011499105,false,גב.בולגרית 5% מלוחה,,,גב.בולגרית 5% מלוחה 250 גר,גרמים,250.00,100 גרם,false,1,24.90,9.9600,true,1,6132
7290011499112,false,גב.בולגרית 16% מלוחה,,,גב.בולגרית 16% מלוחה 250 גר,גרמים,250.00,100 גרם,false,1,24.90,9.9600,true,1,6133
7290011499129,false,גב.בולגרית 5% קוביות,,,גב.בולגרית 5% קוביות 250 גרם,גרמים,250.00,100 גרם,false,1,24.90,9.9600,true,1,6252
7290011499303,false,גבינה בולגרית עיזים,,,גבינה בולגרית עיזים 5% מעודנת 250 גר,גרמים,250.00,100 גרם,false,1,33.90,13.5600,true,1,7450
7290011499327,false,גבינה בולגרית חלב בק,,,גבינה בולגרית חלב בקר מעודנת 250 גר,גרמים,250.00,100 גרם,false,1,24.90,9.9600,true,1,7452
7290011499341,false,גבינת קאשקבלו 26% שו,,,גבינת קאשקבלו 26% שומן 200גר,גרמים,200.00,100 גרם,false,1,25.90,12.9500,true,1,7684
7290011499358,false,גבינת פטה עיזים 200ג,,,גבינת פטה עיזים 200גרם,גרמים,200.00,100 גרם,false,1,28.90,14.4500,true,1,7685
7290011499365,false,גבינת חלומי 24% 200,,,גבינת חלומי 24% 200 גר,גרמים,200.00,100 גרם,false,1,22.90,11.4500,true,1,7686
7290011499419,false,גבינת במרקם שמנת 5%,,,גבינת במרקם שמנת 5% טבעית 200 גר,גרמים,200.00,100 גרם,false,1,12.90,6.4500,true,1,8391
7290011499525,false,לבנה 9%  דרוזית למרי,,,לבנה 9%  דרוזית למריחה 500 גר,גרמים,500.00,100 גרם,false,1,20.90,4.1800,true,1,8718
7290011499624,false,גבינת שמנת 30% טבעית,,,גבינת שמנת 30% טבעית 200 גר,גרמים,200.00,100 גרם,false,1,13.90,6.9500,true,1,9563
7290011499846,false,גבינת ריקוטה פרסקה 3,,,גבינת ריקוטה פרסקה 300 גר,גרמים,300.00,100 גרם,false,1,19.90,6.6333,true,1,10428
7290011499853,false,גבינת שמנת 30% זיתים,,,גבינת שמנת 30% זיתים 200 גר,גרמים,200.00,100 גרם,false,1,13.90,6.9500,true,1,10613
7290011501617,false,חמוציות ברכז תפוח ל.,"דין שיווק וקלייה בע""",,חמוציות ברכז תפוח ל.ס. 250 גר,גרמים,250.00,100 גרם,false,1,14.90,5.9600,true,1,16227
7290011505806,false,קיסמי שיניים דנטליים,,CN,קיסצי שיניים דנטליים פלסטיק 200 יח חבית,Unknown,0.00,Unknown,false,12,9.90,0.0000,true,1,32102
7290011515683,false,מאגדת שלגון אקסטרים,גלידות נסטלה,,מאגדת שלגון אקסטרים וניל 6 יח,יחידה,6.00,יחידה,false,1,35.90,5.9833,true,1,6355
7290011515911,false,מאגדת שלגון לייט ריב,גלידות נסטלה,,מאגדת שלגון לייט ריבת חלב 6יח 312 גר,יחידה,6.00,יחידה,false,1,29.90,4.9833,true,1,8095
7290011518561,false,משקה אקטימל תות  14,,,משקה אקטימל תות  14 יח,גרמים,1512.00,100 גרם,false,1,33.80,2.2354,true,1,5942
7290011525316,false,תחליב סנסטיב לתינוק,פישר תעשיות,,תחליב סנסטיב לתינוק שיבולת שועל 500 מל,מיליליטרים,500.00,"100 מ""ל",false,1,29.90,5.9800,true,1,6927
7290011570088,false,ריבת חלב ללא סוכר 40,,,ריבת חלב ללא סוכר 400 גר גלעם,גרמים,400.00,100 גרם,false,1,18.90,4.7250,true,1,8462
7290011570132,false,קמח ללא גלוטן 1 קג ג,"גלעם אריזות בע""מ",,קמח ללא גלוטן 1 קג גלעם,קילוגרמים,1.00,"ק""ג",false,1,16.90,16.9000,true,1,7589
7290011570507,false,קמח רב תכליתי 450 גר,אשבל,,קמח רב תכליתי 450 גר ללא גלוטן,גרמים,450.00,100 גרם,false,1,19.90,4.4222,true,1,17582
7290011570644,false,קמח כרגיל ללחם 500 ג,,,קמח כרגיל ללחם 500 גר ללא גלוטן,גרמים,500.00,100 גרם,false,1,19.90,3.9800,true,1,36070
7290011570781,false,קמח לעוגת וניל 450 ג,אשבל,,קמח לעוגת וניל 450 גר ללא גלוטן,גרמים,450.00,100 גרם,false,1,19.90,4.4222,true,1,25039
7290011570934,false,תערובת לפנקייק ל.גלו,אשבל,,תערובת לפנקייק ל.גלוטן 400 גרם גלעם,גרמים,450.00,100 גרם,false,1,19.90,4.4222,true,1,37231
7290011575007,false,מרסס הפי לאמבט ומקלח,ויטול,,מרסס הפי לאמבט ומקלחון 750 מל,מיליליטרים,750.00,"100 מ""ל",false,1,19.90,2.6533,true,1,6134
7290011575809,false,ספריי נוצץ הגרטי הפי,פוליבוי,,ספריי נוצץ הגרטי הפי 200 מל,מיליליטרים,200.00,"100 מ""ל",false,1,31.50,15.7500,true,1,8212
7290011587444,false,תערובת מוזלי קראנצי,ויטליה,MK,תערובת מוזלי קראנצי פירות 600 גר,גרמים,600.00,100 גרם,false,10,13.90,2.3167,true,1,38747
7290011587758,false,אטריות נודלס דק 200,,,אטריות נודלס דק 200 גר,גרמים,200.00,100 גרם,false,1,4.90,2.4500,true,1,8439
7290011587765,false,אטריות נודלס עבה 200,,,אטריות נודלס עבה 200 גר,גרמים,200.00,100 גרם,false,1,4.90,2.4500,true,1,8438
7290011587857,false,עגבניות מיובשות מתוב,,TR,עגבניות מיובשות מתובלות 250 גר,גרמים,250.00,100 גרם,false,12,9.90,3.9600,true,1,13568
7290011598211,false,סנו אנטי קאלק רב שימ,,,סנו אנטי קאלק רב שימושי 700 מל,מיליליטרים,750.00,"100 מ""ל",false,1,19.90,2.6533,true,1,6768
7290011598259,false,מ.אויר סנו פרש אוטומ,,,מ.אויר סנו פרש אוטומאיק מאסק 250 מל,מיליליטרים,250.00,"100 מ""ל",false,1,14.90,5.9600,true,1,8779
7290011598372,false,מטלית סנו סושי מיקרו,,,מטלית סנו סושי מיקרופייבר לרצפה,יחידה,1.00,יחידה,false,1,15.90,15.9000,true,1,6583
7290011598402,false,מרכך כביסה סנומקסימה,,,מרכך כביסה סנומקסימה 4 ל לבן מוסק,ליטרים,4.00,ליטר,false,1,22.90,5.7250,true,1,6162
7290011607180,false,אב.כביסה קולון 101 כ,זוהר דליה,,אב.כביסה קולון 101 כתמים 1.25 קג,קילוגרמים,1.25,"ק""ג",false,1,12.90,10.3200,true,1,6126
7290011615260,false,טורטיה קמח לבן לאפיה,מוטלוקאל גידה סאן טי,,עלי טורטיה לאפיה 540 גרם,גרמים,540.00,100 גרם,false,1,9.90,1.8333,true,1,7072
7290011618483,false,רייד מכשיר חשמלי 90,SC Jonson,,רייד מכשיר חשמלי 90 לילות +זוג נוזל,יחידה,1.00,יחידה,false,1,44.90,44.9000,true,1,6177
7290011622428,false,חטיף בוטנים כתמטמיני,,,חטיף בוטנים כתמטמינים 45 גר,Unknown,0.00,Unknown,false,1,6.50,0.0000,true,1,16174
7290011622770,false,אצבעות ביסקוויטים פל,,,אצבעות ביסקוויטים פלוס 130 גר,גרמים,130.00,100 גרם,false,12,18.90,14.5385,true,1,48188
7290011723200,false,טחינה הר ברכה 500 גר,טחינה הר ברכה בעמ,,טחינה הר ברכה 500 גרם,גרמים,500.00,100 גרם,false,1,19.90,3.9800,true,1,22100
7290011728007,false,חטיף נאצוס תירס טבעי,,,חטיף נאצוס תירס טבעי טרז פזוס 180 גרם,גרמים,180.00,100 גרם,false,6,19.90,11.0556,true,1,48591
7290011728052,false,ריבת בצל טרז פסוס 27,"דוידוב סלמון בע""מ",IL,ריבת בצל טרז פסוס 270 גרם,Unknown,0.00,Unknown,false,6,24.90,0.0000,true,1,59823
7290011728298,false,פלפל חלפיניו ירוק כב,"דוידוב סלמון בע""מ",IL,פלפל חלפיניו ירוק כבוש 195 גר,גרמים,195.00,100 גרם,false,24,25.90,13.2821,true,1,40723
7290011743833,false,מש.שיניים סנסודיין פ,,,מש.שיניים סנסודיין פרומל 75 מל ירוק,מיליליטרים,75.00,"100 מ""ל",false,1,21.90,29.2000,true,1,7085
7290011744885,false,מש.שיניים אקווה פרש,,,מש.שיניים אקווה פרש שני חלב 2עד6 50מל,Unknown,0.00,Unknown,false,1,9.90,0.0000,true,1,8761
7290011765071,false,גל גילוח קרמה לעור ר,,,גל גילוח קרמה לעור רגיל 200 מל,מיליליטרים,200.00,"100 מ""ל",false,1,11.90,5.9500,true,1,7046
7290011765095,false,גל גילוח קרמה לעור ע,,,גל גילוח קרמה לעור עדין 200 מל,מיליליטרים,200.00,"100 מ""ל",false,1,11.90,5.9500,true,1,47662
7290011765118,false,קצף גילוח קרמה לעור,,,קצף גילוח קרמה לעור דליקט 200 מל,מיליליטרים,200.00,"100 מ""ל",false,1,11.90,5.9500,true,1,7048
7290011765217,false,גל סנו מדיק לניקוי י,,,גל סנו מדיק לניקוי ידיים 100מל אלוורה,מיליליטרים,100.00,"100 מ""ל",false,12,9.90,9.9000,true,1,43015
7290011765392,false,שמפו כיף לילדים בוב,,,שמפו כיף לילדים בוב ספוג 750 מל,מיליליטרים,750.00,"100 מ""ל",false,1,11.90,1.5867,true,1,6769
7290011765415,false,מרכך כיף לילדים בוב,,,מרכך כיף לילדים בוב ספוג 750 מל,מיליליטרים,750.00,"100 מ""ל",false,1,11.90,1.5867,true,1,6770
7290011765422,false,אלסבון כיף לילדים קמ,,,אלסבון כיף לילדים קמומיל בוב ספוג 750 מל,מיליליטרים,750.00,"100 מ""ל",false,1,11.90,1.5867,true,1,6772
7290011765446,false,מש.שיניים אורביטול ב,,,מש.שיניים אורביטול בוב ספוג 70 גר,גרמים,70.00,100 גרם,false,1,9.90,14.1429,true,1,6773
7290011800840,false,סלט טחינה לבנה רפי צ,צבר,,סלט טחינה לבנה רפי צבר 400 גר,גרמים,400.00,100 גרם,false,1,16.90,4.2250,true,1,8639
7290011830236,false,בייגלה כוסמין אורגני,,,בייגלה כוסמין אורגני 200 גר,גרמים,200.00,100 גרם,false,1,15.90,7.9500,true,1,32776
7290011830243,false,אטריות אורגני ללא גל,,,אטריות אורגני ללא גלוטן אורז תאילנד250ג,גרמים,250.00,100 גרם,false,1,15.90,6.3600,true,1,32781
7290011830250,false,אטריות אורגני ללא גל,,,אטריות אורגני ללא גלוטן מכוסמת 250ג,גרמים,250.00,100 גרם,false,1,16.90,6.7600,true,1,32782
7290011830267,false,אטריות אורגני ללא גל,,,אטריות אורגני ללא גלוטן אורז מלא250ג,גרמים,250.00,100 גרם,false,1,15.90,6.3600,true,1,32780
7290011830274,false,אטריות אורגני ללא גל,,,אטריות אורגני ללא גלוטן אורז שחור250ג,גרמים,250.00,100 גרם,false,1,16.90,6.7600,true,1,32779
7290011830328,false,מחית סקוויז תפוח עץ,,,מחית סקוויז תפוח עץ אורגני 100 גר,גרמים,100.00,100 גרם,false,1,5.90,5.9000,true,1,45947
7290011830366,false,פסטה חמישה צבעים  טל,,IT,פסטה חמישה צבעים  טליאטלה אורגני 500ג,גרמים,500.00,100 גרם,false,6,27.90,5.5800,true,1,44803
7290011830373,false,פסטה חמישה צבעים  פפ,,IT,פסטה חמישה צבעים  פפרדלה אורגני 500ג,גרמים,500.00,100 גרם,false,6,27.90,5.5800,true,1,44802
7290011830380,false,פסטה חמישה צבעים  מק,,IT,פסטה חמישה צבעים אורגנית 500 גר,גרמים,500.00,100 גרם,false,8,24.90,4.9800,true,1,44800
7290011830564,false,פתי בר כוסמין אורגני,,,פתי בר כוסמין אורגני 180 גר,גרמים,180.00,100 גרם,false,1,12.90,7.1667,true,1,32785
7290011860271,false,ביסבול טבעי תפוגן 70,תפוגן,,ביסבול טבעי תפוגן 700 גר,גרמים,700.00,100 גרם,false,1,12.90,1.8429,true,1,7395
7290011876388,false,קציצות עוף ובקר אמית,תנובה גליל,,קציצות עוף ובקר אמיתיות 600 גרם,גרמים,600.00,100 גרם,false,1,35.00,5.8333,true,1,12801
7290011876494,false,שניצל עוף וי תירס 75,תנובה גליל,,שניצל עוף וי תירס 750 גרם,גרמים,750.00,100 גרם,false,1,36.90,4.9200,true,1,6621
7290011877088,false,זוג רדיד אלומיניום ס,,,זוג רדיד אלומיניום סנו סושי30/7.5,יחידה,2.00,יחידה,false,1,16.90,8.4500,true,1,7017
7290011877446,false,קרם נגד גירויים בייב,,,קרם נגד גירויים בייבי כיף 100 מל,מיליליטרים,100.00,"100 מ""ל",false,1,15.90,15.9000,true,1,7743
7290011877859,false,פותח סתימות סנו אינס,,,פותח סתימות סנו אינסטלטור 200 גר,גרמים,200.00,100 גרם,false,1,15.90,7.9500,true,1,7740
7290011912642,false,נוזל שטיפת פה ליסטרי,,IT,נוזל שטיפת פה ליסטרין תאגד 500מל,מיליליטרים,500.00,"100 מ""ל",false,1,19.90,3.9800,true,1,39774
7290011923303,false,טופו טבעי 300 גרם לי,,,טופו טבעי 300 גרם ליב,גרמים,300.00,100 גרם,false,1,12.90,4.3000,true,1,17618
7290011931162,false,ממתיק סוכרלייט נוזלי,,,ממתיק סוכרלייט נוזלי 220 מל,מיליליטרים,220.00,"100 מ""ל",false,1,28.90,13.1364,true,1,7168
7290011931193,false,ממתיק סוכרלייט כפית,,,ממתיק סוכרלייט כפית לכפית 105 גר,גרמים,105.00,100 גרם,false,1,27.90,26.5714,true,1,7169
7290011947309,false,זית זיתא סורי מבוקע,זיתא - י.ט.ב תעשיות,,זית סורי מבוקע עם לימון 220 גרם,גרמים,230.00,100 גרם,false,1,14.90,6.4783,true,1,15237
7290011947316,false,זית זיתא קלמנטה 215,זיתא - י.ט.ב תעשיות,,זית קלמנטה 215 גרם זיתא,גרמים,215.00,100 גרם,false,1,14.90,6.9302,true,1,18298
7290011947521,false,שמן זית זיתא מודגש כ,זיתא - י.ט.ב תעשיות,,שמן זית זיתא מודגש כתית מעולה 750 מל,מיליליטרים,750.00,"100 מ""ל",false,1,29.90,3.9867,true,1,26921
7290011947743,false,מיקס זית זיתא ירוק ו,זיתא - י.ט.ב תעשיות,IL,מיקס זית זיתא ירוק וקלמטה 215 גר,גרמים,215.00,100 גרם,false,8,14.90,6.9302,true,1,44193
7290011947781,false,זית זיתא מיקס מגולען,זיתא - י.ט.ב תעשיות,,זית זיתא מיקס מגולען בשמן זית 215 גרם,גרמים,190.00,100 גרם,false,1,14.90,7.8421,true,1,49849
7290011947798,false,זית זיתא קלמטה מגולע,זיתא - י.ט.ב תעשיות,,זית זיתא קלמטה מגולען בשמן זית 215 גרם,גרמים,190.00,100 גרם,false,1,14.90,7.8421,true,1,49848
7290011947873,false,זית קלמטה זיתא 440 ג,זיתא - י.ט.ב תעשיות,,זית קלמטה זיתא 440 גרם בפח,גרמים,440.00,100 גרם,false,1,18.90,4.2955,true,1,52387
7290011947903,false,זית זיתא מיקס יווני,זיתא - י.ט.ב תעשיות,,זית זיתא מיקס יווני 215 גרם,גרמים,215.00,100 גרם,false,1,14.90,6.9302,true,1,51541
7290011947989,false,זית זיתא ירוק מגולען,זיתא - י.ט.ב תעשיות,,זית זיתא ירוק מגולען טעם שום 190 גרם,גרמים,190.00,100 גרם,false,1,14.90,7.8421,true,1,57741
7290011947996,false,זית זיתא סורי שחור 2,זיתא - י.ט.ב תעשיות,,זית זיתא סורי שחור 215 גרם בגביע,גרמים,215.00,100 גרם,false,1,14.90,6.9302,true,1,57740
7290011964344,false,שום גבישי 120 ג מיכל,,,שום גבישי 120 ג מיכל גדול,גרמים,120.00,100 גרם,false,1,9.90,8.2500,true,1,7224
7290011964542,false,פפריקה מתוקה 400 גר,,,פפריקה מתוקה 400 גר קופסא,גרמים,400.00,100 גרם,false,1,22.90,5.7250,true,1,15818
7290011964566,false,גריל עוף 400 גר בצנצ,,,גריל עוף 400 גר בקופסא,גרמים,400.00,100 גרם,false,1,22.90,5.7250,true,1,15819
7290011964573,false,פלפל שחור טחון דק400,,,פלפל שחור טחון דק400 גרם,גרמים,400.00,100 גרם,false,1,29.90,7.4750,true,1,47401
7290011964597,false,כמון טחון 400 גרם בצ,,,כמון טחון 400 גרם,גרמים,400.00,100 גרם,false,1,22.90,5.7250,true,1,15821
7290011964603,false,כורכום טחון 400 גר ב,,,כורכום טחון 400 גר בקופסא,גרמים,400.00,100 גרם,false,1,22.90,5.7250,true,1,15822
7290011964627,false,פפריקה מתוקה בשמן400,,,פפריקה מתוקה בשמן 400 גר בקופסא,גרמים,400.00,100 גרם,false,1,22.90,5.7250,true,1,15820
7290011964658,false,מלח לימון 170 גר מיכ,,,מלח לימון 170 גר מיכל פלסטיק,גרמים,170.00,100 גרם,false,1,9.90,5.8235,true,1,11892
7290011964689,false,תיבול על האש מיכל גד,,,תיבול על האש מיכל גדול 100 גר,גרמים,100.00,100 גרם,false,1,9.90,9.9000,true,1,9861
7290011964702,false,תיבול שווארמה מיכל ג,,,תיבול שווארמה מיכל גדול100 גר,גרמים,100.00,100 גרם,false,1,9.90,9.9000,true,1,9863
7290011971694,false,ספגטי טריקולור מסמול,,,ספגטי טריקולור מסמולינת אורגני 500 גר,גרמים,500.00,100 גרם,false,1,13.90,2.7800,true,1,32820
7290011996567,false,רוטב סאטה אסיה 240 ג,,,רוטב סאטה אסיה 240 גרם,גרמים,250.00,100 גרם,false,1,14.90,5.9600,true,1,37720
7290012001994,false,חרדל ריין דה דיזון ג,ריין דיגון,,חרדל ריין דה דיזון גרעינים 350 ג,גרמים,350.00,100 גרם,false,1,12.90,3.6857,true,1,9606
7290012019036,false,שיני שום כבושים 330,,,שיני שום כבושים 330 גר תומר,גרמים,330.00,100 גרם,false,1,9.90,3.0000,true,1,36326
7290012019043,false,שום צעיר כבוש בחומץ,,,שום צעיר כבוש בחומץ 330 גר תומר,גרמים,330.00,100 גרם,false,1,9.90,3.0000,true,1,36324
7290012019258,false,רסק תפוח עץ רגיל 4 י,,,רסק תפוח עץ רגיל 4 יח 113 גר,גרמים,452.00,100 גרם,false,1,10.90,2.4115,true,1,28309
7290012019265,false,רסק תפוח עץ דיאט 4 י,,,רסק תפוח עץ דיאט 4 יח 113 גר,גרמים,452.00,100 גרם,false,1,10.90,2.4115,true,1,28307
7290012019272,false,רסק תפוח עץ וקינמון,,,רסק תפוח עץ וקינמון 4 יח 113 גר,גרמים,452.00,100 גרם,false,1,10.90,2.4115,true,1,28308
7290012019401,false,מיץ דובדבן 100% טבעי,,,מיץ דובדבן 100% טבעי גרוזיני 1 ל פיקדון,ליטרים,1.00,ליטר,false,1,16.90,16.9000,true,1,15231
7290012019647,false,פטיסון כבוש 860 גרם,POLAN POLSKO FRANCUS,,פטיסון כבוש 860 גרם,גרמים,860.00,100 גרם,false,1,14.50,1.6860,true,1,25178
7290012022203,false,קליליות חיטה מלאה 10,,,קליליות חיטה מלאה 100גר קריספיות,גרמים,100.00,100 גרם,false,1,15.00,15.0000,true,1,13946
7290012022227,false,קליליות חיטה בטעם טב,,,קליליות חיטה בטעם טבעי 60גר קריספיות,Unknown,0.00,Unknown,false,1,13.00,0.0000,true,1,13945
7290012022272,false,קליליות קידס טעם טבע,,,קליליות קידס טעם טבעי30גר קריספיות,Unknown,0.00,Unknown,false,1,10.90,0.0000,true,1,20403
7290012025822,false,סלט סלק אסלי 400 גרם,סלטי שמיר,,סלט סלק אסלי 400 גרם,גרמים,400.00,100 גרם,false,1,9.90,2.4750,true,1,24090
7290012025839,false,סלט מטבוחה אסלי 400,סלטי שמיר,,סלט מטבוחה אסלי 400 גרם,גרמים,400.00,100 גרם,false,1,9.90,2.4750,true,1,24089
7290012046179,false,אל סבון אינגוי 1ליטר,,IL,אל סבון אינגוי 1ליטר,ליטרים,1.00,ליטר,false,12,9.90,9.9000,true,1,60613
7290012046193,false,ספוגי קרצוף קשיחים י,3m,ES,ספוגי קרצוף קשיחים ירוקים קצרים 9יחסקוטש,יחידה,9.00,יחידה,false,20,17.90,1.9889,true,1,58778
7290012052200,false,גרנולה רפאל אגוזים ז,רפאלס,,גרנולה רפאל אגוזים זרעי פירות800גר,גרמים,800.00,100 גרם,false,1,31.90,3.9875,true,1,13914
7290012052217,false,גרנולה רפאל ללא סוכר,רפאלס,,גרנולה רפאל ללא סוכר אגוז ופרי800גר,גרמים,800.00,100 גרם,false,1,31.90,3.9875,true,1,13898
7290012052224,false,גרנולה רפאל חלבה תמר,רפאלס,,גרנולה רפאל חלבה תמר ושקד800גר,גרמים,800.00,100 גרם,false,1,31.90,3.9875,true,1,13915
7290012052231,false,גרנולה רפאל פירות יע,רפאלס,,גרנולה רפאל פירות יער וקשיו800גר,גרמים,800.00,100 גרם,false,1,31.90,3.9875,true,1,13916
7290012052385,false,גרנולה רפאל מוזלי 80,רפאלס,,גרנולה רפאל מוזלי 800 גר,גרמים,800.00,100 גרם,false,1,31.90,3.9875,true,1,13917
7290012052460,false,מיקס פינוק לסלט זרעי,רפאלס,,מיקס פינוק לסלט זרעים ואגוזים קלו 250 גר,גרמים,250.00,100 גרם,false,1,18.90,7.5600,true,1,13654
7290012116025,false,שמפו כיף פיית רוזמרי,,,שמפו כיף פיית רוזמרין 750 מל,מיליליטרים,750.00,"100 מ""ל",false,1,11.90,1.5867,true,1,9991
7290012116193,false,סבון אסלה סנובון סגו,,,סבון אסלה סנובון סגול לבנדר שלישיה,יחידה,3.00,יחידה,false,1,14.90,4.9667,true,1,7787
7290012116360,false,נוזל רצפה פוליויקס ג,,,נוזל רצפה פוליויקס גרניט פורצלן 2 ליטר,ליטרים,2.00,ליטר,false,1,19.90,9.9500,true,1,7756
7290012116551,false,נוזל אנטי קלאק 4ב1 ר,,,נוזל אנטי קלאק 4ב1 רב שימושי 2 ל,ליטרים,2.00,ליטר,false,1,19.90,9.9500,true,1,8144
7290012117275,false,נוזל חלונות סנוקליר,,,נוזל חלונות סנוקליר שקית מילוי 750 מל,מיליליטרים,750.00,"100 מ""ל",false,1,7.50,1.0000,true,1,8608
7290012117350,false,נוזל רצפה ריצפז פרש,,,נוזל רצפה ריצפז פרש   לילך 2 לי,ליטרים,2.00,ליטר,false,1,16.90,8.4500,true,1,8318
7290012117428,false,גל ושמפו רחצה קרמה מ,,,גל ושמפו רחצה קרמה מנטה  700 מל,מיליליטרים,700.00,"100 מ""ל",false,1,16.90,2.4143,true,1,8607
7290012117534,false,מרכך כביסה מקסימה מר,,,מרכך כביסה מקסימה מרוכז קוול 1 ל,ליטרים,1.00,ליטר,false,1,16.90,16.9000,true,1,9089
7290012117541,false,מרכך כביסה מקסימה מר,,,מרכך כביסה מקסימה מרוכז זאן 1 ל,ליטרים,1.00,ליטר,false,1,16.90,16.9000,true,1,9090
7290012117558,false,מרכך כביסה מקסימה מר,,,מרכך כביסה מקסימה מרוכז מאסק 1 ל,ליטרים,1.00,ליטר,false,1,16.90,16.9000,true,1,9091
7290012117732,false,מרכך כביסה סנומקסימה,,,מרכך כביסה סנומקסימה קוול 4 ל,ליטרים,4.00,ליטר,false,1,22.90,5.7250,true,1,47899
7290012117916,false,פותח סתימות סנו אינס,,,פותח סתימות סנו אינסטלטור 1 ל,ליטרים,1.00,ליטר,false,1,29.90,29.9000,true,1,8980
7290012139482,false,בונזו עצם לחוצה מעוש,בונזו,,בונזו עצם לחוצה מעושנת בציפוי,Unknown,0.00,Unknown,false,1,23.20,0.0000,true,1,9976
7290012139567,false,בונזו גוי ביסקוויט ע,בונזו,,בונזו גוי ביסקוויט עוף 90 גר,Unknown,0.00,Unknown,false,1,18.90,0.0000,true,1,9978
7290012193125,false,סוכרלוז טבליות מרמול,קיפל,,סוכרלוז טבליות מרמולייט 150 יח,יחידה,150.00,יחידה,false,1,25.90,0.1727,true,1,7792
7290012226014,false,נקניקיות וינר 800 גר,,IL,נקניקיות וינר 800 גר,גרמים,800.00,100 גרם,false,1,21.90,2.7375,true,1,59775
7290012226120,false,נקניק קבנוס 135 גר,,IL,נקניק קבנוס 135 גר,גרמים,135.00,100 גרם,false,12,10.90,8.0741,true,1,59776
7290012226922,false,נקניק קבנוס בטעם שום,,IL,נקניק קבנוס בטעם שום 135 גר,גרמים,135.00,100 גרם,false,12,10.90,8.0741,true,1,59778
7290012226939,false,נקניק קבנוס בטעם ציל,,IL,נקניק קבנוס בטעם צילי 135 גר,גרמים,135.00,100 גרם,false,12,10.90,8.0741,true,1,59779
7290012227400,false,נקניקיות עוף 800 גרם,,IL,נקניקיות עוף 800 גרם,גרמים,800.00,100 גרם,false,1,21.90,2.7375,true,1,59797
7290012227912,false,נקניק קבנוס מעודן 13,,IL,נקניק קבנוס מעודן 135גר,גרמים,135.00,100 גרם,false,12,10.90,8.0741,true,1,59802
7290012228261,false,נקניקיות קנקרס הודו,,IL,נקניקיות קנקרס הודו 300גר ריינהולדס,גרמים,300.00,100 גרם,false,6,21.90,7.3000,true,1,59794
7290012228278,false,נקניקיות בוקוורסט הו,,IL,נקניקיות בוקוורסט הודו בקר 300גר ריינהול,גרמים,300.00,100 גרם,false,6,21.90,7.3000,true,1,59793
7290012228728,false,קבנוס סטיקס טעם מקסי,,IL,קבנוס סטיקס טעם מקסיקני 50גר,Unknown,0.00,Unknown,false,15,10.90,0.0000,true,1,59800
7290012247750,false,פרגית עוף קפוא עוף ה,,,פרגית עוף קפוא עוף הגליל,קילוגרמים,1.00,"ק""ג",true,,64.90,64.9000,true,1,61634
7290012247859,false,כבד עוף קפוא,,,כבד עוף קפוא,קילוגרמים,1.00,"ק""ג",true,,19.90,19.9000,true,1,56193
7290012309311,false,ערמונים מוכנים שקדיה,,CN,ערמונים קלופים מוכנים 100 גר בשקית,גרמים,100.00,100 גרם,false,50,5.90,5.9000,true,1,7901
7290012309878,false,חלבה עם פיסטוקים 500,ח. עקר,,חלבה עם פיסטוקים 500 גר,גרמים,500.00,100 גרם,false,1,12.90,2.5800,true,1,8059
7290012309892,false,חלבה וניל 500 גר,ח. עקר,,חלבה וניל 500 גר,גרמים,500.00,100 גרם,false,1,12.90,2.5800,true,1,8061
7290012309939,false,חלבה מסולסלת 500 גר,ח. עקר,,חלבה מסולסלת 500 גר,גרמים,500.00,100 גרם,false,1,16.00,3.2000,true,1,8062
7290012313073,false,מיקס זיתים ללא גלעין,,,מיקס זיתים ללא גלעין יבנה 560 גרם,גרמים,560.00,100 גרם,false,12,11.90,2.1250,true,1,58161
7290012313141,false,פרוסות מלפפון במלח 5,,,פרוסות מלפפון במלח 540 גר,גרמים,540.00,100 גרם,false,1,6.50,1.2037,true,1,11865
7290012313240,false,מיקס זית ירוק וקלמטה,,,מיקס זית ירוק וקלמטה יבנה 560 גרם,גרמים,560.00,100 גרם,false,12,11.90,2.1250,true,1,48208
7290012313394,false,מלפפון קוביות במלח י,,,מלפפון קוביות במלח יבנה 560 גרם,גרמים,560.00,100 גרם,false,1,5.90,1.0536,true,1,58347
7290012313424,false,זית קלמטה שלם המסיק,,IL,זית קלמטה שלם המסיק 215 גרם בגביע,גרמים,215.00,100 גרם,false,12,12.90,6.0000,true,1,59521
7290012313448,false,זית מעדניה מתובל המס,,IL,זית מעדניה מתובל המסיק 215 גרם בגביע,גרמים,215.00,100 גרם,false,12,12.90,6.0000,true,1,59524
7290012313547,false,זית קלמטה חומץ יין י,,,זית קלמטה ביין 560גר א/2 יבנה,גרמים,560.00,100 גרם,false,1,10.90,1.9464,true,1,21100
7290012313554,false,עלי גפן ממולאים באור,,TR,עלי גפן ממולאים באורז 400 גרם,גרמים,400.00,100 גרם,false,24,9.90,2.4750,true,1,61043
7290012374098,false,יין קיטרון מרלו 07 7,יקב קיטרון,,יין קיטרון מרלו 07 750 מל פיקדון,מיליליטרים,750.00,"100 מ""ל",false,1,150.00,20.0000,true,1,11130
7290012404146,false,משקה שוופס מוגז תפוח,יפאורה,,משקה שוופס מוגז תפוחים 1.5ליטר,ליטרים,1.50,ליטר,false,1,9.60,6.4000,true,1,8996
7290012404993,false,משקה ספרינג קולקטשיי,יפאורה,,משקה ספרינג קולקטשיין דיאט חמוציות 1.25ל,ליטרים,1.25,ליטר,false,1,11.50,9.2000,true,1,21765
7290012413612,false,תה ירוק חמוציות 1.5,תה ויסוצקי,,תה ירוק חמוציות 1.5 ג 25 שק,יחידה,25.00,יחידה,false,1,24.90,0.9960,true,1,12763
7290012413636,false,תה ירוק צאי מסאלה  2,תה ויסוצקי,,תה ירוק צאי מסאלה  25 שק,יחידה,25.00,יחידה,false,1,24.90,0.9960,true,1,11165
7290012413643,false,תה ירוק קמוקיל 1.5 ג,תה ויסוצקי,,תה ירוק קמוקיל 1.5 ג 25 שק,יחידה,25.00,יחידה,false,1,24.90,0.9960,true,1,12762
7290012475108,false,משקה שעורה נמס אורגנ,,,משקה שעורה נמס אורגני 75 גר גרינפלד,Unknown,0.00,Unknown,false,1,15.90,0.0000,true,1,47166
7290012483011,false,פולי סויה קפוא 1 קג,זאיזאנג,,פולי סויה קפוא 1 קג,קילוגרמים,1.00,"ק""ג",false,1,18.20,18.2000,true,1,8053
7290012522581,false,שניצל תירס ללא גלוטן,טבעול ישראל,,שניצל תירס ללא גלוטן 664 גר,גרמים,664.00,100 גרם,false,1,32.90,4.9548,true,1,11623
7290012525681,false,שלגון רולר,,,שלגון רולר,יחידה,1.00,יחידה,false,28,8.00,8.0000,true,1,46021
7290012561313,false,בצל מטוגן 400גר דורו,דורות,IL,בצל מטוגן 400גר דורות,גרמים,400.00,100 גרם,false,1,19.90,4.9750,true,1,43596
7290012561405,false,בצל חצי מטוגן דורות,דורות,,בצל חצי מטוגן דורות 180 גר,גרמים,180.00,100 גרם,false,1,10.90,6.0556,true,1,8673
7290012576607,false,יין ק.סוביניון/מלבק,,,יין ק.סוביניון/מלבק פרימייר 750מל פקדון,מיליליטרים,750.00,"100 מ""ל",false,1,35.00,4.6667,true,1,15875
7290012588242,false,מארז 6יח מים מינרלים,,,מארז 6יח מים מינרלים 500מל כדורגל,מיליליטרים,1800.00,"100 מ""ל",false,4,11.90,0.6611,true,1,42355
7290012637032,false,זעתר האזוב המקראי 10,,,זעתר האזוב המקראי 100 גר,גרמים,100.00,100 גרם,false,1,15.90,15.9000,true,1,9529
7290012637117,false,חליטת תה לואיזנע 20,,,חליטת תה לואיזנע 20 שקיקים 1.5 גר,Unknown,0.00,Unknown,false,1,25.00,0.0000,true,1,16821
7290012637124,false,חליטת תה ירוק 20 שקי,,,חליטת תה ירוק 20 שקיקים 1.5 גר,Unknown,0.00,Unknown,false,1,25.00,0.0000,true,1,16820
7290012637131,false,חליטת תה יזרעאל 20 ש,,,חליטת תה יזרעאל 20 שקיקים 1.5 גר,Unknown,0.00,Unknown,false,1,25.00,0.0000,true,1,16819
7290012637377,false,חליטת תה גינגר לימון,,,חליטת תה גינגר לימון 20 שקיקים 1.5 גר,Unknown,0.00,Unknown,false,1,25.00,0.0000,true,1,39115
7290012642678,false,מארז 4 יח לפתן אננס,,,מארז 4 יח לפתן אננס בכוס פלסטי 113 גר,גרמים,452.00,100 גרם,false,1,11.90,2.6327,true,1,9506
7290012642685,false,מארז 4 יח לפתן אפרסק,,,מארז 4 יח לפתן אפרסק בכוס פלסטי 113 גר,גרמים,452.00,100 גרם,false,1,11.90,2.6327,true,1,9508
7290012642692,false,מארז 4 יח לפתן פירות,,,מארז 4 יח לפתן פירות בכוס פלסטי 113 גר,גרמים,452.00,100 גרם,false,1,11.90,2.6327,true,1,9507
7290012645112,false,יוגורט עיזים 750 גרם,שטראוס,,יוגורט עיזים 750 גרם דלי,מיליליטרים,750.00,"100 מ""ל",false,1,19.90,2.6533,true,1,25487
7290012645174,false,גבינת עיזים 200גר 5%,שטראוס,IL,גבינת עיזים 200גר 5% שומן חלב הארץ,גרמים,200.00,100 גרם,false,6,11.90,5.9500,true,1,59719
7290012645181,false,לאבנה עיזים 200גר 5%,שטראוס,IL,לאבנה עיזים 200גר 5% שומן חלב הארץ,גרמים,200.00,100 גרם,false,6,11.90,5.9500,true,1,59720
7290012645280,false,יוגורט כבשים בסגנון,שטראוס,,יוגורט כבשים בסגנון יווני 150גר חלב הארץ,מיליליטרים,150.00,"100 מ""ל",false,8,5.10,3.4000,true,1,19901
7290012645297,false,יוגורט  עיזים  טבעי,שטראוס,,יוגורט  עיזים  טבעי 150מל חלב הארץ,מיליליטרים,150.00,"100 מ""ל",false,1,5.80,3.8667,true,1,19898
7290012668302,false,מעדן מנדרינה תפוז דו,,IL,מעדן מנדרינה תפוז דודה ברטה 284 גרם,גרמים,284.00,100 גרם,false,6,15.90,5.5986,true,1,59828
7290012697241,false,סוכרזית מהטבע סטיווי,,,סוכרזית מהטבע סטיוויה נוזל 220 מל,מיליליטרים,220.00,"100 מ""ל",false,1,29.90,13.5909,true,1,11646
7290012759253,false,טראפל ממה תמרים וקקא,ממה חטיפי אנרגיה,IL,טראפל תמרים ממה 280 גרם,גרמים,280.00,100 גרם,false,6,31.90,11.3929,true,1,45216
7290012759529,false,טראפל ממה שקדים וטחי,ממה חטיפי אנרגיה,IL,טראפל ממה שקדים וטחינה 280 גרם,גרמים,280.00,100 גרם,false,6,31.90,11.3929,true,1,45229
7290012759673,false,חטיפי בראוניז חמאת ב,ממה חטיפי אנרגיה,IL,חטיפי בראוניז חמאת בוטנים קשיו גוגי ברי,גרמים,240.00,100 גרם,false,6,26.90,11.2083,true,1,45225
7290012795169,false,קרקר חומוס 140 גר לב,,,קרקר חומוס 140 גר לב הטבע,גרמים,140.00,100 גרם,false,1,16.90,12.0714,true,1,26917
7290012795183,false,קרקר אורז 140 גר לב,,,קרקר אורז 140 גר לב הטבע,גרמים,140.00,100 גרם,false,1,16.90,12.0714,true,1,26919
7290012795206,false,קרקר עדשים אדומות 14,,,קרקר עדשים 140 גר לב הטבע,גרמים,140.00,100 גרם,false,1,16.90,12.0714,true,1,53307
7290012798566,false,יין אדום שיראז יבש 7,,,יין tsuo שיראז יבש 750מל,מיליליטרים,750.00,"100 מ""ל",false,1,110.00,14.6667,true,1,39442
7290012803055,false,סוכרלוז מרמולייט בשק,קיפל,,סוכרלוז שקיות מרמולייט 100 יח,יחידה,100.00,יחידה,false,1,25.90,0.2590,true,1,8359
7290012803215,false,וופל שוקולד ללא סוכר,גילרו,,וופל שוקולד ללא סוכר טוסו200גר,גרמים,200.00,100 גרם,false,1,9.90,4.9500,true,1,11939
7290012803222,false,וופל לימון ללא סוכר,גילרו,,וופל לימון ללא סוכר טוסו200גר,גרמים,200.00,100 גרם,false,1,9.90,4.9500,true,1,11940
7290012803314,false,סוכרלוז מרמולייט טב,קיפל,,סוכרלוז טבליות מרמולייט 300 יח,יחידה,300.00,יחידה,false,1,37.90,0.1263,true,1,9009
7290012803321,false,סוכרלוז מרמולייט שקי,קיפל,,סוכרלוז שקית אישית מרמולייט 200 יח,יחידה,200.00,יחידה,false,1,37.90,0.1895,true,1,9008
7290012803451,false,שוקולד מריר 60% טוסו,ALTINMARKA,,שוקולד מריר 60% טוסו 100 גר,גרמים,100.00,100 גרם,false,1,10.90,10.9000,true,1,15893
7290012803543,false,מכשיר רייד +מילוי נו,SC Jonson,,מכשיר רייד +מילוי נוזל 45 לילות,יחידה,1.00,יחידה,false,1,34.90,34.9000,true,1,9480
7290012803765,false,שוקולד מריר טוסו ללא,ALTINMARKA,,שוקולד מריר טוסו ללא סוכר 100 גר,גרמים,100.00,100 גרם,false,1,10.90,10.9000,true,1,11937
7290012803772,false,שוקולד חלב טוסו ללא,ALTINMARKA,,שוקולד חלב טוסו ללא סוכר 100 גר,גרמים,100.00,100 גרם,false,1,10.90,10.9000,true,1,11936
7290012803789,false,שוקולד מריר אגוז טוס,ALTINMARKA,,שוקולד מריר אגוז טוסו ללא סוכר100 גר,גרמים,100.00,100 גרם,false,1,10.90,10.9000,true,1,11938
7290012823374,false,מטליות סושי אנטי קלא,,,מטליות סושי אנטי קלאק לחות 4ב1,Unknown,0.00,Unknown,false,1,12.90,0.0000,true,1,9997
7290012823381,false,מרכך כביסה מקסימה מר,,,מרכך כביסה מקסימה מרוכז סנסטיב 1 ל,ליטרים,1.00,ליטר,false,1,16.90,16.9000,true,1,9489
7290012823565,false,מטליות לחות לרצפה פו,,,מטליות לחות לרצפה פוליווקס פרקט 70/40,יחידה,10.00,יחידה,false,1,14.90,1.4900,true,1,9995
7290012823589,false,נוזל רצפה ריצפז פרש,,,נוזל רצפה ריצפז פרש לימון 2 לי,ליטרים,2.00,ליטר,false,1,16.90,8.4500,true,1,10300
7290012823602,false,נ.טואלט סופט סילק לב,,,נ.טואלט סופט סילק לבן 32 יח,יחידה,32.00,יחידה,false,1,34.90,1.0906,true,1,10286
7290012823787,false,סנו רסס ונגב שקית מי,,,סנו רסס ונגב שקית מילוי 750 מל,מיליליטרים,750.00,"100 מ""ל",false,1,11.90,1.5867,true,1,9970
7290012823923,false,מרכך כביסה מקסימה פר,,,מרכך כביסה מקסימה פרפיום גולדן סנרייז750,מיליליטרים,750.00,"100 מ""ל",false,1,16.90,2.2533,true,1,10150
7290012871061,false,חטיף תירס פופ מתוק ד,מפעלי דגן,,חטיף תירס פופ מתוק דגן 150 גר,גרמים,150.00,100 גרם,false,1,7.00,4.6667,true,1,22685
7290012871412,false,חיטה תפוחה בציפוי קק,מפעלי דגן,,חיטה תפוחה בציפוי קקאו 200 גרם,גרמים,150.00,100 גרם,false,1,7.50,5.0000,true,1,56646
7290012884986,false,ציפס לתנור עד 4% שומ,תפוגן,,ציפס לתנור עד 4% שומן תפוגן 1.5 קג,גרמים,1500.00,100 גרם,false,1,24.90,1.6600,true,1,14626
7290012894169,false,דורות בייקאיט ט.וניל,דורות,,דורות בייקאיט ט.וניל 260גר,גרמים,280.00,100 גרם,false,12,29.90,10.6786,true,1,56088
7290012901355,false,פסטה גבינה לבן דודלס,הנדריקס פודס,,פסטה גבינה לבן דודלס 206 גר,גרמים,206.00,100 גרם,false,1,11.90,5.7767,true,1,18488
7290012911170,false,מחית מיסו כהה 500 גר,דליאן מטסוי,,מחית מיסו כהה 500 גרם אסיה,גרמים,500.00,100 גרם,false,1,13.90,2.7800,true,1,22916
7290012911187,false,מחית מיסו בהירה 500,דליאן מטסוי,,מחית מיסו בהירה 500 גרם אסיה,גרמים,500.00,100 גרם,false,1,13.90,2.7800,true,1,22915
7290012911941,false,רוטב צילי דיאט ללא ס,קיי.אר.אס,,רוטב צילי דיאט ללא סוכר 700מל אסיה,מיליליטרים,700.00,"100 מ""ל",false,1,18.90,2.7000,true,1,12913
7290012921025,false,בירה מלכה בהירה בסגנ,"בירה מלכה בע""מ",,בירה מלכה בהירה בסגנון בלגי 330מל פקדון,מיליליטרים,330.00,"100 מ""ל",false,1,14.90,4.5152,true,1,11595
7290012921032,false,בירה מלכה אדמונית אנ,"בירה מלכה בע""מ",,בירה מלכה אדמונית אנגלי 330מל פקדון,מיליליטרים,330.00,"100 מ""ל",false,1,14.90,4.5152,true,1,11596
7290012921049,false,בירה מלכה כהה בסגנון,"בירה מלכה בע""מ",,בירה מלכה כהה בסגנון אירי 330מל פקדון,מיליליטרים,330.00,"100 מ""ל",false,1,14.90,4.5152,true,1,11597
7290012921056,false,בירה מלכה חיטה 330מל,"בירה מלכה בע""מ",,בירה מלכה חיטה 330מל פקדון,מיליליטרים,330.00,"100 מ""ל",false,1,14.90,4.5152,true,1,11598
7290012921063,false,בירה מלכה הינדי 330,"בירה מלכה בע""מ",,בירה מלכה הינדי 330 מל פקדון,מיליליטרים,330.00,"100 מ""ל",false,1,14.90,4.5152,true,1,13871
7290012931611,false,כריות ברזל לקרצוף חז,,CN,כריות ברזל לקרצוף חזק 3 יח שיין,יחידה,3.00,יחידה,false,24,6.90,2.3000,true,1,44898
7290012931710,false,כפפות לטקס מידה לארג,,,כפפות לטקס מידה לארג,יחידה,100.00,יחידה,false,1,21.90,0.2190,true,1,45605
7290012931727,false,כפפות לטקס מידה אקס,,,כפפות לטקס מידה אקס אל,יחידה,100.00,יחידה,false,1,21.90,0.2190,true,1,45606
7290012938580,false,משחת שיניים סנסודיין,,,משחת שיניים סנסודיין הלבנה עדינה 75 מל,מיליליטרים,75.00,"100 מ""ל",false,1,21.90,29.2000,true,1,10750
7290012938597,false,מש.שיניים סנסודיין ר,,,מש.שיניים סנסודיין רפיד רליף 75 ג,גרמים,75.00,100 גרם,false,1,21.90,29.2000,true,1,12352
7290012938740,false,מש.שיניים סנסודיין מ,,,מש.שיניים סנסודיין מנטה 75 מל ירוק,גרמים,75.00,100 גרם,false,1,21.90,29.2000,true,1,12486
7290012938924,false,מי פה אקווה פרש מנטה,,,מי פה אקווה פרש מנטה 500 מל,מיליליטרים,500.00,"100 מ""ל",false,1,14.90,2.9800,true,1,12715
7290012958014,false,דגי אלתית בצנצנת 113,,,דגי אלתית בצנצנת 113 גרם,גרמים,113.00,100 גרם,false,1,59.00,52.2124,true,1,48373
7290012958045,false,דגי אלתית בפח 200 גר,,,דגי אלתית בפח 200 גרם,גרמים,200.00,100 גרם,false,1,99.00,49.5000,true,1,48374
7290012958052,false,דגי אלתית בצנצנת 250,,,דגי אלתית בצנצנת 250 גרם,גרמים,250.00,100 גרם,false,1,129.00,51.6000,true,1,48375
7290012962134,false,קיסמי שיניים פלסטיק,S.T.O CO.LTD,CN,קיסמי שיניים פלסטיק עם מברשת 100יח,יחידה,100.00,יחידה,false,24,9.90,0.0990,true,1,27957
7290012983160,false,סילאן לחיץ 400 גר חצ,,,סילאן לחיץ 400 גר חצר כנרת,גרמים,400.00,100 גרם,false,1,12.90,3.2250,true,1,15242
7290012983269,false,סילאן חצר כנרת 350 ג,,,סילאן חצר כנרת 350 גר בצנצנת,גרמים,350.00,100 גרם,false,1,10.90,3.1143,true,1,20091
7290012983320,false,ממרח תמרים 450 גרם ח,,,ממרח תמרים 450 גרם חצר כנרת,גרמים,450.00,100 גרם,false,1,5.90,1.3111,true,1,21137
7290012996450,false,מרכך כביסה הפי מרוכז,וונדפוט,,מרכך כביסה הפי מרוכז 1 ליטר פרחי אביב,ליטרים,1.00,ליטר,false,1,9.90,9.9000,true,1,9726
7290012996610,false,הפי טבלית הפלא לניקו,בודיך,,הפי טבלית הפלא לניקוי אסלה 400 גר,גרמים,400.00,100 גרם,false,1,14.90,3.7250,true,1,10324
7290012996672,false,זוג סבון אסלה הפי מב,רלווי,,זוג סבון אסלה הפי מבושם 24 שעות,יחידה,2.00,יחידה,false,1,9.90,4.9500,true,1,11030
7290012996702,false,מגן עש לבגדים הפי,רלווי,IT,מגן עש לבגדים הפי,יחידה,2.00,יחידה,false,12,11.90,5.9500,true,1,34821
7290013083661,false,מטרנה אקסטרא קר שלב,מטרנה,,מטרנה אקסטרא קר שלב 1 700 גר,גרמים,700.00,100 גרם,false,1,69.90,9.9857,true,1,9773
7290013083678,false,מטרנה אקסטרא קר שלב,מטרנה,,מטרנה אקסטרא קר שלב 2 700 גר,גרמים,700.00,100 גרם,false,1,69.90,9.9857,true,1,9774
7290013083685,false,מטרנה אקסטרא קר שלב,מטרנה,,מטרנה אקסטרא קר שלב 3 700 גר,גרמים,700.00,100 גרם,false,1,69.90,9.9857,true,1,9775
7290013090300,false,פלפל צהוב אורגני,,IL,פלפל י בר אורגני,קילוגרמים,1.00,"ק""ג",true,,14.90,14.9000,true,1,49920
7290013090348,false,לימון אורגני,,IL,לימון אורגני,קילוגרמים,1.00,"ק""ג",true,,11.90,11.9000,true,1,48281
7290013090409,false,קייל אורגני,,,קייל אורגני,Unknown,0.00,Unknown,false,1,11.90,0.0000,true,1,62096
7290013090416,false,פלפל כתום אורגני,,IL,פלפל י בר אורגני,קילוגרמים,1.00,"ק""ג",true,,14.90,14.9000,true,1,49919
7290013090577,false,מלפפון בייבי אורגני,,IL,מלפפון בייבי אורגני,יחידה,1.00,יחידה,false,1,12.90,12.9000,true,1,21279
7290013090935,false,מלפפון אורגני,,IL,מלפפון אורגני,קילוגרמים,1.00,"ק""ג",true,,13.90,13.9000,true,1,49942
7290013090942,false,בטטה אורגנית,,IL,בטטה אורגנית,קילוגרמים,1.00,"ק""ג",true,,14.90,14.9000,true,1,49939
7290013090959,false,בצל יבש אורגני,,IL,בצל יבש אורגני,קילוגרמים,1.00,"ק""ג",true,,7.90,7.9000,true,1,49940
7290013090973,false,פלפל אדום אורגני,,IL,פלפל אדום אורגני,קילוגרמים,1.00,"ק""ג",true,,14.90,14.9000,true,1,49945
7290013090980,false,קישוא בהיר אורגני,,IL,קישוא בהיר אורגני,קילוגרמים,1.00,"ק""ג",true,,14.90,14.9000,true,1,49946
7290013090997,false,תפוח אדמה אורגני,,IL,תפוח אדמה אורגני,קילוגרמים,1.00,"ק""ג",true,,7.90,7.9000,true,1,49948
7290013117212,false,בורקס פילו מילוי גבי,,,בורקס פילו מילוי גבינה 600 גר,גרמים,600.00,100 גרם,false,1,21.50,3.5833,true,1,9580
7290013117229,false,בורקס פילו מילוי תפו,,,בורקס פילו מילוי תפוא 600 גר,גרמים,600.00,100 גרם,false,1,21.50,3.5833,true,1,9581
7290013117243,false,בורקס פילו מילוי גב.,,,בורקס פילו מילוי גב.בולגרית 600 גר,גרמים,600.00,100 גרם,false,1,21.50,3.5833,true,1,9583
7290013117410,false,בצק פריך מתוק 900 גר,,,בצק פריך מתוק 900 גר,גרמים,900.00,100 גרם,false,1,15.90,1.7667,true,1,10352
7290013117427,false,בצק פריך מלוח 900 גר,,,בצק פריך מלוח 900 גר,גרמים,900.00,100 גרם,false,1,15.90,1.7667,true,1,10351
7290013117526,false,בצק שמרים למאפים מתו,,,בצק שמרים למאפים מתוקים 900 גר,גרמים,900.00,100 גרם,false,1,15.90,1.7667,true,1,10594
7290013121028,false,לחם לבן 500 גר ללא ג,אביב קונדיטוריה מעול,,לחם לבן 500 גר ללא גלוטן,גרמים,500.00,100 גרם,false,1,17.90,3.5800,true,1,9104
7290013121035,false,לחם פשתן 500 גר ללא,אביב קונדיטוריה מעול,,לחם פשתן 500 גר ללא גלוטן,גרמים,500.00,100 גרם,false,1,20.90,4.1800,true,1,9105
7290013121073,false,פיצה מרגריטה גרין לי,אביב קונדיטוריה מעול,,פיצה מרגריטה גרין לייט ללא גלוטן 400גר,גרמים,400.00,100 גרם,false,1,29.90,7.4750,true,1,20614
7290013121103,false,מארז 4 יח שליש בגט 4,אביב קונדיטוריה מעול,,מארז 4 יח שליש בגט 400 גר ללא גלוטן,גרמים,400.00,100 גרם,false,1,19.90,4.9750,true,1,9108
7290013121110,false,מארז 4 יח לחמניות בו,אביב קונדיטוריה מעול,,מארז 4 יח לחמניות בורגר 350 גר ללא גלוטן,גרמים,350.00,100 גרם,false,1,19.90,5.6857,true,1,9109
7290013121127,false,לחמניות מיני420 גר ל,אביב קונדיטוריה מעול,,לחמניות מיני420 גר ללא גלוטן,גרמים,420.00,100 גרם,false,1,19.90,4.7381,true,1,9679
7290013121158,false,רביעיית לחמניות סנדב,אביב קונדיטוריה מעול,,רביעיית לחמניות סנדביץ 460 גר,גרמים,460.00,100 גרם,false,1,19.90,4.3261,true,1,12946
7290013121165,false,שישיית לחמניות נקניק,אביב קונדיטוריה מעול,,שישיית לחמניות נקניקיה 460גר,גרמים,460.00,100 גרם,false,1,19.90,4.3261,true,1,12948
7290013121189,false,מארז 4יח לחמניה כפרי,,,מארז 4יח לחמניה כפרית 400 גר ללא גלוטן,גרמים,400.00,100 גרם,false,1,21.90,5.4750,true,1,59956
7290013121301,false,בורקס תפוא 500 גר לל,אביב קונדיטוריה מעול,,בורקס תפוא 500 גר ללא גלוטן,גרמים,500.00,100 גרם,false,1,29.90,5.9800,true,1,9115
7290013121394,false,לחם צרפתי גרעיני סופ,,IL,לחם צרפתי גרעיני סופר פוד ללג 500 גר,גרמים,500.00,100 גרם,false,12,21.90,4.3800,true,1,48317
7290013121691,false,מארז 3יח לאפות ללא ג,,IL,מארז 3יח לאפות ללא גלוטן 240גר גרין לייט,גרמים,240.00,100 גרם,false,12,17.90,7.4583,true,1,34438
7290013121752,false,לחם לבן ביתי ללא גלו,אביב קונדיטוריה מעול,,לחם לבן ביתי ללא גלוטן 700 גר גרין לייט,גרמים,700.00,100 גרם,false,1,23.90,3.4143,true,1,12182
7290013121769,false,שליש באגט ללא סוכר 4,אביב קונדיטוריה מעול,,שליש באגט ללא סוכר 400 גר גרין לייט,גרמים,400.00,100 גרם,false,1,19.90,4.9750,true,1,12177
7290013121776,false,לחם כפרי ללא סוכר 70,אביב קונדיטוריה מעול,,לחם כפרי ללא סוכר 700 גר גרין לייט,גרמים,700.00,100 גרם,false,1,23.90,3.4143,true,1,12176
7290013121868,false,זוג בגט רוסטיק גרעינ,,IL,זוג בגט רוסטיק גרעינים ללג 480גר,גרמים,480.00,100 גרם,false,8,21.90,4.5625,true,1,48319
7290013144171,false,תערובת עוגת שוקולד 5,,,תערובת עוגת שוקולד 560 גר,גרמים,560.00,100 גרם,false,1,16.90,3.0179,true,1,9917
7290013144188,false,תערובת בראוניס 600 ג,,,תערובת בראוניס 600 גר,גרמים,600.00,100 גרם,false,1,16.90,2.8167,true,1,9918
7290013144195,false,תערובת כדורי שוקולד,,,תערובת כדורי שוקולד 500 גר,גרמים,500.00,100 גרם,false,1,16.90,3.3800,true,1,9919
7290013144218,false,תערובת עוגת וניל 560,,,תערובת עוגת וניל 560 גר,גרמים,560.00,100 גרם,false,1,16.90,3.0179,true,1,9920
7290013144225,false,תערובת עוגת שיש 560,,,תערובת עוגת שיש 560 גר,גרמים,560.00,100 גרם,false,1,16.90,3.0179,true,1,9921
7290013144232,false,פודינג וניל צרפתי 85,,,פודינג וניל צרפתי 85 גר,Unknown,0.00,Unknown,false,1,5.90,0.0000,true,1,11117
7290013144249,false,פודינג שוקולד 95 גר,,,פודינג שוקולד 95 גר,Unknown,0.00,Unknown,false,1,5.90,0.0000,true,1,11118
7290013144263,false,תערובת להכנת מלבי 11,,,תערובת להכנת מלבי 112 גר מימונס,גרמים,112.00,100 גרם,false,1,10.90,9.7321,true,1,9923
7290013144270,false,אבקת קרם פטיסייר 100,,,אבקה להכנת קרם פטיסרי 100 גר מימונס,גרמים,100.00,100 גרם,false,1,10.90,10.9000,true,1,10160
7290013144317,false,גליל וופל למילוי גונ,,,150 גלילית וופל למילוי גוני 18 יח,גרמים,150.00,100 גרם,false,1,21.90,14.6000,true,1,9924
7290013144393,false,תמצית  בטעם וניל 50,,,תמצית  בטעם וניל 50 גר,Unknown,0.00,Unknown,false,1,4.90,0.0000,true,1,9925
7290013144409,false,תמצית בטעם רום 50 גר,,,תמצית בטעם רום 50 גר,Unknown,0.00,Unknown,false,1,4.90,0.0000,true,1,9926
7290013144416,false,תמצית בטעם שקדים 50,,,תמצית בטעם שקדים 50 גר,Unknown,0.00,Unknown,false,1,4.90,0.0000,true,1,9927
7290013144447,false,תמצית טעם תפוז 50 גר,,,תמצית טעם תפוז 50 גר,Unknown,0.00,Unknown,false,1,9.90,0.0000,true,1,9928
7290013144508,false,תמצית בטעם ורדים 50,,,תמצית בטעם ורדים 50 גר,Unknown,0.00,Unknown,false,1,9.90,0.0000,true,1,9933
7290013144515,false,צבע מאכל צהוב 50 גר,,,צבע מאכל צהוב 50 גר,Unknown,0.00,Unknown,false,1,4.50,0.0000,true,1,10161
7290013144522,false,צבע מאכל ירוק 50 גר,,,צבע מאכל ירוק 50 גר מימונס,Unknown,0.00,Unknown,false,1,4.50,0.0000,true,1,10162
7290013144539,false,צבע מאכל אדום 50 גר,,,צבע מאכל אדום 50 גר מימונס,Unknown,0.00,Unknown,false,1,4.50,0.0000,true,1,10163
7290013144560,false,צבע מאכל כחול 50 גר,,,צבע מאכל כחול 50 גר מימונס,Unknown,0.00,Unknown,false,1,4.50,0.0000,true,1,10164
7290013144614,false,סירופ מייפל אמיתי 10,,,סירופ מייפל אמיתי 100% קנדה 236מל,מיליליטרים,23600.00,"100 מ""ל",false,1,29.90,0.1267,true,1,9938
7290013144805,false,תערובת אייס קפה דיאט,,IL,תערובת אייס קפה דיאט 245 גרם מימונס,גרמים,245.00,100 גרם,false,12,20.90,8.5306,true,1,60960
7290013144812,false,תערובת אייס וניל 320,,IL,תערובת אייס וניל 320 גרם מימונס,גרמים,350.00,100 גרם,false,12,15.90,4.5429,true,1,60959
7290013144911,false,מיקס שוקולד ציפס חלב,,,מיקס שוקולד ציפס חלב מריר 250 גרם,גרמים,250.00,100 גרם,false,1,12.90,5.1600,true,1,60957
7290013145031,false,בראס אגוז לוז מסוכר,,,בראס אגוז לוז מסוכר 100 גר,גרמים,100.00,100 גרם,false,1,13.90,13.9000,true,1,14928
7290013145055,false,פרג שלם מימונס 100 ג,,,פרג שלם מימונס 100 גר,גרמים,100.00,100 גרם,false,1,6.90,6.9000,true,1,9934
7290013145192,false,שומשום 100 גר,,,שומשום 100 גר,גרמים,100.00,100 גרם,false,1,4.90,4.9000,true,1,9936
7290013145277,false,עלים לקרמשניט מימונס,Maristella SRL,,עלים לקרמשניט מימונס 300 גרם,גרמים,300.00,100 גרם,false,1,16.90,5.6333,true,1,36626
7290013145390,false,שוקולד ציפס רגיל 250,,,שוקולד ציפס רגיל 250 גר,גרמים,250.00,100 גרם,false,1,9.90,3.9600,true,1,9905
7290013145406,false,שוקולד ציפס לבן 250,,,שוקולד ציפס לבן 250 גר,גרמים,250.00,100 גרם,false,1,9.90,3.9600,true,1,9906
7290013145437,false,שוקולד ציפס 48% בלגי,,,שוקולד ציפס 48% בלגי 250 גר,גרמים,250.00,100 גרם,false,1,13.90,5.5600,true,1,10545
7290013145444,false,שוקולד ציפס 66% מריר,,,שוקולד ציפס 66% מריר 250 גר,גרמים,250.00,100 גרם,false,1,16.90,6.7600,true,1,16865
7290013145451,false,קקאו מימונס10%-12% ב,,,קקאו מימונס10%-12% בשקית 150 גר,גרמים,150.00,100 גרם,false,16,8.90,5.9333,true,1,21828
7290013145529,false,סוכריות צבעוניות לקי,,,סוכריות צבעוניות לקישוט 90 גר,Unknown,0.00,Unknown,false,1,5.90,0.0000,true,1,10154
7290013145536,false,סוכריות טעם שוקולד ל,,,סוכריות טעם שוקולד לקישוט 85 גר,Unknown,0.00,Unknown,false,1,5.90,0.0000,true,1,10155
7290013145567,false,סוכריות מיני עדשים ל,,,סוכריות מיני עדשים לקישוט 90 גר,Unknown,0.00,Unknown,false,1,10.90,0.0000,true,1,10156
7290013145574,false,ערכה לקישוט 100 גר,,,ערכה לקישוט 100 גר,גרמים,100.00,100 גרם,false,1,12.90,12.9000,true,1,9912
7290013145628,false,סוכריות צבעוניות לקי,,,סוכריות צבעוניות לקישוט 200גר,גרמים,200.00,100 גרם,false,12,8.90,4.4500,true,1,16924
7290013145710,false,דובדובנים מסוכרים 10,,,דובדובנים מסוכרים 100 גר,גרמים,100.00,100 גרם,false,1,9.90,9.9000,true,1,10157
7290013145796,false,מארז 4 יח גל צבעי מא,,,"מארז 4 יח גל צבעי מאכל 25 מ""ל",מיליליטרים,100.00,"100 מ""ל",false,1,49.90,49.9000,true,1,60958
7290013145826,false,פודינג טעם וניל לבן,,,פודינג טעם וניל לבן 80 גר,Unknown,0.00,Unknown,false,1,5.90,0.0000,true,1,18972
7290013145833,false,פודינג שוקולד בלגי 8,,,פודינג שוקולד בלגי 80 גר,Unknown,0.00,Unknown,false,1,5.90,0.0000,true,1,18973
7290013145840,false,סוכר וניל 10 יח בצלו,,,סוכר וניל 10 יח בצלופן 100 גר,גרמים,100.00,100 גרם,false,1,2.90,2.9000,true,1,40220
7290013145857,false,אבקת אפיה 10 יח בצלו,,,אבקת אפיה 10 יח בצלופן 100 גר,גרמים,100.00,100 גרם,false,1,2.90,2.9000,true,1,40221
7290013145864,false,גלטין טהור מימונס אב,,,גלטין טהור מימונס אבקה 28 גר,גרמים,28.00,100 גרם,false,1,11.90,42.5000,true,1,10563
7290013145901,false,סודה לשתיה מימונס 10,,,סודה לשתיה מימונס 100 גר,גרמים,100.00,100 גרם,false,1,2.00,2.0000,true,1,11120
7290013145918,false,אבקת סוכר מימונס 100,,,אבקת סוכר 100 גר,גרמים,100.00,100 גרם,false,24,2.00,2.0000,true,1,11121
7290013145949,false,אבקת סוכר אריזת פטנט,,,אבקת סוכר אריזת פטנט 250 גר,גרמים,250.00,100 גרם,false,1,12.90,5.1600,true,1,9945
7290013145956,false,שמרים יבשים בואקום 5,,,שמרים יבשים בואקום 500 גר,גרמים,500.00,100 גרם,false,1,13.90,2.7800,true,1,14182
7290013145963,false,שמרים יבשים בואקום 1,,,שמרים יבשים בואקום 125 גר,גרמים,125.00,100 גרם,false,1,5.90,4.7200,true,1,14183
7290013145970,false,קורנפלור מימונס 200,"י. כהן בע""מ",,קורנפלור מימונס 200 גר,גרמים,200.00,100 גרם,false,1,3.90,1.9500,true,1,24426
7290013146014,false,מלית אוכמניות  45% פ,,IL,מלית אוכמניות 45% פרי 400 גר,גרמים,400.00,100 גרם,false,1,13.90,3.4750,true,1,9941
7290013146021,false,מלית תפוח עץ וקינמון,,IL,מלית תפוח עץ וקינמון 400 גר,גרמים,400.00,100 גרם,false,1,13.90,3.4750,true,1,41441
7290013146038,false,מלית דובדבנים 45 פרי,,IL,מלית דובדבנים 45% פרי 400 גר,גרמים,400.00,100 גרם,false,1,13.90,3.4750,true,1,9942
7290013146045,false,מלית תות שדה למילוי,,IL,מלית תות שדה למילוי 400 גר,גרמים,400.00,100 גרם,false,1,13.90,3.4750,true,1,43128
7290013146083,false,מלית חלבה למילוי 400,,IL,מלית חלבה  400 גר,גרמים,400.00,100 גרם,false,1,13.90,3.4750,true,1,9940
7290013146199,false,קרם נוגט למילוי 350,,IL,קרם נוגט למילוי 350 גר,גרמים,350.00,100 גרם,false,1,13.90,3.9714,true,1,16925
7290013146274,false,מארז 8יח תחתיות מרנג,,,מארז 8יח תחתיות מרנג 100 גרם,גרמים,100.00,100 גרם,false,1,19.90,19.9000,true,1,43520
7290013146304,false,קורנפלור מימונס 500,,,קורנפלור מימונס 500 גרם,גרמים,500.00,100 גרם,false,1,6.90,1.3800,true,1,32388
7290013146403,false,סירופ בטעם קרמל מלוח,,,סירופ בטעם קרמל מלוח מימונס 500 גרם,גרמים,500.00,100 גרם,false,1,16.90,3.3800,true,1,43519
7290013146410,false,נשיקות מימונס לקיישו,רות פטיפורים,IL,נשיקות מימונס לקיישוט כחול 60 גרם,Unknown,0.00,Unknown,false,1,14.90,0.0000,true,1,48035
7290013146427,false,נשיקות מימונס לקיישו,רות פטיפורים,IL,נשיקות מימונס לקיישוט לבן 60 גרם,Unknown,0.00,Unknown,false,1,14.90,0.0000,true,1,48036
7290013146441,false,נשיקות מימונס לקיישו,רות פטיפורים,IL,נשיקות מימונס לקיישוט ורוד 60 גרם,Unknown,0.00,Unknown,false,1,14.90,0.0000,true,1,48038
7290013146489,false,קונוסים מבצק עלים למ,Maristella SRL,IT,קונוסים מבצק עלים למילוי 120 גרם,גרמים,120.00,100 גרם,false,18,15.90,13.2500,true,1,52097
7290013146663,false,סוכריות אטריות לקישו,,,סוכריות אטריות לקישוט 55 גרם,Unknown,0.00,Unknown,false,1,11.90,0.0000,true,1,48042
7290013146670,false,סוכריות לבבות לקישוט,,,סוכריות לבבות לקישוט 55 גרם,Unknown,0.00,Unknown,false,1,11.90,0.0000,true,1,48043
7290013146724,false,תערובת אייס קפה 350,,IL,תערובת אייס קפה 350 גרם מימונס,גרמים,350.00,100 גרם,false,12,15.90,4.5429,true,1,54847
7290013151322,false,סרדין קזבלנקה  במי מ,יוניון דה פחריס,,סרדין קזבלנקה  במי מלח 125 גר,גרמים,125.00,100 גרם,false,1,5.90,4.7200,true,1,16897
7290013151360,false,מי זהר פריחת הדרים 5,אלימאד פוד,,מי זהר פריחת הדרים 500 מל,מיליליטרים,500.00,"100 מ""ל",false,1,16.90,3.3800,true,1,24791
7290013151636,false,פילה סרדין בשמן זית,יוניון דה פחריס,,פילה סרדין בשמן זית ללא עור ועצבמות125 ג,גרמים,125.00,100 גרם,false,1,11.00,8.8000,true,1,23488
7290013153395,false,מיץ רימונים סחוט טרי,,,מיץ רימונים סחוט טרי 1ליטר פקדון פריגת,ליטרים,1.00,ליטר,false,1,25.50,25.5000,true,1,20909
7290013153586,false,תרכיז קפוא גת פרייז,פריגת מצוננים,,תרכיז קפוא גת פרייז פירות יער 340 גרם,גרמים,340.00,100 גרם,false,1,13.90,4.0882,true,1,29412
7290013170583,false,פירורית שקית 350 גר,"אסם תעשיות בע""מ",,פירורית שקית 350 גר כשלפ,גרמים,350.00,100 גרם,false,1,10.00,2.8571,true,1,10333
7290013176059,false,גבינת עיזים טבעי 200,ארבלה,IL,גבינת עיזים טבעי 200גר ארבלה,גרמים,200.00,100 גרם,false,1,16.90,8.4500,true,1,35867
7290013176097,false,לאבנה עיזים 200גר אר,ארבלה,IL,לאבנה עיזים 200גר ארבלה,גרמים,200.00,100 גרם,false,1,16.90,8.4500,true,1,35871
7290013176103,false,חמאת עיזים 200גר ארב,ארבלה,IL,חמאת עיזים 200גר ארבלה,גרמים,200.00,100 גרם,false,1,17.90,8.9500,true,1,35872
7290013176257,false,יוגורט עיזים פרוביוט,,IL,יוגורט עיזים פרוביוטי 3% 150גר,גרמים,150.00,100 גרם,false,1,6.50,4.3333,true,1,35849
7290013176264,false,יוגורט עיזים 3% בטעם,,IL,יוגורט עיזים 3% בטעם תות שדה 150גר,גרמים,150.00,100 גרם,false,1,6.50,4.3333,true,1,35847
7290013176271,false,יוגורט עיזים 3% בטעם,,IL,יוגורט עיזים 3% בטעם אפרסק 150גר,גרמים,150.00,100 גרם,false,1,6.50,4.3333,true,1,35846
7290013176288,false,יוגורט עיזים 3% בטעם,,IL,יוגורט עיזים 3% בטעם תמר בננה 150גר,גרמים,150.00,100 גרם,false,1,6.50,4.3333,true,1,35848
7290013215017,false,זוג פטריות שמפניון א,,,זוג פטריות שמפניון ארוז,Unknown,0.00,Unknown,false,1,17.90,0.0000,true,1,17381
7290013267665,false,מאגדת סולרו פירות טר,"גלידת שטראוס בע""מ",,מאגדת סולרו פירות טרופיים 5 יח,יחידה,5.00,יחידה,false,1,22.90,4.5800,true,1,11743
7290013268037,false,מרכך כביסה מקסימה מר,,,מרכך כביסה מקסימה מרוכז פצולי לבנדר 1 ל,ליטרים,1.00,ליטר,false,1,16.90,16.9000,true,1,9488
7290013268242,false,נוזל ריצפז פרש הום 2,סנו,,נוזל ריצפז פרש הום 2 ליטר מלון מפנק,ליטרים,2.00,ליטר,false,1,21.90,10.9500,true,1,44251
7290013268822,false,משחת שיניים אורביטול,,,משחת שיניים אורביטול למניעת ריח פה 145גר,גרמים,145.00,100 גרם,false,24,13.90,9.5862,true,1,39664
7290013268884,false,נוזל רצפה ריצפז פרש,,,נוזל רצפה ריצפז פרש  מאסק 2 לי,ליטרים,2.00,ליטר,false,1,16.90,8.4500,true,1,10466
7290013268907,false,גל כביסה מקסימה ביו,,,גל כביסה מקסימה ביו 3 ל,ליטרים,3.00,ליטר,false,1,29.90,9.9667,true,1,10396
7290013268914,false,גל כביסה מקסימה סמאר,,,גל כביסה מקסימה סמארט 3 ליטר,ליטרים,3.00,ליטר,false,6,31.90,10.6333,true,1,32512
7290013268990,false,מרכך כביסה מקסימה מר,,,מרכך כביסה מקסימה מרוכז ביו תינוקות1ל,ליטרים,1.00,ליטר,false,1,16.90,16.9000,true,1,12515
7290013269096,false,..מטליות לחות לניקוי,,,מטליות לחות לניקוי עור 20יח,יחידה,20.00,יחידה,false,1,11.90,0.5950,true,1,15019
7290013269263,false,גל כביסה מקסימה קריס,,,גל כביסה מקסימה קריסטל נואר 3 ל,ליטרים,3.00,ליטר,false,1,29.90,9.9667,true,1,11862
7290013269287,false,גל כביסה מקסימה מאסק,,,גל כביסה מקסימה מאסק 3 ל,ליטרים,3.00,ליטר,false,1,29.90,9.9667,true,1,11861
7290013269300,false,ניילון נצמד סנו סושי,,,ניילון נצמד סנו סושי 150 מ ללא פי וי סי,מטרים,150.00,מטר,false,1,23.90,0.1593,true,1,13335
7290013269348,false,סנו קיי 3 תחנת פיתיו,סנו,IL,סנו קיי 3 תחנת פיתיון קוטל תיקנים 4יח,יחידה,4.00,יחידה,false,6,54.90,13.7250,true,1,42493
7290013269621,false,נוזל ריצפז פרש הום 2,סנו,,נוזל ריצפז פרש הום 2 ליטר מלון בוטיק,ליטרים,2.00,ליטר,false,1,21.90,10.9500,true,1,39434
7290013269669,false,נוזל רצפה ריצפז פנטז,,,נוזל רצפה ריצפז פנטזיה 3 ל,ליטרים,3.00,ליטר,false,1,12.90,4.3000,true,1,12092
7290013269690,false,גל אסלה סנובון ניחוח,,,גל אסלה סנובון ניחוח לימון,יחידה,1.00,יחידה,false,1,6.90,6.9000,true,1,12090
7290013269706,false,גל אסלה סנובון ניחוח,,,גל אסלה סנובון ניחוח אוקיאנוס,גרמים,1.00,100 גרם,false,1,6.90,690.0000,true,1,12091
7290013269751,false,מטליות סנו ריצפז פרש,,,מטליות סנו ריצפז פרש מלון בוטיק 40*70 סמ,יחידה,10.00,יחידה,false,1,14.90,1.4900,true,1,40147
7290013276124,false,בירה נגב אמבר אייל 3,,,בירה נגב אמבר אייל 330 מל פקדון,מיליליטרים,330.00,"100 מ""ל",false,1,14.90,4.5152,true,1,21218
7290013310019,false,קיסמי שיניים רפואי ע,,CN,קיסמי שיניים רפואי עם חוט דנטלי,Unknown,0.00,Unknown,false,24,6.90,0.0000,true,1,32104
7290013310064,false,חוט דנטלי רפואי עם מ,,CN,חוט דנטלי רפואי עם מנטה הוסטס,Unknown,0.00,Unknown,false,12,6.90,0.0000,true,1,32105
7290013310101,false,שיפודי במבוק גמבו 50,,CN,שיפודי במבוק גמבו 50 יח,Unknown,0.00,Unknown,false,50,5.90,0.0000,true,1,32106
7290013310163,false,מדליק פחם מוצק 40 יח,BX.P,DE,מדליק פחם מוצק 40 יח איזי לייט,יחידה,40.00,יחידה,false,24,6.90,0.1725,true,1,27949
7290013310477,false,שיפודי במבוק גמבו שט,,CN,שיפודי במבוק גמבו שטוחים 25 יח,Unknown,0.00,Unknown,false,50,8.90,0.0000,true,1,32107
7290013329141,false,שמן קוקוס כרם אורגני,נייצ'ורוס,,שמן קוקוס 500 מל,מיליליטרים,500.00,"100 מ""ל",false,1,25.90,5.1800,true,1,12684
7290013329301,false,פריכיות 100% כוסמת ע,ZBG,,פריכיות 100% כוסמת עם מלח 160 גר,גרמים,160.00,100 גרם,false,1,10.90,6.8125,true,1,15081
7290013329318,false,פריכיות 100% כוסמת ט,ZBG,,פריכיות 100% כוסמת טבעי 160 גר,גרמים,160.00,100 גרם,false,1,10.90,6.8125,true,1,15082
7290013329646,false,שמן קוקוס כרם אורגני,נייצ'ורוס,,שמן קוקוס כרם אורגני 350 מל,מיליליטרים,350.00,"100 מ""ל",false,1,19.90,5.6857,true,1,47266
7290013329684,false,אגוז מקדמיה כרם 200,כרם תעשיות,,אגוז מקדמיה כרם 200 גרם,גרמים,200.00,100 גרם,false,1,38.90,19.4500,true,1,32429
7290013329738,false,תמר מגהול כרם 1 קג,כרם תעשיות,IL,תמר מגהול כרם 1 קג,קילוגרמים,1.00,"ק""ג",false,1,19.90,19.9000,true,1,20481
7290013329851,false,חמאת קוקוס טבעי כרם,"טבע מהדרין י.א.בע""מ",,חמאת קוקוס טבעי כרם 280 גרם,גרמים,280.00,100 גרם,false,1,19.90,7.1071,true,1,22653
7290013329875,false,פריכיות אורז כרם עם,זן בר,,פריכיות אורז כרם עם מלח 160 גרם,גרמים,160.00,100 גרם,false,1,8.00,5.0000,true,1,23209
7290013329882,false,פריכיות אורז כרם עם,זן בר,,פריכיות אורז כרם ללא מלח 160 גרם,גרמים,160.00,100 גרם,false,1,8.00,5.0000,true,1,23208
7290013358356,false,פירורי לחם מוזהבים 3,EinatFood,,פירורי לחם מוזהבים 350 גר מנה,גרמים,320.00,100 גרם,false,1,7.90,2.4688,true,1,12218
7290013358363,false,פירורי פנקו מוזהב300,Mana,,פירורי פנקו מוזהב300 גר מאסטר שף,גרמים,300.00,100 גרם,false,1,9.90,3.3000,true,1,11684
7290013358431,false,קרוטונים מנה לסלט200,EinatFood,,קרוטונים מנה לסלט200ג עגבניות בזיליקום,גרמים,200.00,100 גרם,false,1,11.90,5.9500,true,1,14718
7290013358448,false,קרוטונים מנה לסלט200,EinatFood,,קרוטונים מנה לסלט200ג 4 דגנים,גרמים,200.00,100 גרם,false,1,11.90,5.9500,true,1,14719
7290013358493,false,קרם קוקוס מאסטר שף 4,THAI COCONUT CO,,קרם קוקוס מאסטר שף 400 מל,מיליליטרים,400.00,"100 מ""ל",false,1,8.90,2.2250,true,1,20039
7290013358509,false,מיקסלט מסטר שף 200 ג,Effectiveat,,מיקסלט מסטר שף 200 גר,גרמים,200.00,100 גרם,false,1,15.90,7.9500,true,1,16941
7290013358516,false,מיקסלט חמוציות מסטר,Effectiveat,,מיקסלט חמוציות מסטר שף 200 גר,גרמים,200.00,100 גרם,false,1,15.90,7.9500,true,1,16942
7290013358523,false,בצל מטוגן מאסטר שף 1,Mana,,בצל מטוגן מאסטר שף 150 גר צנצנת,גרמים,150.00,100 גרם,false,1,11.90,7.9333,true,1,16943
7290013358578,false,אטריות אורז רחבות מא,,,אטריות אורז רחבות מאסטר שף 400ג,גרמים,400.00,100 גרם,false,30,8.90,2.2250,true,1,20037
7290013358806,false,מאגדת 4פרכיות מנה 26,Mana,,מאגדת 4פרכיות מנה 264 גר,גרמים,264.00,100 גרם,false,1,12.00,4.5455,true,1,15086
7290013358837,false,מאגדת 4פרכיות ללא מל,Mana,,מאגדת 4פרכיות ללא מלח מנה 264 גר,גרמים,264.00,100 גרם,false,1,12.00,4.5455,true,1,24619
7290013366085,false,תירס מתוק במיוחד,,,תירס מתוק במיוחד,Unknown,0.00,Unknown,false,1,21.90,0.0000,true,1,22838
7290013366108,false,אספרגוס בשקית יחידה,,,אספרגוס יחידה,Unknown,0.00,Unknown,false,1,31.90,0.0000,true,1,29955
7290013366153,false,ברוקומיני 300 גרם,,,ברוקומיני 300 גרם,גרמים,300.00,100 גרם,false,1,23.90,7.9667,true,1,46662
7290013366252,false,נבטי קטניות,,,נבטי קטניות,Unknown,0.00,Unknown,false,1,9.90,0.0000,true,1,13166
7290013366276,false,מיקס נבטי מיקרו,,,מיקס נבטי מיקרו,Unknown,0.00,Unknown,false,1,14.90,0.0000,true,1,34697
7290013366306,false,נבטי בזיליקום,,,נבטי בזיליקום,Unknown,0.00,Unknown,false,1,9.90,0.0000,true,1,13351
7290013366634,false,חסה סלנובה ראשים,,,חסה סלנובה ראשים,Unknown,0.00,Unknown,false,1,13.90,0.0000,true,1,13158
7290013366641,false,עלי רוקולה,,,עלי רוקולה,Unknown,0.00,Unknown,false,1,13.90,0.0000,true,1,13159
7290013366658,false,חסה סלנובה עלים,,,חסה סלנובה עלים,Unknown,0.00,Unknown,false,1,13.90,0.0000,true,1,13167
7290013366665,false,חסה גמביט,,,חסה גמביט,Unknown,0.00,Unknown,false,1,13.90,0.0000,true,1,61620
7290013366719,false,פאקצוי,,,פאקצוי,Unknown,0.00,Unknown,false,1,15.50,0.0000,true,1,22657
7290013389084,false,עלי טורטיה קמח תירס,,,עלי טורטיה קמח תירס 16 יח 325 גר,גרמים,325.00,100 גרם,false,1,11.90,3.6615,true,1,11668
7290013389114,false,ניוקי תפוח אדמה 500,,,ניוקי תפוח אדמה 500 גר איטלקי,גרמים,500.00,100 גרם,false,1,7.90,1.5800,true,1,11663
7290013389138,false,ניוקי שלושה צבעים 50,,,ניוקי שלושה צבעים 500 גר איטלקי,גרמים,500.00,100 גרם,false,1,7.90,1.5800,true,1,11665
7290013389145,false,ניוקי מיני 500 גר אי,,,ניוקי מיני 500 גר איטלקי,גרמים,500.00,100 גרם,false,1,7.90,1.5800,true,1,11666
7290013389374,false,קמח תירס פולנטה 500,,,קמח תירס פולנטה 500 גר,גרמים,500.00,100 גרם,false,1,6.90,1.3800,true,1,13636
7290013430083,false,בירה אלכסנדר בלונד 5,"אביר הבר בע""מ",,בירה אלכסנדר בלונד 5.3% 330מל פקדון,מיליליטרים,330.00,"100 מ""ל",false,1,14.90,4.5152,true,1,15622
7290013430090,false,בירה אלכסנדר אמבר 5.,"אביר הבר בע""מ",,בירה אלכסנדר אמבר 5.7% 330מל פקדון,מיליליטרים,330.00,"100 מ""ל",false,1,14.90,4.5152,true,1,15623
7290013440648,false,מאגדת 5 יח קרחוני שר,גלידות נסטלה,,מאגדת 5 יח קרחוני שרבט אבטיח 540 גר,יחידה,5.00,יחידה,false,8,26.90,5.3800,true,1,11693
7290013442062,false,יוגורט כבשים 600גר,מוטקה החולב,,יוגורט כבשים 600גר,גרמים,650.00,100 גרם,false,1,21.90,3.3692,true,1,13727
7290013442246,false,לאבנה כבשים 280גר,,,לאבנה כבשים 280גר,גרמים,280.00,100 גרם,false,1,16.90,6.0357,true,1,59406
7290013442253,false,גבינה צפתית 250 גרם,,,גבינה צפתית 250 גרם מליחות מעודנת16%שומן,גרמים,250.00,100 גרם,false,1,21.90,8.7600,true,1,59407
7290013442260,false,גבינה צפתית קצח כבשי,מוטקה החולב,IL,גבינה צפתית קצח כבשים 250גר,גרמים,250.00,100 גרם,false,1,21.90,8.7600,true,1,59408
7290013442277,false,גבינה בסגנון פטה יוו,מוטקה החולב,IL,גבינה בסגנון פטה יוונית כבשים 250גר,גרמים,250.00,100 גרם,false,1,29.90,11.9600,true,1,59409
7290013442284,false,גבינת ברי כבשים 140ג,מוטקה החולב,IL,גבינת ברי כבשים 140גר,גרמים,140.00,100 גרם,false,1,26.90,19.2143,true,1,59410
7290013442291,false,גבינת קממבר כבשים 14,,,גבינת קממבר כבשים 140גר,גרמים,140.00,100 גרם,false,1,26.90,19.2143,true,1,59411
7290013442307,false,גבינת קממבר פקאן כבש,,,גבינת קממבר פקאן כבשים 140גר,גרמים,140.00,100 גרם,false,1,26.90,19.2143,true,1,59412
7290013442314,false,גבינת סנט מור כבשים,,,גבינת סנט מור כבשים 150גר,גרמים,150.00,100 גרם,false,1,28.90,19.2667,true,1,59413
7290013442338,false,גבינת גאודה כבשה חרד,,,גבינת גאודה כבשה חרדלית 150גר,גרמים,150.00,100 גרם,false,1,26.90,17.9333,true,1,59415
7290013442345,false,גבינת ארוטן כמהין 14,,,גבינת ארוטן כמהין 14% שומן 150 גרם,גרמים,150.00,100 גרם,false,1,29.90,19.9333,true,1,59416
7290013451927,false,פריכיות כוסמת זן בר,זן בר,,פריכיות כוסמת זן בר ללא מלח 160 גר,גרמים,160.00,100 גרם,false,1,11.00,6.8750,true,1,14010
7290013453631,false,עוגיות חמאת בוטנים ל,,,עוגיות חמאת בוטנים ללא גלוטן 230 גר,גרמים,230.00,100 גרם,false,1,24.90,10.8261,true,1,47094
7290013472892,false,גבינה הבולגריה 200גר,קוליוס,,גבינה הבולגריה 200גרם קוביות,גרמים,200.00,100 גרם,false,1,12.00,6.0000,true,1,18163
7290013520067,false,מארז לחמניות 10 יחיד,מאפיית אגמי,,מארז לחמניות 10 יחידות,יחידה,10.00,יחידה,false,1,14.90,1.4900,true,1,25953
7290013520111,false,מארז לחמניות המבורגר,מאפיית אגמי,IL,מארז לחמניות המבורגר אמריקאי 6יח,יחידה,6.00,יחידה,false,8,14.90,2.4833,true,1,46531
7290013520142,false,לחמניה קלה ביס 8יח 4,,,לחמניה קלה ביס 8יח 400 גרם,יחידה,8.00,יחידה,false,1,13.90,1.7375,true,1,17768
7290013520463,false,לחם בריאות ושובע כוס,,,לחם בריאות ושובע קוסמין 600 גרם,גרמים,600.00,100 גרם,false,1,16.90,2.8167,true,1,23856
7290013520500,false,מארז לחמניות כוסמין,,IL,מארז לחמניות כוסמין 8יח  95 קלוריות,גרמים,400.00,100 גרם,false,1,16.90,4.2250,true,1,31516
7290013521101,false,פסטה כוסמין אורגנית,,,פסטה כוסמין אורגנית תרד 500 גר,גרמים,350.00,100 גרם,false,1,19.90,5.6857,true,1,32796
7290013521132,false,אטריות אורגני ל.גלוט,,,אטריות אורגני ל.גלוטן אורז אצות וואק250ג,גרמים,250.00,100 גרם,false,1,16.90,6.7600,true,1,32789
7290013521187,false,ספגטי עדשים אדומות א,,,ספגטי עדשים אדומות אורגני 250 גר ללג,גרמים,250.00,100 גרם,false,18,10.90,4.3600,true,1,57806
7290013521194,false,טורטיליוני כוסמת אור,,,טורטיליוני כוסמת אורגני 250גר ללג,גרמים,250.00,100 גרם,false,8,10.90,4.3600,true,1,57808
7290013521224,false,ספגטי כוסמת אורגני 2,,,ספגטי כוסמת אורגני 250 גר ללג,גרמים,250.00,100 גרם,false,18,10.90,4.3600,true,1,57807
7290013521231,false,פסטה כוסמין אורגנית,,,פסטה כוסמין אורגנית טריקולור 500 גר,גרמים,400.00,100 גרם,false,1,19.90,4.9750,true,1,32797
7290013521309,false,מיונז אורגני השדה 33,,,מיונז אורגני השדה 230 גר,גרמים,330.00,100 גרם,false,1,22.90,6.9394,true,1,32862
7290013521316,false,ממרח מיונז אורגני לל,,,ממרח מיונז אורגני ללא ביצים השדה230גר,גרמים,230.00,100 גרם,false,1,16.90,7.3478,true,1,32863
7290013521347,false,חרדל דיזון אורגני 20,,,חרדל דיזון אורגני 200 גר,גרמים,200.00,100 גרם,false,1,14.90,7.4500,true,1,32875
7290013521354,false,חרדל דיזון אורגני עם,,,חרדל דיזון אורגני עם גרגירים 230 גר,גרמים,230.00,100 גרם,false,1,14.90,6.4783,true,1,32876
7290013521385,false,רסק תפוחים אורגני 70,,,רסק תפוחים אורגני 700 גר,גרמים,700.00,100 גרם,false,1,17.90,2.5571,true,1,32800
7290013521392,false,רסק תפוחים אורגני 36,,,רסק תפוחים אורגני 360 גר,גרמים,360.00,100 גרם,false,1,13.90,3.8611,true,1,32801
7290013521408,false,מרק ירקות אורגנית 20,,,מרק ירקות אורגנית 200 גר,גרמים,200.00,100 גרם,false,1,23.90,11.9500,true,1,32874
7290013521415,false,מרק טעם עוף אורגני 2,,,מרק עוף אורגנית טעם עוף 200 גר,גרמים,200.00,100 גרם,false,1,24.90,12.4500,true,1,32873
7290013521491,false,קטשופ אורגני 567 גרם,,,קטשופ אורגני 567 גרם ללא גלוטן השדה,גרמים,567.00,100 גרם,false,1,18.90,3.3333,true,1,43485
7290013521569,false,רסק תפוח בננה אורגני,,,רסק תפוח בננה אורגני 360 גר,גרמים,360.00,100 גרם,false,1,13.90,3.8611,true,1,32872
7290013521743,false,שקדי מרק מקמח כוסמין,,,שקדי מרק מקמח כוסמין 400 גר,גרמים,400.00,100 גרם,false,1,16.90,4.2250,true,1,32795
7290013521828,false,פסטה כוסמין אורגנית,,,פסטה כוסמין אורגנית ספירולינה 500 גר,גרמים,300.00,100 גרם,false,1,19.90,6.6333,true,1,32798
7290013521835,false,פסטה כוסמין אורגנית,,,פסטה כוסמין אורגנית ספירולינה פוזילי 500,גרמים,500.00,100 גרם,false,1,19.90,3.9800,true,1,32799
7290013521873,false,סוכר קוקוס אורגני מפ,,,סוכר קוקוס אורגני מפרח הקוקוס 300 גר,גרמים,300.00,100 גרם,false,1,15.90,5.3000,true,1,36899
7290013521897,false,גליליות אורגניות מקמ,,,גליליות אורגניות מקמח כוסמין 100 גר,גרמים,100.00,100 גרם,false,1,14.90,14.9000,true,1,38733
7290013521965,false,עוגיות חצי ירח מקח כ,,,עוגיות חצי ירח מקח כוסמין אורגני 180 גר,גרמים,180.00,100 גרם,false,1,15.90,8.8333,true,1,40836
7290013525260,false,סלט חציל במיונז 160,,,סלט חציל במיונז 160 גר המנה שלי,גרמים,160.00,100 גרם,false,1,5.90,3.6875,true,1,11805
7290013525277,false,סלט מטבוחה 160 גר המ,,,סלט מטבוחה 160 גר המנה שלי,גרמים,160.00,100 גרם,false,1,5.90,3.6875,true,1,11806
7290013525710,false,סלט חומוס עם טחינה 1,,,סלט חומוס עם טחינה 160 גר המנה שלי,גרמים,160.00,100 גרם,false,1,5.90,3.6875,true,1,12096
7290013525727,false,סלט חומוס אבו גוש 16,,,סלט חומוס אבו גוש 160 גר המנה שלי,גרמים,160.00,100 גרם,false,1,5.90,3.6875,true,1,12095
7290013525741,false,סלט חומוס מסבחה 160,,,סלט חומוס מסבחה 160 גר המנה שלי,גרמים,160.00,100 גרם,false,1,5.90,3.6875,true,1,12097
7290013525789,false,אריסה מרוקאית 150 גר,,,אריסה מרוקאית 150 גר,גרמים,150.00,100 גרם,false,1,9.90,6.6000,true,1,13396
7290013531117,false,רוטב פסטה לילדים יכי,זנלכל,,רוטב פסטה לילדים יכין 260 גר,גרמים,240.00,100 גרם,false,1,4.90,2.0417,true,1,11242
7290013531346,false,סירופ יכין דיאט לימו,זנלכל,,סירופ יכין דיאט לימונענע 1 ל,ליטרים,1.00,ליטר,false,1,17.90,17.9000,true,1,12431
7290013531377,false,תורמוס יכין 550 גרם,זנלכל,,תורמוס יכין 550 גרם,גרמים,550.00,100 גרם,false,1,9.90,1.8000,true,1,14733
7290013531490,false,פול מתובל יכין 550 ג,זנלכל,,פול מתובל יכין 550 גר א/2,גרמים,550.00,100 גרם,false,1,9.90,1.8000,true,1,14734
7290013531612,false,רוטב נפוליטנה יכין 2,,,רוטב נפוליטנה יכין 260 גר,גרמים,240.00,100 גרם,false,1,4.90,2.0417,true,1,19385
7290013531629,false,רוטב פומודורו יכין 2,,,רוטב פומודורו יכין 260 גר,גרמים,240.00,100 גרם,false,1,4.90,2.0417,true,1,19386
7290013531759,false,שעועית אפויה במים א/,זנלכל,,שעועית אפויה במים א/2 יכין,גרמים,550.00,100 גרם,false,1,9.90,1.8000,true,1,18884
7290013539892,false,אלסבון ארומטי תה ירו,,,אלסבון ארומטי תה ירוק 1ל סטייל,ליטרים,1.00,ליטר,false,1,13.90,13.9000,true,1,10987
7290013539915,false,אלסבון ארומטי תה לבן,,,אלסבון ארומטי תה לבן 1ל סטייל,ליטרים,1.00,ליטר,false,1,13.90,13.9000,true,1,10988
7290013558800,false,עלי תרד 250 גר בנספק,,,עלי תרד 500 גר בנספק,Unknown,0.00,Unknown,false,1,15.00,0.0000,true,1,38369
7290013558824,false,עלי רוגולה/בזיליקום,,,עלי רוגולה/בזיליקום,Unknown,0.00,Unknown,false,1,9.50,0.0000,true,1,25640
7290013584816,false,משקה קל לימונענע 1.5,פריגת,,משקה קל לימונענע 1.5 ליטר פריגת,ליטרים,1.50,ליטר,false,1,9.60,6.4000,true,1,18098
7290013585233,false,משקה ספרייט זירו פחי,,,משקה ספרייט זירו פחית 330 פקדון,מיליליטרים,330.00,"100 מ""ל",false,1,5.90,1.7879,true,1,19702
7290013585271,false,מארז שישיית ספרייט ז,,,מארז שישיית ספרייט זירו 1.5ליטר,ליטרים,10.50,ליטר,false,1,46.10,4.3905,true,1,19699
7290013585387,false,משקה קוקה קולה זירו,,,משקה קוקה קולה זירו 1 ליטר,ליטרים,1.00,ליטר,false,1,7.50,7.5000,true,1,19112
7290013585394,false,משקה קוקה קולה 1 ליט,,,משקה קוקה קולה 1 ליטר,ליטרים,1.00,ליטר,false,1,7.80,7.8000,true,1,19111
7290013585967,false,מארז 6 פחיות ספרייט,קוקה קולה,,מארז 6 פחיות ספרייט זירו 330 מל פקדון,ליטרים,1.98,ליטר,false,1,23.90,12.0707,true,1,23340
7290013608260,false,מיץ רימונים טבעי 100,,,מיץ רימונים טבעי 100% סחוט טרי 1ליטר פקד,ליטרים,1.00,ליטר,false,1,22.90,22.9000,true,1,17067
7290013608857,false,מיץ תפוחים מלא 1ליטר,,,מיץ תפוחים מלא 1ליטר,ליטרים,1.00,ליטר,false,1,15.90,15.9000,true,1,48205
7290013608864,false,משקה פירות הדר בתוספ,,,משקה פירות הדר בתוספת ויטמין סי 1 ליטר,ליטרים,1.00,ליטר,false,1,15.90,15.9000,true,1,48204
7290013645500,false,מקלות מלוחים ללא גלו,,,מקלות מלוחים ללא גלוטן230גר שרלה,גרמים,230.00,100 גרם,false,1,22.90,9.9565,true,1,15087
7290013675194,false,שניצל עוף אמיתי ביתי,תנובה גליל,,שניצל עוף אמיתי ביתי ללא גלוטן 700גר מאמ,גרמים,700.00,100 גרם,false,1,45.00,6.4286,true,1,21272
7290013675545,false,שניצל עוף כלי תחבורה,תנובה גליל,,שניצל עוף כלי תחבורה 700גר מאמא עוף,גרמים,700.00,100 גרם,false,1,36.90,5.2714,true,1,36007
7290013675804,false,שניצלונים דקים 500גר,תנובה גליל,,שניצלונים דקים 500גר טעם טבעות בצל מאמא,גרמים,500.00,100 גרם,false,1,29.90,5.9800,true,1,49026
7290013675828,false,חגיגה אסייאתית להקפצ,סנפרוסט,,חגיגה אסייאתית להקפצה עם חזה עוף 450גר,גרמים,450.00,100 גרם,false,1,22.90,5.0889,true,1,45267
7290013675835,false,לקט ירוק גלילי להקפצ,סנפרוסט,,לקט ירוק גלילי להקפצה עם חזה עוף 450גר,גרמים,450.00,100 גרם,false,1,22.90,5.0889,true,1,45268
7290013675965,false,רצועוף טעם טבעות בצל,תנובה גליל,,רצועוף טעם טבעות בצל 500 גר מאמא עוף,גרמים,500.00,100 גרם,false,1,29.90,5.9800,true,1,49997
7290013675972,false,רצועוף טעם גריל 500,תנובה גליל,,רצועוף טעם גריל 500 גר מאמא עוף,גרמים,500.00,100 גרם,false,1,29.90,5.9800,true,1,49998
7290013702036,false,מים שוופס אפרסק 500מ,יפאורה,,מים שוופס אפרסק 500מל פקדון,מיליליטרים,500.00,"100 מ""ל",false,1,7.90,1.5800,true,1,21784
7290013702050,false,מים שוופס ענבים 500מ,יפאורה,,מים שוופס ענבים 500מל פקדון,מיליליטרים,500.00,"100 מ""ל",false,1,7.90,1.5800,true,1,21785
7290013702371,false,מים שוופס תפוח 1.5 ל,יפאורה,,מים שוופס תפוח 1.5 ליטר,ליטרים,1.50,ליטר,false,1,7.60,5.0667,true,1,21772
7290013702388,false,מים שוופס תפוח 500מל,יפאורה,,מים שוופס תפוח 500מל פקדון,מיליליטרים,500.00,"100 מ""ל",false,1,7.90,1.5800,true,1,21787
7290013724939,false,חמוציות בציפוי שוקול,"דין שיווק וקלייה בע""",,חמוציות בציפוי שוקולד מריר קופסא 160גר,גרמים,160.00,100 גרם,false,1,10.90,6.8125,true,1,11403
7290013724946,false,שקדים בציפוי שוקולד,"דין שיווק וקלייה בע""",,שקדים בציפוי שוקולד מריר קופסא 160גר,גרמים,160.00,100 גרם,false,1,10.90,6.8125,true,1,11392
7290013724953,false,חמוציות בציפוי שוקול,"דין שיווק וקלייה בע""",,חמוציות בציפוי שוקולד חלב קופסא 160גר,גרמים,160.00,100 גרם,false,1,10.90,6.8125,true,1,11393
7290013724960,false,שקדים בציפוי שוקולד,"דין שיווק וקלייה בע""",,שקדים בציפוי שוקולד חלב קופסא 160גר,גרמים,160.00,100 גרם,false,1,10.90,6.8125,true,1,11398
7290013724977,false,צימוקים בציפוי שוקול,"דין שיווק וקלייה בע""",,צימוקים בציפוי שוקולד מריר קופסא 160גר,גרמים,160.00,100 גרם,false,1,10.90,6.8125,true,1,11388
7290013724991,false,אגוזי לוז בציפוי שוק,"דין שיווק וקלייה בע""",,אגוזי לוז בציפוי שוקולד חלב קופסא 160גר,גרמים,160.00,100 גרם,false,1,10.90,6.8125,true,1,11395
7290013725820,false,אגוזי לוז בציפוי שוק,"דין שיווק וקלייה בע""",,אגוזי לוז בציפוי שוקולד מריר קופסא 160גר,גרמים,160.00,100 גרם,false,1,10.90,6.8125,true,1,11389
7290013725844,false,שומשום בציפוי שוקולד,"דין שיווק וקלייה בע""",,שומשום בציפוי שוקולד מריר קופסא 160גר,גרמים,160.00,100 גרם,false,1,10.90,6.8125,true,1,11390
7290013746368,false,עוגיות דגן שקדים ל.ס,,,עוגיות דגן שקדים ל.ס 300 גר,גרמים,300.00,100 גרם,false,1,27.90,9.3000,true,1,35982
7290013746504,false,עוגיות דגן מקלוני עש,,,עוגיות דגן מקלוני עשבי תיבול ל.ס 200 גר,גרמים,200.00,100 גרם,false,1,21.90,10.9500,true,1,35974
7290013746672,false,עוגיות דגן אגוזים ל.,,,עוגיות דגן אגוזים ל.ס 300 גר,גרמים,250.00,100 גרם,false,1,27.90,11.1600,true,1,35980
7290013746689,false,עוגיות דגן שבולת שוע,,,עוגיות דגן שבולת שועל אוכמניו ל.ס 300 גר,גרמים,250.00,100 גרם,false,1,27.90,11.1600,true,1,35979
7290013746788,false,עוגיות דגן עגבניה וא,,,עוגיות דגן עגבניה ואורגנו ל.ס 200 גר,גרמים,200.00,100 גרם,false,1,21.90,10.9500,true,1,35975
7290013771131,false,לאבנה עיזים 5% 250 ג,,,לאבנה עיזים 5% 250 גר,גרמים,250.00,100 גרם,false,1,18.90,7.5600,true,1,11560
7290013771216,false,גבינת פאטקי 16% שומן,,,גבינת פאטקי 16% שומן 250 גרם,גרמים,250.00,100 גרם,false,1,14.90,5.9600,true,1,27413
7290013771384,false,יוגורט יווני 8% 400,,,יוגורט יווני 8% 400 גרם,גרמים,400.00,100 גרם,false,1,10.90,2.7250,true,1,25947
7290013787156,false,רוטב שמנת גראנה פדאנ,,IL,רוטב שמנת גראנה פדאנו 200גר פסטה ריקו,גרמים,200.00,100 גרם,false,6,12.90,6.4500,true,1,47300
7290013787170,false,רוטב שמנת פטריות 200,,IL,רוטב שמנת פטריות 200גר פסטה ריקו,גרמים,200.00,100 גרם,false,6,12.90,6.4500,true,1,47302
7290013787354,false,פסטה פוזילי 500 גרם,,IL,פסטה פוזילי 500 גרם פסטה ריקו,גרמים,500.00,100 גרם,false,6,9.90,1.9800,true,1,47293
7290013787392,false,רביולי גבינות קלאסי,,IL,רביולי גבינות קלאסי 330גר פסטה ריקו,גרמים,330.00,100 גרם,false,6,24.90,7.5455,true,1,47296
7290013787408,false,רביולי בטטה 330 גרם,,IL,רביולי בטטה 330 גרם פסטה ריקו,גרמים,330.00,100 גרם,false,6,24.90,7.5455,true,1,47297
7290013787415,false,רביולי ריקוטה תרד 33,,IL,רביולי ריקוטה תרד 330 גרם פסטה ריקו,גרמים,330.00,100 גרם,false,6,24.90,7.5455,true,1,47298
7290013787422,false,פלין פטריות בטעם כמה,,IL,פלין פטריות בטעם כמהין 330גרם פסטה ריקו,גרמים,330.00,100 גרם,false,6,25.90,7.8485,true,1,47299
7290013816009,false,שוקולד הולי קקאו 90%,הולי קקאו,IL,שוקולד הולי קקאו 90% מריר אורגני 100 ג,גרמים,100.00,100 גרם,false,15,17.90,17.9000,true,1,26065
7290013824974,false,יין קברנה סוביניון כ,יקב שטרן,IL,יין קברנה סוביניון כשר 2017 750 מל,מיליליטרים,750.00,"100 מ""ל",false,6,100.00,13.3333,true,1,43892
7290013847386,false,טונה  סטארקיסט 4% בש,,,טונה  סטארקיסט 4% בשמן צמחי 140 גר,גרמים,160.00,100 גרם,false,1,7.90,4.9375,true,1,39899
7290013847393,false,טונה  סטארקיסט 4% עש,,,טונה  סטארקיסט 4% עשבי תיבול 140 גר,גרמים,160.00,100 גרם,false,1,7.90,4.9375,true,1,39900
7290013847409,false,טונה  סטארקיסט 4% פל,,,טונה  סטארקיסט 4% פלפל לימון 140 גר,גרמים,160.00,100 גרם,false,1,7.90,4.9375,true,1,39901
7290013847454,false,מארז4 טונה סטארקיסט,,,רביעיית טונה סטארקיסט שמן קנולה160גר,גרמים,640.00,100 גרם,false,1,25.90,4.0469,true,1,31954
7290013847553,false,מארז4 טונה סטארקיסט,סטארקיסט,,רביעיית טונה סטארקיסט דלת נתרן מים 160 ג,גרמים,640.00,100 גרם,false,1,25.90,4.0469,true,1,23011
7290013847645,false,טונה סטארקיסט שמן זי,סטארקיסט,,טונה סטארקיסט שמן זית 3 יח 80 גרם,גרמים,240.00,100 גרם,false,1,19.90,8.2917,true,1,37816
7290013847812,false,טונה ילופין סטארקיסט,,,טונה ילופין סטארקיסט שמן זית 140 גרם,גרמים,140.00,100 גרם,false,1,9.90,7.0714,true,1,35084
7290013848017,false,מרסס לניקוי נירוסטה,,IL,מרסס לניקוי נירוסטה 500מל,מיליליטרים,500.00,"100 מ""ל",false,12,19.90,3.9800,true,1,38260
7290013848437,false,דאודורנט קרמה ספריי,,,דאודורנט קרמה ספריי אקטיב בלוק 200 מל,מיליליטרים,200.00,"100 מ""ל",false,12,15.90,7.9500,true,1,38857
7290013848581,false,מגבת נייר סושי גלילי,,,מגבת נייר סושי גלילי ענק,מטרים,61.00,מטר,false,1,12.90,0.2115,true,1,12642
7290013861054,false,צימוקים בציפוי שוקול,"דין שיווק וקלייה בע""",,צימוקים בציפוי שוקולד חלב קופסא 160גר,גרמים,160.00,100 גרם,false,1,10.90,6.8125,true,1,11394
7290013861412,false,חטיף קוקוס 250 גר,גודיס,,חטיף קוקוס 250 גר,גרמים,250.00,100 גרם,false,1,10.00,4.0000,true,1,18133
7290013861443,false,בוטנים מסוכרים 250 ג,גודיס,,בוטנים מסוכרים 250 גר,גרמים,250.00,100 גרם,false,1,11.00,4.4000,true,1,18132
7290013883148,false,סופג ריחות למקרר הפי,רלווי,,סופג ריחות למקרר הפי,Unknown,0.00,Unknown,false,1,13.90,0.0000,true,1,14250
7290013883407,false,מרסס דזיטול נגד חיי,מרקה,,מרסס דזיטול נגד חיידקים 500 מל,מיליליטרים,500.00,"100 מ""ל",false,1,12.90,2.5800,true,1,12078
7290013903075,false,תחליף בולגרית טבעוני,ביוט איילנד פודס בעמ,,תחליף בולגרית טבעוני 200 גרם ליב,גרמים,200.00,100 גרם,false,1,22.90,11.4500,true,1,24847
7290013903082,false,תחליף צפתית טבעוני 2,ביוט איילנד פודס בעמ,,תחליף צפתית טבעוני 200 גרם ליב,גרמים,200.00,100 גרם,false,1,22.90,11.4500,true,1,24849
7290013903310,false,טופו אורגני 500 גרם,,IL,טופו אורגני 500 גרם 2יח נפרדות,גרמים,500.00,100 גרם,false,9,18.90,3.7800,true,1,41151
7290013903327,false,טופו  טבעי 500 גרם,,IL,טופו  טבעי 500 גרם  2 יח נפרדות,גרמים,500.00,100 גרם,false,9,16.90,3.3800,true,1,41152
7290013903549,false,טופו במרקם רך 300 גר,,,טופו במרקם רך 300 גרם ליב,גרמים,300.00,100 גרם,false,1,12.90,4.3000,true,1,38741
7290013903594,false,רסק תפוחים 670 גר טע,,,רסק תפוחים 670 גר טעמי הגליל ליב,גרמים,670.00,100 גרם,false,1,10.00,1.4925,true,1,45963
7290013906052,false,נקניקיות פרגיות 300,,,נקניקיות פרגיות 300 גר,גרמים,300.00,100 גרם,false,1,11.90,3.9667,true,1,12005
7290013906212,false,נקניקיות וינר 1 קג,,,נקניקיות וינר 1 קג,גרמים,1000.00,100 גרם,false,1,28.90,2.8900,true,1,13889
7290013906496,false,סלסולי פסטרמה עגל רו,,,סלסולי פסטרמה עגל רומנית 120 גר,גרמים,120.00,100 גרם,false,1,15.90,13.2500,true,1,17638
7290013937001,false,מאגדת שישיית ארטיקים,,,מאגדת שישיית ארטיקים טבעיים מעורב,יחידה,6.00,יחידה,false,1,25.90,4.3167,true,1,20497
7290013937032,false,מאגדת שישיית ארטיקים,,,מאגדת שישיית ארטיקים טבעיים מנגו,יחידה,6.00,יחידה,false,1,25.90,4.3167,true,1,19836
7290013937049,false,מאגדת שישיית ארטיקים,,,מאגדת שישיית ארטיקים טבעיים מעורב,יחידה,6.00,יחידה,false,1,25.90,4.3167,true,1,19838
7290013937056,false,מאגדת שישיית ארטיקים,,,מאגדת שישיית ארטיקים טבעיים מעורב,יחידה,6.00,יחידה,false,1,25.90,4.3167,true,1,19839
7290013937063,false,מאגדת שישיית ארטיקים,,,מאגדת שישיית ארטיקים טבעיים קוקוס,יחידה,6.00,יחידה,false,1,25.90,4.3167,true,1,19837
7290013937070,false,מאגדת שישיית ארטיקים,,,מאגדת שישיית ארטיקים טבעיים מעורב,יחידה,6.00,יחידה,false,1,25.90,4.3167,true,1,19840
7290013937087,false,מאגדת שישיית ארטיקים,,,מאגדת שישיית ארטיקים טבעיים קוקוס קקאו,יחידה,6.00,יחידה,false,1,25.90,4.3167,true,1,23337
7290013937094,false,מאגדת שישיית ארטיקים,,,מאגדת שישיית ארטיקים טבעיים קוקוס קפה,יחידה,6.00,יחידה,false,1,25.90,4.3167,true,1,23336
7290013937100,false,מאגדת שישיית ארטיקים,,,מאגדת שישיית ארטיקים טבעיים סורבה חמוץ,יחידה,6.00,יחידה,false,1,25.90,4.3167,true,1,52479
7290013937971,false,מאגדת שישיית ארטיקים,,,מאגדת שישיית ארטיקים טבעיים מיני מובחרים,יחידה,6.00,יחידה,false,1,25.90,4.3167,true,1,35434
7290013994066,false,ספלטפלקס מכוסמין אור,,,ספלטפלקס מכוסמין אורגני 375 גר הרדוף,גרמים,375.00,100 גרם,false,1,22.90,6.1067,true,1,32900
7290013994288,false,קינואה רויאל אורגני,,,קינואה רויאל אורגני 1 קג הרדוף,קילוגרמים,1.00,"ק""ג",false,1,29.90,29.9000,true,1,32891
7290013994295,false,קינואה אדומה אורגנית,,,קינואה אדומה אורגנית 500 גר הרדוף,גרמים,500.00,100 גרם,false,1,20.90,4.1800,true,1,32839
7290013994318,false,קינואה מעורבת אורגני,,,קינואה מעורבת אורגנית 500 גר הרדוף,גרמים,500.00,100 גרם,false,1,19.90,3.9800,true,1,32841
7290013994417,false,גרעיני שבולת שועל או,,,גרעיני שבולת שועל אורגני 500 גר הרדוף,גרמים,500.00,100 גרם,false,1,9.90,1.9800,true,1,32895
7290013994547,false,אורז בסמטי מלא אורגנ,,,אורז בסמטי מלא אורגני  500גר הרדוף,גרמים,500.00,100 גרם,false,1,12.90,2.5800,true,1,32825
7290013994554,false,אורז בסמטי לבן אורגנ,,,אורז בסמטי לבן אורגני  500גר הרדוף,גרמים,500.00,100 גרם,false,1,12.90,2.5800,true,1,32824
7290013994578,false,סובין שבולת שועל אור,,,סובין שבולת שועל אורגני 300 גר הרדוף,גרמים,300.00,100 גרם,false,1,9.90,3.3000,true,1,32833
7290013994585,false,גרעיני דלעת קלופים א,,,גרעיני דלעת קלופים אורגני 300 גר הרדוף,גרמים,300.00,100 גרם,false,1,18.90,6.3000,true,1,32834
7290013994653,false,קינואה רויאל אורגנית,,,קינואה רויאל אורגנית 500 גר הרדוף,גרמים,500.00,100 גרם,false,1,17.90,3.5800,true,1,32838
7290013994677,false,עדשים שחורות אורגניו,,,עדשים שחורות אורגניות 500 גר הרדוף,גרמים,500.00,100 גרם,false,1,15.90,3.1800,true,1,32835
7290013994714,false,ממרח  חרוב סויה אורג,,,ממרח  חרוב סויה אורגני 350 ג הרדוף,גרמים,350.00,100 גרם,false,1,19.90,5.6857,true,1,32823
7290013994813,false,שעועית שחורה אורגני,,,שעועית שחורה אורגני 500 גר הרדוף,גרמים,500.00,100 גרם,false,1,11.90,2.3800,true,1,32893
7290013994912,false,קמח כוסמין 70% אורגנ,,,קמח כוסמין 70% אורגני 1 קג הרדוף,קילוגרמים,1.00,"ק""ג",false,12,19.90,19.9000,true,1,44807
7290013994943,false,קוסקוס אורגני 350 גר,,,קוסקוס אורגני 350 גר הרדוף,גרמים,350.00,100 גרם,false,1,9.90,2.8286,true,1,36898
7290014002128,false,תה ירוק לימונית מנטה,תה ויסוצקי,,תה ירוק לימונית מנטה 1.5 ג 25 שק,יחידה,25.00,יחידה,false,1,24.90,0.9960,true,1,12796
7290014002135,false,תה ירוק מיקס 5טעמים,תה ויסוצקי,,תה ירוק מיקס 5טעמים  1.5 ג 25 שק,יחידה,25.00,יחידה,false,1,24.90,0.9960,true,1,12617
7290014002203,false,תה גן  הקסום לימונית,תה ויסוצקי,,תה גן  הקסום לימונית לואיזה 1.5ג25שק,יחידה,25.00,יחידה,false,1,19.50,0.7800,true,1,12768
7290014002579,false,תה ירוק וניל 1.5 ג 2,תה ויסוצקי,,תה ירוק וניל 1.5 ג 25 שק,גרמים,38.00,100 גרם,false,1,24.90,65.5263,true,1,14295
7290014002944,false,תה גן קסום פירות חמד,תה ויסוצקי,,תה גן קסום פירות חמדת השקד2.3ג 25ש,יחידה,25.00,יחידה,false,12,19.50,0.7800,true,1,17584
7290014002982,false,תה ירוק לימונית לואי,תה ויסוצקי,,תה ירוק לימונית לואיזה סטיביה1.5 ג 25 שק,יחידה,25.00,יחידה,false,1,24.90,0.9960,true,1,16068
7290014021501,false,חטיף פרי בננה קראנצי,,,חטיף פרי בננה קראנצי ללא סוכר מארז,לא מנהל יחידת מידה,72900.00,לא מנהל יחידת מידה,false,1,10.90,0.0001,true,1,36136
7290014021518,false,חטיף פרי אננס קראנצי,,,חטיף פרי אננס קראנצי ללא סוכר מארז,Unknown,0.00,Unknown,false,1,10.90,0.0000,true,1,36138
7290014021532,false,חטיף פרי אגס קראנצי,,,חטיף פרי אגס קראנצי ללא סוכר מארז,יחידה,10.00,יחידה,false,1,10.90,1.0900,true,1,36134
7290014021549,false,חטיף פרי תפוח קראנצי,,,חטיף פרי תפוח קראנצי ללא סוכר מארז,יחידה,10.00,יחידה,false,1,10.90,1.0900,true,1,37138
7290014021648,false,חטיף פרי משמש קראנצי,,,חטיף פרי משמש קראנצי ללא סוכר מארז,לא מנהל יחידת מידה,72900.00,לא מנהל יחידת מידה,false,1,10.90,0.0001,true,1,36137
7290014046016,false,פסטרמה של פעם 100% ח,,,פסטרמה של פעם 100% חומרים טבעיים 250 גר,גרמים,300.00,100 גרם,false,1,25.90,8.6333,true,1,16090
7290014046047,false,מארז צמד פסטרמה פפרי,,,מארז צמד פסטרמה פפריקה/ברביקיו 600 גרם,גרמים,600.00,100 גרם,false,1,25.90,4.3167,true,1,16864
7290014046474,false,נקניקיות עוף 1.5 קג,מעדני יחיעם,,נקניקיות עוף 1.5 קג,קילוגרמים,1.50,"ק""ג",false,1,27.90,18.6000,true,1,18956
7290014046580,false,פסטרמה מעודנת על גחל,,,פסטרמה מעודנת על גחלים 300 גרם,גרמים,300.00,100 גרם,false,1,21.90,7.3000,true,1,17899
7290014059078,false,מי פה אקווה פרש אקסט,,,מי פה אקווה פרש אקסטרים 500 מל,מיליליטרים,500.00,"100 מ""ל",false,1,19.90,3.9800,true,1,12716
7290014059085,false,מש.שיניים סנסודיין ש,סנסודיין,,מש.שיניים סנסודיין שיקום והגנה 75 מל,מיליליטרים,75.00,"100 מ""ל",false,1,21.90,29.2000,true,1,12233
7290014059436,false,משחת שיניים סנסודיין,סנסודיין,,משחת שיניים סנסודיין לשיקום והגנה מלבינה,מיליליטרים,75.00,"100 מ""ל",false,1,21.90,29.2000,true,1,15229
7290014066243,false,מארז 3 קפסולות לנדוו,קפה לנדוור,IL,מארז 3 קפסולות לנדוור+2כוסות קפה,יחידה,30.00,יחידה,false,10,44.90,1.4967,true,1,53085
7290014066359,false,קפסולות אספרסו לנדוו,קפה לנדוור,IL,קפסולות אספרסו לנדוור 06בלנסד 10 יח,יחידה,10.00,יחידה,false,12,15.90,1.5900,true,1,46116
7290014066366,false,קפסולות אספרסו לנדוו,קפה לנדוור,IL,קפסולות אספרסו לנדוור08ריסטרטו 10 יח,יחידה,10.00,יחידה,false,12,15.90,1.5900,true,1,46120
7290014066373,false,קפסולות אספרסו לנדוו,קפה לנדוור,IL,קפסולות אספרסו לנדוור09קלאסיק 10 יח,יחידה,10.00,יחידה,false,12,15.90,1.5900,true,1,46118
7290014066380,false,קפסולות אספרסו לנדוו,קפה לנדוור,IL,קפסולות אספרסו לנדוור10סופרימו 10 יח,יחידה,10.00,יחידה,false,12,15.90,1.5900,true,1,46117
7290014066441,false,קפסולות אספרסו לנדוו,קפה לנדוור,IL,קפסולות אספרסו לנדוור נטול קפאין 10 יח,יחידה,10.00,יחידה,false,12,15.90,1.5900,true,1,46115
7290014066526,false,קפסולות אספרסו לנדוו,קפה לנדוור,IL,קפסולות אספרסו לנדוור11הבית 10 יח,יחידה,10.00,יחידה,false,12,15.90,1.5900,true,1,46121
7290014066533,false,קפסולות אספרסו לנדוו,קפה לנדוור,IL,קפסולות אספרסו לנדוור12קליה כפולה 10 יח,יחידה,10.00,יחידה,false,12,15.90,1.5900,true,1,46119
7290014083813,false,שפרוטים מעושנים בשמן,Briavais Vilns,,שפרוטים מעושנים בשמן ריגה 190 גר,גרמים,190.00,100 גרם,false,1,7.90,4.1579,true,1,13359
7290014094338,false,גרעיני דלעת מקולפות,"דין שיווק וקלייה בע""",,גרעיני דלעת מקולפות 250 גרבקופסא,גרמים,250.00,100 גרם,false,1,14.90,5.9600,true,1,17259
7290014094345,false,גרעיני חמניה קלופים,"דין שיווק וקלייה בע""",,גרעיני חמניה קלופים 300 גר קופסא,גרמים,300.00,100 גרם,false,1,10.90,3.6333,true,1,17273
7290014094352,false,אגוזים קלופים 200 גר,"שקדיה גבע תעשיות בע""",,אגוזים קלופים 200 גר בקופסא,גרמים,200.00,100 גרם,false,1,15.90,7.9500,true,1,17268
7290014094369,false,שקד טבעי 200 גר בקופ,"דין שיווק וקלייה בע""",,שקד טבעי 200 גר בקופסא,גרמים,200.00,100 גרם,false,1,20.00,10.0000,true,1,17269
7290014094376,false,שזיף מגולען 250 גרם,"דין שיווק וקלייה בע""",,שזיף מגולען 250 גרם בקופסא,גרמים,250.00,100 גרם,false,1,19.90,7.9600,true,1,17263
7290014094383,false,משמש מיובש 250 גרם ב,"דין שיווק וקלייה בע""",,משמש מיובש 250 גרם בקופסא,גרמים,250.00,100 גרם,false,1,19.90,7.9600,true,1,17264
7290014094390,false,חמוציות 250 גרם בקופ,"דין שיווק וקלייה בע""",,חמוציות 250 גרם בקופסא,גרמים,250.00,100 גרם,false,1,15.90,6.3600,true,1,17258
7290014094406,false,צימוק לבן 330 גר בקו,"דין שיווק וקלייה בע""",,צימוק לבן 330 גר בקופסא,גרמים,330.00,100 גרם,false,1,15.90,4.8182,true,1,17260
7290014094543,false,תרסיס שמן קנולה שקדי,גאטה,,תרסיס שמן קנולה שקדיה 170 מל,מיליליטרים,170.00,"100 מ""ל",false,12,13.90,8.1765,true,1,16983
7290014094611,false,שקד מולבן פרוס 200 ג,"דין שיווק וקלייה בע""",,שקד מולבן פרוס 200 גר בקופסא,גרמים,200.00,100 גרם,false,1,21.90,10.9500,true,1,17266
7290014094628,false,אגוז פקאן טבעי 200 ג,"דין שיווק וקלייה בע""",,אגוז פקאן טבעי 200 גר בקופסא,גרמים,200.00,100 גרם,false,1,25.90,12.9500,true,1,17267
7290014094635,false,אגוז ברזיל 250 גר בק,"דין שיווק וקלייה בע""",,אגוז ברזיל 250 גר בקופסא,גרמים,250.00,100 גרם,false,1,26.90,10.7600,true,1,17270
7290014094642,false,אגוז קשיו טבעי 250 ג,"דין שיווק וקלייה בע""",,אגוז קשיו טבעי 250 גר בקופסא,גרמים,250.00,100 גרם,false,1,26.90,10.7600,true,1,17271
7290014094659,false,בונדוק טבעי 250 גר ב,"ליגו, ואני",,בונדוק טבעי 250 גר בקופסא,גרמים,250.00,100 גרם,false,1,26.00,10.4000,true,1,17272
7290014094857,false,פקאן סיני מסוכר 150,"דין שיווק וקלייה בע""",,פקאן סיני מסוכר 150 גר,גרמים,150.00,100 גרם,false,1,21.90,14.6000,true,1,13222
7290014094895,false,אגוזים קלופים ששון ה,"שקדיה גבע תעשיות בע""",IL,אגוזים קלופים ששון הקולה 150 ג,גרמים,150.00,100 גרם,false,1,10.90,7.2667,true,1,13226
7290014094901,false,אגוז פקאן טבעי 150 ג,"דין שיווק וקלייה בע""",,אגוז פקאן טבעי 150 גר,גרמים,150.00,100 גרם,false,1,20.00,13.3333,true,1,13227
7290014095861,false,שיבולת שועל דקה שקדי,"דין שיווק וקלייה בע""",,קווקר שיבול שועל דקה 500 גר,גרמים,500.00,100 גרם,false,1,5.90,1.1800,true,1,13921
7290014095946,false,פקאן מצופה שוקולד מר,"דין שיווק וקלייה בע""",,פקאן מצופה שוקולד מריר 160 גר קופסא,גרמים,160.00,100 גרם,false,1,11.90,7.4375,true,1,19766
7290014095953,false,פקאן מצופה שוקולד חל,"דין שיווק וקלייה בע""",,פקאן מצופה שוקולד חלב160 גר קופסא,גרמים,160.00,100 גרם,false,1,11.90,7.4375,true,1,19767
7290014095960,false,שיבולת שועל עבה שקדי,"דין שיווק וקלייה בע""",,קווקר שיבול שועל עבה 500 גר,גרמים,500.00,100 גרם,false,1,5.90,1.1800,true,1,13922
7290014217003,false,פפריקה מעושנת 90 ג מ,,,פפריקה מעושנת 90 ג מיכל גדול,Unknown,0.00,Unknown,false,1,9.90,0.0000,true,1,11863
7290014217010,false,תיבול לדגים במיכל 90,,,תיבול לדגים במיכל 90 גר,Unknown,0.00,Unknown,false,1,11.90,0.0000,true,1,12754
7290014217027,false,תיבול לעוף במיכל 120,,,תיבול לעוף במיכל 120 גר,גרמים,120.00,100 גרם,false,1,11.90,9.9167,true,1,12753
7290014217065,false,אורגנו עלים 30 ג מיכ,,,אורגנו עלים 30 ג מיכל גדול,Unknown,0.00,Unknown,false,1,9.90,0.0000,true,1,12315
7290014217119,false,תיבול לציפס מיכל גדו,,,תיבול לציפס מיכל גדול 100 גר,גרמים,100.00,100 גרם,false,1,9.90,9.9000,true,1,17954
7290014217140,false,תערובת ראס אלחנות מי,,,תערובת ראס אלחנות מיכל גדול 100 גר,גרמים,100.00,100 גרם,false,1,9.90,9.9000,true,1,17956
7290014217157,false,תיבול טוסקנה מיכל גד,,,תיבול טוסקנה מיכל גדול 100 גר,גרמים,100.00,100 גרם,false,1,9.90,9.9000,true,1,17952
7290014217164,false,פטרוזיליה במיכל 20 ג,,,פטרוזיליה במיכל 20 גר,Unknown,0.00,Unknown,false,1,9.90,0.0000,true,1,17957
7290014217171,false,תיבול לגריל דג מיכל,,,תיבול לגריל דג מיכל גדול 100 גר,גרמים,100.00,100 גרם,false,1,9.90,9.9000,true,1,17953
7290014217201,false,תערובת תיבול סומק 40,,,תערובת תיבול סומק 40 גר מיכל קטן,Unknown,0.00,Unknown,false,1,6.90,0.0000,true,1,21963
7290014217225,false,גריל עוף 120 ג מיכל,,,גריל עוף 120 ג מיכל גדול,גרמים,150.00,100 גרם,false,1,9.90,6.6000,true,1,16362
7290014217263,false,תיבול לפרגיות מיכל 1,,,תיבול לפרגיות מיכל 100 גרם,גרמים,100.00,100 גרם,false,1,9.90,9.9000,true,1,23439
7290014217348,false,צילי כתוש 70 גר מיכל,,,צילי כתוש 70 גר מיכל גדול,גרמים,150.00,100 גרם,false,1,9.90,6.6000,true,1,16365
7290014217355,false,אבקת קרי 100גר מיכל,,,אבקת קרי 100גר מיכל גדול,גרמים,150.00,100 גרם,false,1,9.90,6.6000,true,1,16366
7290014217362,false,תיבול לקציצות 100 ג,,,תיבול לקציצות 100 ג מיכל גדול,גרמים,100.00,100 גרם,false,1,9.90,9.9000,true,1,16367
7290014217379,false,זוג מרינדה קלאסית לע,,,זוג מרינדה קלאסית לעוף 80 גרם,Unknown,0.00,Unknown,false,1,10.00,0.0000,true,1,50721
7290014217386,false,זוג מרינדה צילי חריף,,,זוג מרינדה צילי חריף לעוף 80 גרם,Unknown,0.00,Unknown,false,1,10.00,0.0000,true,1,50722
7290014217409,false,עשבי תיבול הרבס דה פ,,,עשבי תיבול הרבס דה פרובנס,Unknown,0.00,Unknown,false,1,9.90,0.0000,true,1,53527
7290014217478,false,עשבי תיבול איטלקי30ג,,,עשבי תיבול איטלקי30ג מיכל גדול,Unknown,0.00,Unknown,false,1,9.90,0.0000,true,1,23831
7290014217485,false,תיבול קייגון 100 ג מ,,,תיבול קייגון 100 ג מיכל גדול,גרמים,100.00,100 גרם,false,1,9.90,9.9000,true,1,25075
7290014217492,false,תיבול פילדלפיה 100 ג,,,תיבול פילדלפיה 100 ג מיכל גדול,גרמים,100.00,100 גרם,false,1,9.90,9.9000,true,1,25076
7290014217515,false,תערובת ציפוי מאפה מל,,,תערובת ציפוי מאפה מלוח מיכל 90 גרם,Unknown,0.00,Unknown,false,1,9.90,0.0000,true,1,37743
7290014217522,false,תערובת לחם שום מיכל,,,תערובת לחם שום מיכל 100 גרם,גרמים,100.00,100 גרם,false,1,9.90,9.9000,true,1,37741
7290014217584,false,לקט פלפל 4 עונות במט,,,לקט פלפל 4 עונות במטחנה 30 גר,Unknown,0.00,Unknown,false,1,11.90,0.0000,true,1,42824
7290014217911,false,פלפל אדום מתוק שלם 1,שטראוס,,פלפל אדום מתוק שלם 150 גרם,גרמים,150.00,100 גרם,false,1,13.90,9.2667,true,1,40555
7290014218321,false,בורקס יפו מעדנות גבי,תנובה מעדנות,,בורקס גבינה אישי 4יח 150 גרם,גרמים,600.00,100 גרם,false,1,18.90,3.1500,true,1,22138
7290014218338,false,בורקס יפו מעדנות תפו,תנובה מעדנות,,בורקס תפוא אישי 4יח 150 גרם,גרמים,600.00,100 גרם,false,1,17.90,2.9833,true,1,22139
7290014218536,false,בצק עלים מופחת שומן,תנובה מעדנות,,בצק עלים מופחת שומן 1 קג,גרמים,1000.00,100 גרם,false,1,15.90,1.5900,true,1,25683
7290014218932,false,חטיפי פיצה גבינה זית,תנובה מעדנות,IL,חטיפי פיצה גבינה זיתים 710 גר,גרמים,710.00,100 גרם,false,8,31.90,4.4930,true,1,41414
7290014256231,false,יין 4 חביות אדום יבש,,,יין 4 חביות אדום יבש  2014 750 מל,מיליליטרים,750.00,"100 מ""ל",false,1,60.00,8.0000,true,1,21099
7290014256620,false,יין קריניאן באז אדום,כרמל מזרחי,,""" יין קריניאן באז אדום  750 מל",מיליליטרים,750.00,"100 מ""ל",false,1,35.00,4.6667,true,1,18352
7290014256637,false,יין מוסקטו באז לבן 7,,,""""" יין מוסקטו באז לבן 750 מל",מיליליטרים,750.00,"100 מ""ל",false,1,35.00,4.6667,true,1,18351
7290014265516,false,יין יער יתיר אדום 75,,,יין יער יתיר אדום 750מל,מיליליטרים,750.00,"100 מ""ל",false,1,250.00,33.3333,true,1,38370
7290014298200,false,בקבוק שתיה,,,בקבוק שתיה,יחידה,1.00,יחידה,false,1,29.90,29.9000,true,1,18652
7290014298989,false,בקבוק שתיה ייחודי,,CN,בקבוק שתיה ייחודי,יחידה,1.00,יחידה,false,1,39.90,39.9000,true,1,28205
7290014298996,false,בקבוק שתיה טרמי,,,בקבוק שתיה טרמי,יחידה,1.00,יחידה,false,1,49.90,49.9000,true,1,19866
7290014338951,false,מארז וופל בלגי 10יח,,,מארז וופל בלגי 10יח 55 גרם,יחידה,10.00,יחידה,false,8,31.90,3.1900,true,1,55260
7290014397279,false,שקיות מזון סנו סושי,,,שקיות מזון סנו סושי 300 יח  27/21סמ,יחידה,300.00,יחידה,false,1,12.90,0.0430,true,1,13198
7290014397453,false,גל מסיר כתמים סנו או,,,גל מסיר כתמים סנו אוקסיגן כביסה לבנה 3ל,ליטרים,3.00,ליטר,false,1,30.90,10.3000,true,1,13819
7290014397712,false,גל אסלה סנובון ניחוח,,,גל אסלה סנובון ניחוח פריחה ורודה,יחידה,1.00,יחידה,false,1,6.90,6.9000,true,1,17320
7290014397781,false,נוזל ריצפז פרש הום ס,,,נוזל ריצפז פרש הום סבון מפנק סנו 2 לי,ליטרים,2.00,ליטר,false,1,21.90,10.9500,true,1,14657
7290014397835,false,סנומט דוחה יתושים מכ,,,סנומט דוחה יתושים מכשיר+נוזל 45לילות,Unknown,0.00,Unknown,false,1,44.90,0.0000,true,1,16273
7290014397842,false,דוחה יתושים סנומט מכ,,,דוחה יתושים סנומט מכשיר+מילוי 90 לילות,Unknown,0.00,Unknown,false,1,49.90,0.0000,true,1,19059
7290014435377,false,חומוס עם רוטב מסבחה,,,חומוס עם רוטב מסבחה 400גר,גרמים,400.00,100 גרם,false,1,11.90,2.9750,true,1,15413
7290014435384,false,חומוס עם טחינה מיוחד,,,חומוס עם טחינה מיוחדת 400גר,גרמים,400.00,100 גרם,false,1,11.90,2.9750,true,1,15414
7290014435391,false,חומוס עם גרגרים 400ג,,,חומוס עם גרגרים 400גר,גרמים,400.00,100 גרם,false,1,11.90,2.9750,true,1,15415
7290014435803,false,דג מטיאס הולנדי פרוב,,,דג מטיאס הולנדי פרובנציאל עם בצל 180גרם,גרמים,180.00,100 גרם,false,1,17.90,9.9444,true,1,17514
7290014435810,false,דג הרינג כבוש עם בצל,,,דג הרינג כבוש עם בצל חמוץ מתוק 180גרם,גרמים,180.00,100 גרם,false,1,17.90,9.9444,true,1,17516
7290014435834,false,דג מקרל מעושן פרוס ב,,,דג מקרל מעושן פרוס בשמן 180 גרם,גרמים,180.00,100 גרם,false,1,24.90,13.8333,true,1,17513
7290014435841,false,דג פילה מטיאס הולנדי,,,דג פילה מטיאס הולנדי בשמן 180 גרם,גרמים,180.00,100 גרם,false,1,17.90,9.9444,true,1,17515
7290014435889,false,סלט מטיאס עם מיונז 1,,,סלט מטיאס עם מיונז 180 גרם,גרמים,180.00,100 גרם,false,1,17.90,9.9444,true,1,17520
7290014435896,false,סלט סלמון עם מיונז 1,,,סלט סלמון עם מיונז 180 גרם,גרמים,180.00,100 גרם,false,1,21.90,12.1667,true,1,17518
7290014451230,false,נייר אפיה טבעי 30 יח,,,נייר אפיה טבעי 30 יח נשלפים אחד אחד42/37,יחידה,30.00,יחידה,false,1,14.90,0.4967,true,1,28294
7290014455245,false,גבינה גרנה פדנו משול,מחלבות גד,,גבינה גרנה פדנו משולש 200 גרם,גרמים,20000.00,100 גרם,false,13,27.90,0.1395,true,1,21860
7290014455252,false,גבינה גרנה פדנו מגור,מחלבות גד,,גבינה גרנה פדנו מגורד 100 גרם,גרמים,10000.00,100 גרם,false,1,13.90,0.1390,true,1,21861
7290014455320,false,גבינת  מוצרלה פרסקה,מחלבות גד,,גבינת  מוצרלה פרסקה 100 גר כדור,גרמים,100.00,100 גרם,false,1,10.90,10.9000,true,1,19091
7290014455467,false,מעדן שיבולת שועל וחל,מחלבות גד,,מעדן שיבולת שועל וחלב 2% שומן 150 גרם,גרמים,150.00,100 גרם,false,1,5.90,3.9333,true,1,22097
7290014455610,false,יוגורט עיזים תות 125,מחלבות גד,,יוגורט עיזים תות 125 גרם 2.8% שומן,גרמים,125.00,100 גרם,false,1,6.00,4.8000,true,1,24807
7290014455627,false,יוגורט עיזים דובדבן,מחלבות גד,,יוגורט עיזים דובדבן 125 גרם 2.8% שומן,גרמים,125.00,100 גרם,false,1,6.00,4.8000,true,1,24809
7290014459137,false,סטייק ציפס תפוגן  1.,תפוגן,,סטייק ציפס תפוגן  1.5 קג,גרמים,1500.00,100 גרם,false,1,24.90,1.6600,true,1,15434
7290014459267,false,ציפס פרוסות תפוגן1.5,תפוגן,,ציפס פרוסות תפוגן1.5 קג,גרמים,1500.00,100 גרם,false,1,24.90,1.6600,true,1,19468
7290014459373,false,תפוגן ציפס קראנצי לת,תפוגן,,תפוגן ציפס קראנצי לתנור 1.5קג,קילוגרמים,1.50,"ק""ג",false,1,24.90,16.6000,true,1,22371
7290014459472,false,ציפס קלאסי תפוגן 2קג,תפוגן,,ציפס קלאסי תפוגן 2קג,קילוגרמים,2.00,"ק""ג",false,1,26.90,13.4500,true,1,27566
7290014466128,false,יין ירדן הר חרמון אי,יקבי רמת הגולן,,יין ירדן הר חרמון אינדיגו 750 מל פקדון,מיליליטרים,750.00,"100 מ""ל",false,1,40.00,5.3333,true,1,12975
7290014466463,false,יין הר חרמון מוסקטו,יקבי רמת הגולן,,יין הר חרמון מוסקטו 2013 750מל פקדון,מיליליטרים,750.00,"100 מ""ל",false,1,40.00,5.3333,true,1,14908
7290014466609,false,יין גמלא מרלו  2012,יקבי רמת הגולן,,יין גמלא מרלו  2012 750 מל פיקדון,מיליליטרים,750.00,"100 מ""ל",false,1,60.00,8.0000,true,1,22257
7290014466890,false,יין גמלא קברנה מרלו,יקבי רמת הגולן,,יין גמלא קברנה מרלו השמורה 750מל 2013,מיליליטרים,750.00,"100 מ""ל",false,1,60.00,8.0000,true,1,24863
7290014471412,false,מוזלי בוטנים אגוזים,"דין שיווק וקלייה בע""",,מוזלי בוטנים אגוזים ושקדים  1 קג שקדיה,קילוגרמים,1.00,"ק""ג",false,1,20.90,20.9000,true,1,15213
7290014471429,false,מוזלי פירות  1 קג שק,"דין שיווק וקלייה בע""",,מוזלי פירות  1 קג שקדיה,קילוגרמים,1.00,"ק""ג",false,1,20.90,20.9000,true,1,15212
7290014471436,false,מוזלי  צימוק תפוח עץ,"דין שיווק וקלייה בע""",,מוזלי  צימוק תפוח עץ קינמון 1 קג שקדיה,קילוגרמים,1.00,"ק""ג",false,1,20.90,20.9000,true,1,15209
7290014471443,false,גרנולה אגוזים 1 קג ש,"דין שיווק וקלייה בע""",,גרנולה אגוזים 1 קג שקדיה,קילוגרמים,1.00,"ק""ג",false,1,20.90,20.9000,true,1,15208
7290014472228,false,תאנים מיובשות 330 גר,"דין שיווק וקלייה בע""",,תאנים מיובשות 330 גר בקופסא,גרמים,330.00,100 גרם,false,1,22.00,6.6667,true,1,17265
7290014472235,false,אגוז פקאן מסוכר 200,"דין שיווק וקלייה בע""",,אגוז פקאן מסוכר 200 גר בקופסא,גרמים,200.00,100 גרם,false,1,27.90,13.9500,true,1,17274
7290014472471,false,גרעין שחור ענק פרימי,"דין שיווק וקלייה בע""",,גרעין שחור ענק פרימיום 200 ג,גרמים,200.00,100 גרם,false,1,6.90,3.4500,true,1,15846
7290014472488,false,שקד קלוי ענק פרימיום,"שקדיה גבע תעשיות בע""",,שקד קלוי ענק פרימיום 250 ג,גרמים,250.00,100 גרם,false,1,26.90,10.7600,true,1,15755
7290014472495,false,קשיו קלוי ענק פרימיו,"דין שיווק וקלייה בע""",,קשיו קלוי ענק פרימיום 250 ג,גרמים,250.00,100 גרם,false,1,24.90,9.9600,true,1,15758
7290014472501,false,פיסטוק קלוי ענק פרימ,"דין שיווק וקלייה בע""",,פיסטוק קלוי ענק פרימיום 250 ג,גרמים,250.00,100 גרם,false,1,26.90,10.7600,true,1,15756
7290014472518,false,בוטן קלוי ענק פרימיו,"דין שיווק וקלייה בע""",,בוטן קלוי ענק פרימיום 250 ג,גרמים,250.00,100 גרם,false,1,10.90,4.3600,true,1,15759
7290014472525,false,תערובת פיצוחים פרימי,"דין שיווק וקלייה בע""",,תערובת פיצוחים פרימיום 250 ג,גרמים,250.00,100 גרם,false,1,23.90,9.5600,true,1,15757
7290014472990,false,ממרח 100% שקדים300 ג,שקרצי,,ממרח 100% שקדים300 גר,גרמים,300.00,100 גרם,false,1,34.90,11.6333,true,1,16921
7290014501232,false,יין בר הרי גליל לבן,יקבי רמת הגולן,,יין הרי גליל לבן 2015   750 מל פקדון,מיליליטרים,750.00,"100 מ""ל",false,1,40.00,5.3333,true,1,24490
7290014501836,false,יין הרי גליל יראון א,יקבי רמת הגולן,,יין הרי גליל יראון 2018 750 מל,מיליליטרים,750.00,"100 מ""ל",false,1,120.00,16.0000,true,1,52453
7290014503137,false,יין כנען אדום  דלתון,"יקב דלתון בע""מ",,יין כנען אדום  דלתון  2015 750מל פקדון,מיליליטרים,750.00,"100 מ""ל",false,1,45.00,6.0000,true,1,24506
7290014503144,false,יין כנען  לבן  דלתון,"יקב דלתון בע""מ",,יין כנען  לבן  דלתון 2015 750מל פקדון,מיליליטרים,750.00,"100 מ""ל",false,1,45.00,6.0000,true,1,24505
7290014503328,false,יין עלמה סקארלט דלתו,"יקב דלתון בע""מ",,יין עלמה סקארלט דלתון 750 מל,מיליליטרים,75000.00,"100 מ""ל",false,1,80.00,0.1067,true,1,17220
7290014503625,false,יין אסטייט קברנה סוב,"יקב דלתון בע""מ",,יין קברנה סובניון 750 מל,מיליליטרים,750.00,"100 מ""ל",false,1,60.00,8.0000,true,1,26926
7290014503632,false,יין אסטייט מרלו דלתו,"יקב דלתון בע""מ",,יין מרלו 750 מל,מיליליטרים,750.00,"100 מ""ל",false,1,60.00,8.0000,true,1,26927
7290014503649,false,יין אסטייט שיראז דלת,"יקב דלתון בע""מ",,יין שיראז 750 מל,מיליליטרים,750.00,"100 מ""ל",false,1,60.00,8.0000,true,1,26928
7290014503656,false,יין אסטייט פטיט סירה,"יקב דלתון בע""מ",,יין פטיט סירה 750 מל פקדון,מיליליטרים,750.00,"100 מ""ל",false,1,60.00,8.0000,true,1,26930
7290014511002,false,בייגל אמריקאי 4 יחיד,,,בייגל אמריקאי 4 יחידות חיטה מלאה כ300גר,יחידה,4.00,יחידה,false,1,15.90,3.9750,true,1,48377
7290014511019,false,בייגל אמריקאי קל 4יח,,,בייגל אמריקאי קל 4יחידות כ300גר,יחידה,4.00,יחידה,false,1,15.90,3.9750,true,1,48378
7290014511026,false,בייגל אמריקאי 4 יחיד,,,בייגל אמריקאי 4 יחידות כ300גר,יחידה,4.00,יחידה,false,1,15.90,3.9750,true,1,48376
7290014525016,false,ח.דגנים סלימדליס יוג,Vndmer,,ח.דגנים סלימדליס יוגורט תות6יח,גרמים,182.00,100 גרם,false,1,11.90,6.5385,true,1,12638
7290014525023,false,ח.דגנים סלימדליס יוג,Vndmer,,ח.דגנים סלימדליס יוגורט פירות יער6יח,גרמים,182.00,100 גרם,false,1,11.90,6.5385,true,1,12640
7290014525177,false,ח.דגנים סלימדליס יוג,Vndmer,,ח.דגנים סלימדליס יוגורט פירות יער6יח,גרמים,182.00,100 גרם,false,1,11.90,6.5385,true,1,15337
7290014525290,false,ח.דגנים סלימדליס קרי,Biocentury,,ח.דגנים סלימדליס קריספי תות 6יח,גרמים,125.00,100 גרם,false,1,11.90,9.5200,true,1,23187
7290014525306,false,ח.דגנים סלימדליס קרי,Biocentury,,ח.דגנים סלימדליס קריספי אוכמניות 6יח,גרמים,125.00,100 גרם,false,1,11.90,9.5200,true,1,23188
7290014525313,false,ח.דגנים סלימדליס קרי,Biocentury,,ח.דגנים סלימדליס קריספי שוקולד 6יח,גרמים,125.00,100 גרם,false,1,11.90,9.5200,true,1,23189
7290014547322,false,מארז 2יח מברשת שינים,,GB,מארז 2יח מברשת שינים סנסודיין שיקום הגנה,יחידה,2.00,יחידה,false,12,32.90,16.4500,true,1,39173
7290014548572,false,גבינת צרקסית עשבי תי,חוות רום,IL,גבינת צרקסית עשבי תיבול 12% 200 גרם,גרמים,200.00,100 גרם,false,1,24.90,12.4500,true,1,27458
7290014548589,false,גבינת צרקסית קצח 12%,חוות רום,IL,גבינת צרקסית קצח 12% 200 גרם,גרמים,200.00,100 גרם,false,1,24.90,12.4500,true,1,27459
7290014673557,false,זעפרן אמיתי 0.5 גרם,א.ל ייצור ושיווק תבל,,זעפרן אמיתי 5 גר יחידה,Unknown,0.00,Unknown,false,1,21.90,0.0000,true,1,13586
7290014674004,false,פירורי לחם קריספ שומ,,,פירורי לחם קריספ שומשום מלח ים 300 גרם,גרמים,300.00,100 גרם,false,20,7.90,2.6333,true,1,60134
7290014692350,false,עגבניות מיובשות בשמן,קורהאן,,עגבניות מיובשות בשמן 340 גר,גרמים,340.00,100 גרם,false,1,11.90,3.5000,true,1,13561
7290014692565,false,תירס גרעינים מתוק לל,מגסטיק פוד,,תירס גרעינים מתוק ללא חומר משמר 320 גר,גרמים,320.00,100 גרם,false,1,5.90,1.8438,true,1,14051
7290014692817,false,גבינת מוצרלה מגורדת,איי בי,,גבינת מוצרלה מגורדת 200 גר,גרמים,200.00,100 גרם,false,1,17.90,8.9500,true,1,15418
7290014719644,false,יין פסגות סיני לבן 7,,IL,יין פסגות סיני לבן 750 מל,מיליליטרים,750.00,"100 מ""ל",false,12,80.00,10.6667,true,1,52800
7290014725348,false,סוכרזית קלאסי 100 שק,,,סוכרזית קלאסי 100 שקיקים130גר,גרמים,130.00,100 גרם,false,1,15.50,11.9231,true,1,17890
7290014747791,false,פסטרמה אמריקה סטייל,עוף טוב,,פסטרמה אמריקה סטייל עוף טוב דלי 240גר,גרמים,240.00,100 גרם,false,1,19.90,8.2917,true,1,23981
7290014748330,false,כתף בקר פרוסות דקות,עוף טוב,IL,כתף בקר פרוסות דקות עוף טוב  120 גר,גרמים,120.00,100 גרם,false,8,11.90,9.9167,true,1,36484
7290014748613,false,מקלוני דג בציפוי ציפ,,IL,מקלוני דג בציפוי ציפס 600גר דג טוב,גרמים,600.00,100 גרם,false,12,26.90,4.4833,true,1,42919
7290014748651,false,פילה אמנון מצופה 360,,IL,פילה אמנון מצופה 360גר דג טוב,גרמים,360.00,100 גרם,false,8,32.90,9.1389,true,1,42915
7290014749078,false,מקלוני קבנוס עוף טוב,עוף טוב,,מקלוני קבנוס עוף טוב 200 גרם,גרמים,200.00,100 גרם,false,1,14.90,7.4500,true,1,42932
7290014749245,false,רצועות שניצל שומשום,עוף טוב,IL,רצועות שניצל שומשום צונגו 600גר עוף טוב,גרמים,600.00,100 גרם,false,12,39.90,6.6500,true,1,44287
7290014749764,false,שניצל עוף ביתי עדין,עוף טוב,,שניצל עוף ביתי עדין 700גר עוף טוב,גרמים,700.00,100 גרם,false,1,46.90,6.7000,true,1,46636
7290014749788,false,רצועות שניצל צונגו צ,עוף טוב,IL,רצועות שניצל צונגו ציפס 600גר עוף טוב,גרמים,600.00,100 גרם,false,12,39.90,6.6500,true,1,46633
7290014749887,false,שניצל דק עק קריספי ק,עוף טוב,,שניצל דק עק קריספי קלאסי 720גר עוף טוב,גרמים,720.00,100 גרם,false,1,33.90,4.7083,true,1,52182
7290014758100,false,מאגדת יוגורט ביו 3%,,,מאגדת יוגורט ביו 3% 8יח 150גר,גרמים,1200.00,100 גרם,false,1,16.30,1.3583,true,1,13424
7290014758117,false,מאגדת יוגורט ביו 1.5,,,מאגדת יוגורט ביו 1.5% 8יח 150גר,גרמים,1200.00,100 גרם,false,1,16.30,1.3583,true,1,13423
7290014758162,false,חלב עיזים מלא 3.6% 1,,,חלב עיזים מלא 3.6% 1ליטר,ליטרים,1.30,ליטר,false,1,14.90,11.4615,true,1,14166
7290014758681,false,קוטג 1% בגביע 250גר,,,קוטג 1% בגביע 250גר,גרמים,250.00,100 גרם,false,1,5.80,2.3200,true,1,13428
7290014759084,false,גב.שמנת נפוליאון סקי,,,גב.שמנת נפוליאון סקיני 225 גרם,גרמים,225.00,100 גרם,false,1,14.10,6.2667,true,1,15301
7290014759534,false,גבינה בולגרית למריחה,,,גבינה בולגרית למריחה טבעית 200גר,גרמים,200.00,100 גרם,false,1,14.50,7.2500,true,1,15442
7290014759909,false,גבינת פטה 5% 250 גר,,,גבינת פטה 5% 250 גר,גרמים,25000.00,100 גרם,false,1,28.50,0.1140,true,1,16082
7290014759978,false,גבינת קצקבל 200 גר פ,,,גבינת קצקבל 200 גר פלחים,גרמים,200.00,100 גרם,false,1,27.90,13.9500,true,1,15880
7290014759985,false,גבינת פרמזן 200 גר פ,,,גבינת פרמזן 200 גר פלחים,גרמים,200.00,100 גרם,false,1,25.90,12.9500,true,1,15879
7290014759992,false,גבינת רוקפור 140גר פ,,,גבינת רוקפור 140גר פלחים,גרמים,140.00,100 גרם,false,1,20.90,14.9286,true,1,15881
7290014760134,false,מעדן סויה בטעם וניל,,,מעדן סויה בטעם וניל 125 גרם,מיליליטרים,125.00,"100 מ""ל",false,1,3.90,3.1200,true,1,35004
7290014760141,false,משקה שקדים טרי 1ליטר,,,משקה שקדים טרי 1ליטר אלטרנטיב,ליטרים,1.00,ליטר,false,1,13.90,13.9000,true,1,19915
7290014760448,false,גבינת גלבוע פרוס 400,,,גבינת גלבוע פרוס 400 גרם,גרמים,400.00,100 גרם,false,1,24.50,6.1250,true,1,16953
7290014760912,false,גוש חלב פרוס 400 גרם,,,גוש חלב פרוס 400 גרם,גרמים,400.00,100 גרם,false,1,25.80,6.4500,true,1,23395
7290014761056,false,מעדן יולו שוקולד חלב,,,מעדן יולו שוקולד חלב 123 גרם,גרמים,123.00,100 גרם,false,1,4.40,3.5772,true,1,18364
7290014761063,false,מעדן יולו שוקולד מרי,,,מעדן יולו שוקולד מריר 123 גרם,גרמים,123.00,100 גרם,false,1,4.40,3.5772,true,1,18368
7290014761070,false,מעדן יולו שוקולד לבן,,,מעדן יולו שוקולד לבן 123 גרם,גרמים,123.00,100 גרם,false,1,4.40,3.5772,true,1,18365
7290014761193,false,פרילי פירות יער 125,,,פרילי פירות יער 125 גר,גרמים,125.00,100 גרם,false,1,3.60,2.8800,true,1,18527
7290014761414,false,מעדן יולו שכבות שוקו,,,מעדן יולו שכבות שוקולד 123 גרם,גרמים,123.00,100 גרם,false,1,4.40,3.5772,true,1,18369
7290014761438,false,גבינה בולגרית 24% קל,,,גבינה בולגרית 24% קלאסי 400גר סמי מעדניה,גרמים,400.00,100 גרם,false,1,27.90,6.9750,true,1,18102
7290014761612,false,מעדן יולו שכבות שוקו,,,מעדן יולו שכבות שוקולד מריר לבן 123 גרם,גרמים,123.00,100 גרם,false,1,4.40,3.5772,true,1,19410
7290014762756,false,גב.שמנת נפוליאון בצל,תנובה חלב,,גב.שמנת נפוליאון בצל 225 גרם,גרמים,225.00,100 גרם,false,1,14.10,6.2667,true,1,22137
7290014762787,false,מעדן סויה בטעם תות 1,תנובה חלב,IL,מעדן סויה בטעם תות 125גר,גרמים,125.00,100 גרם,false,16,3.90,3.1200,true,1,31688
7290014762800,false,מעדן סויה בטעם שוקול,תנובה חלב,IL,מעדן סויה בטעם שוקולד 125גר,גרמים,125.00,100 גרם,false,16,3.90,3.1200,true,1,31690
7290014762831,false,גבינת שמנת נפוליאון,תנובה חלב,,גבינת שמנת נפוליאון חלפינו 225 גרם,גרמים,225.00,100 גרם,false,1,14.10,6.2667,true,1,23674
7290014762909,false,פתיתי גבינת מוצרלה 2,תנובה חלב,,פתיתי גבינת מוצרלה 200 גרם,גרמים,200.00,100 גרם,false,1,17.50,8.7500,true,1,23320
7290014763272,false,משקה סויה ביו תות בנ,תנובה חלב,,משקה סויה ביו תות בננה 250מל,מיליליטרים,250.00,"100 מ""ל",false,1,5.50,2.2000,true,1,24018
7290014763579,false,מעדן סויה ביו בטעם פ,תנובה חלב,,מעדן סויה ביו בטעם פירות יער 125 גר,גרמים,125.00,100 גרם,false,1,3.90,3.1200,true,1,35008
7290014791091,false,משקה שוופס מוגז למונ,יפאורה,,משקה שוופס מוגז למונייד 500מל פקדון,מיליליטרים,500.00,"100 מ""ל",false,1,7.90,1.5800,true,1,21790
7290014791558,false,שוופס סודה נענע ליים,,,שוופס סודה נענע ליים 1.5 ליטר רביעיה,ליטרים,6.00,ליטר,false,1,11.00,1.8333,true,1,18917
7290014791725,false,משקה שוופס מוגז תפוח,יפאורה,,משקה שוופס מוגז תפוחים 500מל פקדון,מיליליטרים,500.00,"100 מ""ל",false,1,7.90,1.5800,true,1,21791
7290014791817,false,מים פרוט וואטר אבטיח,יפאורה,,מים פרוט וואטר אבטיח 1.5 ליטר,ליטרים,1.50,ליטר,false,1,8.60,5.7333,true,1,20254
7290014855434,false,רביעיית מגבוני בייבי,,,רביעיית מגבוני בייביסיטר פרפורמנס 72 מבו,יחידה,288.00,יחידה,false,1,19.90,0.0691,true,1,20256
7290014855458,false,רביעיית מגבוני בייבי,,,רביעיית מגבוני בייביסיטר פרפורמנס 72 ללא,יחידה,288.00,יחידה,false,1,19.90,0.0691,true,1,20255
7290014860063,false,מקלוני אורז 10ממ ללא,Oriental food co. lt,,מקלוני אורז 10ממ ללא גלוטן 454גר,גרמים,454.00,100 גרם,false,1,10.90,2.4009,true,1,15849
7290014860070,false,מקלוני אורז 5ממ ללא,Oriental food co. lt,,מקלוני אורז 5ממ ללא גלוטן 454גר,גרמים,454.00,100 גרם,false,1,10.90,2.4009,true,1,14373
7290014860087,false,מקלוני אורז 5ממ ללא,Oriental food co. lt,,מקלוני אורז 5ממ ללא גלוטן 250גר,גרמים,250.00,100 גרם,false,1,7.90,3.1600,true,1,14371
7290014860094,false,מקלוני אורז 3ממ ללא,Oriental food co. lt,,מקלוני אורז 3ממ ללא גלוטן 454גר,גרמים,454.00,100 גרם,false,1,10.90,2.4009,true,1,14372
7290014860155,false,מחצלת במבו שטוחה לסו,Guilin fengzhu tradi,,מחצלת במבו שטוחה לסושי 24/24 סמ,Unknown,0.00,Unknown,false,1,8.90,0.0000,true,1,14023
7290014860247,false,שבבי אורז עבים ללא ג,Oriental food co. lt,,שבבי אורז עבים ללא גלוטן 227 ג,גרמים,227.00,100 גרם,false,1,9.90,4.3612,true,1,15470
7290014860988,false,קרם קוקוס17% טי סי ס,Theppadungporn cocon,,קרם קוקוס17% טי סי סי 400 מל,מיליליטרים,400.00,"100 מ""ל",false,1,9.90,2.4750,true,1,16047
7290014890145,false,גבינת שמנת טבעית 225,משק יעקבס,,גבינת שמנת טבעית 225 גרם יעקובס,גרמים,225.00,100 גרם,false,1,10.90,4.8444,true,1,27451
7290014890152,false,גבינת שמנת זיתים 225,משק יעקבס,,גבינת שמנת זיתים 225 גרם יעקובס,גרמים,225.00,100 גרם,false,1,10.90,4.8444,true,1,27452
7290014890169,false,גבינת שמנת שום שמיר,משק יעקבס,,גבינת שמנת שום שמיר 225 גרם יעקובס,גרמים,225.00,100 גרם,false,1,10.90,4.8444,true,1,27453
7290014890176,false,גבינת ריקוטה 250גרם,,IL,גבינת ריקוטה 250גרם יעקובס,גרמים,250.00,100 גרם,false,1,10.90,4.3600,true,1,41480
7290014890190,false,גבינת  מוצרלה  כדור,,IL,גבינת  מוצרלה  כדור 100גרם יעקובס,גרמים,100.00,100 גרם,false,1,10.00,10.0000,true,1,41479
7290014890206,false,קרם פרש 250גרם יעקוב,,IL,קרם פרש 250גרם יעקובס,גרמים,250.00,100 גרם,false,1,13.90,5.5600,true,1,41482
7290014890237,false,גבינת קממבר אגוזים ב,משק יעקבס,IL,גבינת קממבר אגוזים בייבי 125גרם,גרמים,125.00,100 גרם,false,1,14.90,11.9200,true,1,26813
7290014890510,false,גבינת תום בואקום 200,,,גבינת תום בואקום 200גר,גרמים,200.00,100 גרם,false,1,34.90,17.4500,true,1,46872
7290014890572,false,יוגורט עיזים 850מל,משק יעקבס,IL,יוגורט עיזים 850מל,מיליליטרים,850.00,"100 מ""ל",false,1,16.90,1.9882,true,1,58690
7290014890589,false,יוגורט יווני 850 מל,משק יעקבס,IL,יוגורט יווני 850 מל יעקובס,מיליליטרים,850.00,"100 מ""ל",false,1,18.90,2.2235,true,1,58691
7290014890602,false,גבינת קממבר בקר אגוז,משק יעקבס,IL,גבינת קממבר בקר אגוזים בייבי 125גר יעקוב,גרמים,125.00,100 גרם,false,1,16.90,13.5200,true,1,58696
7290014890619,false,גבינת ברי עיזים כמהי,משק יעקבס,IL,גבינת ברי עיזים כמהין בייבי 140גר יעקובס,גרמים,140.00,100 גרם,false,1,24.90,17.7857,true,1,58697
7290014901247,false,שמפו סטייל קרטין לאח,א.ל. ארמן,,שמפו סטייל קרטין לאחר החלקה 750מל,מיליליטרים,750.00,"100 מ""ל",false,1,26.90,3.5867,true,1,55815
7290014901254,false,מרכך סטייל קרטין לאח,א.ל. ארמן,,מרכך סטייל קרטין לאחר החלקה 750מל,מיליליטרים,750.00,"100 מ""ל",false,1,26.90,3.5867,true,1,55816
7290014901261,false,מסכת שיער סטייל קרטי,א.ל. ארמן,,מסכת שיער סטייל קרטין לאחר החלקה 500מל,מיליליטרים,500.00,"100 מ""ל",false,1,44.90,8.9800,true,1,55817
7290014901308,false,מש.שיניים סנסודיין ה,,,מש.שיניים סנסודיין הגנה מלאה 75מל ירוק,גרמים,75.00,100 גרם,false,1,21.90,29.2000,true,1,16389
7290014901315,false,מש.שיניים סנסודיין ה,,,מש.שיניים סנסודיין הגנה מלאה 75מל כחול,גרמים,75.00,100 גרם,false,1,21.90,29.2000,true,1,16390
7290014901896,false,מי פה סנסודיין 500 מ,,,מי פה סנסודיין 500 מל,מיליליטרים,500.00,"100 מ""ל",false,1,28.90,5.7800,true,1,20959
7290014905207,false,הפי גל לאסלות 750מל,איי פי אס,,הפי גל לאסלות 750מל,מיליליטרים,750.00,"100 מ""ל",false,1,10.00,1.3333,true,1,14764
7290014905313,false,דזיטול רצפות מחטא ומ,מרקה,,דזיטול רצפות מחטא ומנקה 1 ליטר,ליטרים,1.00,ליטר,false,1,18.90,18.9000,true,1,15800
7290014905344,false,הפי קצף לניקוי לשטיח,שרווי וויליאמס,,הפי קצף לניקוי לשטיחים 750 מל,מיליליטרים,750.00,"100 מ""ל",false,1,25.50,3.4000,true,1,15270
7290014905368,false,מטלית דמוי בד הפי עו,פלספק,,מטלית דמוי בד הפי עוד ועוד 50 יח,יחידה,50.00,יחידה,false,1,9.90,0.1980,true,1,17112
7290014905498,false,מטלית דו צדדית גם וג,פלספק,,מטלית דו צדדית גם וגם 20 יח,יחידה,20.00,יחידה,false,1,12.90,0.6450,true,1,17113
7290014905733,false,נוזל לניקוי חלונות ה,,,נוזל לניקוי חלונות הפי ברק קריסטלי 750מל,מיליליטרים,750.00,"100 מ""ל",false,1,8.90,1.1867,true,1,17829
7290014905962,false,סבון אסלה הפי מקסי ע,רלווי,,סבון אסלה הפי מקסי עד 350 שטיפות 43גרם,Unknown,0.00,Unknown,false,1,8.90,0.0000,true,1,18416
7290014931053,false,בזיליקום,,,בזיליקום,Unknown,0.00,Unknown,false,1,8.50,0.0000,true,1,17428
7290014931077,false,עירית,,,עירית,Unknown,0.00,Unknown,false,1,8.50,0.0000,true,1,17432
7290014931091,false,קורנית/טימין,,,קורנית/טימין,Unknown,0.00,Unknown,false,1,8.50,0.0000,true,1,17430
7290014931107,false,מנטה,,,מנטה,Unknown,0.00,Unknown,false,1,8.50,0.0000,true,1,17433
7290014931190,false,פאקצוי,,,פאקצוי,Unknown,0.00,Unknown,false,1,12.00,0.0000,true,1,17436
7290014931206,false,גרגירי נחלים הידרופו,,,גרגירי נחלים הידרופוני,Unknown,0.00,Unknown,false,1,9.90,0.0000,true,1,17438
7290014945005,false,מפת אלבד חד פעמי צבע,,IL,מפת אלבד חד פעמי צבעוני 180/120סמ,Unknown,0.00,Unknown,false,1,4.20,0.0000,true,1,48914
7290014945135,false,כפפות חד פעמי כחולות,T.P Tailand,TH,כפפות חד פעמי כחולות ניטרל 100יח מדיום,יחידה,100.00,יחידה,false,10,19.90,0.1990,true,1,39282
7290014945159,false,כפפות חד פעמי כחולות,T.P Tailand,TH,כפפות חד פעמי כחולות ניטרל 100יח אקס אל,יחידה,100.00,יחידה,false,10,19.90,0.1990,true,1,39284
7290014945548,false,מפת אלבד חד פעמי גדו,,IL,מפת אלבד חד פעמי גדולה צבעוני 270/120סמ,Unknown,0.00,Unknown,false,1,5.90,0.0000,true,1,48915
7290014947047,false,פריכיות כוסמת זן בר,זן בר,,פריכיות כוסמת זן בר מלוח 160 גר,גרמים,160.00,100 גרם,false,1,11.00,6.8750,true,1,19960
7290015014267,true,פסיפלורה ארוז במגש י,,,פסיפלורה ארוז במגש יח,Unknown,0.00,Unknown,false,1,17.90,0.0000,true,1,24361
7290015025959,false,מארז 4יח מגבוני פרש,,,מארז 4יח מגבוני פרש וואנס קשמיר קר 64יח,יחידה,64.00,יחידה,false,1,15.90,0.2484,true,1,41950
7290015041041,false,טוש מסיר כתמים,,,טוש מסיר כתמים,יחידה,1.00,יחידה,false,12,11.90,11.9000,true,1,39177
7290015060639,false,זיתים שחורים קלמטה ב,,GR,זיתים שחורים קלמטה בשמן זית אורגני 250גר,גרמים,250.00,100 גרם,false,1,18.90,7.5600,true,1,50144
7290015129145,false,פסטה סקיני ספגטי 270,,IL,פסטה סקיני ספגטי 270 גר ללא גלוטן,גרמים,270.00,100 גרם,false,30,11.90,4.4074,true,1,17071
7290015129220,false,פסטה סקיני קוסקוס 27,,CN,פסטה סקיני קוסקוס 270 גר ללא גלוטן,גרמים,270.00,100 גרם,false,30,11.90,4.4074,true,1,19117
7290015129251,false,פסטה סקיני פטוציני 2,,CN,פסטה סקיני פטוציני 270 גר ללא גלוטן,גרמים,270.00,100 גרם,false,1,11.90,4.4074,true,1,19119
7290015129756,false,סקיני פסטה שבולת שוע,סקיני פסטה,CN,סקיני פסטה שבולת שועל פטוציני 270 גר,גרמים,270.00,100 גרם,false,30,11.90,4.4074,true,1,39726
7290015139229,false,מטבעות שוקולד חלב זה,כרמית,,מטבעות שוקולד חלב זהב סגול 42 ג ברשת,Unknown,0.00,Unknown,false,1,5.00,0.0000,true,1,22082
7290015139250,false,שוקולד מריר פיצפוצי,כרמית,,שוקולד מריר פיצפוצי  ללא סוכר 85 ג כרמית,Unknown,0.00,Unknown,false,1,5.90,0.0000,true,1,22080
7290015139267,false,שוקולד מריר שקדים לל,כרמית,,שוקולד מריר שקדים ללא סוכר 85 ג כרמית,Unknown,0.00,Unknown,false,1,5.90,0.0000,true,1,22081
7290015139526,false,ופל חופשי מצופה ללא,כרמית תעשיות ממתקים,,ופל חופשי מצופה ללא גלוטן 125 גר,גרמים,125.00,100 גרם,false,1,11.90,9.5200,true,1,22244
7290015139533,false,ופל חופשי לימון ללא,כרמית תעשיות ממתקים,,ופל חופשי לימון ללא גלוטן 200 גר,גרמים,200.00,100 גרם,false,1,11.50,5.7500,true,1,22245
7290015139557,false,ופל חופשי שוקולד ללא,כרמית תעשיות ממתקים,,ופל חופשי שוקולד ללא גלוטן 200 גר,גרמים,200.00,100 גרם,false,1,11.50,5.7500,true,1,22246
7290015150118,false,מארז 3 יח עגבניות חת,אמיליאנה קונסרב ס.פ.,,מארז 3 יח עגבניות חתוכות בלה איטליה400גר,גרמים,1200.00,100 גרם,false,1,15.90,1.3250,true,1,19547
7290015150583,false,תה ירוק לימון ודבש 1,תה ויסוצקי,,תה ירוק לימון ודבש 1.5 ג 25 שק,יחידה,25.00,יחידה,false,1,24.90,0.9960,true,1,20619
7290015150903,false,תה ירוק קינמון ודבש,תה ויסוצקי,,תה ירוק קינמון ודבש 1.5 ג 25 שק,יחידה,25.00,יחידה,false,1,24.90,0.9960,true,1,24382
7290015155021,false,פרמיו דנטל מיני 110,,DE,פרמיו דנטל מיני 110 גר,גרמים,110.00,100 גרם,false,10,9.90,9.0000,true,1,60240
7290015155243,false,פרמיו חטיף כריות לחת,,AT,פרמיו חטיף כריות לחתול 60 גר,גרמים,60.00,100 גרם,false,7,9.90,16.5000,true,1,37977
7290015155250,false,פרמיו חטיף כריות סלמ,,AT,פרמיו חטיף כריות סלמון לחתול 60גר,גרמים,60.00,100 גרם,false,7,9.90,16.5000,true,1,37979
7290015155274,false,פרמיו חטיף כריות לחת,,AT,פרמיו חטיף כריות לחתול אנטי היירבול 60ג,גרמים,60.00,100 גרם,false,7,9.90,16.5000,true,1,60969
7290015155410,false,פרמיו חטיף כריות דנט,,AT,פרמיו חטיף כריות דנטל עוף לחתול 60גר,גרמים,60.00,100 גרם,false,7,9.90,16.5000,true,1,37978
7290015155427,false,פרמיו  לחתול עוף וכב,,AU,פרמיו עוף וכבד 15 גר,יחידה,1.00,יחידה,false,35,6.90,6.9000,true,1,37976
7290015155434,false,פרמיו  לחתול סלמון ו,,AU,פרמיו סלמון ופורל 15 גר,יחידה,1.00,יחידה,false,35,6.90,6.9000,true,1,37975
7290015155823,false,פאוץ פרינוק תפוח עץ,,,פאוץ פרינוק תפוח עץ 120 גרם,גרמים,120.00,100 גרם,false,24,5.90,4.9167,true,1,31606
7290015155830,false,פאוץ פרינוק תפוח בננ,,CZ,פאוץ פרינוק תפוח בננה 120 גרם,גרמים,120.00,100 גרם,false,24,5.90,4.9167,true,1,31607
7290015155847,false,פאוץ פרינוק סלט פירו,,,פאוץ פרינוק סלט פירות 120 גרם,גרמים,120.00,100 גרם,false,24,5.90,4.9167,true,1,31608
7290015155892,false,חטיפטף בטעם בננה 31,,TH,חטיפטף בטעם בננה 31 גר,Unknown,0.00,Unknown,false,24,7.90,0.0000,true,1,32461
7290015156769,false,פאוץ פרינוק תפוח ואו,,,פאוץ פרינוק תפוח ואוכמניות 120 גרם,גרמים,120.00,100 גרם,false,1,5.90,4.9167,true,1,38401
7290015156776,false,פאוץ פרינוק פירות טר,,,פאוץ פרינוק פירות טרופיים 120 גרם,גרמים,120.00,100 גרם,false,24,5.90,4.9167,true,1,36859
7290015156813,false,פאוץ פרינוק פירות מע,,,פאוץ פרינוק פירות מעורבים 120 גרם,גרמים,120.00,100 גרם,false,24,5.90,4.9167,true,1,36861
7290015161152,false,גרנולה כוסמין פירות,,,גרנולה כוסמין פירות ואגוזים 300 גר,גרמים,300.00,100 גרם,false,1,27.90,9.3000,true,1,48291
7290015161534,false,קוואקר עבה ללא גלוטן,,,קוואקר עבה ללא גלוטן 400 גר,גרמים,400.00,100 גרם,false,1,19.90,4.9750,true,1,47066
7290015161541,false,קוואקר דק ללא גלוטן,,,קוואקר דק ללא גלוטן 400 גר,גרמים,400.00,100 גרם,false,1,19.90,4.9750,true,1,47064
7290015161558,false,קמח ש. שועל מלא ללג,,,קמח ש. שועל מלא ללג 500 גר,גרמים,500.00,100 גרם,false,1,24.90,4.9800,true,1,47068
7290015161565,false,גרנולה פירות  28% לל,,,גרנולה פירות ללג נוטרה זן 300 גר,גרמים,300.00,100 גרם,false,1,22.90,7.6333,true,1,47069
7290015161572,false,גרנולה אגוז 28% ללג,,,גרנולה אגוז 28% ללג נוטרה זן 300 גר,גרמים,300.00,100 גרם,false,1,22.90,7.6333,true,1,47070
7290015161848,false,פת פריכה אורגנית ללג,,,פת פריכה אורגנית ללג כוסת וקינואה100 גר,גרמים,100.00,100 גרם,false,1,10.90,10.9000,true,1,47056
7290015161862,false,פת פריכה אורגנית ללג,,,פת פריכה אורגנית ללג ערמונים 100 גר,גרמים,100.00,100 גרם,false,1,10.90,10.9000,true,1,47057
7290015161879,false,פת פריכה אורגנית ללג,,,פת פריכה אורגנית ללג עדשים 100 גר,גרמים,100.00,100 גרם,false,1,16.90,16.9000,true,1,47061
7290015164818,false,מחית קארי צהובה 400,Theppadungporn cocon,,מחית קארי צהובה 400 גר טי סי סי,גרמים,400.00,100 גרם,false,1,19.90,4.9750,true,1,30721
7290015164832,false,מחית קארי ירוקה 400,Theppadungporn cocon,,מחית קארי ירוקה 400 גר טי סי סי,גרמים,400.00,100 גרם,false,1,19.90,4.9750,true,1,16216
7290015164856,false,מחית קארי אדומה 400,Theppadungporn cocon,,מחית קארי אדומה 400 גר טי סי סי,גרמים,400.00,100 גרם,false,1,19.90,4.9750,true,1,16215
7290015178174,false,פסטו בטעם פרמזן 180ג,תנובה ב.ע.ד,IL,פסטו בטעם פרמזן 180גר אוליביה,גרמים,180.00,100 גרם,false,6,12.90,7.1667,true,1,49676
7290015178181,false,ארטישוק ברוזמרין 180,תנובה ב.ע.ד,IL,ארטישוק ברוזמרין 180גרם אוליביה,גרמים,180.00,100 גרם,false,6,12.90,7.1667,true,1,49673
7290015178198,false,ממרח חצילים שרופים 1,תנובה ב.ע.ד,IL,ממרח חצילים שרופים 180גרם אוליביה,גרמים,180.00,100 גרם,false,6,12.90,7.1667,true,1,49674
7290015178204,false,עגבניות מיובשות בשמש,תנובה ב.ע.ד,IL,עגבניות מיובשות בשמש עם לימון 180גר אולי,גרמים,180.00,100 גרם,false,6,12.90,7.1667,true,1,49675
7290015178235,false,זיתים מושחרים בסלסת,תנובה ב.ע.ד,IL,זיתים מושחרים בסלסת עגבניות מיובשות 180ג,גרמים,180.00,100 גרם,false,6,12.90,7.1667,true,1,52577
7290015178266,false,רוטב פלפלת שחורה אול,,,רוטב פלפלת שחורה אוליביה 480 גר,גרמים,480.00,100 גרם,false,1,12.90,2.6875,true,1,60847
7290015178273,false,מרינדה לעוף בגריל או,,,מרינדה לעוף בגריל אוליביה 530 גר,גרמים,530.00,100 גרם,false,1,12.90,2.4340,true,1,60848
7290015193139,false,רוטב צילי מתוק וואק,KRS,,רוטב צילי מתוק וואק ללא סוכר 300 מל,מיליליטרים,300.00,"100 מ""ל",false,1,8.90,2.9667,true,1,17569
7290015279246,false,יין עמק יזרעאל אדומי,,IL,יין עמק יזרעאל אדומים 750 מל,מיליליטרים,750.00,"100 מ""ל",false,12,85.00,11.3333,true,1,44053
7290015279529,false,יין עמק יזרעאל אלפא,,IL,יין עמק יזרעאל אלפא 750 מל,מיליליטרים,750.00,"100 מ""ל",false,12,85.00,11.3333,true,1,44051
7290015282000,false,סלט איקרא אדומה 200,,,סלט איקרא אדומה 200 גר,גרמים,200.00,100 גרם,false,1,12.90,6.4500,true,1,32972
7290015282024,false,סלט איקרא לבנה 200 ג,,,סלט איקרא לבנה 200 גר,גרמים,200.00,100 גרם,false,1,12.90,6.4500,true,1,32973
7290015282048,false,סלט חומוס מזרחי 300,,,סלט חומוס מזרחי 300 גר שמיר,גרמים,300.00,100 גרם,false,1,10.90,3.6333,true,1,18619
7290015282284,false,סלט כרוב אדום 300 גר,,,סלט כרוב אדום 300 גר שמיר,גרמים,300.00,100 גרם,false,1,11.90,3.9667,true,1,18620
7290015282321,false,סלט סלק 300 גר שמיר,,,סלט סלק 300 גר שמיר,גרמים,300.00,100 גרם,false,1,11.90,3.9667,true,1,18624
7290015282352,false,סלט תפוחי אדמה 300 ג,,,סלט תפוחי אדמה 300 גר שמיר,גרמים,300.00,100 גרם,false,1,11.90,3.9667,true,1,18627
7290015282390,false,סלט תורכי 200גרם גור,סלטי שמיר,,סלט תורכי 200גרם גורמה,גרמים,200.00,100 גרם,false,1,10.90,5.4500,true,1,31408
7290015282420,false,סלט חציל על האש 300,,,סלט חציל על האש 300 גרם שמיר,גרמים,300.00,100 גרם,false,1,11.90,3.9667,true,1,18632
7290015282581,false,חומוס אבו גוש עם חרי,סלטי שמיר,,חומוס אבו גוש עם חריף 200 גרם גורמה,גרמים,200.00,100 גרם,false,1,10.90,5.4500,true,1,31398
7290015282598,false,חומוס מסעדות 200 גרם,סלטי שמיר,,חומוס מסעדות 200 גרם גורמה,גרמים,200.00,100 גרם,false,1,10.90,5.4500,true,1,31399
7290015282604,false,טחינה מיוחדת 200 גרם,סלטי שמיר,,טחינה מיוחדת 200 גרם גורמה,גרמים,200.00,100 גרם,false,1,10.90,5.4500,true,1,31400
7290015282628,false,סלט חציל בטעם כבד 20,סלטי שמיר,,סלט חציל בטעם כבד 200גרם גורמה,גרמים,200.00,100 גרם,false,1,10.90,5.4500,true,1,31409
7290015282635,false,חומוס מסבחה 200 גרם,סלטי שמיר,,חומוס מסבחה 200 גרם גורמה,גרמים,200.00,100 גרם,false,1,10.90,5.4500,true,1,31401
7290015282642,false,חומוס אבו גוש 200 גר,סלטי שמיר,,חומוס אבו גוש 200 גרם גורמה,גרמים,200.00,100 גרם,false,1,10.90,5.4500,true,1,31402
7290015282666,false,סלט טונה בריאות 200ג,סלטי שמיר,,סלט טונה בריאות 200גרם גורמה,גרמים,200.00,100 גרם,false,1,17.90,8.9500,true,1,31421
7290015282673,false,סלט חציל במיונז ביתי,סלטי שמיר,,סלט חציל במיונז ביתי 200גרם גורמה,גרמים,200.00,100 גרם,false,1,10.90,5.4500,true,1,31410
7290015282680,false,סלט קישוא בטעם כבד 2,סלטי שמיר,,סלט קישוא בטעם כבד 200 גרם גורמה,גרמים,200.00,100 גרם,false,1,10.90,5.4500,true,1,31411
7290015282697,false,כרוב אדום 200 גרם גו,סלטי שמיר,,כרוב אדום 200 גרם גורמה,גרמים,200.00,100 גרם,false,1,10.90,5.4500,true,1,31403
7290015282710,false,קוביות סלק 200גרם גו,סלטי שמיר,,קוביות סלק 200גרם גורמה,גרמים,200.00,100 גרם,false,1,10.90,5.4500,true,1,31404
7290015282727,false,סלט גזר מרוקאי פיקנט,סלטי שמיר,,סלט גזר מרוקאי פיקנטי 200גר גורמה,גרמים,200.00,100 גרם,false,1,10.90,5.4500,true,1,31405
7290015282734,false,מטבוחה ביתית 200 גרם,סלטי שמיר,,מטבוחה ביתית 200 גרם גורמה,גרמים,200.00,100 גרם,false,1,10.90,5.4500,true,1,31406
7290015282741,false,סלט חציל תאילנדי 200,סלטי שמיר,,סלט חציל תאילנדי 200גר גורמה,גרמים,200.00,100 גרם,false,1,10.90,5.4500,true,1,31413
7290015282772,false,סלט פלפל רצועות קלוי,סלטי שמיר,,סלט פלפל רצועות קלוי/מטוגן 200גרם גורמה,גרמים,200.00,100 גרם,false,1,10.90,5.4500,true,1,31416
7290015282796,false,סלט תפוחי אדמה 200גר,סלטי שמיר,,סלט תפוחי אדמה 200גר גורמה,גרמים,200.00,100 גרם,false,1,10.90,5.4500,true,1,31407
7290015282994,false,סלט חמוצים סיני 300,,,סלט חמוצים סיני 300 גר שמיר,גרמים,300.00,100 גרם,false,1,14.90,4.9667,true,1,18628
7290015284004,false,שמפו אקולאב 500מל ס.,א.ל. ארמן,,שמפו אקולאב 500מל ס. ירוקה אורגניקזון,מיליליטרים,500.00,"100 מ""ל",false,1,31.90,6.3800,true,1,15866
7290015284011,false,מרכך אקולאב 500מל ס.,א.ל. ארמן,,מרכך אקולאב 500מל ס. ירוקה אורגניקזון,מיליליטרים,500.00,"100 מ""ל",false,1,31.90,6.3800,true,1,15867
7290015284028,false,ס.גוף אקולאב 500מל ס,א.ל. ארמן,,ס.גוף אקולאב 500מל ס. ירוקה אורגניקזון,מיליליטרים,500.00,"100 מ""ל",false,1,31.90,6.3800,true,1,15868
7290015284035,false,סבון ידיים אקולאב 50,א.ל. ארמן,,סבון ידיים אקולאב 500 מל אקולוגי ירוק,מיליליטרים,500.00,"100 מ""ל",false,1,24.90,4.9800,true,1,16486
7290015284042,false,שמפו אקולאב 500מל ס.,א.ל. ארמן,,שמפו אקולאב 500מל ס. אדומה אורגניקזון,מיליליטרים,500.00,"100 מ""ל",false,1,31.90,6.3800,true,1,15869
7290015284059,false,מרכך אקולאב 500מל ס.,א.ל. ארמן,,מרכך אקולאב 500מל ס. אדומה אורגניקזון,מיליליטרים,500.00,"100 מ""ל",false,1,31.90,6.3800,true,1,15870
7290015284066,false,ס.גוף אקולאב 500מל ס,א.ל. ארמן,,ס.גוף אקולאב 500מל ס. אדומה אורגניקזון,מיליליטרים,500.00,"100 מ""ל",false,1,31.90,6.3800,true,1,15871
7290015284073,false,סבון ידיים אקולאב 50,א.ל. ארמן,,סבון ידיים אקולאב 500 מל אקולוגי אדום,מיליליטרים,500.00,"100 מ""ל",false,1,24.90,4.9800,true,1,16487
7290015284080,false,שמפו אקולאב 500מל ס.,א.ל. ארמן,,שמפו אקולאב 500מל ס. כתומה אורגניקזון,מיליליטרים,500.00,"100 מ""ל",false,1,31.90,6.3800,true,1,15872
7290015284097,false,מרכך אקולאב 500מל ס.,א.ל. ארמן,,מרכך אקולאב 500מל ס. כתומה אורגניקזון,מיליליטרים,500.00,"100 מ""ל",false,1,31.90,6.3800,true,1,15873
7290015284103,false,ס.גוף אקולאב 500מל ס,א.ל. ארמן,,ס.גוף אקולאב 500מל ס. כתומה אורגניקזון,מיליליטרים,500.00,"100 מ""ל",false,1,31.90,6.3800,true,1,15874
7290015284110,false,סבון ידיים אקולאב 50,א.ל. ארמן,,סבון ידיים אקולאב 500 מל אקולוגי כתום,מיליליטרים,500.00,"100 מ""ל",false,1,24.90,4.9800,true,1,16488
7290015284134,false,מסכה  לשיער  אקולאב,א.ל. ארמן,,מסכה  לשיער  אקולאב 350 מל,מיליליטרים,350.00,"100 מ""ל",false,1,41.90,11.9714,true,1,19076
7290015284202,false,שמפו אקולאב 500מל ס.,א.ל. ארמן,,שמפו אקולאב 500מל ס. סגולה אורגניקזון,מיליליטרים,500.00,"100 מ""ל",false,1,31.90,6.3800,true,1,22631
7290015284219,false,מרכך אקולאב 500מל ס.,א.ל. ארמן,,מרכך אקולאב 500מל ס. סגולה אורגניקזון,מיליליטרים,500.00,"100 מ""ל",false,1,31.90,6.3800,true,1,22632
7290015284226,false,ס.גוף אקולאב 500מל ס,א.ל. ארמן,,ס.גוף אקולאב 500מל ס. סגולה אורגניקזון,מיליליטרים,500.00,"100 מ""ל",false,1,31.90,6.3800,true,1,22633
7290015284233,false,סבון ידיים אקולאב 50,א.ל. ארמן,,סבון ידיים אקולאב 500 מל אקולוגי סגול,מיליליטרים,500.00,"100 מ""ל",false,1,24.90,4.9800,true,1,22662
7290015284240,false,מסכה  לשיער  אקולאב,א.ל. ארמן,,מסכה  לשיער  אקולאב סגול 350 מל,מיליליטרים,350.00,"100 מ""ל",false,1,41.90,11.9714,true,1,23630
7290015284646,false,ס.גוף אקולאב 500מל ס,א.ל. ארמן,,ס.גוף אקולאב 500מל ס. אגוזים אורגניקזון,מיליליטרים,500.00,"100 מ""ל",false,1,31.90,6.3800,true,1,60515
7290015284653,false,סבון ידיים אקולאב 50,א.ל. ארמן,,סבון ידיים אקולאב 500 מל אקולוגי אגוזים,מיליליטרים,500.00,"100 מ""ל",false,1,24.90,4.9800,true,1,60516
7290015284660,false,שמפו אקולאב לשיער לא,א.ל. ארמן,,שמפו אקולאב לשיער לאחר החלקה 500מל,מיליליטרים,500.00,"100 מ""ל",false,1,34.90,6.9800,true,1,27599
7290015284677,false,מרכך אקולאב לשיער לא,א.ל. ארמן,,מרכך אקולאב לשיער לאחר החלקה 500מל,מיליליטרים,500.00,"100 מ""ל",false,1,34.90,6.9800,true,1,27600
7290015284684,false,מסכה אקולאב לשיער לא,א.ל. ארמן,,מסכה אקולאב לשיער לאחר החלקה 350מל,מיליליטרים,350.00,"100 מ""ל",false,1,44.90,12.8286,true,1,27601
7290015299008,false,כיסוי אסלה 10 יחידות,,CN,כיסוי אסלה 10 יחידות,יחידה,10.00,יחידה,false,1,15.90,1.5900,true,1,50099
7290015324007,false,פלפל שחור גרוס 80גר,,,פלפל שחור גרוס 80גר שקית,Unknown,0.00,Unknown,false,1,10.90,0.0000,true,1,16368
7290015324014,false,פלפל שחור טחון 80גר,,,פלפל שחור טחון 80גר שקית,Unknown,0.00,Unknown,false,1,10.90,0.0000,true,1,16369
7290015324038,false,פפריקה מתוקה בשמן 80,,,פפריקה מתוקה בשמן 80גר שקית,Unknown,0.00,Unknown,false,1,6.50,0.0000,true,1,16370
7290015324045,false,פפריקה חריפה 80גר שק,,,פפריקה חריפה 80גר שקית,Unknown,0.00,Unknown,false,1,6.50,0.0000,true,1,16371
7290015324052,false,פפריקה מתוקה 80גר שק,,,פפריקה מתוקה 80גר שקית,Unknown,0.00,Unknown,false,1,6.50,0.0000,true,1,16372
7290015324069,false,גריל עוף 80גר שקית,,,גריל עוף 80גר שקית,Unknown,0.00,Unknown,false,1,6.50,0.0000,true,1,16373
7290015324076,false,זעתר 80גר שקית,,,זעתר 80גר שקית,Unknown,0.00,Unknown,false,1,6.50,0.0000,true,1,16374
7290015324083,false,מלח לימון 80 גר שקית,,,מלח לימון 80 גר שקית,Unknown,0.00,Unknown,false,1,6.50,0.0000,true,1,16375
7290015324090,false,כמון טחון 80 גר שקית,,,כמון טחון 80 גר שקית,Unknown,0.00,Unknown,false,1,6.50,0.0000,true,1,16376
7290015324106,false,כורכום טחון 80 גר שק,,,כורכום טחון 80 גר שקית,Unknown,0.00,Unknown,false,1,6.50,0.0000,true,1,16377
7290015324113,false,תבלין בהרט 80 גר שקי,,,תבלין בהרט 80 גר שקית,Unknown,0.00,Unknown,false,1,6.50,0.0000,true,1,16378
7290015324120,false,שום גבישי 80 גר שקית,,,שום גבישי 80 גר שקית,Unknown,0.00,Unknown,false,1,6.50,0.0000,true,1,16379
7290015324151,false,חוויג למרק 80 גר שקי,,,חוויג למרק 80 גר שקית,Unknown,0.00,Unknown,false,1,6.50,0.0000,true,1,16380
7290015324168,false,תיבול על האש ללא מונ,,,תיבול על האש ללא מונסודיות80גר שקית,Unknown,0.00,Unknown,false,1,6.50,0.0000,true,1,16381
7290015324175,false,תיבול לשוארמה ללא מו,,,תיבול לשוארמה ללא מונסודיות80גר שקית,Unknown,0.00,Unknown,false,1,6.50,0.0000,true,1,16382
7290015324281,false,שבבי בצל מטוגן 200 ג,שנידרס,,שבבי בצל מטוגן 200 גר,גרמים,200.00,100 גרם,false,1,9.90,4.9500,true,1,26641
7290015324519,false,תערובת לפיצה שקית 80,,,תערובת לפיצה שקית 80 גרם,Unknown,0.00,Unknown,false,1,6.50,0.0000,true,1,42818
7290015324526,false,תערובת לפרגיות שקית,,,תערובת לפרגיות שקית 80 גרם,Unknown,0.00,Unknown,false,1,6.50,0.0000,true,1,42819
7290015324540,false,טימין מיכל גדול 30 ג,,,טימין מיכל גדול 30 גר,Unknown,0.00,Unknown,false,1,9.90,0.0000,true,1,42822
7290015324557,false,בהרט לבישול מיכל גדו,,,בהרט לבישול מיכל גדול 80 גרם,Unknown,0.00,Unknown,false,1,9.90,0.0000,true,1,42823
7290015324564,false,כוסברה טחונה במיכל ג,,,כוסברה טחונה במיכל גדול 70 גר,Unknown,0.00,Unknown,false,1,9.90,0.0000,true,1,42821
7290015324571,false,פפריקה מתוקה בשמן מר,,,פפריקה מתוקה בשמן מרוקאי 400 גר בקופסא,גרמים,400.00,100 גרם,false,1,15.90,3.9750,true,1,44747
7290015324588,false,פלפל לבן טחון 100 ג,,,פלפל לבן טחון 100 ג מיכל גדול,גרמים,100.00,100 גרם,false,1,13.90,13.9000,true,1,46224
7290015324595,false,פלפל שחור טחון גס400,,,פלפל שחור טחון גס400 גרם,גרמים,400.00,100 גרם,false,1,29.90,7.4750,true,1,47402
7290015324663,false,צילי גרוס חריף 70 גר,,,צילי גרוס חריף 70 גר מיכל גדול,גרמים,150.00,100 גרם,false,1,9.90,6.6000,true,1,49156
7290015324670,false,מטחנת פלפל שחור שלם,,ZA,מטחנת פלפל שחור שלם 50 גרם,Unknown,0.00,Unknown,false,6,14.90,0.0000,true,1,59962
7290015324687,false,מטחנת לקט פלפלים 50,,ZA,מטחנת לקט פלפלים 50 גרם,Unknown,0.00,Unknown,false,6,14.90,0.0000,true,1,59963
7290015324694,false,מטחנת מלח ים 100 גרם,,ZA,מטחנת מלח ים 100 גרם,גרמים,100.00,100 גרם,false,6,14.90,14.9000,true,1,59964
7290015324700,false,מטחנת מלח הימלאיה 10,,ZA,מטחנת מלח הימלאיה 100 גרם,גרמים,100.00,100 גרם,false,6,14.90,14.9000,true,1,59965
7290015324717,false,מחית שום טעם וריח 21,,CN,מחית שום טעם וריח 210 גרם צנצנת,גרמים,210.00,100 גרם,false,6,12.90,6.1429,true,1,59509
7290015324724,false,מחית צילי חריף טעם ו,,CN,מחית צילי חריף טעם וריח 230 גרם צנצנת,גרמים,230.00,100 גרם,false,6,12.90,5.6087,true,1,59510
7290015324731,false,מחית גינגר טעם וריח,,CN,מחית גינגר טעם וריח 210 גרם צנצנת,גרמים,210.00,100 גרם,false,6,12.90,6.1429,true,1,59512
7290015324748,false,מחית שום וגינגר טעם,,CN,מחית שום וגינגר טעם וריח 210 גרם צנצנת,גרמים,210.00,100 גרם,false,6,12.90,6.1429,true,1,59513
7290015335607,false,מעדן ביו טבעי 150גר,,IL,מעדן ביו טבעי 150גר ללא סויה/חלב,גרמים,150.00,100 גרם,false,6,6.90,4.6000,true,1,50385
7290015335614,false,מעדן ביו תות 150גרם,,IL,מעדן ביו תות 150גרם ללא סויה/חלב,גרמים,150.00,100 גרם,false,6,6.90,4.6000,true,1,50386
7290015335621,false,מעדן ביו פירות יער,,IL,מעדן ביו פירות יער  150גרם ללא סויה/חלב,גרמים,150.00,100 גרם,false,6,6.90,4.6000,true,1,50388
7290015335638,false,מעדן ביו דובדבן 150ג,,IL,מעדן ביו דובדבן 150גרם ללא סויה/חלב,גרמים,150.00,100 גרם,false,6,6.90,4.6000,true,1,50387
7290015341516,false,עוגת קראנץ בטעמים 60,,,עוגת קראנץ בטעמים 600 ג אנטיקוביץ,גרמים,600.00,100 גרם,false,1,16.90,2.8167,true,1,39256
7290015341554,false,עוגת מאפינס בטעם שוק,,,עוגת מאפינס בטעם שוקולד אנטיקביץ 450 גרם,גרמים,450.00,100 גרם,false,1,16.90,3.7556,true,1,46667
7290015354899,false,חרדל ריין דה דיזון מ,ריין דיגון,,חרדל ריין דה דיזון מעודן350 ג,גרמים,350.00,100 גרם,false,1,12.90,3.6857,true,1,37829
7290015354905,false,חרדל ריין דה דיזון ע,ריין דיגון,,חרדל ריין דה דיזון עם חזרת 350 ג,גרמים,350.00,100 גרם,false,1,12.90,3.6857,true,1,37817
7290015366663,false,מש.שיניים אקוה פרש ע,,,מש.שיניים אקוה פרש עדין 100 מל,מיליליטרים,100.00,"100 מ""ל",false,1,7.90,7.9000,true,1,22684
7290015366670,false,מש.שיניים אקוה פרש מ,,,מש.שיניים אקוה פרש מנטה 100 מל,מיליליטרים,100.00,"100 מ""ל",false,1,7.90,7.9000,true,1,22683
7290015395045,false,קינואה שקדיה 400 גר,"שקדיה גבע תעשיות בע""",,קינואה שקדיה 400 גר,גרמים,400.00,100 גרם,false,1,10.90,2.7250,true,1,18552
7290015437431,false,רכז רימונים 100% טבע,AROMA PRODUCT ITD,,רכז רימונים 100% טבעי 420גרם,גרמים,420.00,100 גרם,false,1,20.00,4.7619,true,1,25041
7290015437578,false,תערובת מוזלי קראנצי,ויטליה,MK,תערובת מוזלי קראנצי פירות וזרעים 600 גר,גרמים,600.00,100 גרם,false,10,13.90,2.3167,true,1,38748
7290015493130,false,מים מינרלים נביעות פ,נביעות,,מים מינרלים נביעות פלוס פרי מנגו 1.5ליט,ליטרים,1.50,ליטר,false,1,9.20,6.1333,true,1,36951
7290015597326,false,מאגדת לייט קרחונים 1,יוניליוור,,מאגדת לייט קרחונים 10 יח,יחידה,10.00,יחידה,false,1,25.90,2.5900,true,1,21954
7290015599016,false,צהובה טבעונית זיתים,,,צהובה טבעונית זיתים 200 גרם,גרמים,200.00,100 גרם,false,1,24.90,12.4500,true,1,20358
7290015599023,false,צהובה טבעונית קלאסית,,,צהובה טבעונית קלאסית 200 גרם,גרמים,200.00,100 גרם,false,1,24.90,12.4500,true,1,20359
7290015599030,false,צהובה טבעונית פיצה פ,,,צהובה טבעונית פיצה פפרוני 200 גרם,גרמים,200.00,100 גרם,false,1,24.90,12.4500,true,1,20360
7290015599047,false,צהובה טבעונית 200 גר,,,צהובה טבעונית 200 גרם בלוק,גרמים,200.00,100 גרם,false,1,17.90,8.9500,true,1,20367
7290015599054,false,צהובה טבעונית בטעם צ,,,צהובה טבעונית בטעם צדר 200 גרם,גרמים,200.00,100 גרם,false,1,24.90,12.4500,true,1,20361
7290015599061,false,צהובה טבעונית בטעם מ,,,צהובה טבעונית בטעם מוצרלה 200 גרם,גרמים,200.00,100 גרם,false,1,24.90,12.4500,true,1,20648
7290015599078,false,צהובה טבעונית עשבי ת,,,צהובה טבעונית עשבי תיבול 200 גרם,גרמים,200.00,100 גרם,false,1,24.90,12.4500,true,1,20362
7290015599191,false,ממרח טבעוני שמנת בטע,ביוטי איילנד פודס בע,,ממרח טבעוני שמנת בטעם קלאסי 170 גר,גרמים,170.00,100 גרם,false,1,18.90,11.1176,true,1,26256
7290015599207,false,ממרח טבעוני שמנת בטע,ביוטי איילנד פודס בע,,ממרח טבעוני שמנת בטעם צדר 170גר,גרמים,170.00,100 גרם,false,1,18.90,11.1176,true,1,26258
7290015599214,false,שמרים יבשים בתוספת ו,רד סטאר וסט קומפני,,שמרים יבשים בתוספת ויטמינים 110 גרם,גרמים,110.00,100 גרם,false,1,19.90,18.0909,true,1,21830
7290015599276,false,מלח הודי שחור 200 גר,,,מלח הודי שחור 200 גרם,גרמים,200.00,100 גרם,false,1,23.90,11.9500,true,1,20366
7290015599306,false,ממרח טבעוני שמנת עם,ביוטי איילנד פודס בע,,ממרח טבעוני שמנת עם עירית 170גר,גרמים,170.00,100 גרם,false,1,18.90,11.1176,true,1,26259
7290015599313,false,ממרח טבעוני שמנת עם,ביוטי איילנד פודס בע,,ממרח טבעוני שמנת עם בצל ירוק ופלפל 170גר,גרמים,170.00,100 גרם,false,1,18.90,11.1176,true,1,26257
7290015599504,false,ממרח בטעם חמאה אורגנ,,,ממרח בטעם חמאה אורגני 225 גרם,גרמים,225.00,100 גרם,false,24,17.90,7.9556,true,1,38180
7290015599702,false,ממרח טבעוני שמנת ללא,ביוטי איילנד פודס בע,,ממרח טבעוני שמנת ללא גלוטן 170גר,גרמים,170.00,100 גרם,false,1,18.90,11.1176,true,1,46147
7290015599719,false,תחליף פרמזן טבעוני 1,אריוויה,,תחליף פרמזן טבעוני 150 גרם,גרמים,150.00,100 גרם,false,11,24.90,16.6000,true,1,45704
7290015603188,false,אטריות ביצים 454 גר,Xiamen zhongshi impo,,אטריות ביצים 454 גר,גרמים,454.00,100 גרם,false,1,10.90,2.4009,true,1,21302
7290015603195,false,אטריות תרד 454 ג,FUJIAN LONGHAI ANLID,,אטריות תרד 454 ג,גרמים,454.00,100 גרם,false,1,10.90,2.4009,true,1,19799
7290015603201,false,אטריות מחיטה מלאה 45,Xiamen zhongshi impo,,אטריות מחיטה מלאה 454 גר,גרמים,454.00,100 גרם,false,1,10.90,2.4009,true,1,20486
7290015603218,false,אטריות עם עגבניה 454,Xiamen xing ng foods,,אטריות עם גבינה 454 ג,גרמים,454.00,100 גרם,false,1,10.90,2.4009,true,1,24958
7290015603225,false,אטריות עם גזר 454 ג,Xiamen xing ng foods,,אטריות עם גזר 454 ג,גרמים,454.00,100 גרם,false,1,10.90,2.4009,true,1,24956
7290015603232,false,אטריות עם דלעת 454 ג,Xiamen xing ng foods,,אטריות עם דלעת 454 ג,גרמים,454.00,100 גרם,false,1,10.90,2.4009,true,1,24957
7290015603522,false,נוזל אגוזי קוקוס5-7%,ASIATIC AGRO INDUSTR,,נוזל אגוזי קוקוס5-7%אסיאטיק400מל,מיליליטרים,400.00,"100 מ""ל",false,1,6.90,1.7250,true,1,21300
7290015603546,false,קרם קוקוס 17-19% 400,ASIATIC AGRO INDUSTR,,קרם קוקוס 17-19% 400 מל אסיאטיק,מיליליטרים,400.00,"100 מ""ל",false,1,8.90,2.2250,true,1,37112
7290015603560,false,שימורי קרם קוקוס20-2,ASIATIC AGRO INDUSTR,,שימורי קרם קוקוס20-22%אסיאטיק400מל,גרמים,400.00,100 גרם,false,1,9.90,2.4750,true,1,21301
7290015603584,false,גינגר לבן כבוש 160 ג,Shandong Xinjinjiang,,גינגר לבן כבוש 160 גר ללא מונוסדיום,גרמים,160.00,100 גרם,false,1,7.90,4.9375,true,1,22559
7290015603591,false,גינגר ורוד כבוש 160,Shandong Xinjinjiang,,גינגר ורוד כבוש 160 גר ללא מונוסדיום,גרמים,160.00,100 גרם,false,1,7.90,4.9375,true,1,32278
7290015603638,false,אורז עגול קרלוז 1 קג,MINH PHONG GREEN AGR,,אורז עגול קרלוז 1 קג,קילוגרמים,1.00,"ק""ג",false,1,13.90,13.9000,true,1,21871
7290015603898,false,חטיף אפונה וואסבי 10,סוזו יואי פודס,CN,חטיף אפונה וואסבי 100 גרם,גרמים,100.00,100 גרם,false,1,9.90,9.9000,true,1,24110
7290015634120,false,יין אוורד לבן עמק הא,,IL,יין אוורד בלנדד עמק האלה 750 מל,מיליליטרים,750.00,"100 מ""ל",false,12,45.00,6.0000,true,1,36518
7290015634175,false,יין אוורד קברנה סובי,,IL,יין אוורד קברנה סוביניון עמק האלה 750 מל,מיליליטרים,750.00,"100 מ""ל",false,12,45.00,6.0000,true,1,36517
7290015634182,false,יין אוורד בלנד עמק ה,,IL,יין אוורד קברנה מרלו עמק האלה 750 מל,מיליליטרים,750.00,"100 מ""ל",false,12,45.00,6.0000,true,1,36519
7290015635073,false,ממרח ראסטיז בוטנים ק,,IL,ממרח ראסטיז בוטנים קראנץ 200 גרם,גרמים,200.00,100 גרם,false,6,22.90,11.4500,true,1,42404
7290015652605,false,פיסטוק קלוף טבעי השף,"דין שיווק וקלייה בע""",,פיסטוק קלוף טבעי השף 100 גרם,גרמים,100.00,100 גרם,false,1,20.00,20.0000,true,1,21940
7290015670012,false,עוגיות מרסי מטבעות ש,,IL,עוגיות מרסי מטבעות שומשום וטחינה 230 גרם,גרמים,230.00,100 גרם,false,1,33.90,14.7391,true,1,52455
7290015670029,false,מיקס מרסי שקד חמוציו,,IL,מיקס מרסי שקד חמוציות פפאיה וגרעינים225,גרמים,225.00,100 גרם,false,1,33.90,15.0667,true,1,46057
7290015670036,false,עוגיות מרסי קראנץ225,,IL,תערובת מרסי שומשום פשתן וסילאן  225 גרם,גרמים,225.00,100 גרם,false,1,33.90,15.0667,true,1,46055
7290015670050,false,מיקס מרסי שקד גרעין,,IL,מיקס מרסי שקד גרעין גינגר ושוקולד מריר,גרמים,225.00,100 גרם,false,1,33.90,15.0667,true,1,46056
7290015670067,false,עוגיות מרסי אגוזי לו,,IL,עוגיות מרסי אגוזי לוז קשיו קוקוס 210 גרם,גרמים,210.00,100 גרם,false,1,33.90,16.1429,false,1,48681
7290015670081,false,אוזני המן מרסי בטעמי,,IL,אוזני המן מרסי בטעמים 250 גרם,Unknown,0.00,Unknown,false,1,33.90,0.0000,true,1,50726
7290015670104,false,מיקס מרסי שומשום דלע,,IL,מיקס  מרסי שומשום דלעת חמניה225 גרם,גרמים,225.00,100 גרם,false,1,33.90,15.0667,true,1,46042
7290015670111,false,מטבעות מרסי שקדים וא,,IL,מטבעות מרסי שקדים ואגוזים 210 גרם,גרמים,210.00,100 גרם,false,1,33.90,16.1429,true,1,46041
7290015670128,false,מיקס מרסי שומשום קשי,,IL,מיקס מרסי שומשום קשיו 225 גרם,גרמים,225.00,100 גרם,false,1,33.90,15.0667,true,1,46043
7290015670135,false,עוגיות מרסי מטבעות פ,,IL,עוגיות מרסי מטבעות פירות יער 230 גרם,גרמים,230.00,100 גרם,false,1,33.90,14.7391,true,1,51177
7290015670142,false,עוגת מרסי בחושה כשלפ,,IL,עוגת מרסי בחושה כשלפ בטעמים 600 גרם,גרמים,600.00,100 גרם,false,1,34.90,5.8167,true,1,51179
7290015670203,false,מטבעות מרסי מיקס גרע,,IL,מטבעות מרסי מיקס גרעינים ובוטנים225 גרם,גרמים,225.00,100 גרם,false,1,33.90,15.0667,true,1,46045
7290015670210,false,מיקס מרסי גרעיני חמנ,,IL,מיקס מרסי גרעיני חמניה ושקדים225 גרם,גרמים,225.00,100 גרם,false,1,33.90,15.0667,true,1,46044
7290015670227,false,מטבעות מרסי מקלות שק,,IL,עוגיות מרסי מטבעות שקד חמוציות 210 גרם,גרמים,210.00,100 גרם,false,1,33.90,16.1429,true,1,46039
7290015670234,false,מטבעות מרסי שומשום ו,,IL,מטבעות מרסי שומשום וגרעינים225 גרם,גרמים,225.00,100 גרם,false,1,33.90,15.0667,true,1,46046
7290015670258,false,מטבעות מרסי שקד פרוס,,IL,מטבעות מרסי שקד פרוס תפוז מסוכר 210 גרם,גרמים,210.00,100 גרם,false,1,33.90,16.1429,true,1,46040
7290015670418,false,עוגיות מרסי חמאה ורי,,IL,עוגיות מרסי חמאה וריבת חלב קוקוס 240 ג,גרמים,240.00,100 גרם,false,1,33.90,14.1250,true,1,46065
7290015670425,false,עוגיות מרסי חמאה במי,,IL,עוגיות מרסי חמאה במילוי תות 240 ג,גרמים,240.00,100 גרם,false,1,33.90,14.1250,true,1,46063
7290015670432,false,עוגיות מרסי שבולת שו,,IL,עוגיות מרסי שבולת שועל אגוזי לוז 240גר,גרמים,240.00,100 גרם,false,1,33.90,14.1250,true,1,46052
7290015670449,false,עוגיות מרסי שבולת שו,,IL,עוגיות מרסי שבולת שועל וחמוציות 240גר,גרמים,240.00,100 גרם,false,1,33.90,14.1250,true,1,46051
7290015670456,false,עוגיות מרסי בצק פריך,,IL,עוגיות מרסי בצק פריך ממולא תמר אגוז240 ג,גרמים,240.00,100 גרם,false,1,33.90,14.1250,true,1,46061
7290015670463,false,עוגיות מרסי חמאה שוק,,IL,עוגיות מרסי חמאה תוספת שוקולד 250 ג,גרמים,250.00,100 גרם,false,1,33.90,13.5600,true,1,46072
7290015670470,false,עוגיות מרסי סהרון חמ,,IL,עוגיות מרסי סהרון חמאה ושקדים 240 ג,גרמים,240.00,100 גרם,false,1,33.90,14.1250,true,1,46064
7290015670494,false,עוגיות מרסי בצק חמאה,,IL,עוגיות מרסי בצק חמאה נגיעות לימון 240 ג,גרמים,240.00,100 גרם,false,1,33.90,14.1250,true,1,46068
7290015670548,false,רולדת פרג מרסי 250 ג,,IL,רולדת פרג מרסי 250 גרם,גרמים,250.00,100 גרם,false,1,33.90,13.5600,true,1,50313
7290015670562,false,עוגיות מרסי טחינה וח,,IL,עוגיות מרסי טחינה וחמאה 240 ג,גרמים,240.00,100 גרם,false,1,33.90,14.1250,true,1,46066
7290015670616,false,עוגיות מרסי איטלקיות,,IL,עוגיות מרסי איטלקיות פירות יבשים 240גר,גרמים,240.00,100 גרם,false,1,33.90,14.1250,true,1,46049
7290015670623,false,עוגיות מרסי איטלקיות,,IL,עוגיות מרסי איטלקיות קמח מלא 240גר,גרמים,240.00,100 גרם,false,1,33.90,14.1250,true,1,46050
7290015670630,false,עוגיות מרסי בצק פריך,,IL,עוגיות מרסי בצק פריך ללא ביצים שומשום280,גרמים,280.00,100 גרם,false,1,33.90,12.1071,true,1,46058
7290015670807,false,עוגת מרסי שוקולד מרי,,IL,עוגת מרסי שוקולד מריר איכותי,Unknown,0.00,Unknown,false,1,33.90,0.0000,true,1,46034
7290015670814,false,עוגת מרסי שוקולד ומי,,IL,עוגת מרסי שוקולד ומיץ תפוז,Unknown,0.00,Unknown,false,1,33.90,0.0000,true,1,46035
7290015670821,false,עוגת מרסי שיש וניל ש,,IL,עוגת מרסי שיש וניל שוקולד מריר,Unknown,0.00,Unknown,false,1,33.90,0.0000,true,1,46036
7290015670838,false,עוגת מרסי גרדת לימון,,IL,עוגת מרסי גרדת לימון ומיץ תפוז,Unknown,0.00,Unknown,false,1,33.90,0.0000,true,1,46037
7290015670845,false,עוגת מרסי סולת קוקוס,,IL,עוגת מרסי סולת קוקוס קישוט קוקוס,Unknown,0.00,Unknown,false,1,33.90,0.0000,true,1,46033
7290015670852,false,עוגת מרסי בחושה תפוז,,IL,עוגת מרסי בחושה תפוז וקינמון,Unknown,0.00,Unknown,false,1,33.90,0.0000,true,1,46038
7290015670869,false,עוגת מרסי וניל אגוזי,,IL,עוגת מרסי וניל אגוזים וסירופ מייפל,Unknown,0.00,Unknown,false,1,33.90,0.0000,true,1,46032
7290015670876,false,עוגת מרסי בחושה בננו,,IL,עוגת מרסי בננות טריות ואגוזים זיגוג סוכר,Unknown,0.00,Unknown,false,1,33.90,0.0000,true,1,46028
7290015670883,false,עוגת מרסי בחושה גזר,,IL,עוגת מרסי גזר טרי נגיעות קינמון ואגוזים,Unknown,0.00,Unknown,false,1,33.90,0.0000,true,1,46029
7290015670890,false,עוגת מרסי וניל גרדת,,IL,עוגת מרסי  וניל גרדת ומיץ לימון שקד פרוס,Unknown,0.00,Unknown,false,1,33.90,0.0000,true,1,46031
7290015670906,false,עוגת מרסי וניל סירופ,,IL,עוגת מרסי  וניל סיקופ פירות יער קישוט ות,Unknown,0.00,Unknown,false,1,33.90,0.0000,true,1,46030
7290015670951,false,עוגת דבש גינגר ואגוז,,IL,עוגת דבש גינגר ואגוזים,Unknown,0.00,Unknown,false,1,33.90,0.0000,false,1,48509
7290015670982,false,עוגת דבש תפוח בחושה,,IL,עוגת דבש תפוח בחושה,Unknown,0.00,Unknown,false,1,33.90,0.0000,false,1,48512
7290015673181,false,בורגר קליפורניה על ה,ליב,,בורגר קליפורניה על האש עם ברוקולי 400גרם,גרמים,400.00,100 גרם,false,6,25.90,6.4750,true,1,23161
7290015673198,false,בורגר טקסס על האש עם,ליב,,בורגר טקסס על האש עם פטריות 400גרם,גרמים,400.00,100 גרם,false,6,25.90,6.4750,true,1,23162
7290015673570,false,נגיסי טופו מוכנים 35,,IL,נגיסי טופו מוכנים 350גר קריספי טופו,גרמים,350.00,100 גרם,false,6,26.90,7.6857,true,1,39927
7290015673587,false,נגיסי טופו ברוטב אסי,,IL,נגיסי טופו ברוטב אסיאתי350גר קריספי טופו,גרמים,350.00,100 גרם,false,6,26.90,7.6857,true,1,39928
7290015673594,false,נגיסי טופו ברוטב בוט,,IL,נגיסי טופו ברוטב בוטנים350גר קריספי טופו,גרמים,350.00,100 גרם,false,6,26.90,7.6857,true,1,39929
7290015673662,false,שניצלוני טופו 400גר,,IL,שניצלוני טופו 400גר ליב,גרמים,400.00,100 גרם,false,10,29.90,7.4750,true,1,42740
7290015695800,false,נבטי ברוקולי אורגני,,,נבטי ברוקולי אורגני,Unknown,0.00,Unknown,false,1,10.90,0.0000,true,1,24427
7290015695817,false,נבטי קייל אורגני,,,נבטי קייל אורגני,Unknown,0.00,Unknown,false,1,10.90,0.0000,true,1,24428
7290015695824,false,נבטי חרדל אורגני,,,נבטי חרדל אורגני,Unknown,0.00,Unknown,false,1,10.90,0.0000,true,1,24429
7290015695831,false,נבטי צנונית אורגני,,,נבטי צנונית אורגני,Unknown,0.00,Unknown,false,1,10.90,0.0000,true,1,24430
7290015695848,false,נבטי אלפלפא אורגני,,,נבטי אלפלפא אורגני,Unknown,0.00,Unknown,false,1,10.90,0.0000,true,1,24431
7290015695855,false,נבטי חמניה אורגני,,,נבטי חמניה אורגני,Unknown,0.00,Unknown,false,1,10.90,0.0000,true,1,24432
7290015695879,false,עשב חיטה אורגני,,,עשב חיטה אורגני,Unknown,0.00,Unknown,false,1,10.90,0.0000,true,1,24434
7290015695886,false,מיקס נבטים אורגני,,,מיקס נבטים אורגני,Unknown,0.00,Unknown,false,1,10.90,0.0000,true,1,24435
7290015695893,false,מיקס נבטוטים אורגני,,,מיקס נבטוטים אורגני,Unknown,0.00,Unknown,false,1,10.90,0.0000,true,1,24436
7290015695916,false,מיקס נבטים ענק אורגנ,,,מיקס נבטים ענק  אורגני,Unknown,0.00,Unknown,false,1,20.00,0.0000,true,1,24437
7290015695923,false,נבטים סיניים אורגני,,,נבטים סיניים אורגני,Unknown,0.00,Unknown,false,1,10.90,0.0000,true,1,24438
7290015695947,false,נבטי אפונה ירוקה לסל,,,נבטי אפונה ירוקה לסלט אורגני,Unknown,0.00,Unknown,false,1,10.90,0.0000,true,1,27681
7290015695961,false,מיקס עלי בייבי אורגנ,,,מיקס עלי בייבי אורגני,Unknown,0.00,Unknown,false,1,11.90,0.0000,true,1,32929
7290015733120,false,מטרנה גולד שלב 1  70,מטרנה,,מטרנה גולד שלב 1  700 גר,גרמים,700.00,100 גרם,false,1,79.90,11.4143,true,1,36863
7290015733144,false,מטרנה גולד שלב 2  70,מטרנה,,מטרנה גולד שלב 2  700 גר,גרמים,700.00,100 גרם,false,1,79.90,11.4143,true,1,36864
7290015781008,false,יין מרלו ויזן 750 מל,יקב טפרברג 1870,,יין מרלו ויזן 750 מל פקדון,מיליליטרים,750.00,"100 מ""ל",false,1,40.00,5.3333,true,1,20177
7290015781015,false,יין מלבק ויזן 750 מל,יקב טפרברג 1870,,יין מלבק ויזן 750 מל פקדון,מיליליטרים,750.00,"100 מ""ל",false,1,40.00,5.3333,true,1,20175
7290015781046,false,יין לבן חצי יבש 750,יקב טפרברג 1870,,יין לבן חצי יבש 750 מל פקדון,מיליליטרים,750.00,"100 מ""ל",false,1,40.00,5.3333,true,1,20180
7290015781053,false,יין לבן יבש 750 מל פ,יקב טפרברג 1870,,יין לבן יבש 750 מל פקדון,מיליליטרים,750.00,"100 מ""ל",false,1,40.00,5.3333,true,1,20181
7290015781091,false,יין קברנה סובניון  ו,יקב טפרברג 1870,,יין קברנה סובניון  ויזן 750 מל פקדון,מיליליטרים,750.00,"100 מ""ל",false,1,40.00,5.3333,true,1,20178
7290015781107,false,יין סנגובזה אימפרשיי,יקב טפרברג 1870,,יין סנגובזה אימפרשיין 750 מל,מיליליטרים,750.00,"100 מ""ל",false,1,45.00,6.0000,true,1,20187
7290015781114,false,יין מרלו אימפרשיין 7,יקב טפרברג 1870,,יין מרלו אימפרשיין 750 מל,מיליליטרים,750.00,"100 מ""ל",false,1,45.00,6.0000,true,1,20185
7290015781121,false,יין קברנה סובניון  א,יקב טפרברג 1870,,יין קברנה סובניון  אימפרשיין 750 מל,מיליליטרים,750.00,"100 מ""ל",false,1,45.00,6.0000,true,1,20188
7290015781152,false,יין רוזה אימפרשיין 7,יקב טפרברג 1870,,יין רוזה אימפרשיין 750 מל,מיליליטרים,750.00,"100 מ""ל",false,1,45.00,6.0000,true,1,20184
7290015781169,false,יין קברנה סובניון חצ,יקב טפרברג 1870,,יין קברנה סובניון חצי יבש אימפרשיין 750,מיליליטרים,750.00,"100 מ""ל",false,1,45.00,6.0000,true,1,20189
7290015781282,false,יין גוורצטרמינר אימפ,יקב טפרברג 1870,IL,יין גוורצטרמינר אימפרשיין 750,מיליליטרים,750.00,"100 מ""ל",false,1,45.00,6.0000,true,1,20192
7290015781299,false,יין שיראז ויזן 750 מ,יקב טפרברג 1870,,יין שיראז ויזן 750 מל פקדון,מיליליטרים,750.00,"100 מ""ל",false,1,40.00,5.3333,true,1,20179
7290015781305,false,יין סירה אימפרשיין 7,יקב טפרברג 1870,,יין סירה אימפרשיין 750 מל,מיליליטרים,750.00,"100 מ""ל",false,1,45.00,6.0000,true,1,20186
7290015781718,false,יין שרדונה אסנס 2016,יקב טפרברג 1870,,יין שרדונה אסנס 2016 750 מל,מיליליטרים,750.00,"100 מ""ל",false,1,65.00,8.6667,true,1,31517
7290015790000,false,גרגירי רימונים בקופס,,,גרגירי רימונים בקופסא,Unknown,0.00,Unknown,false,1,15.90,0.0000,true,1,20792
7290015821575,false,נר נשמה פחית פאלאס,,,נר נשמה פחית פאלאס,Unknown,0.00,Unknown,false,1,2.20,0.0000,true,1,61478
7290015839006,false,שטרודל תפוח עץ קפוא,,,שטרודל תפוח עץ קפוא,גרמים,500.00,100 גרם,false,1,26.90,5.3800,true,1,18373
7290015839013,false,שטרודל גבינה קפוא500,,,שטרודל גבינה קפוא,גרמים,500.00,100 גרם,false,1,26.90,5.3800,true,1,18374
7290015839020,false,שטרודל פרג קפוא,,,שטרודל פרג קפוא,גרמים,500.00,100 גרם,false,1,26.90,5.3800,true,1,18375
7290015839051,false,שטרודל תפוחי עץ קפוא,,IL,שטרודל תפוחי עץ קפוא ללא סוכר 500גר,גרמים,500.00,100 גרם,false,1,26.90,5.3800,true,1,48752
7290015839068,false,שטרודל פרג קפוא ללא,,IL,שטרודל פרג קפוא ללא סוכר 500גר,גרמים,500.00,100 גרם,false,1,26.90,5.3800,true,1,48754
7290015839075,false,שטרודל גבינה קפוא לל,,IL,שטרודל גבינה קפוא ללא סוכר 500גר,גרמים,500.00,100 גרם,false,1,26.90,5.3800,true,1,48753
7290015839099,false,שטרודל גבינה שוקו קפ,,IL,שטרודל גבינה שוקו קפוא 500גר,גרמים,500.00,100 גרם,false,1,26.90,5.3800,true,1,48756
7290015839273,false,שטרודל גבינה ודובדבן,,,שטרודל גבינה ודובדבן קפוא,Unknown,0.00,Unknown,false,1,38.00,0.0000,true,1,19427
7290015855013,false,פלפל טינקרבל יח,,,פלפל ביס מתוק  ארוז,Unknown,0.00,Unknown,false,1,10.00,0.0000,true,1,21810
7290015855037,false,פלפל צילי חריף,,,פלפל צילי חריף,Unknown,0.00,Unknown,false,1,8.00,0.0000,true,1,23242
7290015855051,false,מלפפון טעם של פעם יח,,,מלפפון טעם של פעם יח,Unknown,0.00,Unknown,false,1,10.00,0.0000,true,1,25570
7290015855143,false,שיני שום קלופות בנספ,,,שיני שום קלופות בנספק,Unknown,0.00,Unknown,false,1,12.00,0.0000,true,1,20789
7290015855228,false,אספרגוס יחידה,,,אספרגוס יחידה,Unknown,0.00,Unknown,false,1,25.00,0.0000,true,1,21865
7290015855938,false,עלי בייבי סלט 250 גר,,,עלי בייבי סלט 250 גר,Unknown,0.00,Unknown,false,1,11.90,0.0000,true,1,51415
7290015858106,false,ממרח פסטו ביתי 180גר,,IL,ממרח פסטו ביתי 180גרם על לחם,גרמים,180.00,100 גרם,false,12,16.90,9.3889,true,1,41646
7290015858113,false,ממרח עגבניות מיובשות,,IL,ממרח עגבניות מיובשות 180גרם על לחם,גרמים,180.00,100 גרם,false,12,16.90,9.3889,true,1,41651
7290015858144,false,ממרח ארטישוק 180גרם,,IL,ממרח ארטישוק 180גרם על לחם,גרמים,180.00,100 גרם,false,12,16.90,9.3889,true,1,41645
7290015858175,false,ממרח פלפלים קלויים,,IL,ממרח פלפלים קלויים  180גרם על לחם,גרמים,180.00,100 גרם,false,12,16.90,9.3889,true,1,41650
7290015858212,false,ממרח לימון כבוש 180ג,,IL,ממרח לימון כבוש 180גרם על לחם,גרמים,180.00,100 גרם,false,12,16.90,9.3889,true,1,41649
7290015858229,false,ממרח טפנד זיתי קלמנט,,IL,ממרח טפנד זיתי קלמנטה 180גרם על לחם,גרמים,180.00,100 גרם,false,12,16.90,9.3889,true,1,41647
7290015858243,false,ממרח צימצורי 180גרם,,IL,ממרח צימצורי 180גרם על לחם,גרמים,180.00,100 גרם,false,12,16.90,9.3889,true,1,41648
7290015858328,false,ממרח פסטו עללחם  295,,IL,ממרח פסטו עללחם  295 גרם,גרמים,295.00,100 גרם,false,6,16.90,5.7288,true,1,61931
7290015858434,false,שום כתוש 250 גרם על,,IL,שום כתוש 250 גרם על לחם,גרמים,250.00,100 גרם,false,12,13.90,5.5600,true,1,42741
7290015858441,false,ממרח עללחם אולי פלפל,,IL,ממרח עללחם אולי פלפלים 295 גרם,גרמים,295.00,100 גרם,false,6,16.90,5.7288,true,1,61932
7290015858687,false,ממרח עללחם אולי שום,,IL,ממרח עללחם אולי שום 295 גרם,גרמים,295.00,100 גרם,false,6,16.90,5.7288,true,1,61933
7290015858694,false,ממרח עללחם אולי שום,,IL,ממרח עללחם אולי שום לימון 295 גרם,גרמים,295.00,100 גרם,false,6,16.90,5.7288,true,1,61929
7290015865722,false,קונפיטורה תות שדה לי,ענבי ציון,IL,קונפיטורה תות שדה לייט ענבי ציון 400 גרם,גרמים,400.00,100 גרם,false,6,19.90,4.9750,true,1,57477
7290015865739,false,קונפיטורה אוכמניות ל,ענבי ציון,IL,קונפיטורה אוכמניות לייט ענבי ציון 400 גר,גרמים,400.00,100 גרם,false,6,19.90,4.9750,true,1,57478
7290015865746,false,קונפיטורה פירות יער,ענבי ציון,IL,קונפיטורה פירות יער לייט ענבי ציון400גרם,גרמים,400.00,100 גרם,false,6,19.90,4.9750,true,1,57479
7290015888196,false,שמן חמניות שוקחה 1 ל,,,שמן חמניות 1 ל,ליטרים,1.00,ליטר,false,1,12.90,12.9000,true,1,32386
7290015951159,false,יין ירדן פינו גרי 20,יקבי רמת הגולן,,יין ירדן פינו גרי 2016 750 מל,מיליליטרים,750.00,"100 מ""ל",false,1,75.00,10.0000,true,1,30809
7290015951227,false,יין גמלא סירה עברית,יקבי רמת הגולן,,יין גמלא השמורה סירה 2014 750 מל,מיליליטרים,750.00,"100 מ""ל",false,1,60.00,8.0000,true,1,36339
7290015951494,false,יין ירדן מלבק 750 מל,יקבי רמת הגולן,,יין ירדן מלבק 750 מל,מיליליטרים,750.00,"100 מ""ל",false,1,130.00,17.3333,true,1,31577
7290015951616,false,יין גמלא סנגובזה 750,יקבי רמת הגולן,,יין גמלא סנגובזה 2015 750 מל פקדון,מיליליטרים,750.00,"100 מ""ל",false,1,60.00,8.0000,true,1,32296
7290015968102,false,קיסמי שיניים רפואי ע,,CN,קיסמי שיניים רפואי עם חוט דנטלי 100 יח,Unknown,0.00,Unknown,false,12,10.90,0.0000,true,1,32103
7290015968140,false,אטב בעיצוב איטלקי 36,,CN,אטב בעיצוב איטלקי 36 יח,יחידה,36.00,יחידה,false,24,10.90,0.3028,true,1,32085
7290015968782,false,מארז 3יח פדים להסרת,F.H.P CO.LT,CN,מארז 3יח פדים להסרת איפור 80יח,יחידה,240.00,יחידה,false,12,13.90,0.0579,true,1,33204
7290015983006,false,שדות בר חסה רומית,,,שדות בר חסה רומית,קילוגרמים,1.00,"ק""ג",true,,30.00,30.0000,true,1,19426
7290015983013,false,שדות בר חסה אייסנברג,,,שדות בר חסה אייסנברג,קילוגרמים,1.00,"ק""ג",true,,30.00,30.0000,true,1,19830
7290015983051,false,שדות בר לוף/כרישה,,,שדות בר לוף/כרישה,קילוגרמים,1.00,"ק""ג",true,,30.00,30.0000,true,1,20523
7290015983075,false,שדות בר בצל ירוק,,,שדות בר בצל ירוק,קילוגרמים,1.00,"ק""ג",true,,30.00,30.0000,true,1,20520
7290015983082,false,שדות בר ירק,,,שדות בר ירק,קילוגרמים,1.00,"ק""ג",true,,30.00,30.0000,true,1,20522
7290015983129,false,שדות בר פלפלונים,,,שדות בר פלפלונים,קילוגרמים,1.00,"ק""ג",true,,30.00,30.0000,true,1,26272
7290015983136,false,שרי בלינדה,,,שרי בלינדה,קילוגרמים,1.00,"ק""ג",true,,30.00,30.0000,true,1,34719
7290015983143,true,מלפפון בייבי שדות בר,,,מלפפון בייבי שדות בר,קילוגרמים,1.00,"ק""ג",true,,30.00,30.0000,true,1,37196
7290015996983,false,ממתיק סוכרלוז 100 שק,,,ממתיק סוכרלוז 100 שקיקים 100 גרם,מיליליטרים,100.00,"100 מ""ל",false,1,27.90,27.9000,true,1,37106
7290016006292,false,נקטר ספרינג מנגו בננ,יפאורה,,נקטר ספרינג מנגו בננה מלון 1 ל בקרטון,ליטרים,1.00,ליטר,false,1,7.50,7.5000,true,1,23324
7290016006322,false,מים מינרליים מי עדן,יפאורה,,מים מינרליים מי עדן 1 ליטר,ליטרים,1.00,ליטר,false,1,3.50,3.5000,true,1,23935
7290016006339,false,מארז רביעיית מי עדן,יפאורה,,מארז רביעיית מי עדן 1 ליטר,ליטרים,4.00,ליטר,false,1,11.90,2.9750,true,1,23619
7290016006346,false,מארז שישיית סודה שוו,יפאורה,,מארז שישיית סודה שוופס 500 מל,ליטרים,3.00,ליטר,false,1,15.90,5.3000,true,1,22960
7290016035025,false,לחם פשתן פרוס 450 גר,,IL,לחם פשתן פרוס 450 גר,גרמים,450.00,100 גרם,false,12,24.90,5.5333,true,1,42275
7290016035032,false,לחמניות פשתן 250 גר,,IL,לחמניות פשתן 250 גר,גרמים,250.00,100 גרם,false,12,21.90,8.7600,true,1,42274
7290016077759,false,רוטב היינץ ברביקיו ק,היינץ,NL,רוטב היינץ ברביקיו קלאסי 480 גר,גרמים,480.00,100 גרם,false,10,16.90,3.5208,true,1,33166
7290016080551,false,מתבל עגבניות היינץ א,ה.י. היינץ,,מתבל עגבניות היינץ אורגני 580 גרם,גרמים,580.00,100 גרם,false,1,16.90,2.9138,true,1,25820
7290016092059,false,נוזל לניקוי פירות וי,,,נוזל לניקוי פירות וירקות אלסיום 400מל,מיליליטרים,400.00,"100 מ""ל",false,6,24.90,6.2250,true,1,46318
7290016114300,false,נייר טואלט לילי לבן,חוגלה קימברלי,,נייר טואלט לילי לבן דאבל 16 גלילים,יחידה,16.00,יחידה,false,1,37.90,2.3687,true,1,24904
7290016135541,false,אטריות ביצים אוריינט,פ.פ.ה טאביט,,פסטה ביצים אוריינט פוזילי 3צבעים400 גר,גרמים,400.00,100 גרם,false,1,12.90,3.2250,true,1,24953
7290016146004,false,קמח שקד מולבן 300 גר,שקד תבור,,קמח שקד מולבן 400 גרם,גרמים,300.00,100 גרם,false,1,27.90,9.3000,true,1,26056
7290016146103,false,סילאן טבעי לחיץ שקד,"אלמונדס בע""מ",IL,סילאן טבעי לחיץ שקד תבור 500 גרם,גרמים,500.00,100 גרם,false,12,15.00,3.0000,true,1,26053
7290016146110,false,סירופ חרובים לחיץ שק,"אלמונדס בע""מ",IL,סירופ חרובים לחיץ שקד תבור 500 גרם,גרמים,500.00,100 גרם,false,12,22.90,4.5800,true,1,26052
7290016146141,false,סירופ מייפל 100% אמי,ג'קו,,סירופ מייפל 100% אמיתי אורגני 330מל,מיליליטרים,250.00,"100 מ""ל",false,1,28.90,11.5600,true,1,26054
7290016146189,false,ממרח אגוזי מקדמיה200,שקד תבור,,ממרח אגוזי מקדמיה 195 גרם,גרמים,200.00,100 גרם,false,1,42.90,21.4500,true,1,39322
7290016146301,false,שמן בוטנים שקד תבור,שקד תבור,,שמן בוטנים 100% 250 מל,מיליליטרים,250.00,"100 מ""ל",false,1,14.90,5.9600,true,1,26058
7290016146400,false,שוקולד תבור 60% קקאו,לובקה,,שוקולד תבור 60% מריר 100 גרם,גרמים,100.00,100 גרם,false,1,15.90,15.9000,true,1,39348
7290016146431,false,שוקולד תבור 72% קקאו,לובקה,,שוקולד תבור 72% מריר 100 גרם,גרמים,100.00,100 גרם,false,1,15.90,15.9000,true,1,39350
7290016146455,false,שוקולד תבור 100% קקא,לובקה,,שוקולד תבור 100% מריר 100 גרם,גרמים,100.00,100 גרם,false,1,15.90,15.9000,true,1,39352
7290016146462,false,שוקולד תבור 88% קקאו,לובקה,,שוקולד תבור 88% קקאו אורגני 100 גרם,גרמים,100.00,100 גרם,false,1,15.90,15.9000,true,1,46488
7290016146509,false,גרנולה עשירה ללא סוכ,שקד תבור,,גרנולה עשירה ללא סוכר 500 גרם,גרמים,500.00,100 גרם,false,1,21.90,4.3800,true,1,31245
7290016146523,false,גרנולה הבית שקד תבור,שקד תבור,,גרנולה הבית שקד תבור 500 גרם,גרמים,500.00,100 גרם,false,1,21.90,4.3800,true,1,46489
7290016150865,false,תערובת מיזלי גרין בנ,וויטליה,MK,תערובת מיזלי גרין בננה תמר 1 קג,קילוגרמים,1.00,"ק""ג",false,10,25.90,25.9000,true,1,57930
7290016156256,false,קציצות עדשים כתומות,,IL,קציצות עדשים כתומות קישוא ובטטה 360גר,גרמים,360.00,100 גרם,false,6,21.90,6.0833,true,1,40207
7290016197488,false,מארז שלשיית מטליות ה,UFO,,מארז שלשיית מטליות הקסם ניקול לשיש,יחידה,3.00,יחידה,false,1,12.90,4.3000,true,1,22511
7290016197600,false,תחבושות דיפנד נורמל,חוגלה קימברלי,,תחבושות דיפנד נורמל 12 יחידות,יחידה,14.00,יחידה,false,1,19.90,1.4214,true,1,24468
7290016197617,false,תחבושות דיפנד אקסטרא,חוגלה קימברלי,,תחבושות דיפנד אקסטרא 10 יחידות,יחידה,10.00,יחידה,false,1,19.90,1.9900,true,1,24469
7290016197624,false,תחבושות דיפנד סופר 8,חוגלה קימברלי,,תחבושות דיפנד סופר 8 יחידות,יחידה,8.00,יחידה,false,1,19.90,2.4875,true,1,24470
7290016197839,false,שקיות אשפה חזקות אקס,UFO,,שקיות אשפה חזקות אקס אל 20 יח ניקול,יחידה,20.00,יחידה,false,1,24.90,1.2450,true,1,22514
7290016197877,false,שקיות אשפה פחי מטבח,UFO,,שקיות אשפה פחי מטבח קטנים 50 יח ניקול,יחידה,50.00,יחידה,false,12,21.90,0.4380,true,1,22515
7290016217643,false,סלט חמוצים סיני אסלי,סלטי שמיר,,סלט חמוצים סיני אסלי 400 גרם,גרמים,400.00,100 גרם,false,1,10.90,2.7250,true,1,24091
7290016217742,false,סלט חציל בטחינה 200,סלטי שמיר,,סלט חציל בטחינה 200 גרם גורמה,גרמים,200.00,100 גרם,false,1,10.90,5.4500,true,1,31418
7290016217759,false,סלט חציל מרוקאי 200ג,סלטי שמיר,,סלט חציל מרוקאי 200גר גורמה,גרמים,200.00,100 גרם,false,1,10.90,5.4500,true,1,31419
7290016217995,false,סלט ביצים עם אבוקדו,סלטי שמיר,,סלט ביצים עם אבוקדו 200גרם גורמה,גרמים,200.00,100 גרם,false,1,17.90,8.9500,true,1,31422
7290016233995,false,אנשובי בשמן זית 45 ג,,,אנשובי בשמן זית 45 גר בפח,Unknown,0.00,Unknown,false,1,4.90,0.0000,true,1,45263
7290016245929,false,לחם טחינה 450 גרם מא,,IL,לחם טחינה 450 גרם מאפיית ביכורים,גרמים,450.00,100 גרם,false,12,25.90,5.7556,true,1,56258
7290016246018,false,מארז 10 יח חלבה פינו,רושדי תעשיות מזון בע,,מארז 10 יח חלבה פינוקיםת 20 גר,גרמים,200.00,100 גרם,false,1,12.90,6.4500,true,1,22212
7290016246025,false,מארז 10 יח חלבה ללא,רושדי תעשיות מזון בע,,מארז 10 יח חלבה ללא סוכר 20 גר,גרמים,200.00,100 גרם,false,1,12.90,6.4500,true,1,22211
7290016246292,false,מארז7יח חטיף חלבה ונ,רושדי תעשיות מזון בע,,מארז7יח חטיף חלבה וניל לוז 18 גר,גרמים,126.00,100 גרם,false,1,11.90,9.4444,true,1,33151
7290016246308,false,מארז7יח חטיף חלבה ונ,רושדי תעשיות מזון בע,,מארז7יח חטיף חלבה וניל קוקוס  18 גר,גרמים,126.00,100 גרם,false,1,11.90,9.4444,true,1,33150
7290016246445,false,טחינה בארכה מעודנת ש,רושדי תעשיות מזון בע,,טחינה בארכה שומשום מלא 310 גרם,גרמים,310.00,100 גרם,false,1,12.90,4.1613,true,1,39243
7290016246773,false,טחינה בארכה מעודנת ז,רושדי תעשיות מזון בע,,טחינה בארכה מעודנת זעתר 310 גרם,גרמים,310.00,100 גרם,false,1,12.90,4.1613,true,1,49601
7290016248296,false,יין עמק חפר סובניון,"ישראל-יקב ויתקין בע""",IL,יין עמק חפר סובניון בלאן 750 מל,מיליליטרים,750.00,"100 מ""ל",false,1,60.00,8.0000,true,1,38209
7290016270709,false,עגבניות שרי אשכולות,,,עגבניות שרי אשכולות יח,Unknown,0.00,Unknown,false,1,9.90,0.0000,true,1,25945
7290016270907,false,ברוקולי ארוז במגשית,,,ברוקולי ארוז במגשית,Unknown,0.00,Unknown,false,1,9.90,0.0000,true,1,40694
7290016277630,false,צנובר 150 ג בקופסא ש,"דין שיווק וקלייה בע""",,צנובר 150 ג בקופסא ששון,גרמים,150.00,100 גרם,false,1,29.90,19.9333,true,1,25768
7290016277647,false,בננה מסוכרת 250 גר ב,"דין שיווק וקלייה בע""",,בננה מסוכרת 250 גר בקופסא ששון,גרמים,250.00,100 גרם,false,1,10.90,4.3600,true,1,25769
7290016277654,false,פיסטוק טבעי קלוף 150,"דין שיווק וקלייה בע""",,פיסטוק טבעי קלוף 150 ג בקופסא ששון,גרמים,150.00,100 גרם,false,1,30.00,20.0000,true,1,25770
7290016277678,false,שקד מולבן חצאים 200,"דין שיווק וקלייה בע""",,שקד מולבן חצאים 200 גר בקופסא,גרמים,200.00,100 גרם,false,1,21.90,10.9500,true,1,25773
7290016277685,false,שקד מולבן שבבים 200,"דין שיווק וקלייה בע""",,שקד מולבן שבבים 200 גר בקופסא,גרמים,200.00,100 גרם,false,1,21.90,10.9500,true,1,25774
7290016299618,false,שמפו קיק ארגניה 450מ,,,שמפו קיק ארגניה 450מל,מיליליטרים,450.00,"100 מ""ל",false,1,39.90,8.8667,true,1,51600
7290016299755,false,מרכך שיער קיק ארגניה,,,מרכך שיער קיק ארגניה 450מל,מיליליטרים,450.00,"100 מ""ל",false,1,39.90,8.8667,true,1,51601
7290016299885,false,מסכת שיער קיק ארגניה,,,מסכת שיער קיק ארגניה 500מל,מיליליטרים,500.00,"100 מ""ל",false,1,49.90,9.9800,true,1,51602
7290016319118,false,שעווה מתקלפת לפנים,ש.שוורץ,ES,שעווה מתקלפת לפנים  מגע הדבש 100גרם,גרמים,100.00,100 גרם,false,6,31.90,31.9000,true,1,50153
7290016319187,false,עוג.סנדוויץ טוסו  זו,אפיפית,,עוג.סנדוויץ טוסו  זוג שוקו 300 גר,גרמים,300.00,100 גרם,false,6,17.90,5.9667,true,1,46553
7290016319194,false,עוג.סנדוויץ טוסו  זו,אפיפית,,עוג.סנדוויץ טוסו  זוג שוקו וניל 300 גר,גרמים,300.00,100 גרם,false,6,17.90,5.9667,true,1,46551
7290016319200,false,עוג.סנדוויץ טוסו  זו,אפיפית,,עוג.סנדוויץ טוסו  זוג אוראו 300 גר,גרמים,300.00,100 גרם,false,6,17.90,5.9667,true,1,46554
7290016320343,false,זוג נוזל אסלה טואלט,SC Jonson,,זוג נוזל אסלה טואלט דאק 750 מל לבנדר,ליטרים,1.50,ליטר,false,1,19.90,13.2667,true,1,33024
7290016321326,false,אל סבון פמילי 1 ליטר,אינטרקוסמא,TR,אל סבון פמילי 1 ליטר מנדרינה לואיזה,ליטרים,1.00,ליטר,false,12,10.90,10.9000,true,1,57411
7290016321548,false,רצועות שעווה קמומיל,ש.שוורץ,,רצועות שעווה קמומיל 12+3 מגע המשי,יחידה,15.00,יחידה,false,1,21.90,1.4600,true,1,41044
7290016321661,false,מארז 4יח מגבוני פרש,,,מארז 4יח מגבוני פרש וואנס סנסטיב קר 64יח,יחידה,64.00,יחידה,false,1,15.90,0.2484,true,1,41949
7290016321890,false,מארז 3יח מגבוני פרשו,על בד,,מארז 3יח מגבוני פרשוואנס נייר טואלט 40יח,יחידה,120.00,יחידה,false,1,12.90,0.1075,true,1,42925
7290016329308,false,קרם רוזמרין סרקל לשי,פישר תעשיות,,קרם רוזמרין סרקל לשיער מתותל 340מל,מיליליטרים,340.00,"100 מ""ל",false,1,27.90,8.2059,true,1,31965
7290016370089,false,מלפפון 13-17 פיקנטי,,,מלפפון 13-17 פיקנטי יבנה 560 גרם,גרמים,560.00,100 גרם,false,1,10.90,1.9464,true,1,57622
7290016370096,false,זית מרוקאי מיובש גדו,,,זית מרוקאי מיובש גדול 340 גרם,גרמים,340.00,100 גרם,false,1,12.90,3.7941,true,1,57466
7290016370119,false,מלפפון במלח בינוני ט,,,מלפפון במלח בינוני טעם ביתי 540 גרם צנצנ,גרמים,540.00,100 גרם,false,1,9.90,1.8333,true,1,53130
7290016370225,false,תחתיות ארטישוק יבנה,קונסריוסאלגוזס,,תחתיות ארטישוק יבנה 440 גרם,גרמים,400.00,100 גרם,false,1,8.90,2.2250,true,1,53131
7290016370256,false,מארז 3 יח זית טבעות,,,מארז 3 יח זית טבעות ירוק200 גרם,גרמים,600.00,100 גרם,false,1,12.90,2.1500,true,1,51438
7290016370263,false,מארז 3 יח זית חרוזית,,,מארז 3 יח זית חרוזית 200 גרם,גרמים,600.00,100 גרם,false,1,12.90,2.1500,true,1,51225
7290016370270,false,זית קלמטה יווני מגול,,,זית קלמטה יווני מגולען 560 גרם,גרמים,560.00,100 גרם,false,12,12.90,2.3036,true,1,49405
7290016370300,false,זית קלמטה יווני שלם,,GR,זית קלמטה יווני שלם 560 גרם,גרמים,560.00,100 גרם,false,12,15.90,2.8393,true,1,50094
7290016370317,false,זית קלמטה יווני מגול,,GR,זית קלמטה יווני מגולען 560 גרם,גרמים,560.00,100 גרם,false,12,15.90,2.8393,true,1,50093
7290016370904,false,זית חרוזית ירוק יבנה,,,זית חרוזית ירוק יבנה 400 גרם,גרמים,400.00,100 גרם,false,1,6.90,1.7250,true,1,37862
7290016370911,false,זית ירוק טבעות יבנה,,,זית ירוק טבעות יבנה 400 גרם,גרמים,400.00,100 גרם,false,1,6.90,1.7250,true,1,37863
7290016370959,false,חציל קלוי על האש יבנ,קוזט אס.איי.פיין פוד,,חציל קלוי על האש יבנה 530 גר,גרמים,530.00,100 גרם,false,1,10.90,2.0566,true,1,25438
7290016370973,false,פלפל קלוי על האש יבנ,קוזט אס.איי.פיין פוד,,פלפל קלוי על האש יבנה 540 גר,גרמים,540.00,100 גרם,false,1,10.90,2.0185,true,1,25439
7290016372397,false,תה ירוק תפוז כורכום,תה ויסוצקי,,תה ירוק תפוז כורכום גינגר 1.5 ג 25 שק,יחידה,25.00,יחידה,false,1,24.90,0.9960,true,1,32347
7290016372458,false,תה גן הקסום לימונית,תה ויסוצקי,,תה גן הקסום לימונית לואיזה 50 שק,גרמים,75.00,100 גרם,false,1,33.50,44.6667,true,1,32349
7290016372489,false,חליטת גינגר ולימון 2,תה ויסוצקי,,חליטת גינגר ולימון 20 שקיקים,יחידה,25.00,יחידה,false,1,18.90,0.7560,true,1,32344
7290016372496,false,תה גן קסום גינגר דבש,תה ויסוצקי,,חליטת גינגר דבש 20 שקיקים,יחידה,25.00,יחידה,false,1,18.90,0.7560,true,1,32341
7290016381986,false,ערמונים אורגנים כרם,טאנגש'אן סיטי מייקדו,CN,ערמונים אורגנים כרם 100 גרם,גרמים,100.00,100 גרם,false,50,5.90,5.9000,true,1,38759
7290016387254,false,משטח לייבוש כלים דו,,CN,משטח לייבוש כלים דו צדדי שיין,יחידה,1.00,יחידה,false,24,6.90,6.9000,true,1,44894
7290016387339,false,מטליות מיקרופייבר גמ,,CN,מטליות מיקרופייבר גמבו לרצפה 60/90סמ 2יח,יחידה,2.00,יחידה,false,24,14.90,7.4500,true,1,44892
7290016387698,false,כריות יפניות עדינות,,CN,כריות יפניות עדינות 3יח פנינה,יחידה,3.00,יחידה,false,36,6.90,2.3000,true,1,44896
7290016387926,false,מפת שולחן  נצמדת עם,GUANGDONG,CN,מפת שולחן  נצמדת עם גומי היקפי 180/75,יחידה,1.00,יחידה,false,24,14.90,14.9000,true,1,39278
7290016408119,false,כעכים מלוחים טרליני,אפוליה פוד,,כעכים מלוחים טרליני קלאסי 225 גרם,גרמים,225.00,100 גרם,false,1,7.50,3.3333,true,1,24374
7290016408133,false,כעכים מלוחים טרליני,אפוליה פוד,,כעכים מלוחים טרליני בצל זיתים225 גרם,גרמים,225.00,100 גרם,false,1,7.50,3.3333,true,1,24378
7290016408157,false,כעכים מלוחים טרליני,אפוליה פוד,,כעכים מלוחים טרליני קמח מלא 225 גרם,גרמים,225.00,100 גרם,false,1,7.50,3.3333,true,1,24379
7290016408294,false,מרשמלו לבן ורוד כרמי,כרמית,,מרשמלו לבן ורוד כרמית 150 ג,גרמים,150.00,100 גרם,false,1,6.00,4.0000,true,1,28023
7290016408393,false,קרקר פניני דגנים עם,דוויטה ג'יי.אס.סי,,קרקר דגנים עם שומשום 130 גרם,גרמים,130.00,100 גרם,false,1,7.50,5.7692,true,1,25339
7290016408416,false,קרקר פניני דגנים עם,דוויטה ג'יי.אס.סי,,קרקר דגנים עם צילי 130 גרם,גרמים,130.00,100 גרם,false,1,7.50,5.7692,true,1,25335
7290016408423,false,קרקר פניני דגנים עם,דוויטה ג'יי.אס.סי,,קרקר דגנים עם זית שחור 130 גרם,גרמים,130.00,100 גרם,false,1,7.50,5.7692,true,1,25336
7290016408430,false,קרקר פניני דגנים עם,דוויטה ג'יי.אס.סי,,קרקר דגנים עם תבלינים 130 גרם,גרמים,130.00,100 גרם,false,1,7.50,5.7692,true,1,25337
7290016408447,false,קרקר פניני דגנים עם,דוויטה ג'יי.אס.סי,,קרקר דגנים עם עגבניות 130 גרם,גרמים,130.00,100 גרם,false,1,7.50,5.7692,true,1,25338
7290016408836,false,זוג שוקולד חלב כרמית,כרמית,,זוג שוקולד חלב כרמית ל.ס 170 גר,גרמים,170.00,100 גרם,false,1,10.90,6.4118,true,1,38672
7290016408980,false,מטבעות שוקולד חלב בר,כרמית,IL,מטבעות שוקולד חלב ברשת 36 גרם,Unknown,0.00,Unknown,false,35,4.50,0.0000,true,1,61575
7290016437508,false,נייר טואלט מולט לב א,חוגלה קימברלי,,נייר טואלט מולט לב אדום 24יח=48יח,יחידה,24.00,יחידה,false,1,37.90,1.5792,true,1,33756
7290016437621,false,חיתולי האגיס פרידום,,,חיתולי האגיס פרידום דריי פאנטס שלב4 36יח,יחידה,36.00,יחידה,false,1,49.90,1.3861,true,1,27330
7290016437645,false,חיתולי האגיס פרידום,,,חיתולי האגיס פרידום דריי פאנטס שלב5 34יח,יחידה,34.00,יחידה,false,1,49.90,1.4676,true,1,27331
7290016437652,false,חיתולי האגיס פרידום,,,חיתולי האגיס פרידום דריי פאנטס שלב6 30יח,יחידה,30.00,יחידה,false,1,49.90,1.6633,true,1,27332
7290016448795,false,משקה ציה בטעם קוקטיי,,,משקה ציה בטעם קוקטייל פירות 290מל פקדון,מיליליטרים,290.00,"100 מ""ל",false,24,6.90,2.3793,true,1,46331
7290016448832,false,קפה קר טעם אספרסו 25,,,קפה קר טעם אספרסו 250מל נאמבר 1,מיליליטרים,250.00,"100 מ""ל",false,24,6.60,2.6400,true,1,46342
7290016448856,false,קפה קר טעם טירמיסו 2,,,קפה קר טעם טירמיסו 250מל נאמבר 1,מיליליטרים,250.00,"100 מ""ל",false,24,6.60,2.6400,true,1,46344
7290016448870,false,שפרוטים בשמן צמחי150,,UA,שפרוטים בשמן צמחי 150 גרם,גרמים,150.00,100 גרם,false,36,5.90,3.9333,true,1,49303
7290016448887,false,שפרוטים בשמן צמחי240,,UA,שפרוטים בשמן צמחי240 גרם,גרמים,240.00,100 גרם,false,24,8.90,3.7083,true,1,49304
7290016448924,false,מקרל ריגה ברוטב עגבנ,,LV,מקרל ריגה ברוטב עגבניות 200 גרם,גרמים,200.00,100 גרם,false,24,7.90,3.9500,true,1,49312
7290016452129,false,פטל אדום בקופסא,,,פטל אדום בקופסא,Unknown,0.00,Unknown,false,1,29.90,0.0000,true,1,47309
7290016452143,false,אוכמניות יבוא רוח שת,,,אוכמניות יבוא רוח שתות 300 גרם,Unknown,0.00,Unknown,false,1,29.90,0.0000,true,1,48652
7290016452235,false,דומדומניות יבוא 125,,,דומדומניות יבוא 125 גרם רוח שתות,Unknown,0.00,Unknown,false,1,29.90,0.0000,true,1,61066
7290016509304,false,סבון אסלה כדוריות סו,,,סבון אסלה כדוריות סוד לבנדר,Unknown,0.00,Unknown,false,1,9.90,0.0000,true,1,29420
7290016509342,false,מארז שלישיית סבון אס,,,מארז שלישיית סבון אסלה כדוריות סוד כחול,יחידה,3.00,יחידה,false,1,14.90,4.9667,true,1,30884
7290016509786,false,נוזל כביסה גל פרסיל,הנקל,,נוזל כביסה גל פרסיל 2.5 ליטר ירוק,ליטרים,2.50,ליטר,false,1,29.90,11.9600,true,1,37283
7290016509809,false,נוזל כביסה גל פרסיל,הנקל,,נוזל כביסה גל פרסיל 2.5 ליטר קולור,ליטרים,2.50,ליטר,false,1,29.90,11.9600,true,1,37284
7290016509823,false,נוזל כביסה גל פרסיל,הנקל,,נוזל כביסה גל פרסיל 2.5 ליטר בלו,ליטרים,2.50,ליטר,false,1,29.90,11.9600,true,1,37285
7290016509847,false,נוזל כביסה גל פרסיל,הנקל,,נוזל כביסה גל פרסיל 2.5 ליטר בלאק,ליטרים,2.50,ליטר,false,1,29.90,11.9600,true,1,39099
7290016523171,false,סטימר עץ 12,Fujian fuzhou tian s,,סטימר עץ 12,Unknown,0.00,Unknown,false,1,75.00,0.0000,true,1,26004
7290016523188,false,סטימר עץ 10,Fujian fuzhou tian s,,סטימר עץ 10,Unknown,0.00,Unknown,false,1,60.00,0.0000,true,1,26005
7290016523195,false,סטימר עץ 8,Fujian fuzhou tian s,,סטימר עץ 8,Unknown,0.00,Unknown,false,1,45.00,0.0000,true,1,26006
7290016523508,false,לפתן ליצי בסירופ קל,,,לפתן ליצי בסירופ קל 567 גר,גרמים,567.00,100 גרם,false,1,8.90,1.5697,true,1,32530
7290016564006,false,ספוגית מבריקל  הפלא,,,ספוגית מבריקל  הפלא 3 יח,יחידה,3.00,יחידה,false,1,10.90,3.6333,true,1,38467
7290016564150,false,מטליות לחות מבריקל 1,,,מטליות לחות מבריקל 10יח,יחידה,10.00,יחידה,false,1,11.90,1.1900,true,1,38469
7290016564310,false,מבריקל ניילון  נצמד,,IL,מבריקל ניילון  נצמד זוג,יחידה,2.00,יחידה,false,1,11.90,5.9500,true,1,52903
7290016566185,false,בקבוק שתיה H2O,,CN,בקבוק שתיה H2O,יחידה,1.00,יחידה,false,1,34.90,34.9000,true,1,28204
7290016566871,false,בקבוק טרמי כוס מכסה,,,בקבוק טרמי כוס מכסה,יחידה,1.00,יחידה,false,1,69.90,69.9000,true,1,58729
7290016584004,true,חטיפוני גזר בשקית,,,חטיפוני גזר בשקית,Unknown,0.00,Unknown,false,1,6.90,0.0000,true,1,53332
7290016607345,false,יין רזרב שיראז דלתון,"יקב דלתון בע""מ",,יין רזרב שיראז דלתון 750 מל,מיליליטרים,750.00,"100 מ""ל",false,1,100.00,13.3333,true,1,43113
7290016607390,false,יין מרלו רזרב  דלתון,"יקב דלתון בע""מ",IL,יין מרלו רזרב  דלתון 750 מל,מיליליטרים,750.00,"100 מ""ל",false,1,100.00,13.3333,true,1,48984
7290016607406,false,יין קברנה סוביניון ר,"יקב דלתון בע""מ",,יין קברנה סוביניון רזרב 2016 750 מל,מיליליטרים,750.00,"100 מ""ל",false,1,100.00,13.3333,true,1,44018
7290016621013,false,קרם גוף קמיל בלו,פישר תעשיות,,קרם גוף קמיל בלו,מיליליטרים,500.00,"100 מ""ל",false,1,29.90,5.9800,true,1,26003
7290016663419,false,עוגיות דר מורינגה שו,,IL,עוגיות דר מורינגה שומשום קשיו 200 גרם,גרמים,200.00,100 גרם,false,12,21.90,10.9500,true,1,58990
7290016682182,false,משקה שייק תמר בננה מ,פרי ניב,IL,משקה שייק תמר בננה מופחת סוכר 1ל פרי ניב,ליטרים,1.00,ליטר,false,1,15.90,15.9000,true,1,37665
7290016682199,false,משקה שייק תות בננה מ,פרי ניב,IL,משקה שייק תות בננה מופחת סוכר 1ל פרי ניב,ליטרים,1.00,ליטר,false,1,15.90,15.9000,true,1,37667
7290016682250,false,מיץ תפוגזר 1ליטר פרי,פרי ניב,IL,מיץ תפוגזר 1ליטר פרי ניב,ליטרים,1.00,ליטר,false,1,16.90,16.9000,true,1,61403
7290016682342,false,מיץ תפוז וולנסיה 2לי,פרי ניב,IL,מיץ תפוז וולנסיה 2ליטר פרי ניב בק. פקדון,ליטרים,2.00,ליטר,false,1,22.90,11.4500,true,1,57065
7290016682359,false,מיץ תפוז שמוטי 2ליטר,פרי ניב,IL,מיץ תפוז שמוטי 2ליטר פרי ניב בק.פקדון,ליטרים,2.00,ליטר,false,1,22.90,11.4500,true,1,57066
7290016689792,false,מארז 4יח בירה מלכה,"בירה מלכה בע""מ",,מארז 4יח בירה מלכה  330מל+כוס,מיליליטרים,1320.00,"100 מ""ל",false,1,49.90,3.7803,true,1,38884
7290016689808,false,בירה  נגב אי פי איי,,,בירה  נגב אי פי איי 330 מל פקדון,מיליליטרים,330.00,"100 מ""ל",false,1,14.90,4.5152,true,1,39191
7290016717167,false,יין לבן חצי יבש  201,,,יין לבן חצי יבש  2015 שמיטה 750 מל,מיליליטרים,750.00,"100 מ""ל",false,1,60.00,8.0000,true,1,26304
7290016717631,false,יין מוסקטו פי סי לבן,כרמל מזרחי,,יין מוסקטו פי סי לבן  750 מל,מיליליטרים,750.00,"100 מ""ל",false,1,45.00,6.0000,true,1,35010
7290016717754,false,יין ישן נושן 750 מל,כרמל מזרחי,IL,יין ישן נושן 750 מל פקדון,מיליליטרים,750.00,"100 מ""ל",false,12,25.00,3.3333,true,1,36515
7290016732634,false,מברשת שיניים סנסודיי,גלקסוס סמית קליין,,מברשת שיניים סנסודיין דואל קר,Unknown,0.00,Unknown,false,1,19.90,0.0000,true,1,32483
7290016732672,false,מברשת שיניים סנסודיי,גלקסוס סמית קליין,,מברשת שיניים סנסודיין הגנה מלאה,Unknown,0.00,Unknown,false,1,19.90,0.0000,true,1,32748
7290016865943,false,אטריות ביצים אוריינט,פ.פ.ה טאביט,,אטריות ביצים אוריינט פטוציני 400 גרם,גרמים,400.00,100 גרם,false,1,12.90,3.2250,true,1,36511
7290016866643,false,מש.שיניים פרודונטקס,סמיתקליין ביצם,,מש.שיניים פרודונטקס פרש 75מל,Unknown,0.00,Unknown,false,1,29.90,0.0000,true,1,37279
7290016866650,false,מש.שיניים פרודונטקס,סמיתקליין ביצם,,מש.שיניים פרודונטקס אורגינל 75מל,Unknown,0.00,Unknown,false,1,29.90,0.0000,true,1,37278
7290016866667,false,מש.שיניים פרודונטקס,סמיתקליין ביצם,,מש.שיניים פרודונטקס פלאוריד 75מל,Unknown,0.00,Unknown,false,1,29.90,0.0000,true,1,37280
7290016866674,false,מש.שיניים פרודונטקס,סמיתקליין ביצם,,מש.שיניים פרודונטקס מלבינה 75מל,Unknown,0.00,Unknown,false,1,29.90,0.0000,true,1,37277
7290016866704,false,שמפו סטייל קרטין 750,א.ל. ארמן,,שמפו סטייל קרטין 750 מל,מיליליטרים,750.00,"100 מ""ל",false,1,26.90,3.5867,true,1,33229
7290016866711,false,מרכך סטייל קרטין 750,א.ל. ארמן,IL,מרכך סטייל קרטין 750 מל,מיליליטרים,750.00,"100 מ""ל",false,12,26.90,3.5867,true,1,33230
7290016867114,false,לחם קל כוסמין 500 גר,,IL,לחם קל כוסמין 500 גר דר מרק,גרמים,500.00,100 גרם,false,1,18.90,3.7800,true,1,48497
7290016995046,false,קמח טף טבעי 1 קג,,,קמח טף טבעי 1 קג,קילוגרמים,1.00,"ק""ג",false,1,21.90,21.9000,true,1,29664
7290016995053,false,קמח טפיוקה 500 גרם,,,קוביות זינגוויל אורגני 150 גר,גרמים,500.00,100 גרם,false,1,10.00,2.0000,true,1,38702
7290016995718,false,מחית אגס ותפוח אורגנ,,,מחית אגס ותפוח אורגני 100 גר,גרמים,100.00,100 גרם,false,18,4.90,4.9000,true,1,44788
7290017000534,false,יין שרדונה קסטל 2019,יקב קסטל,,יין שרדונה קסטל 2019 לבן 750 מל,גרמים,750.00,100 גרם,false,1,145.00,19.3333,true,1,46886
7290017020297,false,אבקת חלבון גיינר רבו,,IL,אבקת חלבון גיינר רבולושיין קפוצינו1.3קג,גרמים,1300.00,100 גרם,false,12,119.00,9.1538,true,1,44390
7290017023212,false,מארז 4יח שוופס פחית,,,מארז 4יח שוופס פחית מוגז פירות תפוח 330מ,מיליליטרים,1320.00,"100 מ""ל",false,1,12.90,0.9773,true,1,35563
7290017023229,false,מארז 4יח שוופס פחית,,,מארז 4יח שוופס פחית מוגז פירות תות 330מ,מיליליטרים,1320.00,"100 מ""ל",false,1,12.90,0.9773,true,1,35564
7290017023236,false,מארז 4יח שוופס פחית,,,מארז 4יח שוופס פחית מוגז ענבים 330מל,מיליליטרים,1320.00,"100 מ""ל",false,1,12.90,0.9773,true,1,35565
7290017023663,false,מארז 4יח שוופס מוגז,,,מארז 4יח שוופס מוגז פירות למונייד פח330מ,מיליליטרים,1320.00,"100 מ""ל",false,1,12.90,0.9773,true,1,38002
7290017023809,false,מארז 4יח ספרינג 250מ,,,מארז 4יח ספרינג 250מל אגס סברס תפוח,מיליליטרים,1000.00,"100 מ""ל",false,1,12.90,1.2900,true,1,41324
7290017023816,false,מארז 4יח ספרינג 250מ,,,מארז 4יח ספרינג 250מל פירות טרופיים,מיליליטרים,1000.00,"100 מ""ל",false,1,12.90,1.2900,true,1,41323
7290017023823,false,מארז 4יח ספרינג 250מ,,,מארז 4יח ספרינג 250מל תות בננה,מיליליטרים,1000.00,"100 מ""ל",false,1,12.90,1.2900,true,1,41322
7290017023854,false,מארז 4יח סודה שוופס,יפאורה,,מארז 4יח סודה שוופס 250מל,מיליליטרים,1000.00,"100 מ""ל",false,1,10.90,1.0900,true,1,40032
7290017023861,false,מארז 4יח סודה לימון,יפאורה,,מארז 4יח סודה לימון שוופס 250מל,מיליליטרים,1000.00,"100 מ""ל",false,1,10.90,1.0900,true,1,40033
7290017023878,false,מארז 4יח סודה נענע ל,יפאורה,,מארז 4יח סודה נענע ליים שוופס 250מל,מיליליטרים,1000.00,"100 מ""ל",false,1,10.90,1.0900,true,1,40034
7290017031156,false,דפי לזניה ללא גלוטן,,IT,דפי לזניה ללא גלוטן 250גר,גרמים,250.00,100 גרם,false,12,11.90,4.7600,true,1,41967
7290017031170,false,פתיתים על בסיס קמח ע,,IT,פתיתים על בסיס קמח עדשים ללא גלוטן 250,גרמים,250.00,100 גרם,false,12,11.90,4.7600,true,1,43168
7290017031477,false,מש.שיניים סנסודיין ר,,,מש.שיניים סנסודיין רפיד רליף הלבנה 75מל,גרמים,75.00,100 גרם,false,1,21.90,29.2000,true,1,41295
7290017031705,false,משחת שיניים סנסודיין,גלקסוס סמית קליין,SK,משחת שיניים סנסודיין קלין אנד פרש 75מל,גרמים,75.00,100 גרם,false,12,21.90,29.2000,true,1,39235
7290017031859,false,מש.שיניים פרודונטקס,סמיתקליין ביצם,,מש.שיניים פרודונטקס אולטרא קלין 75 מל,Unknown,0.00,Unknown,false,1,29.90,0.0000,true,1,39234
7290017040363,false,דונאטס אוראו 4יחידות,,,דונאטס אוראו 4יחידות 292 גרם,גרמים,292.00,100 גרם,false,13,29.90,10.2397,true,1,61309
7290017040370,false,דונאטס מילקה 4יחידות,,,דונאטס מילקה 4יחידות 260 גרם,גרמים,260.00,100 גרם,false,13,29.90,11.5000,true,1,61310
7290017044019,false,מטליות לחות לניקוי כ,טרופיקל דגיל,,מטליות לחות לניקוי כללי אסותא 400יח,יחידה,400.00,יחידה,false,1,18.90,0.0472,true,1,29937
7290017044071,false,מטליות לחות אסותא מב,טרופיקל דגיל,,מטליות לחות אסותא מבושם ניקוי כללי 400יח,יחידה,400.00,יחידה,false,1,18.90,0.0472,true,1,35696
7290017044293,false,מטליות לחות לרצפות,טרופיקל דגיל,,מטליות לחות לרצפות  אסותא 50יח בדלי,יחידה,50.00,יחידה,false,1,29.90,0.5980,true,1,40296
7290017058795,false,תירס גמדי שלם במי מל,אינדיה אגרו אקספורט,IN,תירס גמדי שלם במי מלח 340 גרם,גרמים,340.00,100 גרם,false,12,7.50,2.2059,true,1,52154
7290017059044,false,מעדן פרוביוטי 125גר,,IL,מעדן פרוביוטי 125גר ללא חלב תפוח חמוציות,גרמים,125.00,100 גרם,false,6,6.90,5.5200,true,1,53219
7290017065007,false,גבינת מוצרלה 200 גרם,מחלבות גד,,גבינת מוצרלה 150 גרם פרוסה,גרמים,200.00,100 גרם,false,1,18.90,9.4500,true,1,27487
7290017065137,false,גבינת ריקוטה למריחה,מחלבות גד,IL,גבינת ריקוטה למריחה 5% טבעית 200 גרם,גרמים,200.00,100 גרם,false,1,10.90,5.4500,true,1,33797
7290017065144,false,גבינת ריקוטה למריחה,מחלבות גד,IL,גבינת ריקוטה למריחה 5% בזיליקום 200 גרם,גרמים,200.00,100 גרם,false,1,10.90,5.4500,true,1,33799
7290017065168,false,גבינה כחולה 100 גרם,,,גבינה כחולה 100 גרם מחלבות גד,גרמים,100.00,100 גרם,false,1,17.90,17.9000,true,1,36380
7290017065212,false,קרם מסקרפונה 250גרם,,,קרם מסקרפונה 250גרם מחלבות גד,גרמים,250.00,100 גרם,false,1,21.90,8.7600,true,1,36386
7290017065236,false,גבינה בולגרית מעודנת,,,גבינה בולגרית מעודנת 24% 250גר גד,גרמים,250.00,100 גרם,false,1,24.90,9.9600,true,1,36384
7290017065311,false,גבינת מוצרלה מעושנת,מחלבות גד,IL,גבינת מוצרלה מעושנת 200גר מחלבות גד,גרמים,200.00,100 גרם,false,1,19.90,9.9500,true,1,36383
7290017065380,false,גבינת גרנה פדנו 100ג,מחלבות גד,IL,גבינת גרנה פדנו 100גר שבבים,גרמים,100.00,100 גרם,false,1,14.90,14.9000,true,1,40979
7290017065434,false,גבינת גאודה הולנדית,,NL,גבינת גאודה הולנדית 200גר מחלבות גד,גרמים,200.00,100 גרם,false,1,22.90,11.4500,true,1,43593
7290017065441,false,גבינת  גאודה  עיזים,,NL,גבינת  גאודה  עיזים 200גר מחלבות גד,גרמים,200.00,100 גרם,false,1,32.90,16.4500,true,1,43594
7290017065526,false,גבינת קוואטרו פורמאג,מחלבות גד,IL,גבינת קוואטרו פורמאגי 300גרם,גרמים,300.00,100 גרם,false,1,29.90,9.9667,true,1,41765
7290017065588,false,יוגורט יווני 600גר,מחלבות גד,IL,יוגורט יווני 600גר,גרמים,600.00,100 גרם,false,1,16.90,2.8167,true,1,45721
7290017065618,false,גבינת פקורינו 150גר,מחלבות גד,ES,גבינת פקורינו 150גר פרוס,גרמים,150.00,100 גרם,false,1,24.90,16.6000,true,1,45720
7290017065649,false,קרם פטיסייר 250גר,מחלבות גד,IL,קרם פטיסייר 250גר,גרמים,250.00,100 גרם,false,1,19.90,7.9600,true,1,45718
7290017065663,false,גבינה פטה עיזים 16%,,,גבינה פטה עיזים 16% מעודנת 250 גר,גרמים,250.00,100 גרם,false,6,30.90,12.3600,true,1,48296
7290017065694,false,סחלב 155גרם מחלבת גד,מחלבות גד,IL,סחלב 155גרם מחלבת גד,גרמים,155.00,100 גרם,false,12,5.90,3.8065,true,1,48799
7290017065731,false,גבינת שמנת כמהין 200,,,גבינת שמנת כמהין 200גר 30%,גרמים,200.00,100 גרם,false,1,13.50,6.7500,true,1,51552
7290017065762,false,גבינת מאנורי 100גרם,,GR,גבינת מאנורי 100גרם בסגנון יווני לצליה,גרמים,100.00,100 גרם,false,10,11.90,11.9000,true,1,58541
7290017065786,false,גבינת צדר אנגלית 210,מחלבות גד,,גבינת צדר אנגלית 210גרם מחלבות גד,גרמים,210.00,100 גרם,false,1,21.90,10.4286,true,1,57438
7290017065847,false,מוס מסקרפונה שוקולד,מחלבות גד,IL,מוס מסקרפונה שוקולד 250גר גד,גרמים,250.00,100 גרם,false,1,21.90,8.7600,true,1,59561
7290017065861,false,רוטב קאציו אה פפה פי,מחלבות גד,IL,רוטב קאציו אה פפה פיקורינו עם פלפל 200גר,גרמים,200.00,100 גרם,false,1,15.90,7.9500,true,1,59563
7290017065878,false,רוטב מק אנד ציז 200ג,מחלבות גד,IL,רוטב מק אנד ציז 200גר גד,גרמים,200.00,100 גרם,false,1,15.90,7.9500,true,1,59566
7290017094199,false,מעדן חצילים 200 גרם,סלטי שמיר,,מעדן חצילים 200 גרם גורמה,גרמים,200.00,100 גרם,false,1,10.90,5.4500,true,1,51402
7290017104034,false,לזניה טבעונית 300גר,,IL,לזניה טבעונית 300גר אותנטבעי,גרמים,300.00,100 גרם,false,1,24.90,8.3000,true,1,40141
7290017104072,false,עוגה בנוסח גבינה 300,,IL,עוגה בנוסח גבינה 300גר אותנטבעי,גרמים,300.00,100 גרם,false,1,24.90,8.3000,true,1,40144
7290017104089,false,פשטידת טופו מקרוני 2,,IL,פשטידת טופו מקרוני 250גר אותנטבעי,גרמים,250.00,100 גרם,false,1,24.90,9.9600,true,1,40142
7290017104119,false,סייטן בנוסח שניצלים,,IL,סייטן בנוסח שניצלים 350גר אותנטבעי,גרמים,350.00,100 גרם,false,1,29.90,8.5429,true,1,40139
7290017105062,false,חומוס שלם הקטניה הטו,זנלכל,IL,חומוס שלם הקטניה הטובה 200 גר 6 אונס,גרמים,200.00,100 גרם,false,18,4.50,2.2500,true,1,33113
7290017105079,false,שעועית אפויה הקטניה,זנלכל,IL,שעועית אפויה הקטניה הטובה 200 גר 6 אונס,גרמים,200.00,100 גרם,false,18,4.50,2.2500,true,1,33114
7290017105086,false,שעועית צילי הקטניה ה,זנלכל,IL,שעועית צילי הקטניה הטובה 200 גר 6 אונס,גרמים,200.00,100 גרם,false,18,4.50,2.2500,true,1,33116
7290017105116,false,תורמוס הקטניה הטובה,זנלכל,IL,תורמוס הקטניה הטובה 200 גר 6 אונס,גרמים,200.00,100 גרם,false,18,4.50,2.2500,true,1,33118
7290017105369,false,סירופ דיאט תה אפרסק,זנלכל,,סירופ דיאט תה אפרסק יכין 1 לי,ליטרים,1.00,ליטר,false,1,17.90,17.9000,true,1,41969
7290017105468,false,אפונה שלישייה 200 גר,קסקמט,,אפונה שלישייה 200 גרם,גרמים,200.00,100 גרם,false,1,14.90,7.4500,true,1,44339
7290017105895,false,גרגירי חומוס מסעדות,זנלכל,,גרגירי חומוס מסעדות 550 גרם,גרמים,550.00,100 גרם,false,1,9.90,1.8000,true,1,48422
7290017106069,false,קוביות סלק יכין 550,זנלכל,IL,קוביות סלק יכין 550 גרם,גרמים,550.00,100 גרם,false,12,9.90,1.8000,true,1,45845
7290017106465,false,יין ריזלינג וולקני 2,,IL,יין ריזלינג וולקני 2019 750 מל,מיליליטרים,750.00,"100 מ""ל",false,1,85.00,11.3333,true,1,46623
7290017121086,false,אריסה ביתית מתוקה 25,,IL,אריסה ביתית מתוקה 250 גרם עללחם,גרמים,250.00,100 גרם,false,12,13.90,5.5600,true,1,58094
7290017121093,false,אריסה חריפה 250 גרם,,IL,אריסה חריפה 250 גרם בפיתה,גרמים,250.00,100 גרם,false,12,13.90,5.5600,true,1,41654
7290017129310,false,טוסט פאניני קמח מלא,ניולט פוד,IT,טוסט פאניני קמח מלא 100 גרם,גרמים,100.00,100 גרם,false,1,6.90,6.9000,true,1,33852
7290017129532,false,לקקן כרמית תות 90 גר,שוגבי,,לקקן כרמית תות 90 גרם,Unknown,0.00,Unknown,false,1,5.90,0.0000,true,1,38439
7290017129754,false,שוקולד אגו 70% מריר,כרמית תעשיות ממתקים,IL,שוקולד אגו 70% מריר 100 גרם,גרמים,100.00,100 גרם,false,24,8.90,8.9000,true,1,45131
7290017129839,false,שוקולד אגו 70% מריר,כרמית תעשיות ממתקים,IL,שוקולד אגו 70% מריר עם פטל 100 גרם,גרמים,100.00,100 גרם,false,24,8.90,8.9000,true,1,60137
7290017129877,false,מיקס לקקנים שטוח 40,שוגבי,,לקקן כרמית ענבים תפוח 50 יח שקית,יחידה,40.00,יחידה,false,1,12.90,0.3225,true,1,38437
7290017142111,false,פתיתי טונה טו גו בשמ,"יוניקורד ח.צ בע""מ",TH,פתיתי טונה טו גו בשמן זית 85 גר,Unknown,0.00,Unknown,false,12,9.90,0.0000,true,1,37609
7290017142128,false,שמן זית קלאסי עץ הזי,שמן תעשיות,,שמן זית קלאסי עץ הזית 750 מל,מיליליטרים,750.00,"100 מ""ל",false,1,34.90,4.6533,true,1,35479
7290017142180,false,פילה טונה בשמן זית ל,"יוניקורד ח.צ בע""מ",TH,פילה טונה בשמן זית לימון פלפל שחו120 גרם,גרמים,120.00,100 גרם,false,12,14.90,12.4167,true,1,41512
7290017142203,false,פילה טונה מעושן בשמן,"יוניקורד ח.צ בע""מ",TH,פילה טונה מעושן בשמן זית120 גרם,גרמים,120.00,100 גרם,false,12,14.90,12.4167,true,1,41511
7290017142234,false,פתיתי טונה טו גו בשמ,"יוניקורד ח.צ בע""מ",TH,פתיתי טונה טו גו בשמן זית מעושן 85 גר,Unknown,0.00,Unknown,false,12,9.90,0.0000,true,1,42259
7290017142289,false,תרסיס שמן חמניות 200,שמן תעשיות,,תרסיס שמן חמניות. 200 מל עץ הזית,מיליליטרים,200.00,"100 מ""ל",false,1,15.90,7.9500,true,1,40470
7290017142388,false,שמן חמניות פלוס אומג,שמן תעשיות,,שמן חמניות פלוס אומגה 3עץ הזית 1ל,ליטרים,1.00,ליטר,false,1,16.90,16.9000,true,1,42261
7290017180588,false,ריבת בצל יין אדום וס,,IL,ריבת בצל יין אדום וסויה דודה ברטה 250 גר,גרמים,250.00,100 גרם,false,9,18.90,7.5600,true,1,59866
7290017201016,false,שקיות אשפה 25 יח עבו,פרסט פלסט,TR,שקיות אשפה 25 יח עבות וחזקות 75/90 900גר,יחידה,25.00,יחידה,false,1,12.90,0.5160,true,1,31356
7290017201405,false,סכיני עץ חד פעמי מתכ,,IN,סכיני עץ חד פעמי מתכלה 50יח,יחידה,50.00,יחידה,false,50,8.90,0.1780,true,1,50681
7290017201412,false,מזלגות עץ חד פעמי מת,,IN,מזלגות עץ חד פעמי מתכלה 50יח,יחידה,50.00,יחידה,false,50,8.90,0.1780,true,1,50680
7290017201429,false,כפות עץ חד פעמי מתכל,,IN,כפות עץ חד פעמי מתכלה 50יח,יחידה,50.00,יחידה,false,50,8.90,0.1780,true,1,50679
7290017201566,false,קשים מנייר מתכלה 100,,,קשים מנייר מתכלה 100יח,יחידה,100.00,יחידה,false,50,7.90,0.0790,true,1,50795
7290017201610,false,צלחות עלי דקל חד פעמ,,IN,צלחות עלי דקל חד פעמי מרובעת 9אינץ 10יח,יחידה,10.00,יחידה,false,24,15.90,1.5900,true,1,48013
7290017201627,false,צלחות עלי דקל חד פעמ,,IN,צלחות עלי דקל חד פעמי מרובעת 8אינץ 10יח,יחידה,10.00,יחידה,false,24,13.90,1.3900,true,1,48012
7290017201689,false,צלחות קנה סוכר חד פע,,IN,צלחות קנה סוכר חד פעמי מרובעת 8אינץ20יח,יחידה,20.00,יחידה,false,24,10.90,0.5450,true,1,55806
7290017201719,false,קעריות מקנה סוכר 6 א,,,קעריות מקנה סוכר 6 אינץ 20יח,יחידה,20.00,יחידה,false,30,6.90,0.3450,true,1,50796
7290017201801,false,צלחות קנה סוכר חד פע,,IN,צלחות קנה סוכר חד פעמי עגולה 20יח 6אינץ,יחידה,20.00,יחידה,false,50,4.90,0.2450,true,1,48025
7290017201832,false,צלחות קנה סוכר חד פע,,IN,צלחות קנה סוכר חד פעמי עגולה 20יח 9אינץ,יחידה,20.00,יחידה,false,25,9.90,0.4950,true,1,48027
7290017201849,false,צלחת חד פעמי מחולקת,,IN,צלחת חד פעמי מחולקת ל3 9אינץ קנה סוכר,יחידה,20.00,יחידה,false,25,9.90,0.4950,true,1,48029
7290017201856,false,צלחות קנה סוכר חד פע,,IN,צלחות קנה סוכר חד פעמי עגולה 20יח 10אינץ,יחידה,20.00,יחידה,false,25,12.90,0.6450,true,1,48028
7290017217239,false,קליפס  לסגירת שקיות,הוסטס,CN,קליפס  לסגירת שקיות 20יח,יחידה,20.00,יחידה,false,12,10.90,0.5450,true,1,39266
7290017217437,false,מארז 3 יח סבון אסלה,הוסטס,CN,מארז 3 יח סבון אסלה מבושם בניחוח פרחים,יחידה,3.00,יחידה,false,1,10.90,3.6333,true,1,38708
7290017217444,false,מארז 3 יח סבון אסלה,הוסטס,CN,מארז 3 יח סבון אסלה מבושם בניחוח לבנדר,יחידה,3.00,יחידה,false,1,10.90,3.6333,true,1,38709
7290017217468,false,שקיות אוכל מנייר 50,,PL,שקיות אוכל מנייר 50 יחידות,יחידה,50.00,יחידה,false,12,6.90,0.1380,true,1,41132
7290017217727,false,שיפודי במבוק 100 יח,,,שיפודי במבוק 100 יח 18סמ יקיטורי,יחידה,100.00,יחידה,false,1,11.90,0.1190,true,1,43650
7290017217796,false,אטבי כביסה  מקושטים,הוסטס,CN,אטבי כביסה  מקושטים 24 יח הוסטס,יחידה,24.00,יחידה,false,1,13.90,0.5792,true,1,43165
7290017232218,false,לחם איטסיין קלאסי 43,,,לחם איטסיין קלאסי 430גר,גרמים,430.00,100 גרם,false,9,22.90,5.3256,true,1,60047
7290017232225,false,לחם איטסיין גלילי 45,,,לחם איטסיין גלילי 450גר,גרמים,450.00,100 גרם,false,9,22.90,5.0889,true,1,60046
7290017266053,false,וופל עלמה קראנץ לימו,גילרו,,וופל עלמה קראנץ לימון ל.ס. 175 גרם,גרמים,175.00,100 גרם,false,1,7.90,4.5143,true,1,35401
7290017266060,false,וופל עלמה קראנץ שוקו,גילרו,,וופל עלמה קראנץ שוקולד ל.ס. 175 גרם,גרמים,175.00,100 גרם,false,1,7.90,4.5143,true,1,35400
7290017266343,false,וופל עלמה קראנץ קרם,גילרו,,וופל עלמה קרם שוקולד 150 גרם,גרמים,150.00,100 גרם,false,1,3.50,2.3333,true,1,42511
7290017266527,false,וופל עלמה קראנץ קרם,גילרו,,וופל עלמה קראנץ קרם אגוז 150 גרם,גרמים,150.00,100 גרם,false,1,3.50,2.3333,true,1,43842
7290017266916,false,וופל סאן קרם לימון 2,גילרו,IL,וופל סאן קרם לימון 200 גרם,גרמים,200.00,100 גרם,false,1,4.90,2.4500,true,1,60736
7290017289403,false,יין אסנס מלבק 2017 7,טפרברג,,יין מלבק סנס 750 מל,מיליליטרים,750.00,"100 מ""ל",false,1,115.00,15.3333,true,1,49902
7290017289601,false,יין בלנד לבן 150 שנה,יקב טפרברג 1870,IL,יין בלנד לבן 150 שנה אימפרשיין 750 מל,מיליליטרים,750.00,"100 מ""ל",false,6,45.00,6.0000,true,1,46523
7290017289618,false,יין פטיט סירה 150 שנ,יקב טפרברג 1870,IL,יין פטיט סירה 150 שנה אימפרשיין 750 מל,מיליליטרים,750.00,"100 מ""ל",false,6,45.00,6.0000,true,1,46522
7290017325323,false,מיקס כוסמת אורז מלא,,IL,מיקס כוסמת אורז מלא אדום אורגני 250גר הר,גרמים,250.00,100 גרם,false,8,13.90,5.5600,true,1,46151
7290017325330,false,מיקס דגנים ועדשים או,,IL,מיקס דגנים ועדשים אורגני 250גר הרדוף,גרמים,250.00,100 גרם,false,8,13.90,5.5600,true,1,46150
7290017325378,false,מיקס בורגול דוחן אור,,IL,מיקס בורגול דוחן אורז אדום 250גר הרדוף,גרמים,250.00,100 גרם,false,8,13.90,5.5600,true,1,46149
7290017325477,false,רסק עגבניות אורגני 1,,,רסק עגבניות אורגני 100 גר הרדוף,גרמים,100.00,100 גרם,false,90,3.90,3.9000,true,1,49759
7290017325583,false,קוסקוס כוסמין  מלא א,,,קוסקוס כוסמין  מלא אורגני 350 גר הרדוף,גרמים,350.00,100 גרם,false,1,14.90,4.2571,true,1,44278
7290017325606,false,משקה אורז אורגני 1 ל,,,משקה אורז אורגני 1 לי הרדוף,ליטרים,1.00,ליטר,false,1,12.90,12.9000,true,1,46808
7290017325613,false,משקה שבולת שועל אורג,,,משקה שבולת שועל אורגני 1 לי הרדוף,ליטרים,1.00,ליטר,false,1,12.90,12.9000,true,1,46807
7290017325620,false,משקה אורז שקד אורגני,,,משקה אורז שקד אורגני ללס/גלוטן  לי הרדוף,ליטרים,1.00,ליטר,false,1,12.90,12.9000,true,1,46806
7290017325644,false,אורז שחור אורגני 500,,,אורז שחור אורגני 500 גר הרדוף,גרמים,500.00,100 גרם,false,12,24.90,4.9800,true,1,48294
7290017325668,false,עדשים מנומרות צרפתיו,,IL,עדשים מנומרות צרפתיות אורגני הרדוף 500גר,גרמים,500.00,100 גרם,false,6,14.90,2.9800,true,1,48651
7290017325811,false,שעועית בובס אורגני ה,,,שעועית בובס אורגני הרדוף 400 גר,גרמים,400.00,100 גרם,false,12,10.90,2.7250,true,1,55250
7290017325910,false,קורנפלקס אורגני 375ג,,,קורנפלקס אורגני 375גרם ל.תוספת סוכר הרדו,גרמים,375.00,100 גרם,false,1,18.90,5.0400,true,1,60666
7290017325927,false,ברנפלקס אורגני 375גר,,,ברנפלקס אורגני 375גרם ל.תוספת סוכר הרדוף,גרמים,375.00,100 גרם,false,1,18.90,5.0400,true,1,60667
7290017325941,false,טחינה אורגנית 450 גר,,,טחינה אורגנית 450 גר הרדוף,גרמים,450.00,100 גרם,false,1,17.90,3.9778,true,1,61625
7290017325958,false,קמח שלושה דגנים מלא,,,קמח שלושה דגנים מלא אורגני 1 קג הרדוף,קילוגרמים,1.00,"ק""ג",false,12,19.90,19.9000,true,1,59668
7290017374727,false,מברשת אבק מיקרופייבר,,CN,מברשת אבק מיקרופייבר מהודרת,יחידה,1.00,יחידה,false,48,9.90,9.9000,true,1,44948
7290017386027,false,חמאת בוטנים כרם קראנ,,IN,חמאת בוטנים כרם קראנצי 510 גרם,גרמים,510.00,100 גרם,false,12,12.90,2.5294,true,1,47720
7290017386041,false,חמאת בוטנים כרם קלאס,,IN,חמאת בוטנים כרם קלאסית 510 גרם,גרמים,510.00,100 גרם,false,12,12.90,2.5294,true,1,47719
7290017386119,false,קמח כוסמין 100%מלא כ,עץ השדה,,"קמח כוסמין 100%מלא כרם 1 ק""ג",קילוגרמים,1.00,"ק""ג",false,1,11.90,11.9000,true,1,38095
7290017386126,false,קמח כוסמין70%מלא כרם,עץ השדה,,"קמח כוסמין70%מלא כרם 1 ק""ג",קילוגרמים,1.00,"ק""ג",false,1,11.90,11.9000,true,1,38096
7290017386140,false,קמח חיטה 70% מלא כרם,עץ השדה,,קמח חיטה 70% מלא כרם 1 קג,קילוגרמים,1.00,"ק""ג",false,1,10.90,10.9000,true,1,38099
7290017386157,false,קמח כוסמין לבן כרם 1,עץ השדה,,"קמח כוסמין לבן כרם 1 ק""ג",קילוגרמים,1.00,"ק""ג",false,1,11.90,11.9000,true,1,38097
7290017386263,false,סירופ מייפל 100% טהו,,DK,סירופ מייפל 100% טהור כרם 250 מל,מיליליטרים,250.00,"100 מ""ל",false,12,26.90,10.7600,true,1,47718
7290017386478,false,שמן זרעי ענבים מזוכך,,IT,שמן זרעי ענבים מזוכך כרם 1 ל,ליטרים,1.00,ליטר,false,12,34.90,34.9000,true,1,52207
7290017386867,false,סירופ חרוב טבעי כרם,,TR,סירופ חרוב טבעי כרם 400 מל,מיליליטרים,400.00,"100 מ""ל",false,6,16.90,4.2250,true,1,41518
7290017386942,false,קרם קוקוס אורגני 20-,,,קרם קוקוס אורגני 20-22% שומן 400 מל,מיליליטרים,400.00,"100 מ""ל",false,12,10.00,2.5000,true,1,45125
7290017386973,false,תמר מגהול סופר גמבו,כרם תעשיות,IL,תמר מגהול סופר גמבו כרם 1 קג,קילוגרמים,1.00,"ק""ג",false,1,44.90,44.9000,true,1,43513
7290017389011,false,מנגו מיובש ללא סוכר,"דין שיווק וקלייה בע""",,מנגו מיובש ללא סוכר 160 גרם קופסא,גרמים,160.00,100 גרם,false,1,16.90,10.5625,true,1,34000
7290017389028,false,אננס מיובש ללא סוכר1,"דין שיווק וקלייה בע""",,אננס מיובש ללא סוכר160 גרם בקופסא,גרמים,160.00,100 גרם,false,1,16.90,10.5625,true,1,34008
7290017457581,false,מרכך כביסה סוד מרוכז,הנקל,IL,מרכך כביסה סוד מרוכז קוקוס 900מל פורמולה,מיליליטרים,900.00,"100 מ""ל",false,12,11.90,1.3222,true,1,43151
7290017457598,false,מרכך כביסה סוד מרוכז,הנקל,IL,מרכך כביסה סוד מרוכז קיץ 900מל פורמולה,מיליליטרים,900.00,"100 מ""ל",false,12,11.90,1.3222,true,1,43152
7290017457734,false,מרכך כביסה סוד מרוכז,הנקל,IL,מרכך כביסה סוד מרוכז ורוד 900מל פורמולה,מיליליטרים,900.00,"100 מ""ל",false,12,11.90,1.3222,true,1,41549
7290017457932,false,מרכך כביסה סוד מרוכז,הנקל,IL,מרכך כביסה סוד מרוכז 900מל פרש קונטרול,מיליליטרים,900.00,"100 מ""ל",false,12,11.90,1.3222,true,1,49412
7290017457949,false,א.כביסה פרסיל 2.5 קג,,,א.כביסה פרסיל 2.5 קג תינוקות ועור רגיש,קילוגרמים,2.50,"ק""ג",false,1,19.90,7.9600,true,1,48194
7290017460031,false,פירורי לחם שום ועשבי,נווה התבלין,IL,פירורי לחם שום ועשבי תיבול 400 גרם,גרמים,400.00,100 גרם,false,24,11.90,2.9750,true,1,38594
7290017460062,false,פירורי לחם קייגון400,נווה התבלין,IL,פירורי לחם קייגון400 גרם,גרמים,400.00,100 גרם,false,24,11.90,2.9750,true,1,38596
7290017460093,false,פירורי לחם שומשום וק,נווה התבלין,IL,פירורי לחם שומשום וקצח 400 גרם,גרמים,400.00,100 גרם,false,24,11.90,2.9750,true,1,38597
7290017469003,false,יין פטי ורדו כשר 201,יקב שטרן,IL,יין פטי ורדו כשר 2017 750 מל,מיליליטרים,750.00,"100 מ""ל",false,6,100.00,13.3333,true,1,45100
7290017477091,false,מיקס פירות ואגוזים 2,"דין שיווק וקלייה בע""",,מיקס פירות ואגוזים 250 ג מחיר מוטבע,גרמים,250.00,100 גרם,false,1,20.00,8.0000,true,1,36818
7290017477244,false,שקד טחון שקדיה 180 ג,,,שקד טחון שקדיה 180 גרם בקופסא,גרמים,180.00,100 גרם,false,1,19.90,11.0556,true,1,37672
7290017477251,false,שקד פרוס שקדיה 180 ג,,,שקד פרוס שקדיה 180 גרם בקופסא,גרמים,180.00,100 גרם,false,1,19.90,11.0556,true,1,37674
7290017477268,false,שקד שבבים שקדיה 180,,,שקד שבבים שקדיה 180 גרם בקופסא,גרמים,180.00,100 גרם,false,1,19.90,11.0556,true,1,37675
7290017477275,false,גרעיני חמניה קלופים,,,גרעיני חמניה קלופים קלויים שקדיה 200 גרם,גרמים,200.00,100 גרם,false,1,9.90,4.9500,true,1,37678
7290017477282,false,גרעיני שלעת קלופים ק,,,גרעיני שלעת קלופים קלויים שקדיה 200 גרם,גרמים,200.00,100 גרם,false,1,9.90,4.9500,true,1,37679
7290017477299,false,תערובת געלה שקדיה 20,,,תערובת געלה שקדיה 200 גרם,גרמים,200.00,100 גרם,false,1,9.90,4.9500,true,1,37680
7290017477596,false,תמר מגהול ענק 400 גר,"שקדיה גבע תעשיות בע""",IL,תמר מגהול אקסטרא ענק 400 גרם שקדיה,גרמים,400.00,100 גרם,false,12,19.90,4.9750,true,1,49804
7290017504001,false,פטריות שמפניון 250 ג,,,פטריות שמפניון 250 ג,Unknown,0.00,Unknown,false,1,9.90,0.0000,true,1,35240
7290017504025,false,פטריות פורטובלה יח,,,פטריות פורטובלה יח,Unknown,0.00,Unknown,false,1,11.90,0.0000,true,1,36557
7290017513775,false,בייגלה פליפז שוקולד,,,בייגלה פליפז שוקולד חלב 140 גרם,גרמים,140.00,100 גרם,false,1,8.90,6.3571,true,1,48588
7290017513782,false,בייגלה פליפז שוקולד,,,בייגלה פליפז שוקולד מריר 140 גרם,גרמים,140.00,100 גרם,false,1,8.90,6.3571,true,1,48587
7290017516295,false,חטיפי בריאות פרוטאין,,,חטיפי פרוטאין אגוז שוקולד 50 גר,Unknown,0.00,Unknown,false,1,10.90,0.0000,true,1,47088
7290017516332,false,חטיפי בריאות פרוטאין,,,חטיפי בריאות פרוטאין חמאת בוטנים 50 גר,Unknown,0.00,Unknown,false,1,10.90,0.0000,true,1,47090
7290017516448,false,חטיפי בריאות קוקוס ת,,,חטיפי בריאות קוקוס תמר שקד פנגיאה 300גר,גרמים,300.00,100 גרם,false,1,29.90,9.9667,true,1,47092
7290017516479,false,חטיפי בריאות פנגיאה,,,חטיפי בריאות פנגיאה  וניל פרוטאין 50 גר,Unknown,0.00,Unknown,false,1,10.90,0.0000,true,1,47805
7290017589633,false,יין רזרב קברנה גולד,,,יין רזרב קברנה גולד 750 מל,מיליליטרים,750.00,"100 מ""ל",false,1,45.00,6.0000,true,1,40364
7290017599250,false,סוכרזית קלאסי 120 שק,ביסקול בעמ,IL,סוכרזית קלאסי 120 שקיות,גרמים,120.00,100 גרם,false,12,16.90,14.0833,true,1,60299
7290017599267,false,סוכרזית סוכרלוז 120ש,ביסקול בעמ,IL,סוכרזית סוכרלוז 120שקיות,גרמים,120.00,100 גרם,false,12,24.90,20.7500,true,1,60300
7290017599274,false,סוכרזית סטיוויה 120,ביסקול בעמ,IL,סוכרזית סטיוויה 120 שקיות,גרמים,12000.00,100 גרם,false,12,29.90,0.2492,true,1,61974
7290017617046,false,מארז4יח טונה סטארקיס,סטארקיסט,,מארז4יח טונה סטארקיסט בשמן זית140גר,גרמים,560.00,100 גרם,false,1,29.90,5.3393,true,1,44499
7290017617077,false,טונה סטארקיסט טו גו,סטארקיסט,,טונה סטארקיסט טו גו פלפל וצילי 80 גרם,Unknown,0.00,Unknown,false,24,9.90,0.0000,true,1,47553
7290017617084,false,מיקס טונה טו גו עם ש,סטארקיסט,,מיקס טונה טו גו עם שעועית 185 גרם,גרמים,185.00,100 גרם,false,24,12.90,6.9730,true,1,50937
7290017617091,false,מיקס טונה טו גו עם פ,סטארקיסט,,מיקס טונה טו גו עם פתיתים 185 גרם,גרמים,185.00,100 גרם,false,24,12.90,6.9730,true,1,50938
7290017617107,false,מיקס טונה טו גו עם 4,סטארקיסט,,מיקס טונה טו גו עם 4דגנים 185 גרם,גרמים,185.00,100 גרם,false,24,12.90,6.9730,true,1,50939
7290017617138,false,מארז4 טונה סטארקיסט,סטארקיסט,,מארז 4 טונה סטארקיסט שמן קנולה ד.נ 160 ג,גרמים,640.00,100 גרם,false,1,25.90,4.0469,true,1,50425
7290017617275,false,מארז 3יח ממרח טונה ס,,,מארז 3יח ממרח טונה סטארקיסט 160 גרם,גרמים,540.00,100 גרם,false,1,23.90,4.4259,true,1,56499
7290017617411,false,מיקס נתחי סלמון אורז,,PL,מיקס נתחי סלמון אורז ירקות 160 גרם,גרמים,160.00,100 גרם,false,8,15.90,9.9375,true,1,60186
7290017617435,false,מיקס נתחי סלמון עדשי,,PL,מיקס נתחי סלמון עדשים וקינואה 160 גרם,גרמים,160.00,100 גרם,false,8,15.90,9.9375,true,1,60185
7290017619071,false,בקבוק שתיה טרמי יפני,,,בקבוק שתיה טרמי יפני 500מל,יחידה,1.00,יחידה,false,1,59.90,59.9000,true,1,45402
7290017628011,false,משטח תצוגה,גליקסמן,,משטח תצוגה,יחידה,1.00,יחידה,false,1,60.00,60.0000,true,1,37569
7290017628073,false,ביצי חופש 20יח אקסטר,גליקסמן,,ביצי חופש 20יח אקסטרא לארג,יחידה,20.00,יחידה,false,1,31.90,1.5950,true,1,39403
7290017641119,false,שוקולד אגו 85% מריר,כרמית תעשיות ממתקים,IL,שוקולד אגו 85% מריר 100 גרם,גרמים,100.00,100 גרם,false,24,8.90,8.9000,true,1,45132
7290017641188,false,קרקר פניני שיפון מלא,דוויטה ג'יי.אס.סי,,קרקר פניני שיפון מלא וסלק 130 גרם,גרמים,130.00,100 גרם,false,1,7.50,5.7692,true,1,41809
7290017641720,false,שוקולד אגו 70% מריר,כרמית תעשיות ממתקים,IL,שוקולד אגו 70% מריר שברי שקד 100גרם,גרמים,100.00,100 גרם,false,24,8.90,8.9000,true,1,45129
7290017647197,false,יין מרלו ירדן 750 מל,יקבי רמת הגולן,,יין מרלו ירדן 2017 750 מל,מיליליטרים,750.00,"100 מ""ל",false,1,100.00,13.3333,true,1,46614
7290017647418,false,יין ירדן רוזה 2019 7,יקבי רמת הגולן,IL,יין ירדן רוזה 750 מל,מיליליטרים,750.00,"100 מ""ל",false,12,100.00,13.3333,true,1,46411
7290017647425,false,יין גמלא ק.סוביניון,יקבי רמת הגולן,,יין גמלא ק.סוביניון 2018 750 מל,מיליליטרים,750.00,"100 מ""ל",false,1,70.00,9.3333,true,1,47808
7290017647593,false,יין ירדן קברנה סובני,יקבי רמת הגולן,,יין ירדן קברנה סובניון 2018 750 מל,מיליליטרים,750.00,"100 מ""ל",false,1,120.00,16.0000,true,1,53071
7290017647708,false,יין גמלא גוורצטרמינר,יקבי רמת הגולן,,יין גמלא גוורצטרמינר 750 מל עברית,מיליליטרים,750.00,"100 מ""ל",false,1,60.00,8.0000,true,1,59284
7290017647722,false,יין גמלא בלאנקו 750,יקבי רמת הגולן,,יין גמלא בלאנקו 750 מל עברית,מיליליטרים,750.00,"100 מ""ל",false,1,60.00,8.0000,true,1,59285
7290017647760,false,יין ירדן סירה 750 מל,יקבי רמת הגולן,,יין ירדן סירה 750 מל,מיליליטרים,750.00,"100 מ""ל",false,1,100.00,13.3333,true,1,60695
7290017647791,false,יין ירדן קברנה סובני,יקבי רמת הגולן,,יין ירדן קברנה סובניון 2019 750 מל,מיליליטרים,750.00,"100 מ""ל",false,1,120.00,16.0000,true,1,60595
7290017647852,false,יין מרלו ירדן 750 מל,יקבי רמת הגולן,,יין מרלו ירדן 750 מל,מיליליטרים,750.00,"100 מ""ל",false,1,100.00,13.3333,true,1,61477
7290017668017,false,מגשית סושי צמחוני טי,,IL,מגשית סושי צמחוני טייק אוויי כ-200גרם,יחידה,1.00,יחידה,false,1,19.90,19.9000,true,1,49278
7290017668024,false,מגשית סושי דגים טייק,,IL,מגשית סושי דגים טייק אווי כ-200גרם,יחידה,1.00,יחידה,false,1,19.90,19.9000,true,1,49317
7290017675015,false,טחינה היונה 450 גרם,,,טחינה היונה 450 גרם,גרמים,450.00,100 גרם,false,1,12.90,2.8667,true,1,47375
7290017677804,false,רוטב סויה קיקומן 444,,,רוטב סויה קיקומן 444 מל,מיליליטרים,444.00,"100 מ""ל",false,1,20.90,4.7072,true,1,42000
7290017677811,false,רוטב סויה קיקומן 296,,,רוטב סויה קיקומן 296 מל,מיליליטרים,296.00,"100 מ""ל",false,1,15.00,5.0676,true,1,41999
7290017682174,false,כפפות חד פעמי ויטריל,,,כפפות חד פעמי ויטריל שחורות סמול 100יח,יחידה,100.00,יחידה,false,10,29.90,0.2990,true,1,53251
7290017682181,false,כפפות חד פעמי ויטריל,,,כפפות חד פעמי ויטריל שחורות מדיום 100יח,יחידה,100.00,יחידה,false,10,29.90,0.2990,true,1,53252
7290017682198,false,כפפות חד פעמי ויטריל,,,כפפות חד פעמי ויטריל שחורות לארג 100יח,יחידה,100.00,יחידה,false,10,29.90,0.2990,true,1,53253
7290017682204,false,כפפות חד פעמי ויטריל,,,כפפות חד פעמי ויטריל שחורות אקס אל 100יח,יחידה,100.00,יחידה,false,10,29.90,0.2990,true,1,53254
7290017712130,false,פרמיו פאוץ סלמון קיט,,FR,פרמיו פאוץ סלמון קיטן 85 גר,גרמים,85.00,100 גרם,false,24,3.90,4.5882,true,1,60227
7290017712147,false,פרמיו פאוץ עוף לחתלת,,FR,פרמיו פאוץ עוף לחתלתול 85 גר,גרמים,85.00,100 גרם,false,24,3.90,4.5882,true,1,60226
7290017712161,false,פרמיו פאוץ סלמון בגל,,FR,פרמיו פאוץ סלמון בגלי 85 גר,גרמים,85.00,100 גרם,false,24,3.90,4.5882,true,1,60225
7290017712192,false,פרמיו נתחי פילה עוף,,FR,פרמיו נתחי פילה עוף ועשבי תחבול 100 גר,גרמים,100.00,100 גרם,false,32,3.90,3.9000,true,1,60976
7290017712239,false,פרמיו פטה עוף לכלב 1,,FR,פרמיו פטה עוף לכלב 150 גר,גרמים,150.00,100 גרם,false,22,3.90,2.6000,true,1,60242
7290017712260,false,פרמיו פטה סלמון לכלב,,FR,פרמיו פטה סלמון לכלב 150 גר,גרמים,150.00,100 גרם,false,22,3.90,2.6000,true,1,60243
7290017712550,false,מרק גוסטו כתום 300 מ,קונסורזיו קאסאלאסקו,IT,מרק גוסטו כתום 300 מל,מיליליטרים,300.00,"100 מ""ל",false,12,7.90,2.6333,true,1,49659
7290017712628,false,הורייזן סלמון לחתול,,,הורייזן סלמון לחתול פאוץ 85 גר,גרמים,1.00,100 גרם,false,24,4.90,490.0000,true,1,60972
7290017712727,false,פרמיו גור בקר וכבד 1,,FR,פרמיו גור בקר וכבד 100 גר,גרמים,100.00,100 גרם,false,32,3.90,3.9000,true,1,60230
7290017712758,false,פרמיו סלמון 100 גר,,FR,פרמיו סלמון 100 גר,גרמים,100.00,100 גרם,false,32,3.90,3.9000,true,1,60229
7290017712765,false,פרמיו סלמון ופורל  ל,,FR,פרמיו סלמון ופורל  לחתול 100 גר,גרמים,100.00,100 גרם,false,32,3.90,3.9000,true,1,60975
7290017712772,false,פרמיו בקר וכבד 100 ג,,FR,פרמיו בקר וכבד 100 גר,גרמים,100.00,100 גרם,false,32,3.90,3.9000,true,1,60231
7290017712864,false,פרמיו מקלות סלמון 10,,CN,פרמיו מקלות סלמון 100 גר,גרמים,100.00,100 גרם,false,16,14.90,14.9000,true,1,60239
7290017712949,false,פרמיו חטיף כריות לחת,,AT,פרמיו חטיף כריות לחתול סטריליז 60ג,גרמים,60.00,100 גרם,false,7,9.90,16.5000,true,1,60970
7290017724027,false,עוגיות אקלר אלפחורס,,,עוגיות אקלר אלפחורס 300 גרם,גרמים,300.00,100 גרם,false,1,22.90,7.6333,true,1,53586
7290017724034,false,עוגיות אקלר סנדוויץ,,,עוגיות אקלר סנדוויץ ריבה 250 גר,גרמים,250.00,100 גרם,false,1,22.90,9.1600,true,1,56289
7290017724041,false,עוגיות אקלר תותי פרו,,,עוגיות אקלר תותי פרוטי 200 גר,גרמים,200.00,100 גרם,false,1,22.90,11.4500,true,1,56290
7290017724102,false,עוגיות אקלר סיגרים ת,,,עוגיות אקלר סיגרים תמרים 200 גר,גרמים,200.00,100 גרם,false,1,22.90,11.4500,true,1,56294
7290017724119,false,עוגיות אקלר אוזניים,,,עוגיות אקלר אוזניים 200 גר,גרמים,200.00,100 גרם,false,1,22.90,11.4500,true,1,56302
7290017724164,false,עוגיות אקלר אוזניים,,,עוגיות אקלר אוזניים ל.ס 200 גרם,גרמים,200.00,100 גרם,false,1,22.90,11.4500,true,1,56315
7290017724171,false,עוגיות אקלר סנדוויץ,,,עוגיות אקלר סנדוויץ ריבה ל.ס 250 גרגרם,גרמים,250.00,100 גרם,false,1,22.90,9.1600,true,1,56316
7290017724201,false,עוגיות אקלר ואן גוך,,,עוגיות אקלר ואן גוך 200 גרם,גרמים,200.00,100 גרם,false,1,22.90,11.4500,true,1,56317
7290017724218,false,עוגיות אקלר מעדן תמר,,,עוגיות אקלר מעדן תמר אגוז ל.ס  250 גר,גרמים,250.00,100 גרם,false,1,22.90,9.1600,true,1,56320
7290017724225,false,עוגיות אקלר בויוס 20,,,עוגיות אקלר בויוס 200 גר,גרמים,200.00,100 גרם,false,1,22.90,11.4500,true,1,56296
7290017724232,false,עוגיות אקלר שומשומיו,,,עוגיות אקלר שומשומיות 200 גר,גרמים,200.00,100 גרם,false,1,22.90,11.4500,true,1,56299
7290017791203,false,קרקר סלק כוסמין מלא,,IL,קרקר סלק כוסמין מלא 225 גרם,גרמים,225.00,100 גרם,false,10,22.90,10.1778,true,1,44764
7290017812373,false,יין שרדונה P.C 375 מ,,,יין שרדונה P.C 375 מל,מיליליטרים,375.00,"100 מ""ל",false,1,25.00,6.6667,true,1,44886
7290017812588,false,יין תירוש לבן 1 ליטר,,,יין תירוש לבן 1 ליטר פקדון,ליטרים,1.00,ליטר,false,1,25.00,25.0000,true,1,45702
7290017812618,false,מיץ ענבים תירוש רוזה,כרמל מזרחי,IL,מיץ ענבים תירוש רוזה  1 לי,ליטרים,1.00,ליטר,false,12,25.00,25.0000,true,1,45338
7290017812830,false,יין רוזה פי.סי 500 מ,כרמל מזרחי,IL,יין רוזה פי.סי 750 מל,מיליליטרים,800.00,"100 מ""ל",false,1,45.00,5.6250,true,1,49959
7290017812847,false,יין סלקטד פרנץ גוורצ,כרמל מזרחי,,יין סלקטד פרנץ גוורצטרמינר 750 מל,מיליליטרים,750.00,"100 מ""ל",false,1,35.00,4.6667,true,1,49960
7290017812885,false,יין סובניון בלאן גוו,כרמל מזרחי,,יין סובניון בלאן גוורצטרמינרפי.סי 750 מל,מיליליטרים,750.00,"100 מ""ל",false,1,45.00,6.0000,true,1,51588
7290017812977,false,יין באז לבן מתוק אננ,כרמל מזרחי,,יין באז לבן מתוק אננס מוגז 750 מל,מיליליטרים,750.00,"100 מ""ל",false,1,35.00,4.6667,true,1,51594
7290017871363,false,סבון ידיים פמלי יהלו,,,סבון ידיים פמלי יהלום 500מל שמן מקדמיה,מיליליטרים,500.00,"100 מ""ל",false,12,10.90,2.1800,true,1,45201
7290017871370,false,סבון ידיים פמלי יהלו,,,סבון ידיים פמלי יהלום 500מל שמן אבוקדו,מיליליטרים,500.00,"100 מ""ל",false,12,10.90,2.1800,true,1,45202
7290017871424,false,חטיף טוסו תמרים בוטנ,תות ממתקי איכות,IL,חטיף טוסו תמרים בוטנים ל.ס. ל.גלוטן 5יח,גרמים,140.00,100 גרם,false,1,16.90,12.0714,true,1,43265
7290017871448,false,חטיף טוסו תמרים קשיו,תות ממתקי איכות,IL,חטיף טוסו תמרים קשיו ל.ס. ל.גלוטן 5יח,גרמים,135.00,100 גרם,false,1,16.90,12.5185,true,1,43269
7290017871707,false,חטיף טוסו פצפוצי אור,תות ממתקי איכות,IL,חטיף טוסו פצפוצי אורז קוקוס ל.סוכר 5יח,גרמים,105.00,100 גרם,false,1,16.90,16.0952,true,1,43270
7290017871950,false,מארז 3יח מגבוני נייר,על בד,,מארז 3יח מגבוני נייר טואלט לח לבנדר 40יח,יחידה,120.00,יחידה,false,1,12.90,0.1075,true,1,50160
7290017871967,false,גלי מרמולייט אננס 25,אשבל מזון פונקציונאל,IL,גלי מרמולייט אננס 25גר,Unknown,0.00,Unknown,false,1,10.00,0.0000,true,1,47923
7290017871974,false,גלי מרמולייט תות שדה,אשבל מזון פונקציונאל,IL,גלי מרמולייט תות שדה 25גר,Unknown,0.00,Unknown,false,1,10.00,0.0000,true,1,47922
7290017871981,false,גלי מרמולייט משמש 25,אשבל מזון פונקציונאל,IL,גלי מרמולייט משמש 25גר,Unknown,0.00,Unknown,false,1,10.00,0.0000,true,1,47924
7290017871998,false,פודינג מרמולייט אינס,אשבל מזון פונקציונאל,IL,פודינג מרמולייט אינסטנט בטעם וניל 30גר,Unknown,0.00,Unknown,false,1,10.00,0.0000,true,1,47925
7290017872001,false,קרם החתלה פרש וואנס,,,קרם החתלה פרש וואנס 100סמק שמן זית,גרמים,100.00,100 גרם,false,1,12.90,12.9000,true,1,46462
7290017872063,false,מארז 3יח אל סבון פמי,אברנסל קוסמטיקס,,מארז 3יח אל סבון פמילי ארומתרפי 500מל,ליטרים,1.50,ליטר,false,1,15.90,10.6000,true,1,46654
7290017872070,false,מארז 3יח מגבוני פרשו,,IL,מארז 3יח מגבוני פרשוואנס נטורל קר מבושם,יחידה,3.00,יחידה,false,10,12.90,4.3000,true,1,48616
7290017872162,false,עוגיות טוסו אגוזי לו,רוקחמן,,עוגיות טוסו אגוזי לוז ל.סוכר 200 גר,גרמים,200.00,100 גרם,false,1,14.90,7.4500,true,1,46569
7290017872179,false,עוגיות טוסו טחינה ל.,רוקחמן,,עוגיות טוסו טחינה ל.סוכר 200 גר,גרמים,200.00,100 גרם,false,1,14.90,7.4500,true,1,46568
7290017872186,false,עוגיות פקאן טוסו ללא,,,עוגיות פקאן טוסו ללא .סוכר200גר,גרמים,200.00,100 גרם,false,1,14.90,7.4500,true,1,46567
7290017872193,false,עוגיות טוסו שקד וקינ,רוקחמן,,עוגיות טוסו שקד וקינמון ללס 200 גר,גרמים,200.00,100 גרם,false,1,14.90,7.4500,true,1,46570
7290017872209,false,שעווה מועשרת למיקרוג,,,שעווה מועשרת למיקרוגל 500גר שמן קוקוס,גרמים,500.00,100 גרם,false,1,21.90,4.3800,true,1,46910
7290017872254,false,חטיף טוסו קראנצי בטע,תות ממתקי איכות,IL,חטיף טוסו קראנצי בטעם חלווה ל.ס ל.ג 5י,גרמים,140.00,100 גרם,false,1,16.90,12.0714,true,1,46541
7290017872261,false,חטיף טוסו קראנצי בטע,תות ממתקי איכות,IL,חטיף טוסו קראנצי בטעם קוקוס .של.ס ל.ג 5י,גרמים,140.00,100 גרם,false,1,16.90,12.0714,true,1,46542
7290017872391,false,זוג עוגיות טוסו אגוז,רוקחמן,,זוג עוגיות טוסו אגוזי לוז ללס 150 גר,גרמים,150.00,100 גרם,false,1,14.90,9.9333,true,1,48564
7290017872407,false,זוג עוגיות טוסו טחינ,רוקחמן,,זוג עוגיות טוסו טחינה ללס 150 גר,גרמים,150.00,100 גרם,false,1,14.90,9.9333,true,1,48565
7290017872414,false,זוג עוגיות טוסו פקאן,רוקחמן,,זוג עוגיות טוסו פקאן ל.סוכר 150 גר,גרמים,150.00,100 גרם,false,1,15.90,10.6000,true,1,48562
7290017872650,false,סבון ידיים פמלי יהלו,,,סבון ידיים פמלי יהלום 500מל שמן לבנדר,מיליליטרים,500.00,"100 מ""ל",false,12,10.90,2.1800,true,1,47730
7290017872667,false,סבון ידיים פמלי יהלו,,,סבון ידיים פמלי יהלום 500מל שמן קמומיל,מיליליטרים,500.00,"100 מ""ל",false,12,10.90,2.1800,true,1,47731
7290017872865,false,בייבי ביס חטיפי דגני,טאטא גלובל בוורג'ס,,בייבי ביס חטיפי דגנים אפוי ט.גזר עגבניה,Unknown,0.00,Unknown,false,1,13.90,0.0000,true,1,57409
7290017872872,false,בייבי ביס חטיפי דגני,טאטא גלובל בוורג'ס,,בייבי ביס חטיפי דגנים אפוי ט.גזר וסלק40ג,Unknown,0.00,Unknown,false,1,13.90,0.0000,true,1,57408
7290017872933,false,רצועות שעווה ביו מגע,ש.שוורץ,,רצועות שעווה ביו מגע הדבש 12יח+3מג.שמן,יחידה,12.00,יחידה,false,1,29.90,2.4917,true,1,52337
7290017872940,false,רצועות שעווה ביו לפנ,ש.שוורץ,,רצועות שעווה ביו לפנים מגע 20יח+5מג.שמן,יחידה,20.00,יחידה,false,1,29.90,1.4950,true,1,52338
7290017888019,false,משקה תפוח רימון סלק,יפאורה,IL,משקה תפוח רימון סלק 350מל,מיליליטרים,350.00,"100 מ""ל",false,1,7.90,2.2571,true,1,41094
7290017888026,false,משקה אננס  תפוח גזר,יפאורה,IL,משקה אננס  תפוח גזר 350מל,מיליליטרים,350.00,"100 מ""ל",false,1,7.90,2.2571,true,1,41095
7290017888095,false,מארז 4יח שוופס מוגז,,,מארז 4יח שוופס מוגז עדין פ.יער 330מל פח,מיליליטרים,1320.00,"100 מ""ל",false,1,12.90,0.9773,true,1,41536
7290017888101,false,מארז 4יח שוופס מוגז,,,מארז 4יח שוופס מוגז עדין אפרסק 330מל פח,מיליליטרים,1320.00,"100 מ""ל",false,1,12.90,0.9773,true,1,41535
7290017888644,false,משקה אננס בננה כורכו,יפאורה,IL,משקה אננס בננה כורכום 350מל,מיליליטרים,350.00,"100 מ""ל",false,1,7.90,2.2571,true,1,45767
7290017888729,false,שוופס סודה 1 ליטר,יפאורה,IL,שוופס סודה 1 ליטר,ליטרים,1.00,ליטר,false,15,3.90,3.9000,true,1,46256
7290017888859,false,משקה שוופס מיקס פירו,יפאורה,IL,משקה שוופס מיקס פירות תות קיווי 330מל,מיליליטרים,330.00,"100 מ""ל",false,24,3.90,1.1818,true,1,46672
7290017888866,false,משקה שוופס מיקס פירו,יפאורה,IL,משקה שוופס מיקס פירות אסאי דובדבן 330מל,מיליליטרים,330.00,"100 מ""ל",false,24,3.90,1.1818,true,1,46670
7290017888972,false,מי עדן 1 ליטר פקק ספ,יפאורה,IL,מי עדן 1 ליטר פקק ספורט,ליטרים,1.00,ליטר,false,16,4.90,4.9000,true,1,46673
7290017907208,false,תמי קמח תופח ללא גלו,,IL,תמי קמח תופח ללא גלוטן 500 גר,גרמים,300.00,100 גרם,false,12,18.90,6.3000,true,1,50521
7290017907215,false,תמי קמח למאפי שמרים,,IL,תמי קמח למאפי שמרים ללא גלוטן 500 גר,גרמים,300.00,100 גרם,false,12,18.90,6.3000,true,1,50522
7290017907222,false,תמי קמח תופח ללא גלו,,IL,תמי קמח תופח ללא גלוטן 500 גר שקית,גרמים,300.00,100 גרם,false,12,18.90,6.3000,true,1,50526
7290017907246,false,תמי סולת ללא גלוטן 3,,IL,תמי סולת ללא גלוטן 300 גר,גרמים,300.00,100 גרם,false,10,15.90,5.3000,true,1,50520
7290017907260,false,תמי פלאפל ללא גלוטן,,IL,תמי פלאפל ללא גלוטן 300 גר,גרמים,300.00,100 גרם,false,10,15.90,5.3000,true,1,50525
7290017917382,false,אל סבון קמיל לידיים,פישר תעשיות,,אל סבון קמיל לידיים להרגעת העור 1ליטר,ליטרים,1.00,ליטר,false,1,13.90,13.9000,true,1,42357
7290017917757,false,קרם גוף אפקטיב קר מו,פישר תעשיות,IL,קרם גוף אפקטיב קר מועשר בשמן כותנה 450מל,מיליליטרים,450.00,"100 מ""ל",false,1,21.90,4.8667,true,1,46895
7290017918150,false,תפוח אדמה למיקרו חבי,,,תפוח אדמה למיקרו חבילה,Unknown,0.00,Unknown,false,1,5.90,0.0000,true,1,49011
7290017918204,false,ברוקולי ארוז במגשית,,,ברוקולי ארוז במגשית,Unknown,0.00,Unknown,false,1,9.90,0.0000,true,1,48397
7290017918563,false,ערמונים קלויים קלופי,,,ערמונים קלויים קלופים 100 גרם,גרמים,100.00,100 גרם,false,1,5.90,5.9000,true,1,48661
7290017918808,false,דלעת חתוכה ארוזה,,,דלעת חתוכה ארוזה,קילוגרמים,1.00,"ק""ג",true,,10.90,10.9000,true,1,50733
7290017924687,false,עדשים צהובות אורגניו,כרם תעשיות,IL,עדשים צהובות אורגניות כרם 500 גרם,גרמים,500.00,100 גרם,false,1,11.50,2.3000,true,1,51778
7290017924700,false,שעועית לבנה אורגנית,כרם תעשיות,IL,שעועית לבנה אורגנית כרם 500 גרם,גרמים,500.00,100 גרם,false,1,10.90,2.1800,true,1,51804
7290017924724,false,חומוס אורגני כרם 500,כרם תעשיות,IL,חומוס אורגני כרם 500 גרם,גרמים,500.00,100 גרם,false,1,10.90,2.1800,true,1,51782
7290017924908,false,טחינה כרם אוגנית 450,הנסיך,IL,טחינה כרם אוגנית 450 גרם,גרמים,450.00,100 גרם,false,12,13.90,3.0889,true,1,53233
7290017924915,false,טחינה מלאה כרם אוגני,הנסיך,IL,טחינה מלאה כרם אוגנית 450 גרם,גרמים,450.00,100 גרם,false,12,13.90,3.0889,true,1,53234
7290017925318,false,מארז 4יח בירה בלו מו,,,מארז 4יח בירה בלו מון 330 מל בק. פקדון,מיליליטרים,1320.00,"100 מ""ל",false,1,39.90,3.0227,true,1,45703
7290017925554,false,מארז בירה באדוויזר 5,,US,מארז בירה באדוויזר 5יח 330מל עם כוס,מיליליטרים,1650.00,"100 מ""ל",false,4,29.60,1.7939,true,1,52138
7290017928036,false,מקלות גריסיני שומשום,,IL,מקלות גריסיני שומשום175 גרם מאיר בייגל,גרמים,175.00,100 גרם,false,15,11.90,6.8000,true,1,44103
7290017928043,false,מקלות גריסיני קרנץ מ,,IL,מקלות גריסיני קרנץ מלח175 גר מאיר בייגל,גרמים,175.00,100 גרם,false,15,11.90,6.8000,true,1,44104
7290017928098,false,בייגלה שטוחלה מלוח 3,,IL,בייגלה שטוחלה מלוח 330 ג מאיר בייגל,גרמים,330.00,100 גרם,false,15,11.90,3.6061,true,1,54810
7290017928210,false,בייגלה גדול שומשום 2,,IL,בייגלה גדול שומשום 250 ג מאיר בייגל,גרמים,250.00,100 גרם,false,15,11.90,4.7600,true,1,44094
7290017928432,false,מקלות גריסיני קרנץ פ,,IL,מקלות גריסיני קרנץ פרג175 גר מאיר בייגל,גרמים,175.00,100 גרם,false,15,11.90,6.8000,true,1,44105
7290017928463,false,סמאש שיברי בייגלה דב,,BG,סמאש שיברי בייגלה דבש חרדל בצל300גר,גרמים,300.00,100 גרם,false,12,13.90,4.6333,true,1,50487
7290017928609,false,בייגלה טבעות שומשום,,IL,בייגלה טבעות שומשום 330 ג מאיר בייגל,גרמים,300.00,100 גרם,false,15,11.90,3.9667,true,1,44092
7290017928630,false,מקלות גריסיני קרנץ פ,,IL,מקלות גריסיני קרנץ פינו175 גר מאיר בייגל,גרמים,175.00,100 גרם,false,15,11.90,6.8000,true,1,44106
7290017928661,false,סמאש שיברי בייגלה טע,,BG,סמאש שיברי בייגלה טעם צדר 300 גר,גרמים,300.00,100 גרם,false,12,13.90,4.6333,true,1,50488
7290017928685,false,בייגלה שמיניות מלח 4,,IL,בייגלה שמיניות מלח 400 ג מאיר בייגל,גרמים,400.00,100 גרם,false,15,11.90,2.9750,true,1,54809
7290017928722,false,בייגלה שטוח ניגובים,,IL,בייגלה שטוח ניגובים שומשום 330 גרם,גרמים,330.00,100 גרם,false,15,11.90,3.6061,true,1,54808
7290017928821,false,מקלות גריסיני קלאסי,,IL,מקלות גריסיני קלאסי 200 גרם מאיר בייגל,גרמים,200.00,100 גרם,false,15,11.90,5.9500,true,1,44102
7290017932088,false,תחתית אפויה לפאי גאל,גילסטר מרי לי,,תחתית אפויה לפאי גאלה 170 גרם,גרמים,170.00,100 גרם,false,1,14.90,8.7647,true,1,46416
7290017946399,false,מרכך כביסה סוד מרוכז,הנקל,IL,מרכך כביסה סוד מרוכז 900מל אדום,מיליליטרים,900.00,"100 מ""ל",false,12,11.90,1.3222,true,1,57414
7290017946542,false,מרכך כביסה סוד מרוכז,,,מרכך כביסה סוד מרוכז 1.8 ליטר שושן פראי,מיליליטרים,1800.00,"100 מ""ל",false,1,21.90,1.2167,true,1,48191
7290017946979,false,גל כביסה פרסיל 2.4לי,הנקל,IL,גל כביסה פרסיל 2.4ליטר דיפ קלין,מיליליטרים,2400.00,"100 מ""ל",false,6,29.90,1.2458,true,1,50428
7290017973814,false,משקה איזוטוני 710 מל,,,משקה איזוטוני 710 מל טעם פירות יער,מיליליטרים,710.00,"100 מ""ל",false,1,9.90,1.3944,true,1,52908
7290017974255,false,קרפלך גבינה מתוקה 60,,IL,קרפלך גבינה מתוקה 600 גרם,גרמים,600.00,100 גרם,false,12,22.90,3.8167,true,1,59705
7290017983134,false,יין אדיר כרם בן זמרה,,,יין אדיר כרם בן זמרה מרסלן רוזה,מיליליטרים,750.00,"100 מ""ל",false,1,85.00,11.3333,true,1,51095
7290017983165,false,יין אדיר כרם בן זמרה,,,יין אדיר כרם בן זמרה 750 מל,מיליליטרים,750.00,"100 מ""ל",false,6,85.00,11.3333,true,1,53542
7290018011126,false,מאגדת 5יח ארטיק תמרה,,IL,מאגדת 5יח ארטיק תמרה סורבה אננס מנגו פסי,יחידה,5.00,יחידה,false,1,39.90,7.9800,true,1,60328
7290018011294,false,מאגדת 4יח ארטיק תמרה,,IL,מאגדת 4יח ארטיק תמרה סורבה קוקוס,יחידה,4.00,יחידה,false,1,34.90,8.7250,true,1,57926
7290018011324,false,מאגדת 5יח ארטיק תמרה,,IL,מאגדת 5יח ארטיק תמרה סורבה קוקוס,יחידה,5.00,יחידה,false,1,39.90,7.9800,true,1,60327
7290018011492,false,מאגדת 4יח ארטיק תמרה,,IL,מאגדת 4יח ארטיק תמרה אננס פסיפלורה מנגו,יחידה,4.00,יחידה,false,1,34.90,8.7250,true,1,57923
7290018011522,false,מאגדת 5יח ארטיק תמרה,,IL,מאגדת 5יח ארטיק תמרה שוקולד ובננה,יחידה,5.00,יחידה,false,1,39.90,7.9800,true,1,60326
7290018045084,false,דגני כריות בון בון ב,,DE,דגני כריות בון בון במילוי בראוניז480 גרם,גרמים,480.00,100 גרם,false,14,16.90,3.5208,true,1,58119
7290018045497,false,דגני כריות בון בון ב,,DE,דגני כריות בון בון במילוי שוקולד 80 גרם,גרמים,480.00,100 גרם,false,14,16.90,3.5208,true,1,58117
7290018045695,false,דגני כריות בון בון ב,,DE,דגני כריות בון בון במילוי קרמל מלוח480גר,גרמים,480.00,100 גרם,false,14,16.90,3.5208,true,1,58118
7290018045893,false,דגני כריות בון בון ב,,DE,דגני כריות בון בון במילוי נוגט 480 גרם,גרמים,480.00,100 גרם,false,14,16.90,3.5208,true,1,58116
7290018071182,false,שקיות להקפאה ריץ רץ,הוסטס,IL,שקיות להקפאה ריץ רץ 18/19סמ 15יח,יחידה,15.00,יחידה,false,24,10.90,0.7267,true,1,51374
7290018071199,false,שקיות ענקיות להקפאה,הוסטס,IL,שקיות ענקיות להקפאה ריץרץ 26/28סמ 15יח,יחידה,15.00,יחידה,false,24,14.90,0.9933,true,1,51373
7290018071205,false,כפפות ניטרו וי כחולו,,TH,כפפות ניטרו וי כחולות סמול 100יח ל.אבקה,יחידה,100.00,יחידה,false,10,14.90,0.1490,true,1,51961
7290018071212,false,כפפות ניטרו וי כחולו,,TH,כפפות ניטרו וי כחולות מדיום 100יח ל.אבקה,יחידה,100.00,יחידה,false,10,14.90,0.1490,true,1,51962
7290018071229,false,כפפות ניטרו וי כחולו,,TH,כפפות ניטרו וי כחולות לארג 100יח ל.אבקה,יחידה,100.00,יחידה,false,10,14.90,0.1490,true,1,51963
7290018071236,false,כפפות ניטרו וי כחולו,,TH,כפפות ניטרו וי כחולות אקס אל100יח ל.אבקה,יחידה,100.00,יחידה,false,10,14.90,0.1490,true,1,51964
7290018071243,false,כפפות פלסטיק שחור אל,איזי טאצ,CN,כפפות פלסטיק שחור אלסטי סמול ל.אבקה100יח,יחידה,100.00,יחידה,false,20,9.90,0.0990,true,1,50742
7290018071250,false,כפפות פלסטיק שחור אל,איזי טאצ,CN,כפפות פלסטיק שחור אלסטי מדיוםל.אבקה100יח,יחידה,100.00,יחידה,false,20,9.90,0.0990,true,1,50743
7290018071267,false,כפפות פלסטיק שחור אל,איזי טאצ,CN,כפפות פלסטיק שחור אלסטי לארג ל.אבקה100יח,יחידה,100.00,יחידה,false,20,9.90,0.0990,true,1,50744
7290018071281,false,נייר אפיה בגליל 25מט,,,נייר אפיה בגליל 25מטר 37סמ עם סכין חיתוך,מטרים,25.00,מטר,false,1,15.90,0.6360,true,1,51960
7290018071519,false,פלסטר גל 5 יחידות למ,,CN,פלסטר גל 5 יחידות למניעת שלפוחיות,יחידה,5.00,יחידה,false,24,24.90,4.9800,true,1,61010
7290018071526,false,פלסטר נייר בגליל 9.1,,CN,פלסטר נייר בגליל 9.1מטר,מטרים,9.10,מטר,false,24,10.90,1.1978,true,1,61011
7290018071571,false,פדים אובלים 40יחידות,,TR,פדים אובלים 40יחידות להסרת איפור,יחידה,40.00,יחידה,false,20,6.90,0.1725,true,1,61009
7290018091029,false,מקלות פילו תפוחי אדמ,תנובה מעדנות,IL,מקלות פילו תפוחי אדמה 450גר מעדנות,גרמים,450.00,100 גרם,false,10,19.90,4.4222,true,1,46849
7290018091036,false,פיצה אנטיפסטי 200גר,תנובה מעדנות,IL,פיצה אנטיפסטי 200גר מעדנות,גרמים,200.00,100 גרם,false,12,16.90,8.4500,true,1,48751
7290018091074,false,בצק עוגיות שוקולד צי,תנובה מעדנות,IL,בצק עוגיות שוקולד ציפס 300גר מעדנות,גרמים,300.00,100 גרם,false,24,15.90,5.3000,true,1,60721
7290018091234,false,פיצה מקסיקנית 200גר,תנובה מעדנות,IL,פיצה מקסיקנית 200גר מעדנות,גרמים,200.00,100 גרם,false,12,16.90,8.4500,true,1,48750
7290018091265,false,פיצה נפוליטנה 330גר,,,פיצה נפוליטנה 330גר מעדנות,גרמים,330.00,100 גרם,false,10,21.90,6.6364,true,1,56654
7290018091272,false,בצק עוגיות קקאו טריפ,תנובה מעדנות,IL,בצק עוגיות קקאו טריפל שוקולד ציפס 300גר,גרמים,300.00,100 גרם,false,24,15.90,5.3000,true,1,60722
7290018091470,false,גלילת ביסקוויטים טעם,תנובה מעדנות,IL,גלילת ביסקוויטים טעם שוקולד 300גר מעדנות,גרמים,300.00,100 גרם,false,24,15.90,5.3000,true,1,60723
7290018091616,false,מקלות פילו גבינה 450,תנובה מעדנות,IL,מקלות פילו גבינה 450גר מעדנות,גרמים,450.00,100 גרם,false,10,19.90,4.4222,true,1,46848
7290018091661,false,פיצה ירקות שוק 380גר,,,פיצה ירקות שוק 380גר מעדנות,גרמים,380.00,100 גרם,false,9,21.90,5.7632,true,1,56655
7290018091821,false,פיצה נפוליטנה 200גר,תנובה מעדנות,IL,פיצה נפוליטנה 200גר מעדנות,גרמים,200.00,100 גרם,false,12,16.90,8.4500,true,1,48749
7290018091876,false,מאפה פילו גבינה 320ג,,,מאפה פילו גבינה 320גר מעדנות,גרמים,320.00,100 גרם,false,12,21.90,6.8437,true,1,59430
7290018098578,false,המבורגר טבעוני ביף פ,,,המבורגר טבעוני ביף פריי 230 גר,גרמים,230.00,100 גרם,false,8,21.90,9.5217,true,1,59959
7290018098585,false,קציצות טבעוניות ביף,,,קציצות טבעוניות ביף פריי 230 גר,גרמים,230.00,100 גרם,false,8,21.90,9.5217,true,1,59960
7290018098592,false,שווארמה טבעוניות ביף,,,שווארמה טבעוניות ביף פריי 230 גר,גרמים,230.00,100 גרם,false,8,21.90,9.5217,true,1,59961
7290018127049,false,חטיף DATE  תמר קקאו,רום גת,IL,חטיף DATE  תמר קקאו טבעוני 200 DRO,גרמים,280.00,100 גרם,false,12,29.90,10.6786,true,1,42654
7290018127155,false,חטיף תמר פיסטוק קשיו,רום גת,IL,חטיף תמר פיסטוק קשיו 250 גרם,גרמים,250.00,100 גרם,false,12,29.90,11.9600,true,1,48282
7290018127278,false,גרנולה קראנץ תמר תפו,,,גרנולה קראנץ תמר תפוח ללא גלוטן  250 גר,גרמים,250.00,100 גרם,false,1,22.90,9.1600,true,1,58090
7290018127285,false,גרנולה קראנץ קינמון,,,גרנולה קראנץ קינמון  ללא גלוטן 250 גר,גרמים,250.00,100 גרם,false,1,22.90,9.1600,true,1,58089
7290018127292,false,גרנולה קראנץ קלאסית,,,גרנולה קראנץ קלאסית 250 גר,גרמים,250.00,100 גרם,false,1,22.90,9.1600,true,1,58088
7290018127452,false,ביסקוויט פתיבר 200 ג,רום גת,IL,ביסקוויט פתיבר 200 גר גלוטרי,גרמים,200.00,100 גרם,false,12,12.90,6.4500,true,1,45463
7290018127469,false,ביסקוויט פתיבר שוקול,רום גת,IL,ביסקוויט פתיבר שוקולד 200 גר גלוטרי,גרמים,200.00,100 גרם,false,12,12.90,6.4500,true,1,45464
7290018131138,false,גל. לה קרמריה שוקולד,גלידות נסטלה,,גל. לה קרמריה שוקולד וניל וולנס 1.4ליטר,מיליליטרים,1400.00,"100 מ""ל",false,1,18.90,1.3500,true,1,44468
7290018131251,false,טילון אקסטרים מטבע ש,,,טילון אקסטרים מטבע שוקולד לבן,יחידה,1.00,יחידה,false,1,12.00,12.0000,true,1,45810
7290018131336,false,שלגון ליון קרמל עם ש,,ES,שלגון ליון קרמל עם שבבי וופל וביסקוויט,יחידה,1.00,יחידה,false,20,12.00,12.0000,true,1,50278
7290018131343,false,גל. לה קרמריה וניל ש,גלידות נסטלה,,גל. לה קרמריה וניל שוקו 1.4ליטר כשלפ.,מיליליטרים,1400.00,"100 מ""ל",false,1,18.90,1.3500,true,1,44938
7290018131466,false,מאגדת שלגון מילקה 4י,גלידות נסטלה,ES,מאגדת שלגון מילקה 4יח,יחידה,4.00,יחידה,false,8,25.90,6.4750,true,1,45816
7290018131534,false,מאגדת מילקה מיני ביי,גלידות נסטלה,ES,מאגדת מילקה מיני בייטס 3יח,יחידה,3.00,יחידה,false,8,16.90,5.6333,true,1,47512
7290018131756,false,מאגדת  שלגוני  וניל,גלידות נסטלה,,מאגדת  שלגוני  וניל מצופה תות 8יח 55גר,יחידה,8.00,יחידה,false,1,29.90,3.7375,true,1,50272
7290018131794,false,שלגון קראנץ ליבת מרי,נסטלה,,שלגון קראנץ ליבת מריר נוגט בודד,יחידה,1.00,יחידה,false,1,10.00,10.0000,true,1,50274
7290018131831,false,מאגדת שלגון מילקה קר,גלידות נסטלה,ES,מאגדת שלגון מילקה קראנצי 4יח,יחידה,4.00,יחידה,false,8,36.90,9.2250,true,1,60795
7290018131855,false,מאגדת טילון בראוניז,גלידות נסטלה,,מאגדת טילון בראוניז אקסטרים 6 יחידות,יחידה,6.00,יחידה,false,1,35.90,5.9833,true,1,51616
7290018131879,false,מאגדת טילון ריבת חלב,גלידות נסטלה,,מאגדת טילון ריבת חלב אקסטרים 6 יחידות,יחידה,6.00,יחידה,false,1,35.90,5.9833,true,1,51615
7290018131893,false,מאגדת טילון פקאן אקס,גלידות נסטלה,,מאגדת טילון פקאן אקסטרים 6 יחידות,יחידה,6.00,יחידה,false,1,35.90,5.9833,true,1,51614
7290018131954,false,מאגדת לה פרוטה שוקול,גלידות נסטלה,,מאגדת לה פרוטה שוקולד תות 5יח 70גר,יחידה,5.00,יחידה,false,1,29.90,5.9800,true,1,50270
7290018165010,false,יין רזרב גוורצטרמינר,,,יין רזרב גוורצטרמינר גולד 750 מל,מיליליטרים,750.00,"100 מ""ל",false,1,45.00,6.0000,true,1,44621
7290018165027,false,יין רזרב רוזה גולד 7,,,יין רזרב רוזה גולד 750 מל,מיליליטרים,750.00,"100 מ""ל",false,1,45.00,6.0000,true,1,44622
7290018165447,false,יין רזרב גולד מרלו 7,,,יין רזרב גולד מרלו 750 מל,מיליליטרים,750.00,"100 מ""ל",false,1,45.00,6.0000,true,1,50728
7290018175002,false,מארז 3יח פיתה מתנפחת,,IL,מארז 3יח פיתה מתנפחת ללא גלוטן 330גר,גרמים,330.00,100 גרם,false,6,19.90,6.0303,true,1,49867
7290018175019,false,סמבוסק גבינה ללא גלו,,IL,סמבוסק גבינה ללא גלוטן 250גר,גרמים,250.00,100 גרם,false,6,34.90,13.9600,true,1,49873
7290018175224,false,אצבעות בייגלה ירושלמ,,IL,אצבעות בייגלה ירושלמי 220גר,גרמים,220.00,100 גרם,false,12,14.90,6.7727,true,1,58743
7290018175408,false,מארז 2יח פיתה זעתר ל,,IL,מארז 2יח פיתה זעתר ללא גלוטן 240גר,גרמים,240.00,100 גרם,false,9,24.90,10.3750,true,1,49869
7290018175620,false,מארז 5יח פיתה מתנפחת,,IL,מארז 5יח פיתה מתנפחת ללא גלוטן 400גר,גרמים,400.00,100 גרם,false,9,22.90,5.7250,true,1,58742
7290018175804,false,סמבוסק פיצה ללא גלוט,,IL,סמבוסק פיצה ללא גלוטן 250גר,גרמים,250.00,100 גרם,false,6,34.90,13.9600,true,1,49872
7290018198056,false,ציפס  קוביות  תפוגן,תפוגן,,ציפס  קוביות  תפוגן 1.5קג,קילוגרמים,1.50,"ק""ג",false,1,24.90,16.6000,true,1,47722
7290018198148,false,ציפס קריספי קלאסי תפ,תפוגן,IL,ציפס קריספי קלאסי תפוגן 1.25קג,גרמים,1250.00,100 גרם,false,9,24.90,1.9920,true,1,56283
7290018198209,false,ציפס בטטה קראנצי 500,תפוגן,IL,ציפס בטטה קראנצי 500גר תפוגן,גרמים,500.00,100 גרם,false,18,19.90,3.9800,true,1,49992
7290018198254,false,ציפס קריספי פוטטוס ת,תפוגן,IL,ציפס קריספי פוטטוס תפוגן 1.25קג,גרמים,1250.00,100 גרם,false,9,24.90,1.9920,true,1,56284
7290018213216,false,סט שירותים אורבן שחו,,,סט שירותים אורבן שחור,יחידה,1.00,יחידה,false,1,10.90,10.9000,true,1,46481
7290018213247,false,מטליות לחות לרצפות 1,,IL,מטליות לחות לרצפות 10יח 99%משמיד חיידקים,יחידה,10.00,יחידה,false,12,8.90,0.8900,true,1,46620
7290018213896,false,כפפות חד פעמי ויניל,,,כפפות חד פעמי ויניל סמול ללא אבקה 100יח,יחידה,100.00,יחידה,false,10,29.90,0.2990,true,1,53247
7290018213902,false,כפפות חד פעמי ויניל,,,כפפות חד פעמי ויניל מדיום ללא אבקה 100יח,יחידה,100.00,יחידה,false,10,29.90,0.2990,true,1,53248
7290018213919,false,כפפות חד פעמי ויניל,,,כפפות חד פעמי ויניל לארג ללא אבקה 100יח,יחידה,100.00,יחידה,false,10,29.90,0.2990,true,1,53249
7290018213926,false,כפפות חד פעמי ויניל,,,כפפות חד פעמי ויניל אקס אל ל. אבקה 100יח,יחידה,100.00,יחידה,false,10,29.90,0.2990,true,1,53250
7290018213964,false,סט קופסאות אחסון 3יח,,IL,סט קופסאות אחסון 3יח 800מל,יחידה,3.00,יחידה,false,63,7.90,2.6333,true,1,56669
7290018213971,false,סט קופסאות אחסון 3יח,,IL,סט קופסאות אחסון 3יח 1000מל,יחידה,3.00,יחידה,false,63,7.90,2.6333,true,1,56670
7290018213988,false,סט קופסאות אחסון 3יח,,IL,סט קופסאות אחסון 3יח 1200מל,יחידה,3.00,יחידה,false,54,7.90,2.6333,true,1,56671
7290018228586,false,מפיץ ריח מיוחד,,,מפיץ ריח מיוחד,יחידה,1.00,יחידה,false,1,29.90,29.9000,true,1,58724
7290018236635,false,שניצל צונגו פופקורן,עוף טוב,IL,שניצל צונגו פופקורן מצופה 600 גר עוף טוב,גרמים,600.00,100 גרם,false,12,39.90,6.6500,true,1,49990
7290018237328,false,פסטרמה במעשנה 200גר,עוף טוב,IL,פסטרמה במעשנה 200גר נתח שלם ע.טוב,גרמים,200.00,100 גרם,false,8,15.90,7.9500,true,1,53359
7290018237397,false,פסטרמה מקורמלת 300גר,עוף טוב,IL,פסטרמה מקורמלת 300גר נתח שלם עוף טוב,גרמים,300.00,100 גרם,false,8,26.90,8.9667,true,1,53356
7290018237410,false,פסטרמה במעשנה 300גר,עוף טוב,IL,פסטרמה במעשנה 300גר עוף טוב,גרמים,300.00,100 גרם,false,8,26.90,8.9667,true,1,53355
7290018237434,false,רצועות שניצל צונגו ב,עוף טוב,IL,רצועות שניצל צונגו ביסלי גריל600גר ע.טוב,גרמים,600.00,100 גרם,false,12,39.90,6.6500,true,1,53000
7290018237489,false,פסטרמה ברביקיו דק דק,עוף טוב,IL,פסטרמה ברביקיו דק דק 220גר עוף טוב,גרמים,220.00,100 גרם,false,8,19.90,9.0455,true,1,56563
7290018237496,false,פסטרמה דבש דק דק 220,עוף טוב,IL,פסטרמה דבש דק דק 220גר עוף טוב,גרמים,220.00,100 גרם,false,8,19.90,9.0455,true,1,56562
7290018237502,false,כתף בקר דק דק 200גר,עוף טוב,IL,כתף בקר דק דק 200גר עוף טוב,גרמים,200.00,100 גרם,false,8,19.90,9.9500,true,1,56561
7290018237908,false,נקניקיות עסיסיות למנ,עוף טוב,,נקניקיות עסיסיות למנגל 400גר עוף טוב,גרמים,400.00,100 גרם,false,1,10.90,2.7250,true,1,59507
7290018237922,false,שניצלונים עוף טוב בצ,עוף טוב,IL,שניצלונים עוף טוב בציפוי ציפס 700גר,גרמים,700.00,100 גרם,false,12,21.90,3.1286,true,1,59220
7290018237939,false,שניצלונים עוף טוב בצ,עוף טוב,IL,שניצלונים עוף טוב בציפוי שומשום 700גר,גרמים,700.00,100 גרם,false,12,21.90,3.1286,true,1,59219
7290018237960,false,נקניק כתף בקר 265גר,עוף טוב,IL,נקניק כתף בקר 265גר עוף טוב,גרמים,265.00,100 גרם,false,8,24.90,9.3962,true,1,60278
7290018237984,false,נקניק סלמי פפרוני פי,עוף טוב,IL,נקניק סלמי פפרוני פיקנטי מפולפל320גר ע.ט,גרמים,320.00,100 גרם,false,8,24.90,7.7812,true,1,60277
7290018249055,false,מארז ממתיק סוויטנגו,,,מארז ממתיק סוויטנגו 100 שקיות,יחידה,100.00,יחידה,false,1,32.90,0.3290,true,1,48838
7290018249222,false,ממתיק סוויטנגו אבקה,,,ממתיק סוויטנגו אבקה 100 גר,גרמים,100.00,100 גרם,false,12,14.90,14.9000,true,1,48836
7290018249291,false,סוכר וניל סוויטאנגו,,,סוכר וניל סוויטאנגו 100 גר,גרמים,100.00,100 גרם,false,12,14.90,14.9000,true,1,55785
7290018249444,false,אבקה להכנת שוקו סווי,,,אבקה להכנת שוקו סוויטאנגו 400 גר,גרמים,400.00,100 גרם,false,8,38.90,9.7250,true,1,55783
7290018249550,false,אינסטנט פודינג שוקול,,,אינסטנט פודינג שוקולד ללס 55 גר,גרמים,55.00,100 גרם,false,12,11.90,21.6364,true,1,50966
7290018263020,false,שמן זית מן הזית פח 7,,,שמן זית מן הזית פח 750 מל,מיליליטרים,750.00,"100 מ""ל",false,1,39.90,5.3200,true,1,47655
7290018294000,false,יין רוזה קינג דויד 7,כרמל מזרחי,,יין רוזה קינג דויד 750 מל,מיליליטרים,750.00,"100 מ""ל",false,1,25.00,3.3333,true,1,51593
7290018294192,false,יין אדום יבש פי.סי 7,כרמל מזרחי,,יין אדום יבש פי.סי 750 מל,מיליליטרים,750.00,"100 מ""ל",false,1,45.00,6.0000,true,1,57419
7290018294208,false,יין סלקטד אדום יבש 7,כרמל מזרחי,,יין סלקטד אדום יבש 750 מל,מיליליטרים,750.00,"100 מ""ל",false,1,35.00,4.6667,true,1,52898
7290018294352,false,ערק כרמל 700מל 37.5%,כרמל מזרחי,IL,ערק כרמל 700מל 37.5%אלכוהול בק.פקדון,מיליליטרים,700.00,"100 מ""ל",false,12,59.90,8.5571,true,1,57615
7290018294369,false,מיץ ענבים תירוש אדום,כרמל מזרחי,,מיץ ענבים תירוש אדום 750 מל,מיליליטרים,700.00,"100 מ""ל",false,1,15.90,2.2714,true,1,61209
7290018294383,false,יין פינו גריגו לבן ס,כרמל מזרחי,IL,יין פינו גריגו לבן ס.אזורית 750 מל,מיליליטרים,750.00,"100 מ""ל",false,12,60.00,8.0000,true,1,58238
7290018294901,false,יין מונלייט אדום יבש,כרמל מזרחי,IL,יין מונלייט אדום יבש 750 מל,מיליליטרים,750.00,"100 מ""ל",false,12,40.00,5.3333,true,1,60724
7290018296042,false,לחם טוסט אמריקה 500ג,מאפיית אגמי,IL,לחם טוסט אמריקה 500גר,גרמים,500.00,100 גרם,false,1,14.90,2.9800,true,1,55689
7290018296257,false,לחם בריאות ושובע שבו,,,לחם בריאות ושובע שבולת שועל מלא 550 גרם,גרמים,550.00,100 גרם,false,1,16.90,3.0727,true,1,54866
7290018296400,false,לחם בריאות ושובע 600,מאפיית אגמי,IL,לחם בריאות ושובע 600גר,גרמים,600.00,100 גרם,false,1,14.90,2.4833,true,1,44540
7290018296455,false,לחם דגנים קל מרובע 7,מאפיית אגמי,IL,לחם דגנים קל מרובע 750גר חלי ממן,גרמים,750.00,100 גרם,false,1,18.50,2.4667,true,1,55691
7290018296608,false,לחם בריאות ושובע קל,מאפיית אגמי,IL,לחם בריאות ושובע קל 9 דגנים 600גר,גרמים,600.00,100 גרם,false,1,14.90,2.4833,true,1,44539
7290018296615,false,מארז 10 יח פיתה ביס,מאפיית אגמי,IL,מארז 10 יח פיתה ביס כוסמין מלא,יחידה,10.00,יחידה,false,1,16.90,1.6900,true,1,44543
7290018296646,false,חלת כוסמין 400 גרם א,מאפיית אגמי,,חלת כוסמין 400 גרם אגמי,גרמים,400.00,100 גרם,false,1,19.90,4.9750,true,1,49810
7290018296653,false,לחם אחיד פלוס כוסמין,מאפיית אגמי,IL,לחם אחיד פלוס כוסמין מרובע 700גר חלי ממן,גרמים,700.00,100 גרם,false,1,18.50,2.6429,true,1,55690
7290018296806,false,לחם בריאות ושובע מוע,מאפיית אגמי,IL,לחם בריאות ושובע מועשר בסיבים 600גר,גרמים,600.00,100 גרם,false,1,14.90,2.4833,true,1,44538
7290018296813,false,פיתה קלה ביס 10יח,,,פיתה קלה ביס 10יח,יחידה,10.00,יחידה,false,1,14.90,1.4900,true,1,44542
7290018333945,false,חטיפי רפאלס אגוז שקד,כרמית תעשיות ממתקים,IL,חטיפי רפאלס אגוז שקד וניל 5 יח 150 גרם,גרמים,150.00,100 גרם,false,12,15.90,10.6000,true,1,52988
7290018333952,false,חטיפי רפאלס אגוז וחמ,כרמית תעשיות ממתקים,IL,חטיפי רפאלס אגוז וחמוציות 5 יח 150 גרם,גרמים,150.00,100 גרם,false,12,15.90,10.6000,true,1,52989
7290018333969,false,חטיפי רפאלס שקד וטחי,כרמית תעשיות ממתקים,IL,חטיפי רפאלס שקד וטחינה 5 יח 150 גר,גרמים,150.00,100 גרם,false,12,15.90,10.6000,true,1,52990
7290018333976,false,חטיפי רפאלס קשיו וקו,כרמית תעשיות ממתקים,IL,חטיפי רפאלס קשיו וקוקוס 5 יח 150 גר,גרמים,150.00,100 גרם,false,12,15.90,10.6000,true,1,52991
7290018338032,false,שמן זית אורגני 750 מ,,,שמן זית אורגני 750 מל,מיליליטרים,750.00,"100 מ""ל",false,12,36.90,4.9200,true,1,50304
7290018338384,false,ממתיק אריתריטול 310,,CN,ממתיק אריתריטול 310 גרם,גרמים,310.00,100 גרם,false,12,15.90,5.1290,true,1,50972
7290018338544,false,פסטה פוזילי כוסמין ל,,,פסטה פוזילי כוסמין לבן אורגני 500 גר,גרמים,500.00,100 גרם,false,16,13.90,2.7800,true,1,57459
7290018339077,false,טורטליני עוף 300גרם,,IL,טורטליני עוף 300גרם פסטה ריקו,גרמים,300.00,100 גרם,false,8,29.90,9.9667,true,1,58359
7290018339084,false,טורטליני ראגו אנטריק,,IL,טורטליני ראגו אנטריקוט 300גרם פסטה ריקו,גרמים,300.00,100 גרם,false,8,29.90,9.9667,true,1,58360
7290018339091,false,פסטה אניולוטי ראגו א,,IL,פסטה אניולוטי ראגו אנטריקוט 300גר ריקו,גרמים,300.00,100 גרם,false,8,29.90,9.9667,true,1,58358
7290018343296,false,אלכוגל 70% אלכוהול 1,,,אלכוגל 70% אלכוהול 100 מל,מיליליטרים,100.00,"100 מ""ל",false,15,14.90,14.9000,true,1,46302
7290018343319,false,שמפו פרפקט לשיער מתו,,,שמפו פרפקט לשיער מתולתל 400מל,מיליליטרים,400.00,"100 מ""ל",false,10,29.90,7.4750,true,1,48773
7290018343333,false,מסכת הזנה פרפקט לשיע,,,מסכת הזנה פרפקט לשיער מתולתל 300מל,מיליליטרים,300.00,"100 מ""ל",false,10,39.90,13.3000,true,1,48772
7290018344095,false,חטיף פרוטאין טבעוני,,,חטיף פרוטאין טבעוני בוטנים 50גר,יחידה,1.00,יחידה,false,1,11.90,11.9000,true,1,51651
7290018359082,false,מחית תפוח עץ לאפיה י,זנלכל,IL,מחית תפוח עץ לאפיה יכין 550 גרם,גרמים,550.00,100 גרם,false,12,7.90,1.4364,true,1,45844
7290018359358,false,מארז 3 יח פריכוז יכי,זנלכל,IL,מארז 3 יח פריכוז יכין 200 גרם,גרמים,600.00,100 גרם,false,8,12.90,2.1500,true,1,51540
7290018359495,false,תירס יכין מהשדה ללא,זנלכל,,תירס יכין מהשדה ללא תוספת סוכר 550 גרם,גרמים,550.00,100 גרם,false,1,9.90,1.8000,true,1,50684
7290018359679,false,שעוית לימה הקיסרית י,זנלכל,,שעוית לימה הקיסרית יכין 550 גרם,גרמים,550.00,100 גרם,false,1,9.90,1.8000,true,1,61624
7290018359686,false,גרגירי חומוס הקיסריה,זנלכל,,גרגירי חומוס הקיסריה ענק יכין 550 גרם,גרמים,550.00,100 גרם,false,1,9.90,1.8000,true,1,61623
7290018359716,false,רוטב פיצה טוסקנה יכי,זנלכל,,רוטב פיצה טוסקנה יכין 240 גר,גרמים,240.00,100 גרם,false,1,4.90,2.0417,true,1,51104
7290018359853,false,עדשים שחורות יכין מב,זנלכל,IL,עדשים שחורות יכין מבושלות 400 גרם,גרמים,400.00,100 גרם,false,12,6.90,1.7250,true,1,61686
7290018359938,false,רוטב לשקשוקה יכין 40,זנלכל,IL,רוטב לשקשוקה יכין 400 גרם,גרמים,400.00,100 גרם,false,12,11.90,2.9750,true,1,61687
7290018359945,false,רוטב פיקנטי חאריפה י,זנלכל,IL,רוטב פיקנטי חאריפה יכין 400 גרם,גרמים,400.00,100 גרם,false,12,11.90,2.9750,true,1,61690
7290018359952,false,רוטב לפסטה יכין 400,זנלכל,IL,רוטב לפסטה יכין 400 גרם,גרמים,400.00,100 גרם,false,12,11.90,2.9750,true,1,61689
7290018359969,false,רוטב לפיצה יכין 400,זנלכל,IL,רוטב לפיצה יכין 400 גרם,גרמים,400.00,100 גרם,false,12,11.90,2.9750,true,1,61688
7290018367322,false,שומשום בטעם רוטב סוי,,TW,שומשום בטעם רוטב סויהי 100 גרם,גרמים,100.00,100 גרם,false,24,18.90,18.9000,true,1,51186
7290018371022,false,עגבניות שלמות מקולפו,,IT,עגבניות שלמות מקולפות אורני 550 גר,גרמים,350.00,100 גרם,false,1,28.90,8.2571,true,1,46845
7290018371220,false,חמאת בוטנים אורגנית,,IL,חמאת בוטנים אורגנית ללא סוכר/מלח 400גר,גרמים,400.00,100 גרם,false,12,22.90,5.7250,true,1,48557
7290018371237,false,חמאת בוטנים אורגנית,,IL,חמאת בוטנים אורגנית שבבי בוטנים ללאמלח,גרמים,400.00,100 גרם,false,12,22.90,5.7250,true,1,48558
7290018371251,false,בוטן קךוף וקלוי אורג,,IL,בוטן קךוף וקלוי אורגני ללא מלח 180גר,גרמים,180.00,100 גרם,false,18,12.90,7.1667,true,1,48559
7290018371275,false,מיני פירכיות אורגני,,,מיני פירכיות אורגני  כוסמת 80 גר,Unknown,0.00,Unknown,false,1,10.90,0.0000,true,1,50699
7290018371299,false,אובלטים מקמח חומוס א,אם החיטה,IL,אובלטים מקמח חומוס אורגני 100 גר,גרמים,100.00,100 גרם,false,15,12.90,12.9000,true,1,51807
7290018371305,false,אובלטים מקמח עדשים א,אם החיטה,IL,אובלטים מקמח עדשים אורגני 100 גר,גרמים,100.00,100 גרם,false,15,12.90,12.9000,true,1,51806
7290018371398,false,חמאת בוטנים אורגנית,,IL,חמאת בוטנים אורגנית במליחות עדינה 400גר,גרמים,400.00,100 גרם,false,12,22.90,5.7250,true,1,51072
7290018371466,false,וופל מקמח מלא חרובים,רוקחמן,IL,וופל מקמח מלא חרובים 200 גר,גרמים,200.00,100 גרם,false,12,10.90,5.4500,true,1,56169
7290018371480,false,וופל מקמח כוסמין חרו,רוקחמן,IL,וופל מקמח כוסמין חרובים 200 גר,גרמים,200.00,100 גרם,false,12,14.90,7.4500,true,1,56170
7290018371503,false,וופל מקמח כוסמין אגו,רוקחמן,IL,וופל מקמח כוסמין אגוזים 200 גר,גרמים,200.00,100 גרם,false,12,14.90,7.4500,true,1,56172
7290018371510,false,וופל מקמח כוסמין לימ,רוקחמן,IL,וופל מקמח כוסמין לימון 200 גר,גרמים,200.00,100 גרם,false,12,14.90,7.4500,true,1,56173
7290018371534,false,וופל קוביות קמח כוסמ,רוקחמן,IL,וופל קוביות קמח כוסמין חרובים 200 גרגר,גרמים,200.00,100 גרם,false,12,15.90,7.9500,true,1,56174
7290018380529,false,לבבות דקל חתוכים תומ,אינקופלמיטו אס.אי,EC,לבבות דקל חתוכים תומר 400 גרם,גרמים,400.00,100 גרם,false,12,7.90,1.9750,true,1,61716
7290018394021,false,פטריות מלך היער תקוע,,,פטריות מלך היער תקוע,Unknown,0.00,Unknown,false,1,13.90,0.0000,true,1,52167
7290018394038,false,פטריות שיטאקה מיובשו,,,פטריות שיטאקה מיובשות עשירות ויטמין תקוע,Unknown,0.00,Unknown,false,1,9.90,0.0000,true,1,49528
7290018394076,false,שום שחור תקוע 60 גרם,,,שום שחור תקוע 60 גרם,גרמים,200.00,100 גרם,false,1,29.90,14.9500,true,1,56557
7290018394083,false,שום פנינה תקוע 200 ג,,,שום פנינה תקוע 200 גרם,גרמים,200.00,100 גרם,false,1,11.90,5.9500,true,1,53155
7290018394113,false,דואט פטריות שימגי לב,,,דואט פטריות שימגי לבן וחום תקוע,Unknown,0.00,Unknown,false,1,19.90,0.0000,true,1,58887
7290018394144,false,בצלצלי איזי שאלוט תק,,,בצלצלי איזי שאלוט תקוע ארוז,Unknown,0.00,Unknown,false,1,10.00,0.0000,true,1,59649
7290018400005,false,בורגרים מן הצומח 227,תנובה גליל,IL,בורגרים מן הצומח 227גר מיטלס,גרמים,227.00,100 גרם,false,1,25.90,11.4097,true,1,52007
7290018400036,false,לקט חגיגת כתומים 800,סנפרוסט,,לקט חגיגת כתומים 800גר סנפרוסט,גרמים,800.00,100 גרם,false,12,22.90,2.8625,true,1,52226
7290018400425,false,טופו עם אורז וירקות,תנובה ב.ע.ד,IL,טופו עם אורז וירקות בקארי 350גר תנובה שף,גרמים,350.00,100 גרם,false,12,24.90,7.1143,true,1,50715
7290018400456,false,סמוטיז פיטאיה 300 גר,סנפרוסט,,סמוטיז פיטאיה 300 גרם קפוא סנפרוסט,גרמים,300.00,100 גרם,false,1,15.90,5.3000,true,1,58615
7290018400623,false,פסטה בולונז 350 גרם,תנובה ב.ע.ד,IL,פסטה בולונז 350 גרם תנובה שף,גרמים,350.00,100 גרם,false,12,24.90,7.1143,true,1,50714
7290018400661,false,לקט פאייה בסגנון ספר,סנפרוסט,,לקט פאייה בסגנון ספרדי 800גר סנפרוסט,גרמים,800.00,100 גרם,false,1,22.90,2.8625,true,1,53280
7290018400807,false,לקט טברנה יוונית 800,סנפרוסט,,לקט טברנה יוונית 800גר סנפרוסט,גרמים,800.00,100 גרם,false,1,22.90,2.8625,true,1,49028
7290018400814,false,שווארמה הודו עם פירה,תנובה ב.ע.ד,IL,שווארמה הודו עם פירה ובצל 350גר תנובה שף,גרמים,350.00,100 גרם,false,12,24.90,7.1143,true,1,50718
7290018402740,false,רביולי פיטריות 450גר,,IL,רביולי פיטריות 450גרם,גרמים,450.00,100 גרם,false,12,15.90,3.5333,true,1,59707
7290018440209,false,בייגלה פליפז פאדג לב,,,בייגלה פליפז פאדג לבן 140 גרם,גרמים,140.00,100 גרם,false,1,8.90,6.3571,true,1,49907
7290018440223,false,תה צאי מסאלה 25 שקיק,תה ויסוצקי,IL,תה צאי מסאלה 25 שקיקים 2 גרם,יחידה,25.00,יחידה,false,8,17.90,0.7160,true,1,56391
7290018440230,false,תה צאי ורדים 25 שקיק,תה ויסוצקי,IL,תה צאי ורדים 25 שקיקים 2 גרם,יחידה,25.00,יחידה,false,8,17.90,0.7160,true,1,56393
7290018440254,false,תה צאי וקרמל מלוח 25,תה ויסוצקי,IL,תה צאי וקרמל מלוח 25 שקיקים 2 גרם,יחידה,25.00,יחידה,false,8,17.90,0.7160,true,1,56394
7290018440384,false,תה ירוק מאטה לימון נ,תה ויסוצקי,,תה ירוק מאטה לימון נענע 25 שק,יחידה,25.00,יחידה,false,1,24.90,0.9960,true,1,54800
7290018440391,false,תה ירוק מאטה נענע גו,תה ויסוצקי,,תה ירוק מאטה נענע גוארנה 25 שק,יחידה,25.00,יחידה,false,1,24.90,0.9960,true,1,54801
7290018440407,false,תה ירוק מאטה קקאו לו,תה ויסוצקי,,תה ירוק מאטה קקאו לוז 25 שק,יחידה,25.00,יחידה,false,1,24.90,0.9960,true,1,54799
7290018440438,false,מארז 3 יח טונה קאלוו,,ES,מארז 3 יח טונה קאלוו בשמן זית 65 גרם,גרמים,195.00,100 גרם,false,20,23.90,12.2564,true,1,59463
7290018440483,false,בייגלה פליפז קרמל מל,,,בייגלה פליפז קרמל מלוח 140 גרם,גרמים,140.00,100 גרם,false,1,8.90,6.3571,true,1,52624
7290018440513,false,סלט טונה קאלוו קליפו,,ES,סלט טונה קאלוו קליפורניה 150 גרם,גרמים,150.00,100 גרם,false,24,14.90,9.9333,true,1,59467
7290018440612,false,תה גן הקסום קמומיל ו,תה ויסוצקי,,תה גן הקסום קמומיל ודבש5+25 יח,יחידה,30.00,יחידה,false,1,18.90,0.6300,true,1,53104
7290018440896,false,תה גן הקסום גינגר וכ,תה ויסוצקי,,תה גן הקסום גינגר וכורכום 25 שקיקים,יחידה,25.00,יחידה,false,1,19.50,0.7800,true,1,57745
7290018441985,false,בייגלה פרצלס קפוא 4י,מוצרי איכות אמריקאיי,,בייגלה פרצלס קפוא 4יח,גרמים,280.00,100 גרם,false,1,15.50,5.5357,true,1,53156
7290018468302,false,נקניקיה צמחית בסגנון,טירת צבי,IL,נקניקיה צמחית בסגנון מרגז 400גר,גרמים,400.00,100 גרם,false,10,36.90,9.2250,true,1,59752
7290018468319,false,נקניקיה צמחית בסגנון,טירת צבי,IL,נקניקיה צמחית בסגנון צוריסוס 400גר,גרמים,400.00,100 גרם,false,10,36.90,9.2250,true,1,59751
7290018468326,false,נקניקיה צמחית בסגנון,טירת צבי,IL,נקניקיה צמחית בסגנון אמריקאי 400גר,גרמים,400.00,100 גרם,false,10,36.90,9.2250,true,1,59753
7290018468401,false,פסטרמה צמחונית 120גר,,IL,פסטרמה צמחונית 120גרם בטעם גריל טירת צבי,גרמים,120.00,100 גרם,false,36,15.90,13.2500,true,1,61033
7290018468418,false,פסטרמה צמחונית 120גר,,IL,פסטרמה צמחונית 120גר טעם מפולפל טירת צבי,גרמים,120.00,100 גרם,false,36,15.90,13.2500,true,1,61034
7290018468425,false,נקניק טבעוני 100גרם,,IL,נקניק טבעוני 100גרם בטעם פיקנטי טירת צבי,גרמים,100.00,100 גרם,false,36,15.90,15.9000,true,1,61032
7290018468432,false,נקניק טבעוני 100גרם,,IL,נקניק טבעוני 100גרם בטעם מעושן טירת צבי,גרמים,100.00,100 גרם,false,36,15.90,15.9000,true,1,61031
7290018471029,false,מארז שישיית סודה שוו,יפאורה,,מארז שישיית סודה שוופס לימון 500 מל,ליטרים,3.00,ליטר,false,1,15.90,5.3000,true,1,49270
7290018471128,false,שייק פירות ספרינג 33,יפאורה,,שייק פירות ספרינג 330מל אננס מנגו בק.פקד,מיליליטרים,330.00,"100 מ""ל",false,1,6.90,2.0909,true,1,52918
7290018471135,false,שייק פירות ספרינג 33,יפאורה,,שייק פירות ספרינג 330מל בננה תמר בק.פקד,מיליליטרים,330.00,"100 מ""ל",false,1,6.90,2.0909,true,1,52919
7290018471180,false,משקה פרוט אנד ווג 1ל,יפאורה,IL,משקה פרוט אנד ווג 1ליטר אננס תפוח גזר,ליטרים,1.00,ליטר,false,1,13.90,13.9000,true,1,51264
7290018471395,false,משקה פרוט אנד ווג 1ל,יפאורה,IL,משקה פרוט אנד ווג 1ליטר רימון סלק גינגר,ליטרים,1.00,ליטר,false,1,13.90,13.9000,true,1,51267
7290018471401,false,משקה פרוט אנד ווג 1ל,יפאורה,IL,משקה פרוט אנד ווג 1ליטר אננס בננה כורכום,ליטרים,1.00,ליטר,false,1,13.90,13.9000,true,1,51266
7290018471449,false,שייק פירות ספרינג 1ל,יפאורה,,שייק פירות ספרינג 1ליטר בננה תמר תפוז,ליטרים,1.00,ליטר,false,1,12.90,12.9000,true,1,52916
7290018471463,false,נקטר תפוזינה תפוז מנ,יפאורה,,נקטר תפוזינה תפוז מנגו 1ליטר קרטונית,ליטרים,1.00,ליטר,false,1,7.50,7.5000,true,1,51921
7290018471470,false,נקטר תפוזינה תפוז פס,יפאורה,,נקטר תפוזינה תפוז פסיפלורה 1ליטר קרטונית,ליטרים,1.00,ליטר,false,1,7.50,7.5000,true,1,51922
7290018471487,false,נקטר תפוזינה תפוז אנ,יפאורה,,נקטר תפוזינה תפוז אננס 1ליטר קרטונית,ליטרים,1.00,ליטר,false,1,7.50,7.5000,true,1,51918
7290018471494,false,משקה תפוזינה תפוז גז,יפאורה,,משקה תפוזינה תפוז גזר 1ליטר קרטונית,ליטרים,1.00,ליטר,false,1,7.50,7.5000,true,1,51923
7290018471548,false,מארז 4יח ספרינג 250מ,,,מארז 4יח ספרינג 250מל ענבים,מיליליטרים,1000.00,"100 מ""ל",false,1,12.90,1.2900,true,1,51260
7290018471616,false,משקה שוופס אינדיאן ט,יפאורה,IL,משקה שוופס אינדיאן טוניק 1ליטר,ליטרים,1.00,ליטר,false,1,9.90,9.9000,true,1,52230
7290018471630,false,משקה שוופס טוניק מלפ,יפאורה,IL,משקה שוופס טוניק מלפפון ליים 1ליטר,ליטרים,1.00,ליטר,false,1,9.90,9.9000,true,1,52231
7290018471647,false,מארז 4יח שוופס וואטר,יפאורה,,מארז 4יח שוופס וואטר אפרסק 500מל בק.פקדו,מיליליטרים,2000.00,"100 מ""ל",false,1,13.90,0.6950,true,1,52914
7290018471654,false,מארז 4יח שוופס וואטר,יפאורה,,מארז 4יח שוופס וואטר ענבים 500מל בק.פקדו,מיליליטרים,2000.00,"100 מ""ל",false,1,13.90,0.6950,true,1,52913
7290018471661,false,מארז 4יח תפוזינה ענב,יפאורה,,מארז 4יח תפוזינה ענבים 500מל בק. פקדון,מיליליטרים,2000.00,"100 מ""ל",false,1,14.90,0.7450,true,1,51915
7290018471678,false,מארז 4יח תפוזינה תפו,יפאורה,,מארז 4יח תפוזינה תפוזים 500מל בק. פקדון,מיליליטרים,2000.00,"100 מ""ל",false,1,14.90,0.7450,true,1,51914
7290018471685,false,מארז 4יח תפוזינה לימ,יפאורה,,מארז 4יח תפוזינה לימונענע500מל בק. פקדון,מיליליטרים,2000.00,"100 מ""ל",false,1,14.90,0.7450,true,1,51916
7290018471692,false,שייק פירות ספרינג 1ל,יפאורה,,שייק פירות ספרינג 1ליטר בננה אננס קוקוס,ליטרים,1.00,ליטר,false,1,12.90,12.9000,true,1,52915
7290018471739,false,משקה אלוורה קינג פטל,יפאורה,IL,משקה אלוורה קינג פטל 1ליטר בק.פקדון,ליטרים,1.00,ליטר,false,1,10.90,10.9000,true,1,53202
7290018471906,false,שוופס מוגז פירות לימ,יפאורה,,שוופס מוגז פירות לימונדה ורודה1.5ל פקדון,ליטרים,1.50,ליטר,false,1,9.90,6.6000,true,1,57279
7290018471913,false,שוופס מוגז פירות תפו,יפאורה,,שוופס מוגז פירות תפוחים 1.5ליטר ב. פקדון,ליטרים,1.50,ליטר,false,1,9.90,6.6000,true,1,57280
7290018471920,false,שוופס מוגז פירות ענב,יפאורה,,שוופס מוגז פירות ענבים 1.5ליטר ב. פקדון,ליטרים,1.50,ליטר,false,1,9.90,6.6000,true,1,57281
7290018471937,false,שוופס מוגז פירות תות,יפאורה,,שוופס מוגז פירות תות ליים 1.5ליטר פקדון,ליטרים,1.50,ליטר,false,1,9.90,6.6000,true,1,57282
7290018471944,false,שוופס מוגז פירות לימ,יפאורה,,שוופס מוגז פירות לימונייד 1.5ליטר פקדון,ליטרים,1.50,ליטר,false,1,9.90,6.6000,true,1,57283
7290018471951,false,שוופס מוגז פירות אשכ,יפאורה,,שוופס מוגז פירות אשכולית אדומה1.5ל פקדון,ליטרים,1.50,ליטר,false,1,9.90,6.6000,true,1,57284
7290018493021,false,אל סבון מדקס אקטיבי,פישר תעשיות,IL,אל סבון מדקס אקטיבי 500מל,מיליליטרים,500.00,"100 מ""ל",false,12,17.90,3.5800,true,1,49371
7290018493045,false,קרם ידיים אפקטיב קר,,,קרם ידיים אפקטיב קר מועשר 100מל קוקוס,מיליליטרים,100.00,"100 מ""ל",false,12,15.90,15.9000,true,1,50646
7290018493069,false,קרם ידיים אפקטיב קר,,,קרם ידיים אפקטיב קר מועשר 100מל כותנה,מיליליטרים,100.00,"100 מ""ל",false,12,15.90,15.9000,true,1,50648
7290018493076,false,קרם ידיים אפקטיב קר,,,קרם ידיים אפקטיב קר מועשר 100מל ארגן,מיליליטרים,100.00,"100 מ""ל",false,12,15.90,15.9000,true,1,50649
7290018507438,false,נתחי חזה עוף בציפוי,מאמא עוף,,נתחי חזה עוף בציפוי פריך 600גר מאמא עוף,גרמים,600.00,100 גרם,false,10,47.90,7.9833,true,1,58344
7290018507445,false,רצועות חזה עוף ציפוי,מאמא עוף,,רצועות חזה עוף ציפוי פריך 600גר מאמא עוף,גרמים,600.00,100 גרם,false,10,47.90,7.9833,true,1,58345
7290018516041,false,פרמיו דליקט עוף 56 ג,,CN,פרמיו דליקט עוף 56 גר,גרמים,56.00,100 גרם,false,12,9.90,17.6786,true,1,60233
7290018516065,false,פרמיו דליקט טונה וסל,,CN,פרמיו דליקט טונה וסלמון 56 גר,גרמים,56.00,100 גרם,false,12,9.90,17.6786,true,1,60234
7290018516324,false,פאוץ פרינוק תפוח שבו,,,פאוץ פרינוק תפוח שבולת שועל 120 גרם,גרמים,120.00,100 גרם,false,1,5.90,4.9167,true,1,52352
7290018516348,false,פאוץ פרינוק סלט פירו,,,פאוץ פרינוק סלט פירות.ש.שועל 120 גרם,גרמים,120.00,100 גרם,false,1,5.90,4.9167,true,1,52354
7290018516393,false,פרמיו סופרים מיקס 3,,DE,פרמיו סופרים מיקס 3 קג,קילוגרמים,3.00,"ק""ג",false,3,59.90,19.9667,true,1,60224
7290018516546,false,דליקט טונה פרמיו 56,,DE,דליקט טונה פרמיו 56 גר,גרמים,110.00,100 גרם,false,12,9.90,9.0000,true,1,60978
7290018516591,false,מחית בשר עוף הורייזן,,DE,מחית בשר עוף הורייזן 90 גר,גרמים,110.00,100 גרם,false,10,9.90,9.0000,true,1,60982
7290018516607,false,מחית בשר טונה הורייז,,DE,מחית בשר טונה הורייזן 90 גר,גרמים,110.00,100 גרם,false,10,9.90,9.0000,true,1,60983
7290018516614,false,מחית בשר סלמון הוריי,,DE,מחית בשר סלמון הורייזן 90 גר,גרמים,110.00,100 גרם,false,10,9.90,9.0000,true,1,60984
7290018516621,false,מחית בשר דג זהבון הו,,DE,מחית בשר דג זהבון הורייזן 90 גר,גרמים,110.00,100 גרם,false,10,9.90,9.0000,true,1,60985
7290018516942,false,פרמיו סופרים עופות ל,,,פרמיו סופרים עופות לכלב בוגר 3 קג,קילוגרמים,3.00,"ק""ג",false,3,49.90,16.6333,true,1,60965
7290018516959,false,פרמיו סופרים עופות ל,,,פרמיו סופרים עופות לכלב ננסי 3 קג,קילוגרמים,3.00,"ק""ג",false,3,49.90,16.6333,true,1,60964
7290018516966,false,פרמיו סופרים בקר לכל,,,פרמיו סופרים בקר לכלב בוגר 3 קג,קילוגרמים,3.00,"ק""ג",false,3,49.90,16.6333,true,1,60966
7290018593004,false,בסגנון פטה שקדים טבע,,,בסגנון פטה שקדים טבעי 200גר פלנטי,גרמים,200.00,100 גרם,false,1,32.90,16.4500,true,1,50059
7290018593011,false,בסגנון פטה שקדים עשב,,,בסגנון פטה שקדים עשבי תיבול 200גר פלנטי,גרמים,200.00,100 גרם,false,1,32.90,16.4500,true,1,50060
7290018593035,false,כמוצרלה קשיו 200 גרם,,,כמוצרלה קשיו 200 גרם פלנטי,גרמים,200.00,100 גרם,false,1,24.90,12.4500,true,1,50986
7290018593059,false,בסגנון פרמזן אגוזנו,,,בסגנון פרמזן אגוזנו 115גרם פלנטי,גרמים,115.00,100 גרם,false,1,23.90,20.7826,true,1,50984
7290018593066,false,אגוזנו עשבי תיבול 11,,,אגוזנו עשבי תיבול 115גרם פלנטי,גרמים,115.00,100 גרם,false,1,23.90,20.7826,true,1,50985
7290018593080,false,קשיו צדר 200גר פלנטי,,,קשיו צדר 200גר פלנטי,גרמים,200.00,100 גרם,false,1,25.90,12.9500,true,1,52878
7290018593202,false,שיוגורט מעדן שקדים 1,,IL,שיוגורט מעדן שקדים 160גר פלנטי,גרמים,160.00,100 גרם,false,1,10.00,6.2500,true,1,60265
7290018593233,false,גבינאטס טבעי ממרח שק,,,גבינאטס טבעי ממרח שקדים בסגנון גב.לבנה,גרמים,240.00,100 גרם,false,1,18.90,7.8750,true,1,60263
7290018593240,false,גבינאטס זיתים ממרח ש,,,גבינאטס זיתים ממרח שקדים בסגנון גב.לבנה,גרמים,240.00,100 גרם,false,1,18.90,7.8750,true,1,60253
7290018593257,false,גבינאטס שום שמירממרח,,IL,גבינאטס שום שמירממרח שקדים סגנון גב.לבנה,גרמים,240.00,100 גרם,false,1,18.90,7.8750,true,1,60264
7290018593295,false,קשיו פסטו חצי קשה 20,,IL,קשיו פסטו חצי קשה 200גר פלנטי,גרמים,200.00,100 גרם,false,1,28.90,14.4500,true,1,61303
7290018593301,false,קשיו כמהין חצי קשה 2,,IL,קשיו כמהין חצי קשה 200גר פלנטי,גרמים,200.00,100 גרם,false,1,28.90,14.4500,true,1,61304
7290018593325,false,לאבנה שקדים 220 גרם,,IL,לאבנה שקדים 220 גרם פלנטי,גרמים,220.00,100 גרם,false,1,18.90,8.5909,true,1,61305
7290018641439,false,ערק אוק אנד אש אשכול,,,ערק אוק אנד אש אשכולית אדומה מוגז 330מל,מיליליטרים,330.00,"100 מ""ל",false,24,16.90,5.1212,true,1,60036
7290018641446,false,ערק אוק אנד אש לימונ,,,ערק אוק אנד אש לימונדה מוגז 330מל בק.פקד,מיליליטרים,330.00,"100 מ""ל",false,24,16.90,5.1212,true,1,60037
7290018652039,false,גלידה לה קרמריה קרמל,גלידות נסטלה,,גלידה לה קרמריה קרמל מלוח נוגט 1.4 ליטר,מיליליטרים,1400.00,"100 מ""ל",false,1,18.90,1.3500,true,1,51617
7290018652053,false,ביסקולידה אקסטרה,,ES,ביסקולידה אקסטרה,יחידה,1.00,יחידה,false,20,8.00,8.0000,true,1,51613
7290018652213,false,מאגדת קראנץ בר 6יח,גלידות נסטלה,,מאגדת קראנץ בר 6יח,יחידה,6.00,יחידה,false,1,19.90,3.3167,true,1,58333
7290018652671,false,גל. לה קרמריה שוקו ו,גלידות נסטלה,,גל. לה קרמריה שוקו וניל תו איל 1.4ליטר,מיליליטרים,1400.00,"100 מ""ל",false,1,18.90,1.3500,true,1,58327
7290018652688,false,גל. לה קרמריה טרופי,גלידות נסטלה,,גל. לה קרמריה טרופי ופירות אדומים 1.4ליט,מיליליטרים,1400.00,"100 מ""ל",false,1,18.90,1.3500,true,1,58328
7290018652770,false,טילון אקסטרים בייגלה,,,טילון אקסטרים בייגלה מתוק מלוח בודד,יחידה,1.00,יחידה,false,1,12.00,12.0000,true,1,58326
7290018652886,false,מאגדת 8יח שוקו בננה,גלידות נסטלה,,מאגדת 8יח שוקו בננה שלגונים נסטלה,יחידה,8.00,יחידה,false,1,29.90,3.7375,true,1,60774
7290018652909,false,מאגדת פרוייקט סער אס,גלידות נסטלה,,מאגדת פרוייקט סער אספרסו שוקולד 5יח,יחידה,5.00,יחידה,false,1,32.90,6.5800,true,1,58334
7290018652923,false,מאגדת פרוייקט סער תו,גלידות נסטלה,,מאגדת פרוייקט סער תות עוגת גבינה 5יח,יחידה,5.00,יחידה,false,1,32.90,6.5800,true,1,58335
7290018652947,false,שלגון קראנץ פיסטוק,נסטלה,,שלגון קראנץ פיסטוק,יחידה,1.00,יחידה,false,1,10.00,10.0000,true,1,59992
7290018654385,false,מארז וופל בלגי 10יח,,,מארז וופל בלגי 10יח 55 גרם,יחידה,10.00,יחידה,false,8,31.90,3.1900,true,1,50692
7290018654422,false,מיני צורוס 300גר,,,מיני צורוס 300גר,גרמים,300.00,100 גרם,false,13,19.90,6.6333,true,1,51298
7290018654477,false,מקלות צורוס אורגינל,,,מקלות צורוס אורגינל 300גר,גרמים,300.00,100 גרם,false,13,19.90,6.6333,true,1,51299
7290018677070,false,קרם קוקוס אורגני 330,,,קרם קוקוס אורגני 330מל טטרה פק 18%שומן,גרמים,330.00,100 גרם,false,1,10.90,3.3030,true,1,52584
7290018677124,false,גרנולה קראנצי חמוציו,,,גרנולה קראנצי חמוציות ל.גלוטן סוכר300ג,גרמים,300.00,100 גרם,false,12,22.90,7.6333,true,1,53551
7290018677131,false,גרנולה קראנצי אגוז ש,,,גרנולה קראנצי אגוז שקד ל.גלוטן סוכר300ג,גרמים,300.00,100 גרם,false,12,22.90,7.6333,true,1,53550
7290018677148,false,גרנולה קראנצי שוקולד,,,גרנולה קראנצי שוקולד ל.גלוטן סוכר300ג,גרמים,300.00,100 גרם,false,12,22.90,7.6333,true,1,53552
7290018677162,false,תערובת רב תכליתית ל.,,,תערובת רב תכליתית ל.ג. בסיס עמילן 500גר,גרמים,500.00,100 גרם,false,1,19.90,3.9800,true,1,52580
7290018677223,false,פוזילי כוסמת אורגני,,,פוזילי כוסמת אורגני ללא גלוטן 250גר,גרמים,250.00,100 גרם,false,1,14.90,5.9600,true,1,60106
7290018677292,false,איטריות פרו עדשים אד,,,איטריות פרו עדשים אדומות אורגני 250גר,גרמים,250.00,100 גרם,false,1,14.90,5.9600,true,1,60102
7290018681602,false,זרעי ציה אורגני כרם,,PE,זרעי ציה אורגני כרם 650 גרם,גרמים,650.00,100 גרם,false,6,29.90,4.6000,true,1,56707
7290018681619,false,זרעי ציה אורגני כרם,,PE,זרעי ציה אורגני כרם 300 גרם,גרמים,300.00,100 גרם,false,12,19.90,6.6333,true,1,56708
7290018681992,false,אגוזי מלך קליפורניה,כרם תעשיות,IL,אגוזי מלך קליפורניה כרם 450 גרפ שקית,גרמים,450.00,100 גרם,false,12,21.90,4.8667,true,1,58783
7290018720011,false,ביסקויט קרנבל חיות מ,,IL,ביסקויט קרנבל חיות מעדני המלך 250 ג,גרמים,250.00,100 גרם,false,12,6.90,2.7600,true,1,52483
7290018720028,false,ביסקויט קרנבל אותיות,,IL,ביסקויט קרנבל אותיות מעדני המלך 250 ג,גרמים,250.00,100 גרם,false,12,6.90,2.7600,true,1,52484
7290018720059,false,פירורי לחם פנקו מוזה,מאפית י.את א. ברמן ב,IL,פירורי לחם פנקו מוזהב 250 גרם,גרמים,250.00,100 גרם,false,12,7.90,3.1600,true,1,53129
7290018720127,false,עוגיות יאמי מילוי קר,,IL,עוגיות יאמי מילוי קרם שמנת 150 גרם,גרמים,150.00,100 גרם,false,1,6.90,4.6000,true,1,56531
7290018724002,false,זרעי פשתן טחון נטורל,,,זרעי פשתן טחון נטורלה 300 גר,גרמים,300.00,100 גרם,false,16,12.90,4.3000,true,1,51684
7290018724606,false,סודה לשתיה ללא אלומי,,,סודה לשתיה ללא אלומיניום 350 גר,גרמים,350.00,100 גרם,false,24,14.90,4.2571,true,1,51680
7290018792841,false,קקאו גאנה 100% טבעי,,GH,קקאו גאנה 100% טבעי דל שומן 150 גרם,גרמים,150.00,100 גרם,false,18,10.00,6.6667,true,1,59578
7290018792858,false,קקאו גאנה 100% טבעי,,GH,קקאו גאנה 100% טבעי דל שומן 500 גרם,גרמים,500.00,100 גרם,false,12,27.90,5.5800,true,1,59579
7290018823002,false,מלפפון בייבי אורגני,,,מלפפון בייבי אורגני,Unknown,0.00,Unknown,false,1,11.90,0.0000,true,1,57567
7290018823200,false,עגבניות שרי אורגניות,,,עגבניות שרי אורגניות,Unknown,0.00,Unknown,false,1,13.90,0.0000,true,1,57565
7290018823408,false,פלפל סוויט בייט אורג,,,פלפל סוויט בייט אורגני,Unknown,0.00,Unknown,false,1,11.90,0.0000,true,1,57569
7290018835005,false,ציפס אורז חום מלח פל,,BG,ציפס אורז חום מלח פלפל שמן זית 60 גרם,Unknown,0.00,Unknown,false,24,6.90,0.0000,true,1,60131
7290018878170,false,זוג שוקולד אגו 60% מ,כרמית תעשיות ממתקים,IL,זוג שוקולד אגו 60% מריר 100 גם,גרמים,200.00,100 גרם,false,24,10.90,5.4500,true,1,60140
7290018878798,false,מטבעות שוקולד צבעוני,כרמית,IL,מטבעות שוקולד צבעוני ברשת 36 גרם,Unknown,0.00,Unknown,false,35,4.50,0.0000,true,1,61574
7290018893005,true,בייגלה צוקטה שטוח חר,,RO,בייגלה צוקטה שטוח חרדל ודבש 160 גרם,גרמים,160.00,100 גרם,false,12,6.90,4.3125,true,1,56364
7290018893494,false,עלי וופל דקים צוקטה,,BE,עלי וופל דקים צוקטה טעם חמאה 100 גרם,גרמים,100.00,100 גרם,false,12,10.90,10.9000,true,1,56211
7290018893517,true,בייגלה צוקטה שטוח מצ,,RO,בייגלה צוקטה שטוח מצופה שוקולד מריר80גר,Unknown,0.00,Unknown,false,16,6.90,0.0000,true,1,58169
7290018893715,true,בייגלה צוקטה שטוח מצ,,RO,בייגלה צוקטה שטוח מצופה שוקולד חלב80גר,Unknown,0.00,Unknown,false,16,6.90,0.0000,true,1,58168
7290018893852,true,בייגלה צוקטה שטוח עם,,RO,בייגלה צוקטה שטוח עם שומשום 200 גרם,גרמים,200.00,100 גרם,false,12,6.90,3.4500,true,1,56207
7290018893876,false,עוגה אישית צוקטה וני,פרדי קונדיטוריה אס.פ,IT,עוגה אישית צוקטה וניל 10 יח 200 גר,גרמים,200.00,100 גרם,false,16,12.90,6.4500,true,1,53469
7290018894200,false,ופל בלקוני קוביות קר,בלקוני,IT,ופל בלקוני קוביות קרם וניל 250 גרם,גרמים,250.00,100 גרם,false,12,11.90,4.7600,true,1,58465
7290018894408,false,ופל בלקוני קוביות קר,בלקוני,IT,ופל בלקוני קוביות קרם אגוזי לוז 250 גרם,גרמים,250.00,100 גרם,false,12,11.90,4.7600,true,1,58464
7290018894606,false,ופל בלקוני קרם קקאו,בלקוני,IT,ופל בלקוני קרם קקאו 175 גרם,גרמים,175.00,100 גרם,false,12,7.90,4.5143,true,1,58462
7290018894804,false,ופל בלקוני קרם אגוזי,בלקוני,IT,ופל בלקוני קרם אגוזי לוז 175 גרם,גרמים,175.00,100 גרם,false,12,7.90,4.5143,true,1,58463
7290018925041,false,מיץ תפוח רימון סלק 7,פרימור,IL,מיץ תפוח רימון סלק 750מל פרימור,מיליליטרים,750.00,"100 מ""ל",false,6,12.90,1.7200,true,1,59319
7290018925065,false,משקה פרימור תפוזים ס,פרימור,IL,משקה פרימור תפוזים סחוט 2ליטר פקדון,ליטרים,2.00,ליטר,false,4,26.90,13.4500,true,1,57402
7290019015154,false,מבשם אווירה בוהו פרח,,,מבשם אווירה בוהו פרחים לבנים,יחידה,1.00,יחידה,false,1,29.90,29.9000,true,1,58725
7290019015642,false,בקבוק טריטן 520מל,,,בקבוק טריטן 520מל,יחידה,1.00,יחידה,false,1,29.90,29.9000,true,1,59515
7290019015659,false,בקבוק טריטן 700מל,,,בקבוק טריטן 700מל,יחידה,1.00,יחידה,false,1,34.90,34.9000,true,1,59514
7290019015772,false,בקבוק טריטן 750 מל,,,בקבוק טריטן 750 מל,יחידה,1.00,יחידה,false,1,39.90,39.9000,true,1,59516
7290019036227,false,שיני שום קלופות 1 קג,,,שיני שום קלופות 1 קג בצנצנת,קילוגרמים,1.00,"ק""ג",false,1,34.90,34.9000,true,1,62085
7290019056027,false,שוופס מוגז פירות תפו,יפאורה,,שוופס מוגז פירות תפוחים ל.סוכר1.5ל פקדון,ליטרים,1.50,ליטר,false,1,8.90,5.9333,true,1,57285
7290019056034,false,שוופס מוגז פירות אננ,יפאורה,,שוופס מוגז פירות אננס ל.סוכר 1.5ל פקדון,ליטרים,1.50,ליטר,false,1,8.90,5.9333,true,1,57286
7290019056041,false,שוופס מוגז פירות לימ,יפאורה,,שוופס מוגז פירות לימוני ל.סוכר1.5ל פקדון,ליטרים,1.50,ליטר,false,1,8.90,5.9333,true,1,57287
7290019056065,false,משקה שוופס מוגז עדין,יפאורה,,משקה שוופס מוגז עדין פ. יער 1.5ל פקדון,ליטרים,1.50,ליטר,false,1,8.90,5.9333,true,1,57268
7290019056072,false,משקה שוופס מוגז עדין,יפאורה,,משקה שוופס מוגז עדין אננס 1.5ל פקדון,ליטרים,1.50,ליטר,false,1,8.90,5.9333,true,1,57269
7290019056089,false,משקה שוופס מוגז עדין,יפאורה,,משקה שוופס מוגז עדין ע.ריזלינג1.5ל פקדון,ליטרים,1.50,ליטר,false,1,8.90,5.9333,true,1,57270
7290019056096,false,משקה שוופס מוגז עדין,יפאורה,,משקה שוופס מוגז עדין אפרסק 1.5ל פקדון,ליטרים,1.50,ליטר,false,1,8.90,5.9333,true,1,57271
7290019056164,false,מארז 4יח סודה שוופס,,,מארז 4יח סודה שוופס 1.5ליטר בק.פקדון,ליטרים,6.00,ליטר,false,1,12.20,2.0333,true,1,57273
7290019056171,false,מארז 4יח סודה לימון,,,מארז 4יח סודה לימון שוופס 1.5ל בק.פקדון,ליטרים,6.00,ליטר,false,1,12.20,2.0333,true,1,57274
7290019056188,false,מארז 4יח סודה נענע ל,,,מארז 4יח סודה נענע ליים 1.5ל בק.פקדון,ליטרים,6.00,ליטר,false,1,12.20,2.0333,true,1,57275
7290019056201,false,מארז 4יח סודה פירות,,,מארז 4יח סודה פירות יער שוופס 1.5ל פקדון,ליטרים,6.00,ליטר,false,1,12.20,2.0333,true,1,57277
7290019056232,false,משקה שוופס מוגז עדין,יפאורה,,משקה שוופס מוגז עדין מוחיטו 1.5ל פקדון,ליטרים,1.50,ליטר,false,1,9.90,6.6000,true,1,57272
7290019056249,false,שוופס מים בטעם ענבים,יפאורה,,שוופס מים בטעם ענבים 1.5ליטר בק.פקדון,ליטרים,1.50,ליטר,false,1,7.90,5.2667,true,1,57249
7290019056256,false,שוופס מים בטעם תפוחי,יפאורה,,שוופס מים בטעם תפוחים 1.5ליטר בק.פקדון,ליטרים,1.50,ליטר,false,1,7.90,5.2667,true,1,57250
7290019056263,false,שוופס מים בטעם אפרסק,יפאורה,,שוופס מים בטעם אפרסק 1.5ליטר בק.פקדון,ליטרים,1.50,ליטר,false,1,7.90,5.2667,true,1,57251
7290019056270,false,שוופס מים בטעם פ.יער,יפאורה,,שוופס מים בטעם פ.יער 1.5ליטר בק.פקדון,ליטרים,1.50,ליטר,false,1,7.90,5.2667,true,1,57252
7290019056287,false,שוופס מים בטעם אפרסק,יפאורה,,שוופס מים בטעם אפרסק ללא סוכר 1.5ל פקדון,ליטרים,1.50,ליטר,false,1,7.90,5.2667,true,1,57253
7290019056294,false,משקה שוופס גינגר איל,יפאורה,,משקה שוופס גינגר איל 1.5 ליטר בק.פקדון,ליטרים,1.50,ליטר,false,1,12.90,8.6000,true,1,57259
7290019056300,false,משקה שוופס ביטר למון,יפאורה,,משקה שוופס ביטר למון 1.5ליטר בק.פקדון,ליטרים,1.50,ליטר,false,1,12.90,8.6000,true,1,57260
7290019056324,false,משקה שוופס טוניק 1.5,יפאורה,,משקה שוופס טוניק 1.5 ליטר בק.פקדון,ליטרים,1.50,ליטר,false,1,12.90,8.6000,true,1,57262
7290019056331,false,משקה שוופס טוניק ללא,יפאורה,,משקה שוופס טוניק ללא סוכר 1.5ל בק.פקדון,ליטרים,1.50,ליטר,false,1,11.90,7.9333,true,1,57263
7290019056355,false,משקה קל תפוזינה לימו,יפאורה,IL,משקה קל תפוזינה לימונענע 1.5ל בק.פקדון,ליטרים,1.50,ליטר,false,1,8.90,5.9333,true,1,57232
7290019056362,false,משקה קל תפוזינה ענבי,יפאורה,IL,משקה קל תפוזינה ענבים 1.5ליטר בק.פקדון,ליטרים,1.50,ליטר,false,1,8.90,5.9333,true,1,57234
7290019056379,false,משקה קל תפוזינה תפוז,יפאורה,IL,משקה קל תפוזינה תפוזים 1.5ליטר בק.פקדון,ליטרים,1.50,ליטר,false,1,8.90,5.9333,true,1,57235
7290019056386,false,משקה קל תפוזינה אשכו,יפאורה,IL,משקה קל תפוזינה אשכוליות1.5ליטר בק.פקדון,ליטרים,1.50,ליטר,false,1,8.90,5.9333,true,1,57236
7290019056393,false,משקה קל תפוזינה תות,יפאורה,IL,משקה קל תפוזינה תות בננה1.5ליטר בק.פקדון,ליטרים,1.50,ליטר,false,1,8.90,5.9333,true,1,57237
7290019056416,false,משקה קל תפוזינה לימו,יפאורה,IL,משקה קל תפוזינה לימונדה ורודה 1.5ל פקדון,ליטרים,1.50,ליטר,false,1,8.90,5.9333,true,1,57239
7290019056423,false,משקה קל תפוזינה תפוח,יפאורה,IL,משקה קל תפוזינה תפוחים 1.5ליטר בק. פקדון,ליטרים,1.50,ליטר,false,1,8.90,5.9333,true,1,57240
7290019056430,false,משקה קל תפוזינה תפוז,יפאורה,IL,משקה קל תפוזינה תפוזים דיאט 1.5ל פקדון,ליטרים,1.50,ליטר,false,1,8.50,5.6667,true,1,57241
7290019056447,false,משקה תפוזינה אשכולית,יפאורה,IL,משקה תפוזינה אשכולית דיאט 1.5ל פקדון,ליטרים,1.50,ליטר,false,1,8.50,5.6667,true,1,57242
7290019056478,false,משקה ספרינג תה אפרסק,יפאורה,,משקה ספרינג תה אפרסק 1.5ליטר בק.פקדון,ליטרים,1.50,ליטר,false,1,7.90,5.2667,true,1,57245
7290019056485,false,משקה ספרינג תה ירוק,יפאורה,,משקה ספרינג תה ירוק 1.5ליטר בק.פקדון,ליטרים,1.50,ליטר,false,1,7.90,5.2667,true,1,57246
7290019056508,false,פרוט וואטר טעם ענבים,יפאורה,,פרוט וואטר טעם ענבים 1.5ליטר בק.פקדון,ליטרים,1.50,ליטר,false,1,8.90,5.9333,true,1,57254
7290019056515,false,פרוט וואטר טעם אננס,יפאורה,,פרוט וואטר טעם אננס 1.5ליטר בק.פקדון,ליטרים,1.50,ליטר,false,1,8.90,5.9333,true,1,57255
7290019056522,false,פרוט וואטר טעם תות 1,יפאורה,,פרוט וואטר טעם תות 1.5ליטר בק.פקדון,ליטרים,1.50,ליטר,false,1,8.90,5.9333,true,1,57256
7290019056539,false,פרוט וואטר טעם אפרסק,יפאורה,,פרוט וואטר טעם אפרסק 1.5ליטר בק.פקדון,ליטרים,1.50,ליטר,false,1,8.90,5.9333,true,1,57257
7290019056546,false,פרוט וואטר טעם אבטיח,יפאורה,,פרוט וואטר טעם אבטיח 1.5ליטר בק.פקדון,ליטרים,1.50,ליטר,false,1,8.90,5.9333,true,1,57258
7290019056553,false,שישיית מים עין גדי 2,,,שישיית מים עין גדי 2 ליטר בק.פקדון,ליטרים,12.00,ליטר,false,1,13.80,1.1500,true,1,57072
7290019056577,false,משקה קל ספרינג מנגו,יפאורה,IL,משקה קל ספרינג מנגו 1.5 ליטר בק.פקדון,ליטרים,1.50,ליטר,false,1,8.90,5.9333,true,1,57221
7290019056584,false,משקה קל ספרינג תפוזי,יפאורה,IL,משקה קל ספרינג תפוזים 1.5 ליטר בק.פקדון,ליטרים,1.50,ליטר,false,1,8.90,5.9333,true,1,57222
7290019056591,false,משקה קל ספרינג ענבים,יפאורה,IL,משקה קל ספרינג ענבים 1.5 ליטר בק.פקדון,ליטרים,1.50,ליטר,false,1,8.90,5.9333,true,1,57223
7290019056607,false,משקה קל ספרינג תפוחי,יפאורה,IL,משקה קל ספרינג תפוחים 1.5 ליטר בק.פקדון,ליטרים,1.50,ליטר,false,1,8.90,5.9333,true,1,57224
7290019056614,false,משקה קל ספרינג אפרסק,יפאורה,IL,משקה קל ספרינג אפרסק 1.5 ליטר בק.פקדון,ליטרים,1.50,ליטר,false,1,8.90,5.9333,true,1,57225
7290019056621,false,משקה קל ספרינג פירות,יפאורה,IL,משקה קל ספרינג פירות טרופי 1.5ל בק.פקדון,ליטרים,1.50,ליטר,false,1,8.90,5.9333,true,1,57226
7290019056638,false,משקה קל ספרינג תות ב,יפאורה,IL,משקה קל ספרינג תות בננה 1.5ליטר בק.פקדון,ליטרים,1.50,ליטר,false,1,8.90,5.9333,true,1,57227
7290019056645,false,משקה קל ספרינג אגס ת,יפאורה,IL,משקה קל ספרינג אגס תפוח סברס 1.5ל פקדון,ליטרים,1.50,ליטר,false,1,8.90,5.9333,true,1,57228
7290019056669,false,משקה קל ספרינג תפוחי,יפאורה,IL,משקה קל ספרינג תפוחים דיאט 1.5ליטר פקדון,ליטרים,1.50,ליטר,false,1,8.50,5.6667,true,1,57230
7290019056676,false,משקה קל ספרינג ד.אשכ,יפאורה,IL,משקה קל ספרינג ד.אשכולית אננס 1.5ל פקדון,ליטרים,1.50,ליטר,false,1,8.50,5.6667,true,1,57231
7290019056881,false,שוופס סודה 1.5 ליטר,,,שוופס סודה 1.5 ליטר בק.פקדון,ליטרים,1.50,ליטר,false,1,4.50,3.0000,true,1,59643
7290019056942,false,מים עין גדי 2 ליטר ב,יפאורה,,מים עין גדי 2 ליטר בודד בק.פקדון,ליטרים,2.00,ליטר,false,1,4.80,2.4000,true,1,57953
7290019056966,false,מי עדן 1.5 ליטר בודד,,,מי עדן 1.5 ליטר בודד לא קר בק.פקדון,ליטרים,1.50,ליטר,false,1,4.20,2.8000,true,1,57979
7290019056973,false,מארז 6יח מי עדן 1.5ל,,,מארז 6יח מי עדן 1.5ליטר בק. פקדון,ליטרים,9.00,ליטר,false,1,14.70,1.6333,true,1,57288
7290019058007,false,תרד ניוזילנדי,,,תרד ניוזילנדי,Unknown,0.00,Unknown,false,1,11.90,0.0000,true,1,56721
7290019058014,false,תרד טורקי,,,תרד ניוזילנדי,Unknown,0.00,Unknown,false,1,10.90,0.0000,true,1,56720
7290019058038,false,עלי תרד גוליבר,,,עלי תרד גוליבר,Unknown,0.00,Unknown,false,1,11.90,0.0000,true,1,60443
7290019078722,false,מארז חטיף מרציפן מיל,"אלמונדס בע""מ",IL,מארז חטיף מרציפן מילוי פיסטוק 30גרם 6 יח,גרמים,180.00,100 גרם,false,6,29.90,16.6111,true,1,60913
7290019078791,false,דובדבני אמרנה אלמנדו,"אלמונדס בע""מ",IL,דובדבני אמרנה אלמנדוס 425 גרם,גרמים,425.00,100 גרם,false,12,39.90,9.3882,true,1,60513
7290019108429,false,מעדן טבעוני פומאז יו,,IL,מעדן טבעוני פומאז יוגורט שקדים 120גר,גרמים,120.00,100 גרם,false,8,10.90,9.0833,true,1,58397
7290019108610,false,מעדן טבעוני פומאז שו,,IL,מעדן טבעוני פומאז שוקולד דובדני אמרנה120,גרמים,120.00,100 גרם,false,8,10.90,9.0833,true,1,58398
7290019153078,false,משקה שוופס ביטר למון,יפאורה,,משקה שוופס ביטר למון לייט 1.5ל בק.פקדון,ליטרים,1.50,ליטר,false,1,11.90,7.9333,true,1,57859
7290019153085,false,משקה שוופס מוחיטו לל,יפאורה,,משקה שוופס מוחיטו ללא סוכר 1.5ליטר,ליטרים,1.50,ליטר,false,1,8.90,5.9333,true,1,58143
7290019153221,false,סודה שוופס 500מל טעם,יפאורה,,סודה שוופס 500מל טעם אננס,מיליליטרים,500.00,"100 מ""ל",false,1,4.90,0.9800,true,1,59374
7290019153238,false,סודה שוופס 500מל טעם,יפאורה,,סודה שוופס 500מל טעם תפוח,מיליליטרים,500.00,"100 מ""ל",false,1,4.90,0.9800,true,1,59375
7290019153245,false,סודה שוופס 500מל טעם,יפאורה,,סודה שוופס 500מל טעם לימון,מיליליטרים,500.00,"100 מ""ל",false,1,4.90,0.9800,true,1,59376
7290019153252,false,מארז 4יח סודה שוופס,,,מארז 4יח סודה שוופס תפוח 1.5ל בק.פקדון,ליטרים,6.00,ליטר,false,1,12.20,2.0333,true,1,59370
7290019153269,false,מארז 4יח סודה שוופס,,,מארז 4יח סודה שוופס אננס 1.5ל בק.פקדון,ליטרים,6.00,ליטר,false,1,12.20,2.0333,true,1,59369
7290019153313,false,משקה תפוח חמוציות או,יפאורה,IL,משקה תפוח חמוציות אוכמניות 350מל,מיליליטרים,350.00,"100 מ""ל",false,1,7.90,2.2571,true,1,59613
7290019153344,false,משקה קל תפוזינה סנגר,יפאורה,IL,משקה קל תפוזינה סנגרייה 1.5ליטר בק.פקדון,ליטרים,1.50,ליטר,false,1,8.90,5.9333,true,1,59614
7290019153375,false,משקה קל תפוזינה מוחי,יפאורה,IL,משקה קל תפוזינה מוחיטו 1.5ל בק.פקדון,ליטרים,1.50,ליטר,false,1,8.90,5.9333,true,1,59616
7290019153535,false,מארז 4יח שוופס מוגז,,,מארז 4יח שוופס מוגז פירות למונייד ל.סוכר,מיליליטרים,1320.00,"100 מ""ל",false,1,12.90,0.9773,true,1,60510
7290019153566,false,משקה קל ספרינג רימון,יפאורה,IL,משקה קל ספרינג רימון אוכמניות 1.5ל פקדון,ליטרים,1.50,ליטר,false,1,8.90,5.9333,true,1,60863
7290019167020,false,קינוח עוגת גבינה עם,,,קינוח עוגת גבינה עם פירות יער לייט 82גר,Unknown,0.00,Unknown,false,12,6.50,0.0000,true,1,61579
7290019167037,false,קינוח תותים בקצפת 82,,,קינוח תותים בקצפת 82גר עדן קינוחים,Unknown,0.00,Unknown,false,12,6.50,0.0000,true,1,61577
7290019167044,false,קינוח קצפת קרם בייגל,,,קינוח קצפת קרם בייגלה מתוק מלוח 82גר,Unknown,0.00,Unknown,false,12,6.50,0.0000,true,1,61578
7290019204008,false,פסטרמה ארבעה פלפלים,עוף טוב,IL,פסטרמה ארבעה פלפלים 350גר עוף טוב,גרמים,350.00,100 גרם,false,8,24.90,7.1143,true,1,60274
7290019204107,false,פסטרמה בטעם אווז 320,עוף טוב,IL,פסטרמה בטעם אווז 320גר עוף טוב,גרמים,320.00,100 גרם,false,8,24.90,7.7812,true,1,60275
7290019204206,false,פסטרמה בסגנון רומני,עוף טוב,IL,פסטרמה בסגנון רומני 320גר עוף טוב,גרמים,320.00,100 גרם,false,8,24.90,7.7812,true,1,60276
7290019204305,false,פסטרמה ברביקיו 350גר,עוף טוב,IL,פסטרמה ברביקיו 350גר עוף טוב,גרמים,350.00,100 גרם,false,8,24.90,7.1143,true,1,60273
7290019204404,false,נקניק קורנביף 220גר,עוף טוב,IL,נקניק קורנביף 220גר עוף טוב נתח שלם,גרמים,220.00,100 גרם,false,8,24.90,11.3182,true,1,60279
7290019232353,false,תה ירוק סיני 1.5 ג 5,תה ויסוצקי,,תה ירוק סיני 1.5 ג 50 שקיקים,יחידה,50.00,יחידה,false,1,45.90,0.9180,true,1,60846
7290019232834,false,בייגלה פליפז קרם עוג,,,בייגלה פליפז קרם עוגיות 140 גרם,גרמים,140.00,100 גרם,false,1,8.90,6.3571,true,1,59101
7290019233008,false,רוטב זיתא לשקשוקה קו,,IT,רוטב זיתא לשקשוקה קוביות ארטישוק 420 גרם,גרמים,420.00,100 גרם,false,6,13.90,3.3095,true,1,59472
7290019233015,false,רוטב זיתא לשקשוקה יר,,IT,רוטב זיתא לשקשוקה ירוקה 420 גרם,גרמים,420.00,100 גרם,false,6,13.90,3.3095,true,1,59470
7290019233022,false,רוטב זיתא לשקשוקה קו,,IT,רוטב זיתא לשקשוקה קוביות חצילים 420 גרם,גרמים,420.00,100 גרם,false,6,13.90,3.3095,true,1,59471
7290019233039,false,רוטב זיתא לשקשוקה קו,,IT,רוטב זיתא לשקשוקה קוביות פלפל 420 גרם,גרמים,420.00,100 גרם,false,6,13.90,3.3095,true,1,59473
7290019233046,false,זית זיתא קלמטה בלונד,זיתא - י.ט.ב תעשיות,,זית זיתא קלמטה בלונד 215 גרם בגביע,גרמים,215.00,100 גרם,false,1,14.90,6.9302,true,1,57739
7290019297239,false,צימוק חום 330 גר בקו,"דין שיווק וקלייה בע""",,צימוק חום 330 גר בקופסא,גרמים,330.00,100 גרם,false,1,13.90,4.2121,true,1,17261
7290019297246,false,שזיף מיובש 330 גר בק,"דין שיווק וקלייה בע""",,שזיף מיובש 330 גר בקופסא,גרמים,330.00,100 גרם,false,1,18.90,5.7273,true,1,17262
7290019297512,false,רוטב רימונים שקדיה 3,סיטוגלוגידה,,רוטב רימונים שקדיה 350 מל,גרמים,340.00,100 גרם,false,1,10.90,3.2059,true,1,17302
7290019297536,false,חמאת בוטנים שברי בוט,שנדונג,,חמאת בוטנים שברי בוטנים 510 גר,גרמים,510.00,100 גרם,false,1,10.90,2.1373,true,1,17803
7290019297543,false,חמאת בוטנים חלקה 510,שנדונג,,חמאת בוטנים חלקה 510 גר,גרמים,510.00,100 גרם,false,1,10.90,2.1373,true,1,17804
7290019297550,false,בוטנים מטוגנים שקדיה,רד איגל,,בוטנים מטוגנים 185 גר בקופסא,גרמים,185.00,100 גרם,false,1,10.00,5.4054,true,1,17805
7290019297628,false,שקד טבעי 150 גר ששון,"דין שיווק וקלייה בע""",,שקד טבעי ששון הקולה 150 גר,גרמים,150.00,100 גרם,false,1,13.90,9.2667,true,1,17279
7290019297642,false,גרעין שחור קלוי ללא,"דין שיווק וקלייה בע""",,גרעין שחור קלוי ללא מלח ששון הקולה 150גר,גרמים,150.00,100 גרם,false,1,4.50,3.0000,true,1,17280
7290019302315,false,יין באז אבטיח מלון 7,,,יין באז אבטיח מלון 750 מל,מיליליטרים,750.00,"100 מ""ל",false,1,35.00,4.6667,true,1,59661
7290019304104,false,יין שאושינג 640 מל ס,Qingdao Sun-growing,CN,יין שאושינג 640 מל סאן,מיליליטרים,640.00,"100 מ""ל",false,12,34.90,5.4531,true,1,61283
7290022005562,false,פירורי לחם קריספ עם,,,פירורי לחם קריספ עם שום 300 גרם,גרמים,300.00,100 גרם,false,20,7.90,2.6333,true,1,60135
7290026220206,false,דבש פרחי הדרים 1 קג,קיבוץ ארז,IL,דבש פרחי הדרים 1 קג קיבוץ ארז,קילוגרמים,1.00,"ק""ג",false,15,49.90,49.9000,true,1,47906
7290026220251,false,דבש פרחי השדה 500 גר,קיבוץ ארז,,דבש פרחי השדה 500 גר קיבוץ ארז,גרמים,500.00,100 גרם,false,1,27.90,5.5800,true,1,13912
7290046499842,false,עופיון קפוא ארוז עוף,,,עופיון קפוא ארוז עוף גלילי,קילוגרמים,1.00,"ק""ג",true,,60.00,60.0000,true,1,55111
7290055090801,false,שוקולד לבן ללא סוכר,כרמית,,שוקולד לבן ללא סוכר כרמית 85 גר,גרמים,40000.00,100 גרם,false,1,5.90,0.0148,true,1,18577
7290100235324,false,עוגת בריוש גבינה 550,בונז'ור,,עוגת בריוש גבינה 550 גר,גרמים,550.00,100 גרם,false,1,30.00,5.4545,true,1,8327
7290100235492,false,לחם שיפון רוסי בונזו,בונז'ור,,לחם שיפון רוסי בונזור אפוי חלקית,גרמים,560.00,100 גרם,false,1,13.90,2.4821,true,1,9683
7290100235553,false,עוגת בריוש תפוחים וא,בונז'ור,,עוגת בריוש תפוחים ואגוזים 550 גר,גרמים,550.00,100 גרם,false,1,30.00,5.4545,true,1,8692
7290100240137,false,תרסיס למייבש בדין כח,זוהר דליה,,תרסיס למייבש בדין כחול 500 מל,מיליליטרים,500.00,"100 מ""ל",false,1,16.90,3.3800,true,1,6969
7290100240144,false,תרסיס למייבש בדין ור,זוהר דליה,,תרסיס למייבש בדין ורוד 500 מל,מיליליטרים,500.00,"100 מ""ל",false,1,16.90,3.3800,true,1,6968
7290100240632,false,פתית 6 דגנים 250 גר,יוניליוור,,פתית 6 דגנים 250 גר,גרמים,250.00,100 גרם,false,1,16.90,6.7600,true,1,7008
7290100240656,false,פתית שיפון 300 גר,יוניליוור,,פתית שיפון 300 גר,גרמים,300.00,100 גרם,false,1,16.90,5.6333,true,1,7009
7290100243671,false,מרכך כביסה בדין אקסט,יוניליוור,,מרכך כביסה בדין אקסטרא כחול 960 מל,מיליליטרים,960.00,"100 מ""ל",false,1,16.90,1.7604,true,1,8066
7290100245231,false,זוג מרק נמס בכוס ט.ע,יוניליוור,,זוג מרק נמס בכוס ט.עוף שקדי מרק38ג,Unknown,0.00,Unknown,false,1,6.90,0.0000,true,1,8888
7290100249598,false,רוטב קנור שום ודבש 3,יוניליוור,,רוטב קנור לבישול שום ודבש 320 גר בדץ,גרמים,320.00,100 גרם,false,1,11.90,3.7188,true,1,10197
7290100249659,false,רוטב קנור צילי יין ל,,,רוטב קנור לבישול עוף צילי יין  310מל בדץ,מיליליטרים,310.00,"100 מ""ל",false,1,11.90,3.8387,true,1,10195
7290100653463,false,פלמוליב סבון נוזלי ס,CP - Turkey+60,,פלמוליב סבון נוזלי ספא מסאג 500 מל,מיליליטרים,500.00,"100 מ""ל",false,1,16.90,3.3800,true,1,5030
7290100658338,false,נוזל כלים פלמוליב או,Colgate - Greece,,נוזל כלים פלמוליב אוקסי כחול 750 מל,מיליליטרים,750.00,"100 מ""ל",false,1,11.90,1.5867,true,1,5155
7290100659090,false,מארז חטיף פריי תמר ק,FREE,,מארז חטיף פריי תמר קינמון ללא סוכר 5 יח,גרמים,90.00,100 גרם,false,1,16.90,18.7778,true,1,5309
7290100680650,false,מנה חמה נודלס ירקות,טאי רזידנט,,מנה חמה אסם נודלס  ירקות תאילנדי 76 גר,גרמים,76.00,100 גרם,false,1,6.90,9.0789,true,1,4921
7290100680667,false,מנה חמה נודלס ירקות,טאי רזידנט,,מנה חמה אסם נודלס ירק.ט.סצואן 76 גר,גרמים,76.00,100 גרם,false,1,6.90,9.0789,true,1,4922
7290100680711,false,פירורית זהב בשקית 35,עינת,,פירורית זהב בשקית 350 ג,גרמים,350.00,100 גרם,false,1,8.90,2.5429,true,1,5121
7290100680728,false,פירורית בשקית 350 ג,"אסם תעשיות בע""מ",,פירורית בשקית 350 ג,גרמים,350.00,100 גרם,false,1,7.90,2.2571,true,1,5120
7290100681015,false,אינסטנט פודינג ריבת,"אסם תעשיות בע""מ",,אינסטנט פודינג ריבת חלב84 גר,גרמים,84.00,100 גרם,false,1,6.00,7.1429,true,1,5039
7290100681138,false,מארז אפרופו מיוחד 3,"אסם תעשיות בע""מ",,מארז אפרופו מיוחד 3 יח,גרמים,150.00,100 גרם,false,1,12.90,8.6000,true,1,4710
7290100681503,false,סירופ דיאט לימונענע,בית השיטה,,סירופ דיאט לימונענע 1 ל,ליטרים,1.00,ליטר,false,1,17.90,17.9000,true,1,4920
7290100684764,false,במבה יום הולדת 25 ג,"אסם תעשיות בע""מ",,במבה יום הולדת 25 ג על סרט,גרמים,25.00,100 גרם,false,1,2.80,11.2000,true,1,5700
7290100685334,false,מרק עוף אמיתי רכיב ט,"אסם תעשיות בע""מ",,אבקת מרק עוף אמיתי מרכיב טבעי 400 גר אסם,גרמים,400.00,100 גרם,false,1,24.90,6.2250,true,1,6525
7290100685341,false,מרק זך טעם עוף זך רכ,"אסם תעשיות בע""מ",,מרק זך טעם עוף זך רכיבים טבעיים 400ג,גרמים,400.00,100 גרם,false,1,17.90,4.4750,true,1,5656
7290100685563,false,מארז 2 יח פירורית זה,,,מארז 2 יח פירורית זהב 200 גר,גרמים,400.00,100 גרם,false,1,9.90,2.4750,true,1,42758
7290100685600,false,פירורית חיטה מלאה 20,עינת,,פירורית חיטה מלאה 200 גרם,גרמים,200.00,100 גרם,false,1,7.50,3.7500,true,1,5692
7290100687109,false,חטיף במבה במילוי נוג,"אסם תעשיות בע""מ",,חטיף במבה במילוי נוגט 60 גר,גרמים,60.00,100 גרם,false,1,5.00,8.3333,true,1,7394
7290100688618,false,גביעי גלידה ממותקים,גילרו,,גביעי גלידה ממותקים ט. שוקו 10 יח 85 גר,גרמים,85.00,100 גרם,false,1,14.90,17.5294,true,1,6636
7290100700020,false,גריסי פנינה סוגת 500,סוגת תעשיות בעמ,,גריסי פנינה סוגת 500 גרם,גרמים,500.00,100 גרם,false,1,6.00,1.2000,true,1,4383
7290100700068,false,שעועית צבעונית 500 ג,סוגת תעשיות בעמ,,שעועית צבעונית 500 ג סוגת,גרמים,500.00,100 גרם,false,1,8.90,1.7800,true,1,4664
7290100700075,false,פירורי לחם מוזהב 200,סוגת תעשיות בעמ,,פירורי לחם מוזהב 200 ג סוגת,גרמים,200.00,100 גרם,false,1,4.00,2.0000,true,1,4665
7290100700242,false,אורז עגול מלא 1 קג ס,סוגת תעשיות בעמ,,אורז עגול מלא 1 קג סוגת,קילוגרמים,1.00,"ק""ג",false,1,10.90,10.9000,true,1,5634
7290100700266,false,פירורי לחם לבנים 200,סוגת תעשיות בעמ,,פירורי לחם לבנים 200 גר,גרמים,200.00,100 גרם,false,1,4.00,2.0000,true,1,11629
7290100700273,false,קינואה לבנה 500 ג סו,סוגת תעשיות בעמ,,קינואה לבנה 500 ג סוגת,גרמים,500.00,100 גרם,false,1,13.90,2.7800,true,1,5555
7290100700297,false,עדשים מנומרות סוגת 5,סוגת תעשיות בעמ,,עדשים שחורים סוגת 500 גרם,גרמים,500.00,100 גרם,false,1,7.90,1.5800,true,1,6333
7290100700327,false,גריסי פנינה סוגת 1 ק,סוגת תעשיות בעמ,,גריסי פנינה סוגת 1 קג,קילוגרמים,1.00,"ק""ג",false,1,8.90,8.9000,true,1,6783
7290100700372,false,אורז בסמטי מלא 1 קג,סוגת תעשיות בעמ,,אורז בסמטי מלא 1 קג סוגת,קילוגרמים,1.00,"ק""ג",false,1,13.90,13.9000,true,1,9824
7290100700389,false,אורז אדום סוגת 1 קג,סוגת תעשיות בעמ,,אורז אדום סוגת 1 קג,קילוגרמים,1.00,"ק""ג",false,1,13.90,13.9000,true,1,6501
7290100700396,false,אורז יסמין קלאסי 1 ק,סוגת תעשיות בעמ,,אורז יסמין קלאסי 1 קג,קילוגרמים,1.00,"ק""ג",false,1,12.90,12.9000,true,1,6786
7290100700563,false,אורז מיקס קלאסי 1 קג,סוגת תעשיות בעמ,,אורז מיקס קלאסי 1 קג,קילוגרמים,1.00,"ק""ג",false,1,13.90,13.9000,true,1,7059
7290100700587,false,בורגול סוגת 500 גר,סוגת תעשיות בעמ,,בורגול סוגת 500 גר,גרמים,500.00,100 גרם,false,1,6.00,1.2000,true,1,9540
7290100701126,false,שעועית מש סוגת 500 ג,סוגת תעשיות בעמ,,שעועית מש סוגת 500 גרם,גרמים,500.00,100 גרם,false,1,12.90,2.5800,true,1,9954
7290100701140,false,אורז ריזוטו אורבוריו,סוגת תעשיות בעמ,,אורז ריזוטו אורבוריו 1 קג סוגת,קילוגרמים,1.00,"ק""ג",false,1,13.90,13.9000,true,1,9686
7290100701157,false,אורז סושי 1 קג סוגת,סוגת תעשיות בעמ,,אורז סושי 1 קג סוגת,קילוגרמים,1.00,"ק""ג",false,1,13.90,13.9000,true,1,9771
7290100701300,false,קינואה אדומה 500 גר,,,קינואה אדומה 500 גר סוגת,גרמים,500.00,100 גרם,false,1,13.90,2.7800,true,1,9826
7290100701331,false,קמח רב תכליתי 1 קג ס,"שטיבל בע""מ",,קמח רב תכליתי 1 קג סוגת,קילוגרמים,1.00,"ק""ג",false,1,6.90,6.9000,true,1,11352
7290100701348,false,קמח שיפון מלא 1 קג ס,"שטיבל בע""מ",,קמח שיפון מלא 1 קג סוגת,קילוגרמים,1.00,"ק""ג",false,1,6.90,6.9000,true,1,11347
7290100701386,false,קמח לחלה 1 קג סוגת,"שטיבל בע""מ",,קמח לחלה 1 קג סוגת,קילוגרמים,1.00,"ק""ג",false,1,6.90,6.9000,true,1,11350
7290100701409,false,קמח תירס סוגת 500 גר,מולינו פילה ספא,,קמח תירס סוגת 500 גר,גרמים,500.00,100 גרם,false,1,6.90,1.3800,true,1,16384
7290100701454,false,גרישה סוגת 500 גר,סוגת תעשיות בעמ,,גרישה סוגת 500 גר,גרמים,500.00,100 גרם,false,1,6.00,1.2000,true,1,9827
7290100701577,false,קמח ללחם 1 קג סוגת,"שטיבל בע""מ",,קמח ללחם 1 קג סוגת,קילוגרמים,1.00,"ק""ג",false,1,6.90,6.9000,true,1,11349
7290100701874,false,קמח כוסמין 1 קג סוגת,"שטיבל בע""מ",,קמח כוסמין 1 קג סוגת,קילוגרמים,1.00,"ק""ג",false,1,13.90,13.9000,true,1,14271
7290100701881,false,קמח לפיצה 1 קג סוגת,"שטיבל בע""מ",,קמח לפיצה 1 קג סוגת,קילוגרמים,1.00,"ק""ג",false,1,6.90,6.9000,true,1,11348
7290100701898,false,קמח פסטה 1 קג סוגת,"שטיבל בע""מ",,קמח פסטה 1 קג סוגת,קילוגרמים,1.00,"ק""ג",false,1,13.90,13.9000,true,1,14269
7290100701966,false,אפונה צהובה סוגת 500,סוגת תעשיות בעמ,,אפונה צהובה סוגת 500 גרם,גרמים,500.00,100 גרם,false,1,7.00,1.4000,true,1,26566
7290100702260,false,קוסקוס דק 350 גר סוג,"אסיף תעשיות מזון בע""",,קוסקוס דק 350 גר סוגת,גרמים,350.00,100 גרם,false,1,5.90,1.6857,true,1,12855
7290100702277,false,קוסקוס עבה 350 גר סו,"אסיף תעשיות מזון בע""",,קוסקוס עבה 350 גר סוגת,גרמים,350.00,100 גרם,false,1,5.90,1.6857,true,1,12856
7290100702284,false,קוסקוס מלא 350 גר סו,"אסיף תעשיות מזון בע""",,קוסקוס מלא 350 גר סוגת,גרמים,350.00,100 גרם,false,1,5.90,1.6857,true,1,12857
7290100702314,false,שעועית שחורה 500 גר,סוגת תעשיות בעמ,,שעועית שחורה 500 גר סוגת,גרמים,500.00,100 גרם,false,1,8.90,1.7800,true,1,13297
7290100702383,false,קמח תופח 1 קג סוגת,"שטיבל בע""מ",,קמח תופח 1 קג סוגת,קילוגרמים,1.00,"ק""ג",false,1,6.90,6.9000,true,1,12989
7290100702741,false,סוכר חום  בהיר צנצנת,סוגת תעשיות בעמ,,סוכר חום  בהיר צנצנת 1 קג סוגת,קילוגרמים,1.00,"ק""ג",false,1,13.90,13.9000,true,1,16547
7290100702994,false,סוכר חום דמררה שקית,"גילרו בע""מ",,סוכר חום דמררה שקית 500 גרם,גרמים,50000.00,100 גרם,false,1,5.50,0.0110,true,1,20207
7290100703007,false,עדשים שחורות בלוגה 5,"גילרו בע""מ",,עדשים שחורות בלוגה 500 גר,גרמים,50000.00,100 גרם,false,1,7.90,0.0158,true,1,20208
7290100703434,false,בורגול חום סוגת 500,סוגת תעשיות בעמ,,בורגול חום סוגת 500 גר,גרמים,500.00,100 גרם,false,1,6.00,1.2000,true,1,24336
7290100703458,false,כוסמת לא קלויה 500 ג,סוגת תעשיות בעמ,,כוסמת לא קלויה 500 גר סוגת,גרמים,500.00,100 גרם,false,1,8.90,1.7800,true,1,25385
7290100703533,false,קמח קסם שמרים 1 קג ס,"שטיבל בע""מ",,קמח קסם שמרים 1 קג סוגת,קילוגרמים,1.00,"ק""ג",false,1,9.90,9.9000,true,1,26565
7290100703557,false,קמח לפוקצה 1 קג סוגת,"שטיבל בע""מ",,קמח לפוקצה 1 קג סוגת,קילוגרמים,1.00,"ק""ג",false,1,6.90,6.9000,true,1,25823
7290100703625,false,קמח לבן מנופה סוגת 1,"שטיבל בע""מ",IL,קמח לבן מנופה סוגת 1 קג,קילוגרמים,1.00,"ק""ג",false,12,9.90,9.9000,true,1,27821
7290100703632,false,קמח מלא מנופה סוגת 1,"שטיבל בע""מ",IL,קמח מלא מנופה סוגת 1 קג,קילוגרמים,1.00,"ק""ג",false,12,9.90,9.9000,true,1,27817
7290100703649,false,קמח 80% חיטה מלאה מנ,"שטיבל בע""מ",IL,קמח 80% חיטה מלאה מנופה סוגת 1 קג,קילוגרמים,1.00,"ק""ג",false,12,9.90,9.9000,true,1,27820
7290100703663,false,קמח תופח מנופה סוגת,"שטיבל בע""מ",IL,קמח תופח מנופה סוגת 1 קג,קילוגרמים,1.00,"ק""ג",false,12,9.90,9.9000,true,1,27819
7290100703670,false,קמח כוסמין מלא מנופה,"שטיבל בע""מ",IL,קמח כוסמין מנופה סוגת 1 קג,קילוגרמים,1.00,"ק""ג",false,1,15.90,15.9000,true,1,32564
7290100703687,false,קמח חלה מנופה סוגת 1,"שטיבל בע""מ",IL,קמח חלה מנופה סוגת 1 קג,קילוגרמים,1.00,"ק""ג",false,12,9.90,9.9000,true,1,27818
7290100703847,false,סוכר קוביות לבן 500,,,סוכר קוביות לבן 500 גרם,גרמים,500.00,100 גרם,false,1,10.00,2.0000,true,1,33847
7290100703854,false,סוכר קוביות דמררה500,,,סוכר קוביות דמררה500 גרם,גרמים,500.00,100 גרם,false,1,10.00,2.0000,true,1,33848
7290100703861,false,קמח קסם שמרים לחלה 1,"שטיבל בע""מ",,קמח קסם שמרים לחלה 1 קג,קילוגרמים,1.00,"ק""ג",false,1,9.90,9.9000,true,1,32565
7290100703908,false,סוכר דמררה 1 קג שקית,סוגת תעשיות בעמ,,סוכר דמררה 1 קג שקית סוגת,קילוגרמים,1.00,"ק""ג",false,1,8.90,8.9000,true,1,32567
7290100703915,false,פופקורן למיקרו חמאה,,,פופקורן למיקרו חמאה 1+5 חינם 100 גרם,גרמים,600.00,100 גרם,false,1,10.90,1.8167,true,1,36169
7290100703922,false,פופקורן למיקרו טבעי,,,פופקורן למיקרו טבעי 1+5 חינם 100 גרם,גרמים,600.00,100 גרם,false,1,10.90,1.8167,true,1,36170
7290100703953,false,קוקוס לבן סוגת 500 ג,סוגת תעשיות בעמ,,קוקוס לבן סוגת 500 גרם,גרמים,500.00,100 גרם,false,1,10.90,2.1800,true,1,35154
7290100704493,false,קמח שמרים פיצה סוגת,"שטיבל בע""מ",IL,קמח שמרים פיצה סוגת ללא ניפוי 1 קג,קילוגרמים,1.00,"ק""ג",false,1,9.90,9.9000,true,1,51201
7290100704516,false,חומוס מיני סוגת 500,"שטיבל בע""מ",IL,חומוס מיני סוגת 500 גרם,גרמים,500.00,100 גרם,false,1,7.90,1.5800,true,1,51206
7290100704530,false,קמח כוסמין לבן סוגת,"שטיבל בע""מ",IL,קמח כוסמין לבן סוגת ללא ניפוי 1 קג,קילוגרמים,1.00,"ק""ג",false,1,17.90,17.9000,true,1,51202
7290100704578,false,קמח כוסמין לבן סוגת,"שטיבל בע""מ",IL,קמח כוסמין לבן סוגת 1 קג,קילוגרמים,1.00,"ק""ג",false,1,13.90,13.9000,true,1,51205
7290100704608,false,שעועית לבנה עדינה סו,"שטיבל בע""מ",IL,שעועית לבנה עדינה סוגת 500 גרם,גרמים,500.00,100 גרם,false,1,8.90,1.7800,true,1,51207
7290100704615,false,סוכר לבן דק דק 500 ג,סוגת תעשיות בעמ,,סוכר לבן דק דק 500 גרם צנצנת,גרמים,500.00,100 גרם,false,1,8.50,1.7000,true,1,60362
7290100704622,false,סוכר דמררה דק דק 500,סוגת תעשיות בעמ,,סוכר דמררה דק דק 500 גרם צנצנת,גרמים,500.00,100 גרם,false,1,8.50,1.7000,true,1,60361
7290100704639,false,קמח שמרים פיתה סוגת,"שטיבל בע""מ",IL,קמח שמרים פיתה סוגת 1 קג,קילוגרמים,1.00,"ק""ג",false,1,9.90,9.9000,true,1,51200
7290100704660,false,קינואה מיקס 500 ג סו,סוגת תעשיות בעמ,,קינואה מיקס 500 ג סוגת,גרמים,500.00,100 גרם,false,1,13.90,2.7800,true,1,53599
7290100850909,false,חטיף דוריטוס נאצו מק,STRAUSS-ISRAEL,,חטיף דוריטוס נאצו מקסיקני 70 ג,גרמים,70.00,100 גרם,false,1,4.00,5.7143,true,1,4698
7290100850916,false,חטיף דוריטוס חמוץ חר,STRAUSS-ISRAEL,,חטיף דוריטוס חמוץ חריף 70 ג,גרמים,70.00,100 גרם,false,1,4.00,5.7143,true,1,4699
7290100850923,false,חטיף דוריטוס גריל 70,STRAUSS-ISRAEL,,חטיף דוריטוס גריל 70 ג,גרמים,70.00,100 גרם,false,1,4.00,5.7143,true,1,4701
7290100850930,false,חטיף דוריטוס טבעי 70,STRAUSS-ISRAEL,,חטיף דוריטוס טבעי 70 ג,גרמים,70.00,100 גרם,false,1,4.00,5.7143,true,1,4700
7290100857045,false,שוק.ספלנדיד מריר עם,,,שוק.ספלנדיד מריר עם קפה 100ג,גרמים,100.00,100 גרם,false,1,10.90,10.9000,true,1,5689
7290100858592,false,אבקת קקאו 150 גר,,,אבקת קקאו 150 גר,גרמים,150.00,100 גרם,false,1,10.90,7.2667,true,1,6124
7290100858608,false,אבקת קקאו עלית 500 ג,,,אבקת קקאו עלית 500 גר,גרמים,500.00,100 גרם,false,1,25.90,5.1800,true,1,6125
7290100859162,false,זוג שוקולד פרה 60% מ,,,זוג שוקולד פרה 60% מריר 100 גר,גרמים,200.00,100 גרם,false,1,14.90,7.4500,true,1,6014
7290100921593,false,כדוריות נתלה ריח  לי,,,כדוריות נתלה ריח  לימון לניקוי אסלה סוד,Unknown,0.00,Unknown,false,1,9.90,0.0000,true,1,15837
7290100921609,false,כדוריות נתלה ריח  או,,,כדוריות נתלה ריח  אוקינוס ניקוי אסלה סוד,Unknown,0.00,Unknown,false,1,9.90,0.0000,true,1,15838
7290100921616,false,כדוריות נתלה ריח  או,,,כדוריות נתלה ריח  אורנים  ניקוי אסלה סוד,Unknown,0.00,Unknown,false,1,9.90,0.0000,true,1,15839
7290100921623,false,כדוריות נתלה ריח  אק,,,כדוריות נתלה ריח  אקונומיקניקוי אסלה סוד,Unknown,0.00,Unknown,false,1,9.90,0.0000,true,1,15840
7290100924457,false,מארז שלישיית סבון אס,,,מארז שלישיית סבון אסלה כדוריות סוד לימון,יחידה,3.00,יחידה,false,1,14.90,4.9667,true,1,19048
7290100924693,false,סבון מוצק סוד כדוריו,,,סבון מוצק סוד כדוריות כחול אקטיבי אקונומ,Unknown,0.00,Unknown,false,1,9.90,0.0000,true,1,20310
7290100925669,false,דפים למכונת כביסה למ,הנקל,,דפים למכונת כביסה למניעת מעבר צבעים 10דף,יחידה,10.00,יחידה,false,1,10.90,1.0900,true,1,24368
7290100925676,false,דפים למכונת כביסה למ,הנקל,,דפים למכונת כביסה למניעת מעבר צבעים 20דף,יחידה,20.00,יחידה,false,1,15.90,0.7950,true,1,24369
7290100928516,false,גל כביסה סוד ביד 1 ל,,,גל כביסה סוד ביד 1 ל,ליטרים,1.00,ליטר,false,1,14.90,14.9000,true,1,12087
7290100940389,false,יין דרך ארץ שיראז 75,,,יין דרך ארץ שיראז 750 מל פיקדון,מיליליטרים,750.00,"100 מ""ל",false,1,35.00,4.6667,true,1,27711
7290100941416,false,יין פורט גראהם טאוני,גראהם,,יין פורט גראהם טאוני 750 מל,מיליליטרים,750.00,"100 מ""ל",false,1,70.00,9.3333,true,1,22280
7290100945049,false,יין וודברידג זינפנדל,,,יין וודברידג זינפנדל אדום 750 מל פקדון,מיליליטרים,750.00,"100 מ""ל",false,1,45.00,6.0000,true,1,4940
7290100947883,false,יין דרך ארץ גוורצורמ,,IL,יין דרך ארץ גוורצורמינר 750 מל,מיליליטרים,750.00,"100 מ""ל",false,12,35.00,4.6667,true,1,45386
7290101110811,false,מאגדת גלידל פסיפלורה,פלקו בעמ,,מאגדת גלידל פסיפלורה 8 יח  פלדמן,יחידה,8.00,יחידה,false,1,29.90,3.7375,true,1,7924
7290101112228,false,מאגדת גלידל פרי אננס,פלקו בעמ,,מאגדת גלידל פרי אננס 8 יח פלדמן,יחידה,8.00,יחידה,false,1,21.90,2.7375,true,1,19649
7290101112518,false,מאגדת אייס קפה שישיי,פלקו בעמ,,מאגדת אייס קפה שישייה,יחידה,6.00,יחידה,false,1,14.90,2.4833,true,1,19853
7290101112921,false,מאגדת גלידל פרי פירו,פלקו בעמ,,מאגדת גלידל פרי פירות טרופיים 8יח,יחידה,8.00,יחידה,false,1,21.90,2.7375,true,1,36297
7290101112990,false,מאגדת גרניטה קוקוס 6,פלקו בעמ,,מאגדת גרניטה קוקוס 6 יח,יחידה,6.00,יחידה,false,1,14.90,2.4833,true,1,36298
7290101113157,false,מאגדת גלידל וניל עוג,פלקו בעמ,,מאגדת גלידל וניל עוגיות חלבי 6 יחידות,יחידה,6.00,יחידה,false,1,26.90,4.4833,true,1,42172
7290101113379,false,מאגדת שלגון יוגורט י,פלקו בעמ,IL,מאגדת שלגון יוגורט יופלה סורבה תות 5יח,יחידה,5.00,יחידה,false,1,24.90,4.9800,true,1,46394
7290101113386,false,מאגדת שלגון יופלה סו,פלקו בעמ,IL,מאגדת שלגון יופלה סורבה מנגו פסיפלור 5יח,יחידה,5.00,יחידה,false,1,24.90,4.9800,true,1,46396
7290101113393,false,מאגדת שלגון יופלה יו,פלקו בעמ,IL,מאגדת שלגון יופלה יוגורט פירות יער 5יח,יחידה,5.00,יחידה,false,1,24.90,4.9800,true,1,46398
7290101113409,false,מאגדת שלגון יופלה יו,פלקו בעמ,IL,מאגדת שלגון יופלה יוגורט תות 5יח,יחידה,5.00,יחידה,false,1,24.90,4.9800,true,1,46399
7290101113430,false,מאגדת גלידל סירופ שו,פלקו בעמ,,מאגדת גלידל סירופ שוקולד חלבי 6 יחידות,יחידה,6.00,יחידה,false,1,26.90,4.4833,true,1,45877
7290101113454,false,מאגדת שלגון גלידל יו,פלקו בעמ,,מאגדת שלגון גלידל יוגורט אפרסק 8יח,יחידה,8.00,יחידה,false,1,29.90,3.7375,true,1,45876
7290101113584,false,מאגדת טילון שוקולד ל,פלקו בעמ,IL,מאגדת טילון שוקולד לבן ליבת שוק יולו 5יח,יחידה,5.00,יחידה,false,1,21.90,4.3800,true,1,52886
7290101113591,false,מאגדת טילון שוקולד ל,פלקו בעמ,IL,מאגדת טילון שוקולד לבן עוגיות יולו 5יח,יחידה,5.00,יחידה,false,1,21.90,4.3800,true,1,52887
7290101113751,false,מאגדת שלגון יולו 4יח,פלקו בעמ,IL,מאגדת שלגון יולו 4יח קרמל ש.בלונדי,יחידה,4.00,יחידה,false,1,21.90,5.4750,true,1,60269
7290101113768,false,מאגדת שלגון יולו 4יח,פלקו בעמ,IL,מאגדת שלגון יולו 4יח עוגיות שוקולד חלב,יחידה,4.00,יחידה,false,1,21.90,5.4750,true,1,60270
7290101113805,false,מאגדת שלגון יוגורט י,פלקו בעמ,IL,מאגדת שלגון יוגורט יופלה שייק תות 5יח,יחידה,5.00,יחידה,false,1,24.90,4.9800,true,1,60268
7290101113812,false,מאגדת 5יח שלגון יוג.,פלקו בעמ,IL,מאגדת 5יח שלגון יוג.יופלה שייק פרי אננס,יחידה,5.00,יחידה,false,1,24.90,4.9800,true,1,60266
7290101113829,false,מאגדת שלגון יוגורט י,פלקו בעמ,IL,מאגדת שלגון יוגורט יופלה שייק מנגו 5יח,יחידה,5.00,יחידה,false,1,24.90,4.9800,true,1,60267
7290101113904,false,קרמבו מנבו וניל 12יח,פלקו בעמ,IL,קרמבו מנבו וניל 12יח פלדמן,יחידה,12.00,יחידה,false,1,22.90,1.9083,true,1,61223
7290101486688,false,מארז חטיף פריי מצופה,FREE,,מארז חטיף פריי מצופה שוקולד 5 יח,גרמים,100.00,100 גרם,false,1,16.90,16.9000,true,1,6821
7290101488286,false,דאו.ליידי ספיד 24/7,Colgate - Mexico,,דאו.ליידי ספיד 24/7 ספריי 150 מל ורוד,מיליליטרים,150.00,"100 מ""ל",false,1,19.90,13.2667,true,1,8458
7290101488316,false,דאו.ליידי ספיד סטיק,Colgate - USA,,דאו.ליידי ספיד סטיק ללא סימון ורוד 60 גר,גרמים,60.00,100 גרם,false,1,18.90,31.5000,true,1,7426
7290101551027,false,קפסולות אספרסו 14 חז,,,קפסולות אספרסו 14 חזקות 10 יח,יחידה,10.00,יחידה,false,1,17.00,1.7000,true,1,40002
7290101551263,false,סילאן טבעי יד מרדכי,,,סילאן טבעי יד מרדכי 700 גרם,גרמים,700.00,100 גרם,false,1,22.90,3.2714,true,1,38754
7290101551300,false,סילאן טבעי לחיץ יד מ,,,סילאן טבעי לחיץ יד מרדכי 380 גרם,גרמים,380.00,100 גרם,false,1,15.90,4.1842,true,1,38755
7290101551539,false,דנונה פרו אפרסק עשיר,שטראוס,,דנונה פרו אפרסק עשיר בחלבון 20גר 200 גר,גרמים,200.00,100 גרם,false,1,6.10,3.0500,true,1,38816
7290101551577,false,זוג קוואקר שיבולת שו,,GB,זוג קוואקר שיבולת שועל 500 ג פחית,גרמים,1000.00,100 גרם,false,12,21.90,2.1900,true,1,38774
7290101551584,false,מארז10יח תפוציפס קיד,STRAUSS-ISRAEL,,מארז10יח תפוציפס קידס 20 גר,גרמים,200.00,100 גרם,false,1,13.90,6.9500,true,1,38771
7290101551638,false,מארז 10 יח ציטוס כאפ,STRAUSS-ISRAEL,,מארז 10 יח ציטוס כאפה 200 גר,גרמים,200.00,100 גרם,false,9,12.90,6.4500,true,1,38769
7290101557609,false,דניאלה מנגו 88 גרם,שטראוס,IL,דניאלה מנגו 88 גרם,גרמים,88.00,100 גרם,false,24,4.50,5.1136,true,1,39633
7290101820888,false,מארז 50יח מסכות פנים,,,מארז 50יח מסכות פנים כירוגיות שחורות,יחידה,50.00,יחידה,false,1,10.90,0.2180,true,1,55258
7290101824862,false,כפפות ויטריל מידה לא,,,כפפות ויטריל מידה לארג 100יח ללא אבקה,יחידה,100.00,יחידה,false,10,39.90,0.3990,true,1,52834
7290101825210,false,כפפות לטקס סמול 100,,,כפפות לטקס סמול 100 יח הרקולס,יחידה,100.00,יחידה,false,1,19.90,0.1990,true,1,48431
7290101825227,false,כפפות לטקס מדיום 100,,,כפפות לטקס מדיום 100 יח הרקולס,יחידה,100.00,יחידה,false,1,19.90,0.1990,true,1,48430
7290101825234,false,כפפות לטקס לארג 100,,,כפפות לטקס לארג 100 יח הרקולס,יחידה,100.00,יחידה,false,1,19.90,0.1990,true,1,48429
7290101825241,false,כפפות לטקס אקסטרה לא,,,כפפות לטקס אקסטרה לארג 100 יח הרקולס,יחידה,100.00,יחידה,false,1,19.90,0.1990,true,1,48934
7290101863410,false,ספריי אקונימקה סיליט,RB פולין,,ספריי אקונימקה סיליט באנג 750 מל,מיליליטרים,750.00,"100 מ""ל",false,1,13.90,1.8533,true,1,8135
7290101864127,false,ספריי קליה אוקסי אקש,RB פולין,,ספריי קליה אוקסי אקשן 750 מל,מיליליטרים,750.00,"100 מ""ל",false,1,16.90,2.2533,true,1,8660
7290101865261,false,נוזל פיניש הברקה 800,RB פולין,,נוזל פיניש הברקה 800 מל,מיליליטרים,800.00,"100 מ""ל",false,1,19.90,2.4875,true,1,9892
7290101866633,false,גל וניש קליה להסרת כ,סאסאטק,,גל וניש קליה להסרת כתמים 3 ל,ליטרים,3.00,ליטר,false,1,29.90,9.9667,true,1,10904
7290101866787,false,נוזל להסרת כתמים קלי,סאסאטק,,נוזל להסרת כתמים קליה וייט 3 ל,ליטרים,3.00,ליטר,false,1,29.90,9.9667,true,1,11484
7290101868958,false,נוזל פיניש הברקה לימ,RB פולין,,נוזל פיניש הברקה לימון 800 מל,מיליליטרים,800.00,"100 מ""ל",false,1,19.90,2.4875,true,1,17721
7290101869726,false,גל למדיח פיניש  הכל,RB פולין,,גל למדיח פיניש  הכל באחד 1 ליטר,ליטרים,1.00,ליטר,false,1,44.90,44.9000,true,1,19603
7290101869733,false,גל למדיח פיניש לימון,RB פולין,,גל למדיח פיניש לימון הכל באחד 1 ליטר,ליטרים,1.00,ליטר,false,1,44.90,44.9000,true,1,19604
7290101869740,false,מבשם אויר מכשיר אוטו,RB הונגריה,,מבשם אויר מכשיר אוטומטי אירוויק חטאים מת,יחידה,1.00,יחידה,false,1,44.90,44.9000,true,1,19625
7290101869764,false,מבשם אויר מכשיר אוטו,RB הונגריה,,מבשם אויר מכשיר אוטומטי אירוויק חלום ליל,יחידה,1.00,יחידה,false,1,44.90,44.9000,true,1,19623
7290101869771,false,מילוי מבשם אויר אוטו,RB בריטניה,,מילוי מבשם אויר אוטומטי חטאים מתוקים איר,יחידה,1.00,יחידה,false,1,15.90,15.9000,true,1,19634
7290101869788,false,מילוי מבשם אויר אוטו,RB בריטניה,,מילוי מבשם אויר אוטומטי אואזיס אירוויק,יחידה,1.00,יחידה,false,1,15.90,15.9000,true,1,19635
7290101869795,false,מילוי מבשם אויר אוטו,RB בריטניה,,מילוי מבשם אויר אוטומטי חלום קיץ אירוויק,יחידה,1.00,יחידה,false,1,15.90,15.9000,true,1,19636
7290101869801,false,מבשם אויר חשמלי מכשי,RB הונגריה,,מבשם אויר חשמלי מכשיר אואזיס סנס,יחידה,1.00,יחידה,false,1,24.90,24.9000,true,1,19616
7290101869818,false,מבשם אויר חשמלי מכשי,RB הונגריה,,מבשם אויר חשמלי מכשיר חלום ליל קיץ סנס,יחידה,1.00,יחידה,false,1,24.90,24.9000,true,1,19615
7290101869825,false,מילוי מבשם אויר חשמל,RB הונגריה,,מילוי מבשם אויר חשמלי אואזיס בודד,יחידה,1.00,יחידה,false,1,19.90,19.9000,true,1,19621
7290101869832,false,מילוי מבשם אויר חשמל,RB הונגריה,,מילוי מבשם אויר חשמלי חלום ליל קיץ בודד,יחידה,1.00,יחידה,false,1,19.90,19.9000,true,1,19620
7290101869917,false,מילוי מבשם אויר אוטו,RB בריטניה,,מילוי מבשם אויר אוטומטי היער הקסום אירוו,יחידה,1.00,יחידה,false,1,15.90,15.9000,true,1,19638
7290101869924,false,מילוי מבשם אויר חשמל,RB הונגריה,,מילוי מבשם אויר חשמלי מסתור אקזוטי בודד,יחידה,1.00,יחידה,false,1,19.90,19.9000,true,1,19618
7290101869962,false,מקלות ריחניים אירווי,RB הונגריה,,מקלות ריחניים אירוויק חלום ליל קיץ,Unknown,0.00,Unknown,false,1,14.90,0.0000,true,1,19639
7290102030330,false,חטיף תפוציפס אקסטרא,STRAUSS-ISRAEL,,חטיף תפוציפס אקסטרא מקסיקני 200 גר,גרמים,200.00,100 גרם,false,1,11.00,5.5000,true,1,6542
7290102031276,false,משקה אקטימל בטעם תות,,,משקה אקטימל בטעם תות בננה 8יח,גרמים,864.00,100 גרם,false,1,22.40,2.5926,true,1,6591
7290102032334,false,קפה נמס לטה וניל 200,,,קפה נמס לטה וניל 200 גר,גרמים,200.00,100 גרם,false,1,25.90,12.9500,true,1,7166
7290102060764,false,זוג מב.שיניים מרידול,GABA TRISA SWIZ,,זוג מב.שיניים מרידול,Unknown,0.00,Unknown,false,1,33.90,0.0000,true,1,8224
7290102060979,false,מש.שיניים אלמקס משפח,CP-Poland swidnica,,מש.שיניים אלמקס משפחתית 100 מל,מיליליטרים,100.00,"100 מ""ל",false,1,14.90,14.9000,true,1,7775
7290102062195,false,מש.שיניים אלמקס גוני,CP-Poland swidnica,,מש.שיניים אלמקס גוניור 75 מל,מיליליטרים,75.00,"100 מ""ל",false,1,17.90,23.8667,true,1,16058
7290102300815,false,גבינת צדר כתומה פרוס,וואקפום,,גבינת צדר כתומה פרוסה 200גר,גרמים,200.00,100 גרם,false,1,27.90,13.9500,true,1,13799
7290102300822,false,גבינת צדר אנגלית כתו,וואקפום,,גבינת צדר אנגלית כתומה 200 גר,גרמים,200.00,100 גרם,false,1,19.90,9.9500,true,1,11601
7290102300860,false,גבינת צדר אנגלית 200,וואקפום,,גבינת צדר אנגלית 200 גר,גרמים,200.00,100 גרם,false,1,19.90,9.9500,true,1,11602
7290102300877,false,גבינת צדר אנגלית במש,וואקפום,,גבינת צדר אנגלית במשקל,קילוגרמים,1.00,"ק""ג",true,,135.00,135.0000,true,1,11604
7290102300884,false,גבינת צדר אנגלית  כת,וואקפום,,גבינת צדר אנגלית  כתומה במשקל,קילוגרמים,1.00,"ק""ג",true,,135.00,135.0000,true,1,11603
7290102301423,false,גבינת גאודה בקר במשק,הנרי בליך,,גבינת גאודה בקר במשקל סיימן,קילוגרמים,1.00,"ק""ג",true,,79.00,79.0000,true,1,13627
7290102301430,false,גבינת מלוסין עיזים ב,מלוסין,,גבינת מלוסין עיזים במשקל,קילוגרמים,1.00,"ק""ג",true,,145.00,145.0000,true,1,13773
7290102301485,false,גבינת סטילטון במשקל,וואקפום,,גבינת סטילטון במשקל,קילוגרמים,1.00,"ק""ג",true,,189.00,189.0000,true,1,13128
7290102301539,false,גבינת גאודה עיזים במ,הנרי בליך,,גבינת גאודה עיזים במשקל סיימן ל.כ,קילוגרמים,1.00,"ק""ג",true,,169.00,169.0000,true,1,16417
7290102301881,false,גבינת טרטר עשבי תיבו,בונגראן,,גבינת טרטר עשבי תיבול 150גר,גרמים,150.00,100 גרם,false,1,19.90,13.2667,true,1,13920
7290102302246,false,גבינת גאודה 200 גרם,הנרי בליך,,גבינת גאודה 200 גרם,גרמים,200.00,100 גרם,false,1,19.90,9.9500,true,1,27269
7290102302253,false,גבינת  גאודה  עיזים,,,גבינת  גאודה  עיזים 200 גרם,גרמים,200.00,100 גרם,false,1,24.90,12.4500,true,1,34614
7290102302260,false,גבינת גרנה פדנה 200,אמברוסי,,גבינת גרנה פדנה 200 גרם אמברוסי,גרמים,200.00,100 גרם,false,1,31.90,15.9500,true,1,27263
7290102302666,false,גבינת טברנה בשמן זית,נורדקס,DK,גבינת טברנה בשמן זית וע.תיבול 100גר,גרמים,100.00,100 גרם,false,,12.90,12.9000,true,1,38917
7290102302819,false,פילה טונה בהירה רובר,רמירז אנד קה פילהאוס,PT,פילה טונה בהירה רוברט בשמן זית 120 גרם,גרמים,120.00,100 גרם,false,1,15.90,13.2500,true,1,46695
7290102302826,false,פילה סרדין רוברט בשמ,רמירז אנד קה פילהאוס,PT,פילה סרדין רוברט בשמן זית 120 גרם,גרמים,120.00,100 גרם,false,1,13.90,11.5833,true,1,46696
7290102302833,false,גבינת גאודה 150 גרם,,NL,גבינת גאודה 150 גרם פרוס,גרמים,150.00,100 גרם,false,14,19.90,13.2667,true,1,45543
7290102302840,false,גבינת גאודה עיזים 15,,NL,גבינת גאודה עיזים 150 גרם פרוס,גרמים,150.00,100 גרם,false,14,29.90,19.9333,true,1,45544
7290102302864,false,גבינת גאודה פסטו ירו,,NL,גבינת גאודה פסטו ירוק 200 גר,גרמים,200.00,100 גרם,false,,29.90,14.9500,true,1,44774
7290102302888,false,גבינת גאודה כמון 200,,NL,גבינת גאודה כמון 200 גר,גרמים,200.00,100 גרם,false,,28.90,14.4500,true,1,44776
7290102302949,false,גאיה בסגנון עיזים 15,,DE,גאיה בסגנון עיזים 150 גרם פרוסות,גרמים,150.00,100 גרם,false,1,21.90,14.6000,true,1,48863
7290102303878,false,חמאת נורמנדי 200 גרם,אלוויר,,חמאת נורמנדי 200 גרם,גרמים,200.00,100 גרם,false,1,17.90,8.9500,true,1,53070
7290102304721,false,גבינת טרמנדס כמהין 1,,NL,גבינת טרמנדס כמהין 180גר,גרמים,180.00,100 גרם,false,12,38.90,21.6111,true,1,59018
7290102390427,false,מעדן מולר פרוופ תות,טרה,,מעדן מולר פרוופ תות 150 מל,מיליליטרים,150.00,"100 מ""ל",false,1,5.40,3.6000,true,1,7183
7290102390465,false,מעדן מולר פרוופ אפרס,טרה,,מעדן מולר פרוופ אפרסק פסיפלורה 150 מל,מיליליטרים,150.00,"100 מ""ל",false,1,5.40,3.6000,true,1,7184
7290102390489,false,מעדן מולר פרוופ לימו,טרה,,מעדן מולר פרוופ לימון 150 מל,מיליליטרים,150.00,"100 מ""ל",false,1,5.40,3.6000,true,1,7185
7290102391844,false,יוגורט מולר פרופ דיא,טרה,,יוגורט מולר פרופ דיאט פירות יער 150 מל,מיליליטרים,150.00,"100 מ""ל",false,1,5.40,3.6000,true,1,7858
7290102392049,false,גבינת תבור 5% לאפייה,מחלבת משק צוריאל,,גבינת תבור 5% לאפייה 500 גר,גרמים,500.00,100 גרם,false,1,27.50,5.5000,true,1,8218
7290102392094,false,חלב עיזים 1 ל בקרטון,מחלבת משק צוריאל,,חלב עיזים 1 ל בקרטון,ליטרים,1.00,ליטר,false,1,14.90,14.9000,true,1,8217
7290102393039,false,יוגורט מולר מיקס טופ,טרה,,יוגורט מולר מיקס טופ קרמי פצפ. שוקולד170,גרמים,170.00,100 גרם,false,1,6.10,3.5882,true,1,9377
7290102393169,false,מעדן מולר סימפלי פרו,טרה,,מעדן מולר סימפלי פרויט תות שדה 150 גר,גרמים,150.00,100 גרם,false,1,5.50,3.6667,true,1,10117
7290102393176,false,מעדן מולר סימפלי פרו,טרה,,מעדן מולר סימפלי פרויט אפרסק 150 גר,גרמים,150.00,100 גרם,false,1,5.50,3.6667,true,1,10118
7290102393190,false,מעדן מולר סימפלי פרו,טרה,,מעדן מולר סימפלי פרויט פירות יער 150 גר,גרמים,150.00,100 גרם,false,1,5.50,3.6667,true,1,10119
7290102393268,false,גבינה לבנה 5% למריחה,טרה,,גבינה לבנה 5% למריחה 750 ***,גרמים,750.00,100 גרם,false,1,14.94,1.9920,true,1,9530
7290102393299,false,יוגורט  עיזים לשתיה,מחלבת משק צוריאל,,יוגורט  עיזים לשתיה 3% 500 גרם,גרמים,500.00,100 גרם,false,1,13.50,2.7000,true,1,9797
7290102393718,false,גבינת חלומי בקר 200,מחלבת משק צוריאל,,גבינת חלומי בקר 200 גר,גרמים,200.00,100 גרם,false,1,22.90,11.4500,true,1,10015
7290102393848,false,יוגורט עיזים תות 150,מחלבת משק צוריאל,,יוגורט עיזים תות 150 גר,גרמים,150.00,100 גרם,false,1,6.50,4.3333,true,1,10346
7290102393855,false,יוגורט עיזים אפרסק 1,מחלבת משק צוריאל,,יוגורט עיזים אפרסק 150 גר,גרמים,150.00,100 גרם,false,1,6.50,4.3333,true,1,10347
7290102393947,false,מעדן מולר סימפלי פרו,טרה,,מעדן מולר סימפלי פרוט קיווי 150 גר,גרמים,150.00,100 גרם,false,1,5.50,3.6667,true,1,10638
7290102394258,false,גבינת עיזים קשה מהעז,מחלבת משק צוריאל,,גבינת עיזים קשה מהעז 9% 180 גר,גרמים,180.00,100 גרם,false,1,25.90,14.3889,true,1,11037
7290102394463,false,גבינה צהובה פרוסה 50,טרה,,גבינה צהובה פרוסה 500 גר בואקום נועם,גרמים,500.00,100 גרם,false,1,30.90,6.1800,true,1,13097
7290102394814,false,חמאה רגילה 200 גרם,,,חמאה רגילה 200 גרם,גרמים,200.00,100 גרם,false,1,7.90,3.9500,true,1,11739
7290102394821,false,גבינה צהובה דק דק פ.,טרה,,גבינה צהובה דק דק פ. חוזרת28% 200גר נועם,גרמים,200.00,100 גרם,false,1,16.90,8.4500,true,1,11890
7290102395217,false,מאגדת 8יח יוגורט ביו,טרה,,מאגדת 8יח יוגורט ביו במתיקות 2% 150מל,מיליליטרים,1200.00,"100 מ""ל",false,1,19.90,1.6583,true,1,13009
7290102395224,false,מארז 8יח יוגורט מולר,טרה,,מארז 8יח יוגורט מולר ביאנקו 1.7% 150 מל,מיליליטרים,1200.00,"100 מ""ל",false,1,17.90,1.4917,true,1,12983
7290102395231,false,מארז 8יח יוגורט מולר,טרה,,מארז 8יח יוגורט מולר ביאנקו 2.8% 150מל,מיליליטרים,1200.00,"100 מ""ל",false,1,17.90,1.4917,true,1,12984
7290102395262,false,מאגדת מולר סימפלי פר,טרה,,מאגדת מולר סימפלי פרוט תות אפרסק 8יח,קילוגרמים,1.20,"ק""ג",false,1,31.90,26.5833,true,1,13327
7290102395408,false,גבינה צהובה נעם 28%,טרה,,גבינה צהובה נעם 28% במשקל***,קילוגרמים,1.00,"ק""ג",true,,44.79,44.7900,true,1,13587
7290102395415,false,גבינה צהובה 9% נעם ב,טרה,,גבינה צהובה 9% נעם במשקל,קילוגרמים,1.00,"ק""ג",true,,79.00,79.0000,true,1,14124
7290102395422,false,גבינה צהובה נעם 22%,טרה,,גבינה צהובה נעם 22% במשקל***,קילוגרמים,1.00,"ק""ג",true,,42.58,42.5800,true,1,16598
7290102395439,false,מאגדת מולר סימפלי פר,טרה,,מאגדת מולר סימפלי פרוט פ.יער קיווי 8יח,קילוגרמים,1.20,"ק""ג",false,1,31.90,26.5833,true,1,13326
7290102395446,false,מעדן מוו וניל וקצפת,טרה,,מעדן מוו וניל וקצפת 123 גרם,גרמים,123.00,100 גרם,false,1,2.90,2.3577,true,1,13007
7290102395477,false,מעדן מוו שוקולד עם ק,טרה,,מעדן מוו שוקולד עם קצפת 123 גר,גרמים,123.00,100 גרם,false,1,2.90,2.3577,true,1,13005
7290102396436,false,מעדן מוו שוקולד 1.5%,טרה,,מעדן מוו שוקולד 1.5% 125 גר,גרמים,125.00,100 גרם,false,1,2.90,2.3200,true,1,17019
7290102396443,false,מעדן מוו וניל 1.5% 1,טרה,,מעדן מוו וניל 1.5% 125 גר,גרמים,125.00,100 גרם,false,1,2.90,2.3200,true,1,17021
7290102396580,false,מעדן מוו שוקולד ומוס,טרה,,מעדן מוו שוקולד ומוס שוקולד 118 גרם,גרמים,118.00,100 גרם,false,1,2.90,2.4576,true,1,17244
7290102396597,false,מעדן מוו וניל ומוס ש,טרה,,מעדן מוו וניל ומוס שוקולד 118 גרם,גרמים,118.00,100 גרם,false,1,2.90,2.4576,true,1,17245
7290102396665,false,גבינה צהובה נועם דק,,,גבינה צהובה נועם דק דק 15% פתח סגור 200ג,גרמים,200.00,100 גרם,false,1,16.50,8.2500,true,1,20724
7290102396672,false,גבינה צהובה נועם דק,,,גבינה צהובה נועם דק דק 9% פתח סגור 360ג,גרמים,360.00,100 גרם,false,1,27.90,7.7500,true,1,20725
7290102396719,false,מעדן מולר תות 0% סימ,טרה,,מעדן מולר תות 0% סימפלי פרויט 150ג,גרמים,150.00,100 גרם,false,1,5.50,3.6667,true,1,18234
7290102396733,false,מעדן מולר פירות יער,טרה,,מעדן מולר פירות יער 0% סימפלי פרויט 150ג,גרמים,150.00,100 גרם,false,1,5.50,3.6667,true,1,18232
7290102396740,false,מאגדת מולר סימפלי פר,טרה,,מאגדת מולר סימפלי פרוט תות אפרסק 8יח,קילוגרמים,1.20,"ק""ג",false,1,31.90,26.5833,true,1,18235
7290102396955,false,חלב 3% קרטון 2 ל***,,,חלב 3% בקרטון 2 ל***,ליטרים,2.00,ליטר,false,1,12.46,6.2300,true,1,19004
7290102396962,false,חלב 3% שקית 1 ליטר**,,,חלב 3% שקית 1 ליטר***,ליטרים,1.00,ליטר,false,1,5.43,5.4300,true,1,19003
7290102397204,false,גבינה צהובה נועם דק,,,גבינה צהובה נועם דק דק 22% פתח סגור 200ג,גרמים,200.00,100 גרם,false,1,16.50,8.2500,true,1,20723
7290102397334,false,גבינה בולגרית 5% 250,מחלבת משק צוריאל,,גבינה בולגרית 5% 250גרם בגביע צוריאל,גרמים,250.00,100 גרם,false,1,23.90,9.5600,true,1,22768
7290102397464,false,יוגורט מולר מיקס טופ,טרה,,יוגורט מולר מיקס טופ פקאן גרעינים חמוציו,גרמים,170.00,100 גרם,false,1,6.10,3.5882,true,1,27448
7290102397600,false,יוגורט מולר מיקס טופ,טרה,,יוגורט מולר מיקס טופ שקדים ובוטנים 170גר,גרמים,170.00,100 גרם,false,1,6.10,3.5882,true,1,24414
7290102397617,false,יוגורט מולר מיקס טופ,טרה,,יוגורט מולר מיקס טופ קליק 170גר,גרמים,170.00,100 גרם,false,1,6.10,3.5882,true,1,24415
7290102397679,false,גבינת קוטג 5% מועשר,טרה,IL,גבינת קוטג 5% מועשר 375 גרם,גרמים,375.00,100 גרם,false,1,8.70,2.3200,true,1,29919
7290102397730,false,גבינת אמנטל נעם 28%,טרה,,גבינת אמנטל נעם 28% 200גר פתיחה חוזרת,גרמים,200.00,100 גרם,false,1,16.90,8.4500,true,1,31796
7290102397747,false,גבינת מוצרלה 200גר ר,טרה,,גבינת מוצרלה 200גר רכיבים טבעיים נועם,גרמים,200.00,100 גרם,false,20,19.60,9.8000,true,1,35186
7290102397891,false,גבינה מותכת משק צורי,משק צוריאל,,גבינה מותכת משק צוריאל 100 גרם,גרמים,100.00,100 גרם,false,1,6.90,6.9000,true,1,27484
7290102398058,false,חלב 3% שקית 1 ליטר מ,טרה,,חלב 3% שקית 1 ליטר מהדרין***וסטהיים,ליטרים,1.00,ליטר,false,1,5.43,5.4300,true,1,32672
7290102398065,false,חלב 3% בקרטון 2 ליטר,טרה,,חלב 3% בקרטון 2 ל*** מהדרין וסט,ליטרים,2.00,ליטר,false,1,12.46,6.2300,true,1,31470
7290102398072,false,חלב 3% בקרטון 1 ליטר,טרה,,חלב 3% בקרטון 1 ליטר מהדרין***מהדרין וסט,ליטרים,1.00,ליטר,false,1,6.23,6.2300,true,1,31471
7290102398188,false,מעדן מולר רייס בטעם,טרה,IL,מעדן מולר רייס בטעם תות 176גר,גרמים,176.00,100 גרם,false,1,5.40,3.0682,true,1,37043
7290102398294,false,מעדן מולר פרוופ מנגו,טרה,,מעדן מולר פרוופ מנגו 150 גר,מיליליטרים,150.00,"100 מ""ל",false,1,5.40,3.6000,true,1,34995
7290102398331,false,חלב מעושר דל לקטוז 1,טרה,,חלב מעושר דל לקטוז 1 ליטר,ליטרים,1.00,ליטר,false,1,8.10,8.1000,true,1,34999
7290102398348,false,יוגורט מולר מיקס ריב,טרה,,יוגורט מולר מיקס ריבועי נוגט 170גר,גרמים,170.00,100 גרם,false,1,6.10,3.5882,true,1,35924
7290102398553,false,שוקו טרה 1.5ליטר בקב,טרה,IL,שוקו טרה 1.5ליטר בקבוק,ליטרים,1.50,ליטר,false,6,16.90,11.2667,true,1,44990
7290102398560,false,שוקו טרה 1ליטר בקבוק,טרה,,שוקו טרה 1ליטר בקבוק,ליטרים,1.00,ליטר,false,1,11.90,11.9000,true,1,38047
7290102398577,false,שוקו מועשר 250מל טרה,טרה,,שוקו מועשר 250מל טרה בקבוק,מיליליטרים,250.00,"100 מ""ל",false,1,5.80,2.3200,true,1,38050
7290102398614,false,משקה חלב בטעם  בננה,טרה,,משקה חלב בטעם  בננה 1 ליטר בקבוק,ליטרים,1.00,ליטר,false,1,11.90,11.9000,true,1,38048
7290102398669,false,אייס קפוצינו 1 ליטר,טרה,,אייס קפוצינו 1 ליטר,ליטרים,1.00,ליטר,false,1,11.90,11.9000,true,1,46188
7290102398782,false,משקה סויה קלאסי 1ליט,מחלבת משק צוריאל,IL,משקה סויה קלאסי 1ליטר צוריאל,ליטרים,1.00,ליטר,false,1,10.90,10.9000,true,1,44022
7290102398799,false,משקה סויה במתיקות מו,מחלבת משק צוריאל,IL,משקה סויה במתיקות מופחתת 1ליטר צוריאל,ליטרים,1.00,ליטר,false,1,10.90,10.9000,true,1,44020
7290102398836,false,משקה שקדים קלאסי 1לי,מחלבת משק צוריאל,IL,משקה שקדים קלאסי 1ליטר צוריאל,ליטרים,1.00,ליטר,false,1,10.90,10.9000,true,1,44023
7290102399048,false,גבינת קשקבל 200 גרם,טרה,,גבינת קשקבל 200 גרם נעם פתיחה חוזרת,גרמים,200.00,100 גרם,false,1,22.90,11.4500,true,1,41977
7290102399703,false,מאגדת מולר סימפלי פר,טרה,,מאגדת מולר סימפלי פרוט מנגו אננס 8יח 150,קילוגרמים,1.20,"ק""ג",false,1,31.90,26.5833,true,1,43205
7290102399772,false,ממרח חמאה מולר ספרדב,טרה,,ממרח חמאה מולר ספרדבל במליחות 250גר,גרמים,250.00,100 גרם,false,1,16.90,6.7600,true,1,47244
7290102399789,false,ממרח חמאה מולר ספרדב,טרה,,ממרח חמאה מולר ספרדבל  ללא מלח 250גר,גרמים,250.00,100 גרם,false,1,16.90,6.7600,true,1,47245
7290102399796,false,מעדן מולר אקטיב 25גר,טרה,IL,מעדן מולר אקטיב 25גר חלבון 200גר,גרמים,200.00,100 גרם,false,24,5.50,2.7500,true,1,44989
7290102399802,false,מעדן מולר אקטיב 20גר,טרה,IL,מעדן מולר אקטיב 20גר חלבון תות 200גר,גרמים,200.00,100 גרם,false,24,5.90,2.9500,true,1,44988
7290102399819,false,מעדן מולר אקטיב 20גר,טרה,IL,מעדן מולר אקטיב 20גר חלבון פ.יער 200גר,גרמים,200.00,100 גרם,false,24,5.90,2.9500,true,1,44987
7290103124588,false,אלסבון פלמוליב משאבה,CP - Turkey+60,,אלסבון פלמוליב משאבה סגול 750 מל,מיליליטרים,750.00,"100 מ""ל",false,1,17.90,2.3867,true,1,10902
7290103129378,false,דאו.ספיד סטיק גל אקט,Colgate - USA,,דאו.ספיד סטיק גל אקטיב אקס 5,גרמים,51.00,100 גרם,false,1,18.90,37.0588,true,1,12836
7290103151508,false,מיכלי אחסון 1 ליטר 5,סנטר פלסט,,מיכלי אחסון 1 ליטר 5 יח,יחידה,5.00,יחידה,false,1,11.90,2.3800,true,1,21387
7290103151515,false,מיכלי אחסון 2 ליטר 4,סנטר פלסט,,מיכלי אחסון 2 ליטר 4 יח,יחידה,4.00,יחידה,false,1,11.90,2.9750,true,1,21388
7290103155384,false,כוסות חד פעמי צבעוני,ningbo,,כוסות חד פעמי צבעוני 50יח,יחידה,50.00,יחידה,false,1,15.90,0.3180,true,1,21393
7290103156312,false,כפות חד פעמי צבעוני,MAZLUM,,כפות חד פעמי צבעוני 100 יח,יחידה,100.00,יחידה,false,1,21.90,0.2190,true,1,21419
7290103156336,false,מזלגות חד פעמי צבעונ,MAZLUM,,מזלגות חד פעמי צבעוני 100 יח,יחידה,100.00,יחידה,false,1,21.90,0.2190,true,1,21421
7290103156343,false,סכינים חד פעמי צבעונ,MAZLUM,,סכינים חד פעמי צבעוני 100 יח,יחידה,100.00,יחידה,false,1,21.90,0.2190,true,1,21422
7290103156473,false,כפית חד פעמי 100 יח,mazlum,,כפית חד פעמי 100 יח לפיד,יחידה,100.00,יחידה,false,1,9.90,0.0990,true,1,21321
7290103156718,false,כוס שתיה חמה+מכסה טו,WSI INTERNATIONAL LT,,כוס שתיה חמה+מכסה טו גו 14 יח,יחידה,14.00,יחידה,false,1,10.90,0.7786,true,1,21331
7290103156930,false,כוסות יהלום חד פעמי,ningbo,,כוסות יהלום חד פעמי 40יח,יחידה,40.00,יחידה,false,1,16.90,0.4225,true,1,21415
7290103157678,false,צלחות גדולות חד פעמי,פאלאס תעשיות נטו (20,,צלחות גדולות חד פעמי 1 קילו לפיד,קילוגרמים,1.00,"ק""ג",false,1,39.90,39.9000,true,1,21446
7290103400194,false,כרוב לבן חתוך 400 גר,,,כרוב לבן חתוך 400 גר בדץ אחלה,גרמים,400.00,100 גרם,false,1,9.00,2.2500,true,1,9694
7290103400231,false,גזר חתוך 400 גר בדץ,,,גזר חתוך 400 גר בדץ אחלה,גרמים,400.00,100 גרם,false,1,9.00,2.2500,true,1,9693
7290103400255,false,סלט קולאסלאו 400 גר,,,סלט קולאסלאו 400 גר בדץ אחלה,גרמים,400.00,100 גרם,false,1,9.00,2.2500,true,1,9707
7290103400378,false,עוגת בראוניס שוקולד,,,עוגת בראוניס עשירה שוקולד380ג כשלפ,גרמים,380.00,100 גרם,false,1,15.90,4.1842,true,1,29635
7290103401429,false,קפה נמס פלטינום ברזי,,,קפה נמס עלית קצב ברזילאי 200 גרם,גרמים,200.00,100 גרם,false,1,25.90,12.9500,true,1,8596
7290103402815,false,שוקולד אצבעות מילוי,,,שוקולד אצבעות מילוי קרם חלב 96 גר,גרמים,96.00,100 גרם,false,1,7.50,7.8125,true,1,8932
7290103404758,false,סלט כרוב יום יום 120,,,סלט כרוב יום יום 120 גר,גרמים,120.00,100 גרם,false,1,5.50,4.5833,true,1,8262
7290103408206,false,עלי חסה ערבית שטופים,,,עלי חסה ערבית שטופים 250 גר קופסא,גרמים,250.00,100 גרם,false,1,10.00,4.0000,true,1,8698
7290103681173,false,יין תבור הר קברנה סו,תבור,IL,יין תבור הר קברנה סוביניו 750 מל פקדון,מיליליטרים,750.00,"100 מ""ל",false,6,45.00,6.0000,true,1,40738
7290103681289,false,יין אדמה קברנה סובינ,יקב תבור,IL,יין אדמה קברנה סוביניון 750 מל,מיליליטרים,750.00,"100 מ""ל",false,6,60.00,8.0000,true,1,48459
7290103681296,false,יין אדמה מרלו 750 מל,יקב תבור,IL,יין תבור מרלו 750 מל פיקדון,מיליליטרים,750.00,"100 מ""ל",false,6,60.00,8.0000,true,1,45701
7290104061219,false,גלילי וופל רבע לשבע,,,גלילי וופל רבע לשבע אגוזים 120 גר,גרמים,120.00,100 גרם,false,1,12.90,10.7500,true,1,9894
7290104061417,false,סלט חומוס עם רוטב שו,,,סלט חומוס עם טחינה 400 גר אחלה,גרמים,400.00,100 גרם,false,,10.90,2.7250,true,1,8928
7290104061431,false,סלט חומוס עם צנובר 4,,,סלט חומוס עם צנובר 400 גר אחלה,גרמים,400.00,100 גרם,false,1,10.90,2.7250,true,1,8930
7290104061448,false,סלט חומוס עם חריף 40,,,סלט חומוס עם חריף 400 גר אחלה,גרמים,400.00,100 גרם,false,1,10.90,2.7250,true,1,8929
7290104062599,false,מארז 8 גמדים תות בננ,,,מארז 8 גמדים תות בננה מחיר מיוחד 800 גר,גרמים,800.00,100 גרם,false,1,19.90,2.4875,true,1,8993
7290104064012,false,חטיף פסק זמן טו גוד,,,חטיף פסק זמן טו גוד לבן 36 גר,גרמים,36.00,100 גרם,false,1,6.00,16.6667,true,1,37420
7290104065187,false,קפה נמס מוקה אבקתי 2,,,קפה נמס מוקה אבקתי 200 גר,גרמים,200.00,100 גרם,false,1,25.90,12.9500,true,1,9609
7290104065934,false,עלי רוקט שטראוס 150,,,עלי רוקט שטראוס 150 גר,גרמים,150.00,100 גרם,false,1,10.00,6.6667,true,1,9424
7290104066016,false,מילקי טופ עדשים 149,,,מילקי טופ עדשים 149 גרם,גרמים,149.00,100 גרם,false,1,4.90,3.2886,true,1,9385
7290104067198,false,שוקולד ספלנדיד מריר,,,שוקולד ספלנדיד מריר תפוז 100 גרם,גרמים,100.00,100 גרם,false,1,10.90,10.9000,true,1,9778
7290104067518,false,חטיף כיף כף לבן מגדי,,,חטיף כיף כף לבן מגדים 40 גרם,Unknown,0.00,Unknown,false,1,5.00,0.0000,true,1,52630
7290104067679,false,סלט טחינה אחלה 400גר,,,סלט טחינה אחלה 400גר,גרמים,400.00,100 גרם,false,1,10.90,2.7250,true,1,15267
7290104067693,false,חומוס חריף 150 גר אח,,,חומוס חריף 150 גר אחילה,גרמים,150.00,100 גרם,false,1,5.50,3.6667,true,1,15462
7290104068546,false,מסטיק מאסט קולה עם ק,,,מסטיק מאסט קולה עם קרח 28 ג פליפטופ,גרמים,28.00,100 גרם,false,1,5.00,17.8571,true,1,9891
7290104500572,false,חטיף אפרופו איטליאנו,"אסם תעשיות בע""מ",,חטיף תירס אפרופו איטליאנו 50 גרם,גרמים,50.00,100 גרם,false,1,5.00,10.0000,true,1,10505
7290104501661,false,אינסטנט פודינג וניל,"אסם תעשיות בע""מ",,אינסטנט פודינג וניל צרפתי אסם 80 גר,גרמים,80.00,100 גרם,false,1,6.00,7.5000,true,1,10084
7290104501784,false,עוגיות מיני מאפינס ש,בונז'ור,,עוגיות מיני מאפינס שוקוציפס 5 יח 200 גר,גרמים,200.00,100 גרם,false,1,9.90,4.9500,true,1,9831
7290104501807,false,עוגיות מיני מאפינס ש,בונז'ור- תבואות בר,,עוגיות מיני מאפינס שוקולד 5 יח 200 גר,גרמים,200.00,100 גרם,false,1,9.90,4.9500,true,1,9830
7290104504228,false,מארז 5 יח חטיף דובונ,"אסם תעשיות בע""מ",,מארז 5 יח חטיף דובונים 20 גר,גרמים,100.00,100 גרם,false,1,13.90,13.9000,true,1,10882
7290104508189,false,גביעי גלידה ממותקים,גילרו,,גביעי גלידה ממותקים 24 יח 95 גר,גרמים,95.00,100 גרם,false,1,12.90,13.5789,true,1,10590
7290104508202,false,גביעי גלידה אמריקאים,גילרו,,גביעי גלידה אמריקאים 24 יח120 גר,גרמים,120.00,100 גרם,false,1,12.90,10.7500,true,1,10591
7290104508943,false,חטיף במבה קלאסי 200,"אסם תעשיות בע""מ",,חטיף במבה קלאסי 200 גר,גרמים,200.00,100 גרם,false,1,11.10,5.5500,true,1,11299
7290104509247,false,עוגת קראנץ טעם שוקול,בונז'ור,,עוגת קראנץ טעם שוקולד 650 גר,גרמים,650.00,100 גרם,false,1,25.90,3.9846,true,1,10876
7290104509353,false,עוגת בריוש פרג 550 ג,בונז'ור,,עוגת בריוש פרג 550 גר,גרמים,550.00,100 גרם,false,1,30.00,5.4545,true,1,10745
7290104570162,false,תמרים כבושים בית שאן,"תמר העמקים בע""מ",,תמרים כבושים 500 גר,גרמים,500.00,100 גרם,false,1,13.90,2.7800,true,1,13899
7290104570629,false,ממרח תמרים צמח 450 ג,"תמר העמקים בע""מ",,ממרח תמרים צמח 450 גרם,גרמים,450.00,100 גרם,false,1,5.90,1.3111,true,1,25027
7290104615221,false,צמחים,,,צמחים,Unknown,0.00,Unknown,false,1,26.00,0.0000,true,1,14450
7290104615252,false,זרים אחידים,,,זרים אחידים,Unknown,0.00,Unknown,false,1,40.00,0.0000,true,1,14453
7290104615283,false,צמחים,,,צמחים,Unknown,0.00,Unknown,false,1,60.00,0.0000,true,1,32028
7290104615337,false,זרים אחידים,,,זרים אחידים,Unknown,0.00,Unknown,false,1,45.00,0.0000,true,1,14392
7290104615412,false,צמחים,,,צמחים,Unknown,0.00,Unknown,false,1,13.00,0.0000,true,1,14400
7290104615436,false,צמחים,,,צמחים,Unknown,0.00,Unknown,false,1,15.00,0.0000,true,1,14402
7290104615719,false,צמחים,,,צמחים,Unknown,0.00,Unknown,false,1,30.00,0.0000,true,1,14418
7290104615818,false,עציץ,,,צמחים,Unknown,0.00,Unknown,false,1,42.00,0.0000,true,1,33543
7290104615849,false,צמחים,,,צמחים,Unknown,0.00,Unknown,false,1,45.00,0.0000,true,1,14423
7290104615948,false,צמחים,,,צמחים,Unknown,0.00,Unknown,false,1,55.00,0.0000,true,1,14433
7290104618208,false,צמחים,,,צמחים,Unknown,0.00,Unknown,false,1,60.00,0.0000,true,1,14434
7290104618215,false,צמחים,,,צמחים,Unknown,0.00,Unknown,false,1,65.00,0.0000,true,1,14435
7290104720499,false,מארז 8 יח מעדן דני ו,,,מארז 8 יח מעדן דני וניל 125 גרם,ליטרים,1.00,ליטר,false,1,16.70,16.7000,true,1,9706
7290104721953,false,לקט ירקות מסולסלים 3,,,לקט ירקות מסולסלים 350 גר,גרמים,350.00,100 גרם,false,1,13.00,3.7143,true,1,9857
7290104722219,false,עוגת שוקולד קרם שוקו,,,עוגת שוקולד קרם שוקולד 330 גר,גרמים,330.00,100 גרם,false,1,14.90,4.5152,true,1,11265
7290104722530,false,חטיף תפוציפס שמנת בצ,STRAUSS-ISRAEL,,חטיף תפוציפס שמנת בצל 200 גרם,גרמים,200.00,100 גרם,false,1,11.00,5.5000,true,1,9887
7290104726262,false,מארז 4 יח דני לשתיה,,,מארז 4 יח דני לשתיה 500גר,גרמים,500.00,100 גרם,false,1,11.90,2.3800,true,1,10330
7290104726712,false,מארז מילקי שמינייה 8,,,מארז מילקי שמינייה 8*133גר,גרמים,1.00,100 גרם,false,1,22.40,2240.0000,true,1,11633
7290104728310,false,שמנת מתוקה 38% עמידה,,,שמנת מתוקה 38% עמידה 250 מל***,גרמים,250.00,100 גרם,false,1,6.47,2.5880,true,1,10553
7290104729003,false,שמן זית כתית מעולה 7,,,שמן זית כתית מעולה 750 מל יד מרדכי,מיליליטרים,750.00,"100 מ""ל",false,1,33.90,4.5200,true,1,10453
7290104729010,false,לבן תות 3% גביע 100,,,לבן תות 3% גביע 100 מל,מיליליטרים,103.00,"100 מ""ל",false,1,1.50,1.4563,true,1,10617
7290104851223,false,צלחות מרק אלגנט חד פ,,,צלחות מרק אלגנט חד פעמי קרם 25 יח,יחידה,25.00,יחידה,false,1,11.90,0.4760,true,1,19214
7290104852176,false,נר נשמה פחית פאלאס,,,נר נשמה פחית פאלאס,Unknown,0.00,Unknown,false,1,2.20,0.0000,true,1,20227
7290104852428,false,נרות שבת 6יח 140 גרם,פאלאס תעשיות נטו (20,,נרות שבת 6יח 140 גרם,גרמים,140.00,100 גרם,false,1,4.90,3.5000,true,1,21485
7290104852442,false,נרות שבת 10יח 140 גר,פאלאס תעשיות נטו (20,,נרות שבת 10יח 140 גרם,גרמים,140.00,100 גרם,false,1,4.90,3.5000,true,1,21487
7290104852459,false,נרות שבת 12יח 140 גר,פאלאס תעשיות נטו (20,,נרות שבת 12יח 140 גרם,גרמים,140.00,100 גרם,false,1,4.90,3.5000,true,1,21488
7290104852756,false,כוס שתיה קרה 100 יח,,,כוס שתיה קרה 100 יח שקוף 180 מל,יחידה,100.00,יחידה,false,1,5.50,0.0550,true,1,19145
7290104852794,false,תבנית אלומיניום לאוב,פאלאס,,תבנית אלומיניום לאובן 13יח פאלאס,יחידה,13.00,יחידה,false,1,12.90,0.9923,true,1,23749
7290104852800,false,תבנית אלומיניום מלבן,פאלאס,,תבנית אלומיניום מלבן לתנור+מכסה 10יח פאל,יחידה,10.00,יחידה,false,1,12.90,1.2900,true,1,23750
7290104857416,false,כוסות קרטון חד פעמי,,,כוסות קרטון חד פעמי 8אונז 50יח פאלאס,יחידה,50.00,יחידה,false,1,9.90,0.1980,true,1,39048
7290104858161,false,כוסות שתייה חמה חד פ,WSI INTERNATIONAL LT,,כוסות שתייה חמה חד פעמי 4 אונז 50 יח,יחידה,50.00,יחידה,false,1,7.90,0.1580,true,1,26187
7290104858178,false,כוסות קרטון חד פעמי,WSI INTERNATIONAL LT,,כוסות קרטון חד פעמי 10אונז 50יח פאלאס,יחידה,50.00,יחידה,false,1,14.90,0.2980,true,1,26188
7290104859410,false,צלחות גדולות חד פעמי,פאלאס תעשיות נטו (20,,צלחות גדולות חד פעמי 1 קילו לפיד,קילוגרמים,1.00,"ק""ג",false,1,44.90,44.9000,true,1,61192
7290104859786,false,תבנית אלומיניום בינו,,,תבנית אלומיניום בינונית 7יח אר31 פאלאס,יחידה,7.00,יחידה,false,1,8.90,1.2714,true,1,37843
7290104859793,false,תבנית אלומיניום ענקי,,,תבנית אלומיניום ענקיות 4יח אר99 פאלאס,יחידה,4.00,יחידה,false,1,8.90,2.2250,true,1,37845
7290104859809,false,תבנית אלומיניום אינג,,,תבנית אלומיניום אינגליש קייק14יח אר88פאל,יחידה,14.00,יחידה,false,1,8.90,0.6357,true,1,37844
7290104859816,false,תבנית אלומיניום מלבן,,,תבנית אלומיניום מלבן בינוני 7יח אר2 פאלא,יחידה,7.00,יחידה,false,1,8.90,1.2714,true,1,37841
7290104859830,false,תבנית אלומיניום עגול,,,תבנית אלומיניום עגול גדול 8 יח פאלאס,יחידה,8.00,יחידה,false,8,10.90,1.3625,true,1,38323
7290104960239,false,אלסבון נקה 7 ארומה ל,,,אלסבון נקה 7 ארומה לבן 750 מל,מיליליטרים,750.00,"100 מ""ל",false,1,12.90,1.7200,true,1,10391
7290104960352,false,אלסבון נקה שקד וניל,,,אלסבון נקה שקד וניל ארומה 750 מל,מיליליטרים,750.00,"100 מ""ל",false,1,12.90,1.7200,true,1,37225
7290104961243,false,ת.רחצה נקה מגע קטיפה,,,ת.רחצה נקה מגע קטיפה קוקוס ליים750מל,מיליליטרים,750.00,"100 מ""ל",false,1,12.90,1.7200,true,1,11857
7290104961250,false,ת.רחצה נקה מגע קטיפה,,,ת.רחצה נקה מגע קטיפה וניל מאסק750מל,מיליליטרים,750.00,"100 מ""ל",false,1,12.90,1.7200,true,1,11858
7290104961403,false,ק.הגנה סקינגארד50 ק.,,,ק.הגנה סקינגארד50 ק.פנים ילדים60מל,מיליליטרים,60.00,"100 מ""ל",false,1,29.90,49.8333,true,1,11927
7290104961878,false,שמפו קרטין אינטנס נט,,,שמפו קרטין אינטנס נטורל פורמולה 400מל,מיליליטרים,400.00,"100 מ""ל",false,1,27.90,6.9750,true,1,13214
7290104961991,false,מארז 3 יח סבון נוזלי,,,מארז 3 יח סבון נוזלי נקה 7 חמאת שיאה 500,ליטרים,1.50,ליטר,false,1,21.90,14.6000,true,1,19175
7290104962004,false,מארז 3 יח סבון נוזלי,,,מארז 3 יח סבון נוזלי נקה 7 וניל מאסק 500,ליטרים,1.50,ליטר,false,1,21.90,14.6000,true,1,19178
7290104962745,false,קרם הגנה סקין גארד ש,,,קרם הגנה סקין גארד שקוף מס 30 300מל,מיליליטרים,300.00,"100 מ""ל",false,1,44.90,14.9667,true,1,19057
7290104962844,false,שמפו אמפולה אינטנס נ,,,שמפו אמפולה אינטנס נטורל פורמולה 400 מל,מיליליטרים,400.00,"100 מ""ל",false,1,27.90,6.9750,true,1,19870
7290104963001,false,מארז 4יח מגבוני סופט,סנו,,מארז 4יח מגבוני סופטקר בניחוח עדין,יחידה,4.00,יחידה,false,1,18.90,4.7250,true,1,23672
7290104963018,false,מארז 4יח מגבוני סופט,סנו,,מארז 4יח מגבוני סופטקר ללא בישום,יחידה,4.00,יחידה,false,1,19.90,4.9750,true,1,23673
7290104963162,false,קרם גוף תינוקות סופט,,,קרם גוף תינוקות סופטקר 500 מל,מיליליטרים,500.00,"100 מ""ל",false,1,24.90,4.9800,true,1,24284
7290104963650,false,שמפו סופטקר אל דמע 1,סנו,,שמפו סופטקר אל דמע 1 ליטר,ליטרים,1.00,ליטר,false,1,16.90,16.9000,true,1,24248
7290104963988,false,קרם הגנה סקין גארדרו,,,קרם הגנה סקין גארדרול און לילדים מס 50,Unknown,0.00,Unknown,false,6,26.90,0.0000,true,1,35520
7290104964015,false,תחליב הגנה סקינגארד,,,תחליב הגנה סקינגארד לפנים מס 50,Unknown,0.00,Unknown,false,1,46.90,0.0000,true,1,26598
7290104964398,false,מארז 3 יח סבון נוזלי,,,מארז 3 יח סבון נוזלי נקה 7 וניל רענן 500,ליטרים,1.50,ליטר,false,1,21.90,14.6000,true,1,31667
7290104964671,false,ספריי הגנה סקינגארד,,,ספריי הגנה סקינגארד שקוף 30 אננס ליצי,מיליליטרים,200.00,"100 מ""ל",false,1,39.90,19.9500,true,1,40834
7290104964701,false,קרם הגנה לפנים סקינג,,,קרם הגנה לפנים סקינגארד לגולשים 50,Unknown,0.00,Unknown,false,1,44.90,0.0000,true,1,40832
7290105351265,false,אבקת חלבון סויה פאוא,,IL,אבקת חלבון סויה פאוארטק קפוצינו 700גר,גרמים,700.00,100 גרם,false,6,99.00,14.1429,true,1,44386
7290105360250,false,קפסולות אספרסו 9 מקי,,,קפסולות אספרסו מקיאטו 10 יח,יחידה,10.00,יחידה,false,1,17.00,1.7000,true,1,13055
7290105360335,false,קפסולות אספרסו 7 מעו,,,קפסולות אספרסו מעודן  10 יח,יחידה,10.00,יחידה,false,1,17.00,1.7000,true,1,13056
7290105360878,false,מארז 4יח תפוציפס 50ג,STRAUSS-ISRAEL,,מארז 4יח תפוציפס 50גר,גרמים,200.00,100 גרם,false,8,10.90,5.4500,true,1,40226
7290105362339,false,שמנת לבישול מפוסטרת,,,שמנת לבישול מפוסטרת 15%,גרמים,241.00,100 גרם,false,1,8.90,3.6929,true,1,11974
7290105363572,false,שוק.פרה קראנץ חלב בי,,,שוק.פרה קראנץ חלב ביסקוויט 100 גר מגדים,גרמים,100.00,100 גרם,false,1,6.50,6.5000,true,1,51835
7290105363602,false,חטיף כיף כף מקלות שו,,,חטיף כיף כף מקלות שוקולד אגוזים42גר,Unknown,0.00,Unknown,false,1,5.50,0.0000,true,1,12883
7290105364289,false,חטיף כיף כף מקלות שו,,,חטיף כיף כף מקלות שוקולד פצפוצים42גר,Unknown,0.00,Unknown,false,1,5.50,0.0000,true,1,12884
7290105364302,false,חטיף כיף כף מקלות שו,,,חטיף כיף כף מקלות שוקולד אגוז 42גר,Unknown,0.00,Unknown,false,1,5.50,0.0000,true,1,12882
7290105364678,false,משקה דנונה אקטיביה א,,,משקה דנונה אקטיביה אפרסק 250 מל,מיליליטרים,250.00,"100 מ""ל",false,1,5.40,2.1600,true,1,10719
7290105364883,false,ביסקויט עד חצות שוקו,,,ביסקויט עד חצות שוקולד לבן 200 גר,גרמים,200.00,100 גרם,false,1,13.90,6.9500,true,1,12054
7290105366023,false,סלט חציל בטעם כבד 40,,,סלט חציל בטעם כבד 400 גר אחלה,גרמים,400.00,100 גרם,false,1,16.90,4.2250,true,1,11034
7290105366993,false,גב.סימפוניה פלפל שיפ,,,גב.סימפוניה פלפל שיפקה חריף  200 גרם,גרמים,200.00,100 גרם,false,1,11.90,5.9500,true,1,15458
7290105368294,false,שום ישראלי קלוף 120,,,שום ישראלי קלוף 120 גרם אחלה,גרמים,120.00,100 גרם,false,1,10.90,9.0833,true,1,37717
7290105368331,false,מעדן מילקי תות 133 ג,,,מעדן מילקי תות 133 גרם,גרמים,133.00,100 גרם,false,1,2.90,2.1805,true,1,12236
7290105368904,false,שמנת מתוקה 32% 241 מ,,,שמנת מתוקה 32% 241 מל,מיליליטרים,241.00,"100 מ""ל",false,24,7.90,3.2780,true,1,12694
7290105368928,false,שמנת חמוצה 9% 200מל,,,שמנת חמוצה 9% 200מל,מיליליטרים,200.00,"100 מ""ל",false,1,3.20,1.6000,true,1,11975
7290105368959,false,פונץ בננה יוטבתה פקק,,,פונץ בננה יוטבתה פקק 250 מל,מיליליטרים,250.00,"100 מ""ל",false,1,5.80,2.3200,true,1,11973
7290105369130,false,גב.סימפוניה 5% בצל י,,,גב.סימפוניה 5% בצל ירוק 200 ג,גרמים,200.00,100 גרם,false,1,11.90,5.9500,true,1,13248
7290105430441,false,אלסבון פלמוליב משאבה,CP - Turkey+60,,אלסבון פלמוליב משאבה סחלב שחור 750 מל,מיליליטרים,750.00,"100 מ""ל",false,1,17.90,2.3867,true,1,14021
7290105430496,false,דאו. ליידי ספיד סטיק,Colgate - Mexico,,דאו. ליידי ספיד סטיק  ספריי סטיינג 100 ג,מיליליטרים,100.00,"100 מ""ל",false,1,19.90,19.9000,true,1,13820
7290105431516,false,חטיף פרי תמרים בוטני,FREE,,חטיף פרי תמרים בוטנים 5 יח 125 גר,גרמים,125.00,100 גרם,false,1,16.90,13.5200,true,1,13467
7290105431868,false,אלסבון פלמוליב ספא ק,CP - Turkey+60,,אלסבון פלמוליב ספא קוקוס גרגרים 500 מל,מיליליטרים,500.00,"100 מ""ל",false,1,16.90,3.3800,true,1,15427
7290105434050,false,דאו.ספיד סטיק ירוק ר,,,דאו.ספיד סטיק ירוק רגולר לגבר 85 גרם,גרמים,85.00,100 גרם,false,1,18.90,22.2353,true,1,20948
7290105434067,false,דאו.ספיד סטיק כחול א,,,דאו.ספיד סטיק כחול אושיין סרף לגבר 85גרם,גרמים,85.00,100 גרם,false,1,18.90,22.2353,true,1,20949
7290105436382,false,מארז חטיף פריי תמר ק,FREE,,מארז חטיף פריי תמר קשיו 125יח,גרמים,125.00,100 גרם,false,1,16.90,13.5200,true,1,17102
7290105438539,false,נייר אפיה קוקי 40 יח,OPAL,,נייר אפיה קוקי 40 יח,יחידה,40.00,יחידה,false,1,9.90,0.2475,true,1,18283
7290105439499,false,מיונז הולנדי מאסטר ש,רמייה,,מיונז הולנדי מאסטר שף 481 גרם,גרמים,481.00,100 גרם,false,1,11.90,2.4740,true,1,23006
7290105439505,false,מיונז הולנדי לייט מא,רמייה,,מיונז הולנדי לייט מאסטר שף 497 גרם,גרמים,497.00,100 גרם,false,1,11.90,2.3944,true,1,25806
7290105439581,false,חרדל דיזון צרפתי מאס,COVINOR,,חרדל דיזון צרפתי מאסטר 370 גרם,Unknown,0.00,Unknown,false,1,11.90,0.0000,true,1,23007
7290105474049,false,מעדן לה קט מוס עוף 1,לה קט,,מעדן לה קט מוס עוף 155גר,גרמים,155.00,100 גרם,false,1,6.10,3.9355,true,1,16847
7290105474063,false,מעדן לה קט מוס כבד 1,לה קט,,מעדן לה קט מוס כבד 155גר,גרמים,155.00,100 גרם,false,1,6.10,3.9355,true,1,16850
7290105500151,false,וודקה פינלנדיה 700 מ,בראון פורמן,FI,וודקה פינלנדיה 700 מל פקדון,מיליליטרים,700.00,"100 מ""ל",false,6,65.00,9.2857,true,1,12478
7290105500236,false,וויסקי גק דניאלס 700,בראון פורמן,US,וויסקי גק דניאלס 700 מל פקדון,מיליליטרים,700.00,"100 מ""ל",false,6,125.00,17.8571,true,1,13145
7290105691224,false,חטיפי פריכונים טורטי,פרח תעשיות,,חטיפי פריכונים טורטיה שום ובצל 60 גר,גרמים,60.00,100 גרם,false,1,7.90,13.1667,true,1,11301
7290105691248,false,חטיפי פריכונים טורטי,פרח תעשיות,,חטיפי פריכונים טורטיה תירס 60 גר,גרמים,60.00,100 גרם,false,1,7.90,13.1667,true,1,11300
7290105691897,false,קוסקוס אסם חיטה מלאה,קוסקוס,,קוסקוס אסם עם חיטה מלאה 350 גר,גרמים,350.00,100 גרם,false,1,8.90,2.5429,true,1,11928
7290105691934,false,קמח שמרים אסם 1 קג,תחנת קמח המפרץ,,קמח שמרים אסם 1 קג,קילוגרמים,1.00,"ק""ג",false,1,9.90,9.9000,true,1,12647
7290105693341,false,מארז 10 יח חטיף במבה,"אסם תעשיות בע""מ",,מארז 10 יח חטיף במבה 25 גר,גרמים,250.00,100 גרם,false,1,16.90,6.7600,true,1,15541
7290105694614,false,פסטה אסם ספגטי  מהיר,זארה,,ספגטי אוסם מהיר הכנה 500 גר,גרמים,500.00,100 גרם,false,1,7.50,1.5000,true,1,12449
7290105694904,false,אבקת מרק פטריות ר.טב,"אסם תעשיות בע""מ",,אבקת מרק פטריות ר.טבעיים 220 גר,גרמים,220.00,100 גרם,false,1,14.90,6.7727,true,1,12731
7290105694928,false,אבקת מרק בצל ר.טבעיי,"אסם תעשיות בע""מ",,אבקת מרק בצל ר.טבעיים 220 גר,גרמים,220.00,100 גרם,false,1,14.90,6.7727,true,1,12732
7290105695024,false,פתיתים אפויים אוסם א,"אסם תעשיות בע""מ",,פתיתים אפויים אוסם אורז איטריות 500 גר,גרמים,500.00,100 גרם,false,1,7.90,1.5800,true,1,12969
7290105695321,false,עוגת בראוניס פאדג 38,"אסם תעשיות בע""מ",,עוגת בראוניס פאדג 380 גר שמו,גרמים,380.00,100 גרם,false,1,16.90,4.4474,true,1,12333
7290105695536,false,אבקת מרק  ירקות שורש,"אסם תעשיות בע""מ",,אבקת מרק  ירקות שורש 220 גר,גרמים,220.00,100 גרם,false,1,14.90,6.7727,true,1,31528
7290105695994,false,רוטב סויה אוסם 290 מ,"אסם תעשיות בע""מ",,רוטב סויה טבעי 290 מל,מיליליטרים,290.00,"100 מ""ל",false,1,13.90,4.7931,true,1,12730
7290105961525,false,שוקולד ספלנדיד 85% מ,,,שוקולד ספלנדיד 85% מריר 100ג,גרמים,100.00,100 גרם,false,1,10.90,10.9000,true,1,12809
7290105962980,false,סלט כרוב  אדום אחלה,,,סלט כרוב  אדום אחלה 400 גרם,גרמים,400.00,100 גרם,false,1,10.90,2.7250,true,1,12239
7290105962997,false,סלט חצילים במיונז אח,,,סלט חצילים במיונז אחלה 400ג ותוספת 100ג,גרמים,400.00,100 גרם,false,1,10.90,2.7250,true,1,12238
7290105963000,false,סלט מטבוחה אחלה 400ג,,,סלט מטבוחה אחלה 400גר,גרמים,400.00,100 גרם,false,1,10.90,2.7250,true,1,12237
7290105963864,false,חזרת אחלה 220 גרם,,,חזרת אחלה 220 גרם,גרמים,220.00,100 גרם,false,1,12.90,5.8636,true,1,12651
7290105964564,false,סלט חומוס אחלה 400גר,שטראוס,IL,סלט חומוס אחלה 400גרם,גרמים,400.00,100 גרם,false,6,8.90,2.2250,true,1,12240
7290105965493,false,שוקולד ספלנדיד מוס ש,,,שוקולד ספלנדיד מוס שוקולד100 גר,גרמים,100.00,100 גרם,false,1,10.90,10.9000,true,1,20844
7290105965509,false,שוקולד ספלנדיד מוס ג,,,שוקולד ספלנדיד מוס גאנדויה100 גר,גרמים,100.00,100 גרם,false,1,10.90,10.9000,true,1,20843
7290105965516,false,שוקולד ספלנדיד מוס א,,,שוקולד ספלנדיד מוס אספרסו 100 גר,גרמים,100.00,100 גרם,false,1,10.90,10.9000,true,1,20842
7290105965738,false,משקה דנונה תות בננה,,,משקה דנונה תות בננה 267 גר,גרמים,267.00,100 גרם,false,1,5.40,2.0225,true,1,16256
7290105966469,false,חומץ בלסמי ממודנה 25,,,חומץ בלסמי ממודנה 250 מל יד מרדכי,מיליליטרים,250.00,"100 מ""ל",false,1,15.90,6.3600,true,1,13341
7290105968098,false,סלט קולסלאו 500 גר,שטראוס,,סלט קולסלאו 500 גר,גרמים,500.00,100 גרם,false,1,16.90,3.3800,true,1,12808
7290105968654,false,רביולי בטטה 400 גר,שטראוס,,רביולי בטטה 400 גר,גרמים,400.00,100 גרם,false,1,19.90,4.9750,true,1,12807
7290105968777,false,פרכיות אנרגי שוקולד,,,פרכיות אנרגי שוקולד מריר70 גר,גרמים,70.00,100 גרם,false,1,7.90,11.2857,true,1,13905
7290106520066,false,גלילי ופל רבע לשבע 1,,,גלילי ופל רבע לשבע 160 גר,גרמים,160.00,100 גרם,false,1,12.90,8.0625,true,1,12885
7290106520288,false,דנונה וואו תות 150גר,שטראוס,,דנונה וואו תות 150גרם 2.4% שומן,גרמים,150.00,100 גרם,false,1,4.90,3.2667,true,1,22665
7290106520905,false,סלט טורקי 400 גר,,,סלט טורקי 400 גר,גרמים,400.00,100 גרם,false,1,16.90,4.2250,true,1,13329
7290106520912,false,שמנת לבישול מפוסטרת,,,שמנת לבישול מפוסטרת 9% 250מל יטבתה,גרמים,250.00,100 גרם,false,1,8.90,3.5600,true,1,13989
7290106521049,false,סלט קוביות סלק 400גר,,,סלט קוביות סלק 400גר אחלה ט.השוק,גרמים,400.00,100 גרם,false,1,16.90,4.2250,true,1,15013
7290106521612,false,מארז 4יח וופל טורטית,,,מאגדת 4יח וופל טורטית160 גר,גרמים,160.00,100 גרם,false,1,14.00,8.7500,true,1,13723
7290106521650,false,מארז 4 יח וופל טעמי,,,מאגדת 4 יח וופל טעמי 160 גר,גרמים,160.00,100 גרם,false,1,14.00,8.7500,true,1,13724
7290106521926,false,קפה טורקי 150 ג עלית,,,קפה טורקי 150 ג עלית,גרמים,150.00,100 גרם,false,1,11.90,7.9333,true,1,46898
7290106524439,false,חטיף תפוציפס פופס 60,STRAUSS-ISRAEL,,חטיף תפוציפס פופס 60 גר,Unknown,0.00,Unknown,false,1,4.30,0.0000,true,1,34621
7290106525320,false,שוקולית לאפיה 500 גר,,,שוקולית לאפיה 500 גר,גרמים,500.00,100 גרם,false,1,15.90,3.1800,true,1,16699
7290106525368,false,גלילי וופל רבע לשבע,,,גלילי וופל רבע לשבע אין סייד אוט 125 גר,גרמים,125.00,100 גרם,false,1,12.90,10.3200,true,1,32594
7290106525399,false,קפסולות אספרסו 6 ברז,,,קפסולות אספרסו ברזיל 10 יח,יחידה,10.00,יחידה,false,1,17.00,1.7000,true,1,23953
7290106525405,false,קפסולות אספרסו נטול,,,קפסולות אספרסו נטול קפאין 10 יח,יחידה,10.00,יחידה,false,1,17.00,1.7000,true,1,17140
7290106526822,false,פרכיות אנרגי שוקולד,,,פרכיות אנרגי שוקולד חלב80 גר,Unknown,0.00,Unknown,false,1,7.90,0.0000,true,1,16048
7290106527386,false,פרכיות אנרגי שוקולד,,,פרכיות אנרגי שוקולד מריר 70 גר,Unknown,0.00,Unknown,false,1,7.90,0.0000,true,1,16049
7290106528567,false,חטיף דוריטוס גריל 18,STRAUSS-ISRAEL,,חטיף דוריטוס גריל 185 גר,גרמים,185.00,100 גרם,false,1,8.00,4.3243,true,1,23195
7290106528628,false,חטיף דוריטוס דיפאס,STRAUSS-ISRAEL,,חטיף דוריטוס טבעי 185 גר,גרמים,185.00,100 גרם,false,1,8.00,4.3243,true,1,23196
7290106528949,false,לקט לסלט ערוגות 450,,,לקט לסלט ערוגות 450 גרם,גרמים,450.00,100 גרם,false,1,13.00,2.8889,true,1,16845
7290106570023,false,בייגלה שטוחים שומשום,"אסם תעשיות בע""מ",,בייגלה שטוחים שומשום כשלפ 250 גר,גרמים,250.00,100 גרם,false,1,11.00,4.4000,true,1,13200
7290106571921,false,עוגיות פיטנס חמוציות,"אסם תעשיות בע""מ",,עוגיות פיטנס חמוציות 180 גר,גרמים,180.00,100 גרם,false,1,11.90,6.6111,true,1,16768
7290106571945,false,עוגיות פיטנס שוקולד,"אסם תעשיות בע""מ",,עוגיות פיטנס שוקולד מריר 180 גר,גרמים,180.00,100 גרם,false,1,11.90,6.6111,true,1,19394
7290106572027,false,לחמית חמישה דגנים 19,"אסם תעשיות בע""מ",,לחמית חמישה דגנים 190 גר,גרמים,190.00,100 גרם,false,1,9.50,5.0000,true,1,12968
7290106572065,false,חטיפי פריכונים טורטי,פרח תעשיות,,חטיפי פריכונים טורטיה חמוץ מתוק 60 גר,גרמים,60.00,100 גרם,false,1,7.90,13.1667,true,1,12967
7290106572959,false,מארז חטיף אפרופו קלא,"אסם תעשיות בע""מ",,מארז חטיף אפרופו קלאסי 25 גר 5 יח,גרמים,125.00,100 גרם,false,1,12.90,10.3200,true,1,13620
7290106572997,false,קמח שמרים לפיצה אסם,תחנת קמח המפרץ,,קמח שמרים לפיצה אסם 1 קג,קילוגרמים,1.00,"ק""ג",false,1,9.90,9.9000,true,1,13504
7290106573086,false,זוג קוסקוס אמיתי בשק,קוסקוס,,זוג קוסקוס אמיתי בשקית 350 גרם,גרמים,700.00,100 גרם,false,1,10.90,1.5571,true,1,14578
7290106573277,false,חטיפי קרקר טאפאס זית,"אסם תעשיות בע""מ",,חטיפי קרקר קריספי טאפאס זיתים150גר,גרמים,150.00,100 גרם,false,1,12.90,8.6000,true,1,15172
7290106573314,false,חטיפי קרקר טאפאס כפר,"אסם תעשיות בע""מ",,חטיפי קרקר קריספי טאפאס פיזורים150גר,גרמים,150.00,100 גרם,false,1,12.90,8.6000,true,1,15174
7290106573574,false,סלט חומוס ירושלמי צב,צבר,,סלט חומוס ירושלמי צבר 400 גר,גרמים,400.00,100 גרם,false,1,12.90,3.2250,true,1,14056
7290106573598,false,סלט חומוס לבנוני צבר,צבר,,סלט חומוס לבנוני צבר 400 גר,גרמים,400.00,100 גרם,false,1,12.90,3.2250,true,1,14057
7290106573628,false,סלט חומוס עם טחינה צ,צבר,,סלט חומוס עם טחינה צבר 400 גר,גרמים,400.00,100 גרם,false,1,12.90,3.2250,true,1,14055
7290106573642,false,סלט חומוס עם צנובר צ,צבר,,סלט חומוס עם צנובר צבר 400 גר,גרמים,400.00,100 גרם,false,1,12.90,3.2250,true,1,14054
7290106573819,false,סלט חומוס אבו גוש צב,צבר,,סלט חומוס אבו גוש צבר 400 גר,גרמים,400.00,100 גרם,false,1,12.90,3.2250,true,1,14058
7290106574120,false,שלגון גומיגם בודד,נסטלה,IL,שלגון גומיגם בודד,יחידה,1.00,יחידה,false,42,7.50,7.5000,true,1,26756
7290106574953,false,בייגלה שטוחים שומשום,"אסם תעשיות בע""מ",,בייגלה שטוחים שומשום 300 גר,גרמים,300.00,100 גרם,false,1,12.00,4.0000,true,1,14357
7290106574977,false,בייגלה שטוחים מלח 30,"אסם תעשיות בע""מ",,בייגלה שטוחים מלח 300 גר,גרמים,300.00,100 גרם,false,1,12.00,4.0000,true,1,14356
7290106575011,false,פתיתים אפויים אוסם ח,"אסם תעשיות בע""מ",,פתיתים אפויים אוסם חיטה מלאה 400 גר,גרמים,400.00,100 גרם,false,1,7.90,1.9750,true,1,14712
7290106575332,false,פתיתים אסם אפויים פל,קוסקוס,,פתיתים אפויים אוסם פלוס בורגול 400 גר,גרמים,400.00,100 גרם,false,1,7.90,1.9750,true,1,14711
7290106575943,false,אבקה להכנת כופתאות ק,"אסם תעשיות בע""מ",,אבקה להכנת כופתאות קניידלך 140 גר,גרמים,140.00,100 גרם,false,1,9.90,7.0714,true,1,15731
7290106576513,false,סלט חומוס עגול צבר,צבר,,סלט חומוס עגול צבר  400 גר,גרמים,400.00,100 גרם,false,1,10.90,2.7250,true,1,16073
7290106576537,false,סלט חומוס מסעדות צבר,צבר,,סלט חומוס מסעדות צבר  700גר,גרמים,700.00,100 גרם,false,1,12.90,1.8429,true,1,15003
7290106576797,false,גל. לה קרמריה וניל א,גלידות נסטלה,,גל. לה קרמריה וניל איטלקי 1.4 ליטר,מיליליטרים,1400.00,"100 מ""ל",false,1,18.90,1.3500,true,1,16034
7290106576810,false,גל. לה קרמריה ריבת ח,גלידות נסטלה,,גל. לה קרמריה ריבת חלב 1.4 ליטר,מיליליטרים,1400.00,"100 מ""ל",false,1,18.90,1.3500,true,1,16033
7290106576834,false,גל. לה קרמריה פונטש,גלידות נסטלה,,גל. לה קרמריה פונטש בננה 1.4 ליטר,מיליליטרים,1400.00,"100 מ""ל",false,1,18.90,1.3500,true,1,16038
7290106576858,false,גל. לה קרמריה תותים,גלידות נסטלה,,גל. לה קרמריה תותים שמנת 1.4 ליטר,מיליליטרים,1400.00,"100 מ""ל",false,1,18.90,1.3500,true,1,16037
7290106576919,false,גל. לה קרמריה סורבה,גלידות נסטלה,,גל. לה קרמריה סורבה תות לימון 1.4 ליטר,מיליליטרים,1400.00,"100 מ""ל",false,1,18.90,1.3500,true,1,16036
7290106576957,false,גל. לה קרמריה שוקו ו,גלידות נסטלה,,גל. לה קרמריה שוקו וניל פליק פרווה 1.4ל,מיליליטרים,1400.00,"100 מ""ל",false,1,18.90,1.3500,true,1,16039
7290106576971,false,גל. לה קרמריה שוקולד,גלידות נסטלה,,גל. לה קרמריה שוקולד בלגי 1.4 ליטר,מיליליטרים,1400.00,"100 מ""ל",false,1,18.90,1.3500,true,1,16032
7290106576995,false,גל. לה קרמריה סורבה,גלידות נסטלה,,גל. לה קרמריה סורבה תות מנגו 1.4 ליטר,מיליליטרים,1400.00,"100 מ""ל",false,1,18.90,1.3500,true,1,16252
7290106577282,false,סלט טחינה מרובע צבר,צבר,,סלט טחינה מרובע צבר 400 גר,גרמים,400.00,100 גרם,false,1,12.90,3.2250,true,1,15199
7290106577480,false,סלט חציל על האש בטחי,צבר,,סלט חציל על האש בטחינה  צבר מרובע 400גר,גרמים,400.00,100 גרם,false,1,12.90,3.2250,true,1,15201
7290106577503,false,סלט חציל במיונז  צבר,צבר,,סלט חציל במיונז  צבר מרובע 400 גר,גרמים,400.00,100 גרם,false,1,12.90,3.2250,true,1,15202
7290106577527,false,סלט קולסלו  צבר מרוב,צבר,,סלט קולסלו  צבר מרובע 400גר,גרמים,400.00,100 גרם,false,1,12.90,3.2250,true,1,15205
7290106577541,false,סלט כרוב אדום צבר  מ,צבר,,סלט כרוב אדום צבר  מרובע 400גר,גרמים,400.00,100 גרם,false,1,12.90,3.2250,true,1,15204
7290106577572,false,סלט מטבוחה צבר מרובע,צבר,,סלט מטבוחה צבר מרובע 400גר,גרמים,400.00,100 גרם,false,1,12.90,3.2250,true,1,15198
7290106578241,false,חטיף תפוא דובונים 10,"אסם תעשיות בע""מ",,חטיף תפוא דובונים 100 גר,גרמים,100.00,100 גרם,false,1,10.00,10.0000,true,1,15730
7290106578333,false,סלט חציל על האש  צבר,צבר,,סלט חציל על האש  צבר מרובע 400גר,גרמים,400.00,100 גרם,false,1,12.90,3.2250,true,1,15203
7290106578692,false,חטיף מיקס במבה וביסל,"אסם תעשיות בע""מ",,חטיף מיקס במבה/ביסלי 80 גר,גרמים,80.00,100 גרם,false,1,5.00,6.2500,true,1,16658
7290106578821,false,עוגת שמרים שוקולד קל,"אסם תעשיות בע""מ",,עוגת שמרים שוקולד קלאסית350גר,גרמים,350.00,100 גרם,false,1,16.90,4.8286,true,1,15935
7290106651265,false,מארז 3 יח פסק זמן קל,,,מאגדת 3 יח וופל פסק זמן קלאסי135גר,גרמים,135.00,100 גרם,false,1,14.00,10.3704,true,1,45988
7290106653689,false,לקט לסלט אסייתי 350,שטראוס,,לקט לסלט אסייתי 350 גרם,גרמים,350.00,100 גרם,false,1,10.90,3.1143,true,1,27336
7290106654099,false,מארז עוגות מילקי שמי,שטראוס,,מארז עוגות מילקי שמינייה אישית 34 גרם,גרמים,272.00,100 גרם,false,1,19.90,7.3162,true,1,22664
7290106660649,false,חטיף ציטוס קראנץ בוט,STRAUSS-ISRAEL,,חטיף ציטוס בוטנים 80 גר,Unknown,0.00,Unknown,false,1,4.50,0.0000,true,1,27970
7290106662025,false,חטיף תפוציפס מלח פלפ,STRAUSS-ISRAEL,,חטיף תפוציפס מלח פלפל  50 גרם,Unknown,0.00,Unknown,false,1,4.30,0.0000,true,1,24533
7290106662223,false,אפיפיות בטעם שוקולד,,,אפיפיות בטעם שוקולד 400 גר,גרמים,400.00,100 גרם,false,1,12.90,3.2250,true,1,26841
7290106662964,false,סוכריות גומי יין 100,,,סוכריות גומי יין 100 גרם,גרמים,100.00,100 גרם,false,1,5.90,5.9000,true,1,20044
7290106663503,false,קונפיטורה לייט תות י,,,קונפיטורה לייט תות יד מרדכי 230 גר,גרמים,230.00,100 גרם,false,1,12.90,5.6087,true,1,18078
7290106663558,false,רוטב טריאקי יד מרדכי,,,רוטב טריאקי רימון יד מרדכי 280 מל,גרמים,320.00,100 גרם,false,1,14.90,4.6563,true,1,20393
7290106664555,false,רוטב שמנת עם עגבניות,,,רוטב שמנת עם עגבניות 9% יטבתה 250 מל,מיליליטרים,250.00,"100 מ""ל",false,1,11.90,4.7600,true,1,21355
7290106664562,false,רוטב שמנת פטריות 9%,,,רוטב שמנת פטריות 9% יטבתה 250 מל,מיליליטרים,250.00,"100 מ""ל",false,1,11.90,4.7600,true,1,19129
7290106666788,false,סוכריות ממולאות טעם,,,סוכריות ממולאות טעם דבש 80 גר,Unknown,0.00,Unknown,false,1,5.90,0.0000,true,1,20046
7290106667266,false,חטיף דוריטוס חמוץ חר,STRAUSS-ISRAEL,,חטיף דוריטוס חמוץ חריף 185 גר,גרמים,185.00,100 גרם,false,1,8.00,4.3243,true,1,23193
7290106668133,false,אבקת שוקולית 400 גר,,,אבקת שוקולית 400 גר שקית,גרמים,400.00,100 גרם,false,1,12.90,3.2250,true,1,24459
7290106668577,false,מיץ לימון טבעי יד מר,,,מיץ לימון טבעי יד מרדכי 250 מל,מיליליטרים,250.00,"100 מ""ל",false,1,8.50,3.4000,true,1,20390
7290106668713,false,דנונה פרי 3% פירות י,יוניליוור,,דנונה פרי 3% פירות יער 150 גר,גרמים,150.00,100 גרם,false,1,3.70,2.4667,true,1,20288
7290106669857,false,קפסולות אספרסו וניל,,,קפסולות אספרסו וניל 10 יח,יחידה,10.00,יחידה,false,1,17.00,1.7000,true,1,27512
7290106720626,false,חטיף ציטוס קראנץ גבי,STRAUSS-ISRAEL,,חטיף ציטוס גבינה 80 גר,Unknown,0.00,Unknown,false,1,4.50,0.0000,true,1,27969
7290106721807,false,סלט חציל פיקנטי 400,,,סלט חציל פיקנטי 400 גרם,גרמים,400.00,100 גרם,false,1,10.90,2.7250,true,1,37466
7290106721913,false,מסטיק מאסט פפרמינט צ,,,מסטיק מאסט פפרמינט ציקלס 66 גר,Unknown,0.00,Unknown,false,1,10.00,0.0000,true,1,20050
7290106721920,false,מסטיק מאסט ספירמנט צ,,,מסטיק מאסט ספירמנט ציקלס 66 גר,Unknown,0.00,Unknown,false,1,10.00,0.0000,true,1,20049
7290106722415,false,שוקולד פרה לבן ממולא,,IL,שוקולד פרה לבן ממולא תות 100 גר מגדים,גרמים,100.00,100 גרם,false,1,5.90,5.9000,true,1,56255
7290106723689,false,עלי תרד בייבי 200 גר,,,עלי תרד בייבי 200 גרם,גרמים,200.00,100 גרם,false,1,10.00,5.0000,true,1,18112
7290106725966,false,מטבעות שוקולדחלב ברש,,,מטבעות שוקולדחלב ברשת 42 גר,גרמים,60.00,100 גרם,false,1,5.00,8.3333,true,1,21576
7290106726161,false,דנונה וואו אפרסק 150,שטראוס,,דנונה וואו אפרסק 150 גרם 2.4% שומן,גרמים,150.00,100 גרם,false,1,4.90,3.2667,true,1,21910
7290106726178,false,דנונה וואו פירות יער,שטראוס,,דנונה וואו פירות יער 150 גרם 2.4% שומן,גרמים,150.00,100 גרם,false,1,4.90,3.2667,true,1,21908
7290106727984,false,חטיף כיף כף פצפצים13,,,חטיף כיף כף פצפצים135 גרם,גרמים,135.00,100 גרם,false,1,9.90,7.3333,true,1,24989
7290106728127,false,חלב טבעי 1 ליטר 3.6%,שטראוס,,חלב טבעי 1 ליטר 3.6% בקבוק,ליטרים,1.00,ליטר,false,1,7.90,7.9000,true,1,21917
7290106729650,false,מארז 8יח דנונה תות 3,שטראוס,,מארז 8יח דנונה תות 3% 150 גרם,גרמים,1200.00,100 גרם,false,1,23.90,1.9917,true,1,23559
7290106772472,false,ממרח קקאו אגוזי לוז,"אלמונדס בע""מ",IL,ממרח קקאו אגוזי לוז בלגה 350 גרם,גרמים,300.00,100 גרם,false,12,13.90,4.6333,true,1,41907
7290106774018,false,אבקת קקאו אלמנדוס 40,"אלמונדס בע""מ",IL,אבקת קקאו אלמנדוס 400 גרם,גרמים,400.00,100 גרם,false,1,34.90,8.7250,true,1,47339
7290106774056,false,כמו סוכר אלמנדוס 500,"אלמונדס בע""מ",IL,כמו סוכר אלמנדוס 500 גרם,גרמים,500.00,100 גרם,false,1,24.90,4.9800,true,1,47341
7290106774162,false,שוקולד זברה אלמנדוס,"אלמונדס בע""מ",IL,שוקולד זברה אלמנדוס 90גרם,Unknown,0.00,Unknown,false,1,22.90,0.0000,true,1,47350
7290106774179,false,תלתלי שוקולד מעורב א,"אלמונדס בע""מ",IL,תלתלי שוקולד מעורב אלמנדוס 100גרם,גרמים,100.00,100 גרם,false,1,24.90,24.9000,true,1,47351
7290106775091,false,מחית פיסטוק אלמנדוס,שקד תבור,,מחית פיסטוק אלמנדוס 200 גרם,גרמים,200.00,100 גרם,false,1,39.90,19.9500,true,1,47373
7290107280020,false,מארז 3 יח מטליות לחו,,,מארז 3 יח מטליות לחות לניקוי סושי 150יח,יחידה,150.00,יחידה,false,1,22.90,0.1527,true,1,14761
7290107280037,false,מטליות לחות לניקוי כ,,,מטליות לחות לניקוי כללי סנו סושי 50יח,יחידה,50.00,יחידה,false,1,11.90,0.2380,true,1,14760
7290107280099,false,מארז 3 יח מגבוני טוא,,,מארז 3 יח מגבוני טואלט לחים סופט נשטפים,יחידה,144.00,יחידה,false,1,15.90,0.1104,true,1,17497
7290107280129,false,שקיות אשפה 20 יח סנו,,,שקיות אשפה 20 יח סנו סושי 78/90,יחידה,20.00,יחידה,false,1,25.90,1.2950,true,1,18946
7290107280389,false,סנו גט לאמבט ה  750,,,סנו גט לאמבט ה  750 מל,מיליליטרים,750.00,"100 מ""ל",false,1,11.90,1.5867,true,1,15626
7290107280396,false,"סנו גט למטבח 750 מ""ל",,,"סנו גט למטבח 750 מ""ל",מיליליטרים,750.00,"100 מ""ל",false,1,12.90,1.7200,true,1,15322
7290107280570,false,גל כביסה מקסימה לכבס,,,גל כביסה מקסימה לכבס בלי להפריד 3 ליטר,ליטרים,3.00,ליטר,false,1,29.90,9.9667,true,1,17854
7290107280723,false,נוזל כלים סנו ספארק,,,נוזל כלים סנו ספארק לימון 700 מל,מיליליטרים,700.00,"100 מ""ל",false,1,8.90,1.2714,true,1,18430
7290107280730,false,נוזל כלים סנו ספארק,,,נוזל כלים סנו ספארק לבנדר 700 מל,מיליליטרים,700.00,"100 מ""ל",false,1,8.90,1.2714,true,1,18429
7290107280747,false,נוזל כלים סנו ספארק,,,נוזל כלים סנו ספארק קלאסי 700 מל,מיליליטרים,700.00,"100 מ""ל",false,1,8.90,1.2714,true,1,18431
7290107280754,false,נוזל כלים סנו ספארק,,,נוזל כלים סנו ספארק היפואלרגי 700 מל,מיליליטרים,700.00,"100 מ""ל",false,1,8.90,1.2714,true,1,18432
7290107280761,false,נוזל כלים סנו ספארק,,,נוזל כלים סנו ספארק לימון משאבה 1 ליטר,ליטרים,1.00,ליטר,false,1,11.90,11.9000,true,1,18433
7290107644488,false,בייגלה שמיניות 225 ג,יוניליוור,,בייגלה שמיניות 225 גרם בדצ,גרמים,225.00,100 גרם,false,1,6.90,3.0667,true,1,33901
7290107645584,false,מרק עוף קנור רכבים ט,יוניליוור,,מרק עוף קנור רכבים טבעיים 400 גר,גרמים,400.00,100 גרם,false,1,21.90,5.4750,true,1,36087
7290107645591,false,מרק טעם עוף קנור רכי,יוניליוור,,מרק טעם עוף קנור רכיבים טבעיים 400 ג,גרמים,400.00,100 גרם,false,1,16.90,4.2250,true,1,36088
7290107646062,false,מרק בצל קנור רכיבים,יוניליוור,,מרק בצל קנור רכיבים טבעיים  400 גר,גרמים,400.00,100 גרם,false,1,21.90,5.4750,true,1,36086
7290107646147,false,חטיף דגנים שוגי 6 יח,יוניליוור,,חטיף דגנים שוגי 6 יח 156 גרם,גרמים,156.00,100 גרם,false,1,12.90,8.2692,true,1,36079
7290107646154,false,חטיף דגנים קוקומן שו,יוניליוור,,חטיף דגנים קוקומן שוקו 6 יח 126 גרם,גרמים,126.00,100 גרם,false,1,12.90,10.2381,true,1,36080
7290107646376,false,מטליות לחות לניקוי כ,יוניליוור,,מטליות לחות לניקוי כללי 50יח,יחידה,50.00,יחידה,false,1,9.90,0.1980,true,1,30819
7290107646383,false,מטליות לחות לניקוי ר,יוניליוור,,מטליות לחות לניקוי רצפות 10יח,יחידה,10.00,יחידה,false,1,12.90,1.2900,true,1,30820
7290107646826,false,חטיף דגנים שוגי שוקו,יוניליוור,,חטיף דגנים שוגי שוקו 6 יח 156 גרם,גרמים,156.00,100 גרם,false,1,12.90,8.2692,true,1,36081
7290107646895,false,רוטב פסטה קנור נפולי,,,רוטב פסטה קנור נפוליטנה 415 גר,גרמים,415.00,100 גרם,false,1,11.90,2.8675,true,1,33733
7290107646918,false,רוטב קנור לשקשוקה415,,,רוטב שקשוקה קנור 415 גר,גרמים,415.00,100 גרם,false,1,11.90,2.8675,true,1,33734
7290107647359,false,סבון אסלה דומסטוס בנ,,,סבון אסלה דומסטוס בניחוח אוקינוס שלישייה,יחידה,3.00,יחידה,false,1,17.90,5.9667,true,1,35557
7290107647366,false,סבון אסלה דומסטוס בנ,,,סבון אסלה דומסטוס בניחוח ליים שלישייה,יחידה,3.00,יחידה,false,1,17.90,5.9667,true,1,35556
7290107647748,false,דגני בוקר פיצי 500 ג,יוניליוור,,דגני בוקר פיצי 500 גר בדץ,גרמים,500.00,100 גרם,false,1,19.90,3.9800,true,1,33190
7290107647816,false,דגני ברנפלקס ללא סוכ,יוניליוור,,דגני ברנפלקס ללא סוכר 500 ג בד,גרמים,500.00,100 גרם,false,1,21.90,4.3800,true,1,33187
7290107647823,false,דגני ברנפלקס 500 גרם,יוניליוור,,דגני ברנפלקס 500 גרם בדצ,גרמים,500.00,100 גרם,false,1,21.90,4.3800,true,1,33186
7290107647854,false,דגני בוקר שוגי20%מופ,יוניליוור,,דגני בוקר שוגי20%מופחת סוכר 500 גר,גרמים,500.00,100 גרם,false,1,19.90,3.9800,true,1,33184
7290107648943,false,דגני ברנפלקס קרנצים,יוניליוור,,דגני ברנפלקס קרנצים מייפל 375 גר,גרמים,375.00,100 גרם,false,1,21.90,5.8400,true,1,36965
7290107648974,false,רוטב פסטה קנור בזילי,,,רוטב פסטה פומודורו קנור 415 גר,גרמים,415.00,100 גרם,false,1,11.90,2.8675,true,1,39364
7290107648981,false,רוטב פסטה קנור פומוד,,,רוטב פומודורו קנור 415 גר,גרמים,415.00,100 גרם,false,1,11.90,2.8675,true,1,36084
7290107649100,false,בייגלה טבעות שומשום,יוניליוור,,בייגלה טבעות שומשום 300 גר,גרמים,300.00,100 גרם,false,1,10.90,3.6333,true,1,39684
7290107649759,false,גלידה גודיז פיסטוק ש,"גלידת שטראוס בע""מ",,גלידה גודיז פיסטוק שוקולד אגוזי לוז 280ג,גרמים,280.00,100 גרם,false,1,17.90,6.3929,true,1,40752
7290107870047,false,טילון אקסטרים בראוני,נסטלה,,טילון אקסטרים בראוניז ענק,יחידה,1.00,יחידה,false,1,12.00,12.0000,true,1,26760
7290107871297,false,חטיפי מיני פריכונים,פרח תעשיות,,חטיפי מיני פריכונים עשבי תיבול 25 גר,Unknown,0.00,Unknown,false,1,4.30,0.0000,true,1,18988
7290107871532,false,מאגדת שלגון מלון דוב,גלידות נסטלה,,מאגדת שלגון מלון דובדבן 10 יח,יחידה,10.00,יחידה,false,1,17.50,1.7500,true,1,18710
7290107871723,false,פריכיות פיטנס שוקולד,נסטלה,,פריכיות פיטנס שוקולד חלב כשלפ 100 גר,גרמים,100.00,100 גרם,false,1,8.90,8.9000,true,1,34837
7290107871990,false,פסטה צינורות אסם 500,זארה,,פסטה צינורות אסם 500 גרם,גרמים,500.00,100 גרם,false,1,6.50,1.3000,true,1,17401
7290107874427,false,חטיפי מיני פריכונים,פרח תעשיות,,חטיפי מיני פריכונים זעתר 25 גר,Unknown,0.00,Unknown,false,1,4.30,0.0000,true,1,18990
7290107874441,false,חטיפי מיני פריכונים,פרח תעשיות,,חטיפי מיני פריכונים בצל מקורמל 25 גר,Unknown,0.00,Unknown,false,1,4.30,0.0000,true,1,18989
7290107874502,false,מארז 4 יח ביסלי גריל,"אסם תעשיות בע""מ",,מארז 4 יח ביסלי גריל 55 ג,גרמים,220.00,100 גרם,false,1,12.50,5.6818,true,1,23963
7290107875271,false,מארז 4 יח ביסלי ברבי,"אסם תעשיות בע""מ",,מארז 4 יח ביסלי ברביקיו 55 ג,גרמים,220.00,100 גרם,false,1,12.50,5.6818,true,1,23964
7290107875400,false,גל. לה קרמריה פיסטוק,גלידות נסטלה,,גל. לה קרמריה פיסטוק מוקה 1.4 ליטר,מיליליטרים,1400.00,"100 מ""ל",false,1,18.90,1.3500,true,1,18397
7290107875820,false,קרוטונים אפויים תיבו,עינת,,קרוטונים אפויים תיבול ביתי180גר,גרמים,180.00,100 גרם,false,1,11.90,6.6111,true,1,18668
7290107877619,false,מארז 5 יח חטיף במבה,"אסם תעשיות בע""מ",,מארז 5 יח חטיף במבה במילוי נוגט 30גר,גרמים,150.00,100 גרם,false,1,13.90,9.2667,true,1,35080
7290107879132,false,פריכיות מיני פיטנס ש,כרמית,IL,פריכיות מיני פיטנס שוקולד חלב 22 גר,Unknown,0.00,Unknown,false,18,5.50,0.0000,true,1,30877
7290107879521,false,מאגדת לה פרוטה תות 5,גלידות נסטלה,,מאגדת לה פרוטה תות 5יח,יחידה,5.00,יחידה,false,1,25.90,5.1800,true,1,23202
7290107879569,false,מאגדת לה פרוטה מנגו,גלידות נסטלה,,מאגדת לה פרוטה מנגו 5יח,יחידה,5.00,יחידה,false,1,25.90,5.1800,true,1,23203
7290107879620,false,קרחון לה פרוטה תפוח,נסטלה,,קרחון לה פרוטה תפוח מלון בודד,יחידה,1.00,יחידה,false,1,6.90,6.9000,true,1,26762
7290107879668,false,קרחון לה פרוטה תות ב,נסטלה,IL,קרחון לה פרוטה תות בודד,יחידה,1.00,יחידה,false,36,6.90,6.9000,true,1,26764
7290107930321,false,קונפיטורה דובדבן 340,,,קונפיטורה דובדבן 340 גר יד מרדכי,גרמים,340.00,100 גרם,false,1,13.90,4.0882,true,1,21067
7290107931397,false,חטיף כיף כף פצפצים 4,,,חטיף כיף כף פצפצים 40 גר,Unknown,0.00,Unknown,false,1,5.50,0.0000,true,1,23775
7290107932080,false,חלב מועשר 1 ליטר 3%,שטראוס,,חלב מועשר 1 ליטר 3% בקבוק,ליטרים,1.00,ליטר,false,1,7.90,7.9000,true,1,21913
7290107932134,false,חלב מועשר 1 ליטר 1%,שטראוס,,חלב מועשר 1 ליטר 1% בקבוק,ליטרים,1.00,ליטר,false,1,7.90,7.9000,true,1,21914
7290107932240,false,שוקולד פרה אקסטרא ונ,,,שוקולד פרה אקסטרא וניל עוגיות100 גר,גרמים,100.00,100 גרם,false,1,6.90,6.9000,true,1,24983
7290107932271,false,שוקולד פרה אקסטרא יו,,,שוקולד פרה אקסטרא יוגורט תות100 גר,גרמים,100.00,100 גרם,false,1,6.90,6.9000,true,1,24985
7290107933155,false,לקט סלנובה 200 גרם א,שטראוס,,לקט סלנובה 200 גרם אחלה,גרמים,200.00,100 גרם,false,1,12.00,6.0000,true,1,23015
7290107933193,false,סלק מבושל 500 גרם אח,שטראוס,,סלק מבושל 500 גרם אחלה,גרמים,500.00,100 גרם,false,1,8.90,1.7800,true,1,22141
7290107933315,false,חלב דל לקטוז 1 ליטר,שטראוס,,חלב דל לקטוז 1 ליטר 2% בקבוק,ליטרים,1.00,ליטר,false,1,7.90,7.9000,true,1,21916
7290107933650,false,ארוחה קטנה בקבוק תות,שטראוס,,משקה חלב דגנים ובננה 250 גרם יטבתה,גרמים,250.00,100 גרם,false,9,4.90,1.9600,true,1,23555
7290107934473,false,מארז יוגורט אקטיביה,,,מארז יוגורט אקטיביה 1.5% 8יח 150גרם,גרמים,1200.00,100 גרם,false,1,19.90,1.6583,true,1,21051
7290107936309,false,יוגורט דנונה יווני ל,שטראוס,,יוגורט דנונה יווני לבן 120 גר,גרמים,120.00,100 גרם,false,1,3.50,2.9167,true,1,25977
7290107936460,false,מארז שמיניית דנכול ד,שטראוס,,מארז שמיניית דנכול דנונה 100 גרם,גרמים,800.00,100 גרם,false,1,29.90,3.7375,true,1,23557
7290107936958,false,ביסקויט עד חצות אצבע,,,ביסקויט עד חצות אצבעות 125 גר,גרמים,125.00,100 גרם,false,1,11.50,9.2000,true,1,33211
7290107936965,false,ביסקויט עד חצות עיגו,,,ביסקויט עד חצות עיגולים 225 גר,גרמים,225.00,100 גרם,false,1,13.90,6.1778,true,1,33210
7290107937542,false,משקה דנונה אקטיביה ת,שטראוס,,משקה דנונה אקטיביה תות 250 מל,מיליליטרים,250.00,"100 מ""ל",false,1,5.40,2.1600,true,1,24005
7290107937627,false,מסטיק מאסט קוביות ספ,,,מסטיק מאסט קוביות ספירמנט 58 גר,Unknown,0.00,Unknown,false,1,10.00,0.0000,true,1,25935
7290107937634,false,מסטיק מאסט קוביות פפ,,,מסטיק מאסט קוביות פפירמנט 58 גר,Unknown,0.00,Unknown,false,1,10.00,0.0000,true,1,25936
7290107937856,false,קפסולות אספרסו 11 חז,,,קפסולות אספרסו חזק במיוחד 10 יח,יחידה,10.00,יחידה,false,1,17.00,1.7000,true,1,25427
7290107938396,false,משקה אקטימל תות 8יח,שטראוס,,משקה אקטימל תות 8יח 108גר,גרמים,864.00,100 גרם,false,6,22.40,2.5926,true,1,24704
7290107939027,false,גזר חתוך דק דק 250 ג,שטראוס,,גזר חתוך דק דק 250 גרם שטראוס אחלה,גרמים,250.00,100 גרם,false,1,5.90,2.3600,true,1,25966
7290107940030,false,חומוס 650 גר אחלה,שטראוס,IL,חומוס 650 גר אחלה,גרמים,650.00,100 גרם,false,6,8.90,1.3692,true,1,35039
7290107940467,false,יוגורט דנונה אקטיביה,שטראוס,,יוגורט דנונה אקטיביה קרמי 1.5% 200גר,גרמים,200.00,100 גרם,false,1,3.90,1.9500,true,1,24692
7290107941259,false,עדשים ירוקות מבושלות,שטראוס,,עדשים ירוקות מבושלות 475 גרם אחלה,גרמים,475.00,100 גרם,false,1,9.90,2.0842,true,1,26356
7290107941266,false,שעועית אדומה מבושלת,שטראוס,,שעועית אדומה מבושלת 475 גרם אחלה,גרמים,475.00,100 גרם,false,1,9.90,2.0842,true,1,26357
7290107941273,false,חומוס מבושל 475 גרם,שטראוס,,חומוס מבושל 475 גרם אחלה,גרמים,475.00,100 גרם,false,1,9.90,2.0842,true,1,26355
7290107942355,false,תפוציפס מקלות טבעי 6,STRAUSS-ISRAEL,,תפוציפס מקלות טבעי 60 גרם,Unknown,0.00,Unknown,false,1,4.30,0.0000,true,1,26088
7290107943192,false,שמנת חמוצה מהערבה 27,יטבתה,IL,שמנת חמוצה מהערבה 27% 200 גר יטבתה,גרמים,200.00,100 גרם,false,15,4.50,2.2500,true,1,33223
7290107943369,false,שבולת שועל להכנה מהי,,,שבולת שועל להכנה מהירה ללא גלוטן 511 גר,גרמים,511.00,100 גרם,false,1,18.90,3.6986,true,1,32173
7290107944243,false,אפיפיות בטעם שוקולד,,,אפיפיות בטעם שוקולד 200 גר,גרמים,200.00,100 גרם,false,1,7.90,3.9500,true,1,32612
7290107944472,false,גב.סימפוניה שום שמיר,שטראוס,,גב.סימפוניה שום שמיר 5% 200 גרם,גרמים,200.00,100 גרם,false,1,11.90,5.9500,true,1,26349
7290107945165,false,קונפיטורה משמש יד מר,,,קונפיטורה משמש יד מרדכי 340 גר,גרמים,340.00,100 גרם,false,6,13.90,4.0882,true,1,27576
7290107947466,false,חטיפי אנרגי מצופה טע,,,חטיפי אנרגי מצופה טעמי 10 יח 168 גר,יחידה,6.00,יחידה,false,1,13.90,2.3167,true,1,37442
7290107947763,false,סוכ. עדשים מיני לאפי,,,סוכ. עדשים מיני לאפיה וקישוט 130 גרם,גרמים,130.00,100 גרם,false,1,10.00,7.6923,true,1,36414
7290107947992,false,שוקולד פרה אקסטרא חל,,,שוקולד פרה אקסטרא חלב 100 גר,גרמים,100.00,100 גרם,false,1,6.90,6.9000,true,1,37935
7290107950183,false,מעדן דיאט וניל 130גר,שטראוס,,מעדן דיאט וניל 130גרם 0% שומן שטראוס,גרמים,130.00,100 גרם,false,1,3.40,2.6154,true,1,25980
7290107950190,false,מעדן דיאט שוקולד מרי,שטראוס,,מעדן דיאט שוקולד מריר 130גר 0.5% שומן,גרמים,130.00,100 גרם,false,1,3.40,2.6154,true,1,25982
7290107950206,false,מעדן דיאט שוקולד 130,שטראוס,,מעדן דיאט שוקולד 130גרם 0% שומן שטראוס,גרמים,130.00,100 גרם,false,1,3.40,2.6154,true,1,25981
7290107951104,false,בפלות שוקולד עלית200,,,בפלות שוקולד עלית200 גרם,גרמים,200.00,100 גרם,false,1,4.70,2.3500,true,1,26309
7290107951111,false,בפלות לימון עלית 200,,,בפלות לימון עלית 200 גרם,גרמים,200.00,100 גרם,false,1,4.70,2.3500,true,1,26308
7290107951548,false,שוקולד פרה בלונד שבר,,,שוקולד פרה בלונד שברי שקדים 100 גרם,גרמים,100.00,100 גרם,false,1,7.90,7.9000,true,1,32624
7290107951586,false,חטיף מיני מיקס מעורב,,,חטיף מיני מיקס מעורב ירוק 390 ג משפחתי,גרמים,390.00,100 גרם,false,1,25.90,6.6410,true,1,26826
7290107951715,false,מסטיק מאסט קוביות ענ,,,מסטיק מאסט קוביות ענבים 58 גר,Unknown,0.00,Unknown,false,1,10.00,0.0000,true,1,27575
7290107953559,false,קפה טורקי לדרך 24 יח,,,קפה טורקי לדרך 24 יח 168 גרם,יחידה,24.00,יחידה,false,8,20.00,0.8333,true,1,26931
7290107954709,false,קונפיטורה פירות יער,,,קונפיטורה פירות יער יד מרדכי 340 גר,גרמים,340.00,100 גרם,false,1,13.90,4.0882,true,1,31209
7290107954976,false,משקה פרו קפה 350 מל,שטראוס,,משקה פרו קפה 350 מל 25גר חלבון יטבתה,מיליליטרים,350.00,"100 מ""ל",false,12,6.50,1.8571,true,1,31615
7290107955768,false,שוקולד פרה חלב ל.ס.,,,שוקולד פרה חלב ל.ס. 100 גרם,גרמים,100.00,100 גרם,false,1,8.50,8.5000,true,1,36404
7290107955782,false,שוקולד פרה מריר ל.ס,,,שוקולד פרה מריר ל.ס 100 גרם,גרמים,100.00,100 גרם,false,1,8.50,8.5000,true,1,36403
7290107956543,false,דבש טהור יד מרדכי900,,,דבש טהור 900 גר יד מרדכי,גרמים,900.00,100 גרם,false,1,39.90,4.4333,true,1,35478
7290107956642,false,תרסיס שמן זית יד מרד,,,תרסיס שמן זית יד מרדכי 150 גרם,גרמים,150.00,100 גרם,false,1,16.90,11.2667,true,1,36615
7290107956833,false,עוגיות שוקו ציפס שוק,,,עוגיות שוקו ציפס שוקולד חלב 180גר,גרמים,180.00,100 גרם,false,1,8.90,4.9444,true,1,32615
7290107956895,false,קפסולות אספרסו קרמל,,,קפסולות אספרסו קרמל 10 יח,יחידה,10.00,יחידה,false,1,17.00,1.7000,true,1,36418
7290107956901,false,קפסולות אספרסו טעם א,,,קפסולות אספרסו טעם אגוזים 10 יח,יחידה,10.00,יחידה,false,1,17.00,1.7000,true,1,33963
7290107956925,false,קפסולות אספרסו 13 או,,,קפסולות אספרסו 13 אוגנדה 10 יח,יחידה,10.00,יחידה,false,1,17.00,1.7000,true,1,38803
7290107956932,false,קפסולות אספרסו 12 אנ,,,קפסולות אספרסו 12 אנדוניזיה 10 יח,יחידה,10.00,יחידה,false,1,17.00,1.7000,true,1,33200
7290107957069,false,מסטיק עלמה קוביות או,,,מסטיק עלמה קוביות אוכמניות 66 גרם,Unknown,0.00,Unknown,false,1,10.00,0.0000,true,1,33243
7290107957076,false,מסטיק עלמה קוביות ספ,,,מסטיק עלמה קוביות ספירמנט 66 גרם,Unknown,0.00,Unknown,false,1,10.00,0.0000,true,1,33244
7290107957137,false,גבינת סימפוניה עשבי,,,גבינת סימפוניה עשבי תיבול 5% 200גר,גרמים,200.00,100 גרם,false,1,11.90,5.9500,true,1,38807
7290107957229,false,נטיפי פרה שוקולד ציפ,,,נטיפי פרה שוקולד ציפס 50% מריר 250 גרם,גרמים,250.00,100 גרם,false,1,11.90,4.7600,true,1,36412
7290107957991,false,מארז עוגת מילקי מיני,שטראוס,IL,מארז עוגת מילקי מיני 9יח 16גר,גרמים,144.00,100 גרם,false,6,14.90,10.3472,true,1,38272
7290107958035,false,מארז 8 יח דנונה מתיק,שטראוס,,מארז 8 יח דנונה מתיקות מעודן ללא סוכר120,גרמים,960.00,100 גרם,false,1,19.20,2.0000,true,1,34041
7290107958639,false,סלט מטבוחה מרוקאית ח,שטראוס,,סלט מטבוחה מרוקאית חריפה 400 גר אחלה,גרמים,400.00,100 גרם,false,1,16.90,4.2250,true,1,34028
7290107970129,false,דאו.רול און ל.ספיד ס,Colgate - Mexico,,דאו.רול און ל.ספיד סטיק לסס פרש 50מ,Unknown,0.00,Unknown,false,1,14.90,0.0000,true,1,21509
7290107971522,false,חטיף פרי ללא גלוטן ב,אמקו סאם מילס ספול.,,חטיף פרי ללא גלוטן בוטנים שקד5 יח140 גר,גרמים,140.00,100 גרם,false,1,16.90,12.0714,true,1,23937
7290107971539,false,חטיף פרי ללא גלוטן ב,אמקו סאם מילס ספול.,,חטיף פרי ללא גלוטן בוטנים קשיו5 יח140 גר,גרמים,140.00,100 גרם,false,1,16.90,12.0714,true,1,23936
7290107971744,false,מי פה קולגייט טוטל י,קולגייט פלמוליב,,מי פה קולגייט טוטל ירוק 500 מל,מיליליטרים,500.00,"100 מ""ל",false,1,25.90,5.1800,true,1,23641
7290107973014,false,סבון ידיים פלמוליב ח,CP - Turkey+60,,סבון ידיים פלמוליב חלב ודבש 300 מל,מיליליטרים,300.00,"100 מ""ל",false,1,11.90,3.9667,true,1,24720
7290107973038,false,סבון ידיים פלמוליב א,CP - Turkey+60,,סבון ידיים פלמוליב אקווריום 300 מל,מיליליטרים,300.00,"100 מ""ל",false,1,11.90,3.9667,true,1,24719
7290107973311,false,זוג מב.שינים קולגייט,קולגייט פלמוליב,,זוג מב.שינים קולגייט 360 יום פחם זהב,Unknown,0.00,Unknown,false,1,25.90,0.0000,true,1,23640
7290107973861,false,מארז 3 יח עגבניות חת,קונסורזיו קאסאלאסקו,IT,מארז 3 יח עגבניות חתוכות מאסטר שף 400 גר,גרמים,1200.00,100 גרם,false,1,17.90,1.4917,true,1,25466
7290107974066,false,עלי טורטיה 5 דגנים 8,אלקאטי קורביישיסי גי,,עלי טורטיה 5 דגנים 8 יח 320 גר,גרמים,320.00,100 גרם,false,1,10.90,3.4063,true,1,24617
7290107974073,false,עלי טורטיה קמח לבן 8,אלקאטי קורביישיסי גי,,עלי טורטיה קמח לבן 20 יח 320 גר,גרמים,320.00,100 גרם,false,1,10.90,3.4063,true,1,24616
7290107974080,false,עלי טורטיה קמח מלא 2,אלקאטי קורביישיסי גי,,עלי טורטיה קמח מלא 25 יח 756 גר,גרמים,756.00,100 גרם,false,1,18.00,2.3810,true,1,24618
7290107974301,false,ליידי ספיד סטיק גל א,Colgate - USA,,ליידי ספיד סטיק גל אלוורה 65 גרם,Unknown,0.00,Unknown,false,1,18.90,0.0000,true,1,28214
7290107974806,false,אורז במסטי מאסטר שף,דווה סינג שיהם סינג,,אורז במסטי מאסטר שף 1 קג,קילוגרמים,1.00,"ק""ג",false,1,11.90,11.9000,true,1,27683
7290107975346,false,דאו.ספיד סטיק גל לגב,Colgate - USA,,דאו.ספיד סטיק גל לגבר כח הטבע 24/7,Unknown,0.00,Unknown,false,1,18.90,0.0000,true,1,31317
7290107975360,false,ליידי ספיד סטיק גל פ,Colgate - USA,,ליידי ספיד סטיק גל פיור פרשנס 65 גרם,Unknown,0.00,Unknown,false,1,18.90,0.0000,true,1,31273
7290107975544,false,משחת שיניים קולגייט,CP-Poland swidnica,,משחת שיניים קולגייט סמיילס ברבי ילדים 50,Unknown,0.00,Unknown,false,1,12.90,0.0000,true,1,27996
7290107976848,false,מארז 4יח פלמוליב סבו,CP - Turkey+60,,מארז 4יח פלמוליב סבון מוצק 90 גרם,גרמים,360.00,100 גרם,false,1,16.90,4.6944,true,1,32957
7290107976916,false,סבון ידיים פלמוליב ח,CP - Turkey+60,,סבון ידיים פלמוליב חלב זיתים 300 מל,מיליליטרים,300.00,"100 מ""ל",false,1,11.90,3.9667,true,1,31725
7290107977456,false,אלסבון פלמוליב משאבה,CP - Turkey+60,,אלסבון פלמוליב משאבה ספורט לגבר 750מל,מיליליטרים,750.00,"100 מ""ל",false,1,17.90,2.3867,true,1,43211
7290107978323,false,אטריות מאסטר שף דקיק,פי.פי.איג' ארטקלס ג',PL,אטריות מאסטר שף דקיקיות 400 גרם,גרמים,400.00,100 גרם,false,18,5.90,1.4750,true,1,30782
7290107978330,false,אטריות מאסטר שף דקות,פי.פי.איג' ארטקלס ג',PL,אטריות מאסטר שף דקות 400 גרם,גרמים,400.00,100 גרם,false,18,5.90,1.4750,true,1,30783
7290107978347,false,אטריות מאסטר שף בנונ,פי.פי.איג' ארטקלס ג',PL,אטריות מאסטר שף בנוניות 400 גרם,גרמים,400.00,100 גרם,false,18,5.90,1.4750,true,1,30784
7290107978453,false,חטיף קראנצוס גריל 55,Mana,,חטיף קראנצוס גריל 70 גר,Unknown,0.00,Unknown,false,1,3.90,0.0000,true,1,32266
7290107978460,false,חטיף קראנצוס פלאפל55,Mana,,חטיף קראנצוס פלאפל 70 גר,Unknown,0.00,Unknown,false,1,3.90,0.0000,true,1,32267
7290107978637,false,משחת שיניים מרידול מ,CP-Poland swidnica,,משחת שיניים מרידול משפחתי 75 מל,מיליליטרים,75.00,"100 מ""ל",false,48,19.90,26.5333,true,1,37857
7290107979573,false,ניילון נצמד קוקי זוג,אופל,,ניילון נצמד קוקי זוג 30 מטר,יחידה,1.00,יחידה,false,1,10.90,10.9000,true,1,32041
7290108200225,false,אבקה להסרת כתמים וני,RB איטליה,,אבקה להסרת כתמים וניש גולד 470גר ורוד,גרמים,470.00,100 גרם,false,1,19.90,4.2340,true,1,19976
7290108201284,false,מקלות ריחניים אירווי,RB הונגריה,,מקלות ריחניים אירוויק לבנדר 30מל,Unknown,0.00,Unknown,false,1,14.90,0.0000,true,1,26589
7290108201437,false,אבקת כביסה קולון 101,רקיט בנקיזר,,אבקת כביסה קולון 101 2.5קג,קילוגרמים,2.50,"ק""ג",false,1,19.90,7.9600,true,1,27424
7290108201802,false,ספריי חיטוי דטול 400,רקיט בנקיזר,US,ספריי חיטוי דטול 400מל בניחוח אביב,מיליליטרים,400.00,"100 מ""ל",false,12,19.90,4.9750,true,1,38570
7290108201864,false,טבליות גל כביסה קולו,רקיט בנקיזר,,טבליות גל כביסה קולון 28 יח,יחידה,28.00,יחידה,false,1,32.90,1.1750,true,1,36908
7290108350128,false,שקיות אשפה 40 יח סנו,,,שקיות אשפה 40 יח סנו סושי 54/65,יחידה,40.00,יחידה,false,1,24.90,0.6225,true,1,18947
7290108350142,false,שקיות רב שימושיות גד,סנו,,שקיות רב שימושיות גדולות 25/35סמ,יחידה,270.00,יחידה,false,1,13.90,0.0515,true,1,22762
7290108350203,false,כריות קרצוף ספוג מקצ,סנו,,כריות קרצוף ספוג מקציף 6יח סנו סושי,יחידה,6.00,יחידה,false,1,12.90,2.1500,true,1,24753
7290108350524,false,סנו ארון פרש לבנדר,סנו,,סנו ארון פרש לבנדר,Unknown,0.00,Unknown,false,1,22.90,0.0000,true,1,25568
7290108350531,false,נוזל כלים סנו ספארק,,,נוזל כלים סנו ספארק קלאסי משאבה 1 ליטר,ליטרים,1.00,ליטר,false,1,11.90,11.9000,true,1,20319
7290108350548,false,נוזל כלים סנו ספארק,,,נוזל כלים סנו ספארק לבנדר משאבה 1 ליטר,ליטרים,1.00,ליטר,false,1,11.90,11.9000,true,1,20320
7290108350555,false,נוזל כלים סנו ספארק,,,נוזל כלים סנו ספארק היפואלרגי משאבה 1ל,ליטרים,1.00,ליטר,false,1,11.90,11.9000,true,1,20321
7290108350616,false,מרכך כביסה מקסימה מר,סנו,,מרכך כביסה מקסימה מרוכז בלו בלוסום 1ליטר,ליטרים,1.00,ליטר,false,1,16.90,16.9000,true,1,24348
7290108350623,false,מרכך כביסה מקסימה מר,סנו,,מרכך כביסה מקסימה מרוכז סופט סילק 1ליטר,ליטרים,1.00,ליטר,false,1,16.90,16.9000,true,1,24347
7290108350647,false,קרם להתרת קשרים כיף,סנו,,קרם להתרת קשרים כיף פיות 350 מל,מיליליטרים,350.00,"100 מ""ל",false,1,21.90,6.2571,true,1,23214
7290108350685,false,מנקה למדיח כלים ספאר,סנו,IL,מנקה למדיח כלים ספארק 250מל,מיליליטרים,250.00,"100 מ""ל",false,6,13.90,5.5600,true,1,35887
7290108350722,false,מש. שיניים אורביטול,,,מש. שיניים אורביטול בוב ספוג 70גר,גרמים,70.00,100 גרם,false,1,9.90,14.1429,true,1,50857
7290108350753,false,משחת שיניים אורביטול,,,משחת שיניים אורביטול הגנה וריענון 145גר,גרמים,145.00,100 גרם,false,1,13.90,9.5862,true,1,39220
7290108351118,false,קיי 4000 קוטל מעופפי,סנו,,קיי 4000 קוטל מעופפים 750 מל,מיליליטרים,750.00,"100 מ""ל",false,1,29.90,3.9867,true,1,24922
7290108351149,false,גט גל לניקוי כללי ור,סנו,,גט גל לניקוי כללי ורצפות סודה 1.5ליטר,ליטרים,1.50,ליטר,false,1,12.90,8.6000,true,1,26474
7290108351156,false,גט גל לניקוי כללי ור,סנו,,גט גל לניקוי כללי ורצפות חומץ 1.5ליטר,ליטרים,1.50,ליטר,false,1,12.90,8.6000,true,1,26473
7290108351514,false,מרכך כביסה סנומקסימה,,,מרכך כביסה סנומקסימה 4 ל בלו,ליטרים,4.00,ליטר,false,1,22.90,5.7250,true,1,26475
7290108351545,false,מטהר אויר יבש פרש הו,,,מטהר אויר יבש פרש הום 200מל בניחוח מרכך,מיליליטרים,200.00,"100 מ""ל",false,12,12.90,6.4500,true,1,37573
7290108351552,false,מרסס סנו גט לניקוי כ,סנו,,מרסס סנו גט לניקוי כללי+חומץ 750מל,מיליליטרים,750.00,"100 מ""ל",false,1,12.90,1.7200,true,1,33826
7290108351569,false,סנו מקסימה בייבי למי,,,סנו מקסימה בייבי למייבש 750 מל,מיליליטרים,750.00,"100 מ""ל",false,1,18.90,2.5200,true,1,31668
7290108351583,false,סנו גט לניקוי אסלות,,,סנו גט לניקוי אסלות 750מל חומץ ומלח לימו,מיליליטרים,750.00,"100 מ""ל",false,12,10.90,1.4533,true,1,37572
7290108351613,false,נוזל ריצפז פרש הום 2,סנו,IL,נוזל ריצפז פרש הום 2 ליטר מלון חלומי סנו,ליטרים,2.00,ליטר,false,8,21.90,10.9500,true,1,30858
7290108351668,false,מטליות לחות גט חומץ,סנו,IL,מטליות לחות גט חומץ לניקוי כללי 50יח,יחידה,50.00,יחידה,false,24,10.90,0.2180,true,1,37899
7290108351767,false,מטהר אויר סנו פרש או,,,מטהר אויר סנו פרש אוטומטי+מילוי בריזה,יחידה,1.00,יחידה,false,1,39.90,39.9000,true,1,39432
7290108351774,false,מרסס ניקוי מוצרי עור,,,מרסס ניקוי מוצרי עור 500מל,מיליליטרים,500.00,"100 מ""ל",false,1,29.90,5.9800,true,1,39851
7290108351804,false,מרכך כביסה מקסימה מר,,,מרכך כביסה מקסימה מרוכז בריזה עדינה 1לי,ליטרים,1.00,ליטר,false,1,16.90,16.9000,true,1,42497
7290108351811,false,מרכך כביסה מקסימה מר,,,מרכך כביסה מקסימה מרוכז נגיעות פרחים 1לי,ליטרים,1.00,ליטר,false,1,16.90,16.9000,true,1,42496
7290108351835,false,מרכך כביסה סנומקסימה,,,מרכך כביסה סנומקסימה 4 ל פריחה,ליטרים,4.00,ליטר,false,1,22.90,5.7250,true,1,43850
7290108351842,false,מבשם כביסה מרוכז מקס,,IL,מבשם כביסה מרוכז מקסימה 600מל כחול,מיליליטרים,600.00,"100 מ""ל",false,12,22.90,3.8167,true,1,39987
7290108351866,false,מבשם כביסה מרוכז מקס,,IL,מבשם כביסה מרוכז מקסימה 600מל בורדו,מיליליטרים,600.00,"100 מ""ל",false,12,22.90,3.8167,true,1,39989
7290108351910,false,טבליות למדיח ספארק 3,,,טבליות למדיח ספארק 30 יח,יחידה,30.00,יחידה,false,1,22.90,0.7633,true,1,39997
7290108351972,false,מטהר אויר פרש הום מל,,,מטהר אויר פרש הום מלון בוטיק 200מל,מיליליטרים,200.00,"100 מ""ל",false,12,12.90,6.4500,true,1,44247
7290108351996,false,מרסס בייבי לחיטוי  מ,סנו,IL,מרסס בייבי לחיטוי  משטחים סדרת 99% 750מל,מיליליטרים,750.00,"100 מ""ל",false,12,11.90,1.5867,true,1,41417
7290108352009,false,טבליות למדיח ספארק 5,סנו,IL,טבליות למדיח ספארק 50 יח,יחידה,50.00,יחידה,false,12,44.90,0.8980,true,1,45965
7290108352108,false,משחת שיניים אורביטול,סנו,IL,משחת שיניים אורביטול רעננות חריפה 145גר,גרמים,145.00,100 גרם,false,24,16.90,11.6552,true,1,47672
7290108352207,false,קפסולות כביסה מקסימה,,IL,קפסולות כביסה מקסימה 40יח בריזה,יחידה,40.00,יחידה,false,12,34.90,0.8725,true,1,46213
7290108352214,false,קפסולות כביסה מקסימה,,IL,קפסולות כביסה מקסימה 40יח פרחוני,יחידה,40.00,יחידה,false,12,34.90,0.8725,true,1,46212
7290108352252,false,נוזל כלים סנו ספארק,,,נוזל כלים סנו ספארק קלאסי משאבה 1 ליטר,ליטרים,1.00,ליטר,false,1,11.90,11.9000,true,1,47705
7290108352276,false,מטליות לחות לחיטוי ו,סנו,IL,מטליות לחות לחיטוי וניקוי רצפות 99% 10יח,יחידה,10.00,יחידה,false,12,17.90,1.7900,true,1,45716
7290108352337,false,מ.אויר סנו פרש מילוי,,,מ.אויר סנו פרש מילוי מלון מפנק 250מל,מיליליטרים,250.00,"100 מ""ל",false,1,14.90,5.9600,true,1,46709
7290108352344,false,מ.אויר סנו פרש מילוי,,,מ.אויר סנו פרש מילוי מלון בוטיק 250מל,מיליליטרים,250.00,"100 מ""ל",false,1,14.90,5.9600,true,1,46708
7290108352450,false,נוזל ריצפז פרש הום 2,סנו,,נוזל ריצפז פרש הום 2ליטר ניחוח מרכך כביס,ליטרים,2.00,ליטר,false,1,21.90,10.9500,true,1,49773
7290108352474,false,מטהר אוויר סנומוד לי,,,מטהר אוויר סנומוד ליידי קוקו,מיליליטרים,150.00,"100 מ""ל",false,1,12.90,8.6000,true,1,50852
7290108352535,false,דפי בישום לחים מקסימ,סנו,IL,דפי בישום לחים מקסימה למייבש כביסה 20יח,יחידה,20.00,יחידה,false,12,13.90,0.6950,true,1,57059
7290108352566,false,מרכך כביסה סנומקסימה,,,מרכך כביסה סנומקסימה 4 ליטר גוי,ליטרים,4.00,ליטר,false,1,22.90,5.7250,true,1,58819
7290108352573,false,מרכך כביסה סנומקסימה,,,מרכך כביסה סנומקסימה 4 ליטר קאלם,ליטרים,4.00,ליטר,false,1,22.90,5.7250,true,1,60414
7290108352641,false,מטליות מיקרופייבר לנ,סנו,,מטליות מיקרופייבר לניקוי כללי 3יח,יחידה,3.00,יחידה,false,1,16.90,5.6333,true,1,31662
7290108352672,false,מארז 2יח מטליות מיקר,סנו,IL,מארז 2יח מטליות מיקרופייבר לרצפות,יחידה,2.00,יחידה,false,12,22.90,11.4500,true,1,31663
7290108352702,false,מארז שלישיית מגבונים,סנו,,מארז שלישיית מגבונים לחים לשירותים 48יח,יחידה,144.00,יחידה,false,1,15.90,0.1104,true,1,24478
7290108352801,false,שקיות אשפה לפחים קטנ,,IL,שקיות אשפה לפחים קטנים 100יח סנו סושי,יחידה,100.00,יחידה,false,12,19.90,0.1990,true,1,37062
7290108352818,false,מטלית  במבוק לניקוי,סנו,,מטלית  במבוק לניקוי 25/25סמ סנו סושי,יחידה,1.00,יחידה,false,12,8.90,8.9000,true,1,39441
7290108352825,false,ספוג הפלא נירוסטה סנ,סנו,IL,ספוג הפלא נירוסטה סנו סושי 3יח,יחידה,3.00,יחידה,false,12,10.90,3.6333,true,1,37901
7290108352849,false,מארז 3יח מטליות מיקר,סנו,,מארז 3יח מטליות מיקרופייבר דאקור סנו סוש,יחידה,3.00,יחידה,false,12,16.90,5.6333,true,1,49894
7290108352863,false,שקיות צליה 20יח סנו,,,שקיות צליה 20יח סנו סושי 38/25סמ לארג,יחידה,20.00,יחידה,false,12,8.90,0.4450,true,1,38858
7290108352870,false,שקיות צליה 10יח סנו,,,שקיות צליה 10יח סנו סושי 38/25סמ אקס אל,יחידה,10.00,יחידה,false,12,8.90,0.8900,true,1,38859
7290108353068,false,כרית קרצוף עם  סיבי,סנו,IL,כרית קרצוף עם  סיבי נירוסטה 2יח סנו סושי,יחידה,2.00,יחידה,false,12,10.90,5.4500,true,1,43014
7290108353099,false,מארז 5יח ממחטות  אף,,,מארז 5יח ממחטות  אף סופט בניילון 100יח,יחידה,200.00,יחידה,false,10,14.90,0.0745,true,1,43025
7290108353471,false,סבון אסלה מוצק דיזיי,,IL,סבון אסלה מוצק דיזיין בניחוח ספא יחידה,יחידה,1.00,יחידה,false,12,7.50,7.5000,true,1,42485
7290108353549,false,נייר אפיה 100יחידות,,IL,נייר אפיה 100יחידות 38/42סמ סנו סושי,יחידה,100.00,יחידה,false,24,22.90,0.2290,true,1,44440
7290108353679,false,מפות ניילון שקופות 1,סנו,IL,מפות ניילון שקופות 10יח סנו סושי,יחידה,10.00,יחידה,false,24,23.90,2.3900,true,1,45962
7290108353686,false,מטלית מיקרופייבר חלו,,,מטלית מיקרופייבר חלומית לרצפות סנו סושי,יחידה,1.00,יחידה,false,1,12.90,12.9000,true,1,49772
7290108353754,false,קרם גוף קרמה 500 מל,,,קרם גוף קרמה 500 מל אשכולית ולמון גראס,מיליליטרים,500.00,"100 מ""ל",false,1,27.90,5.5800,true,1,49778
7290108354270,false,מרכך כביסה מקסימה מר,,,מרכך כביסה מקסימה מרוכז 1ליטר גוי,ליטרים,1.00,ליטר,false,1,16.90,16.9000,true,1,58820
7290108354751,false,מרסס סנו גט לניקוי כ,סנו,,מרסס סנו גט לניקוי כללי+סודה 750מל,מיליליטרים,750.00,"100 מ""ל",false,1,12.90,1.7200,true,1,39850
7290108354782,false,קרם גוף קרמה 500 מל,,,קרם גוף קרמה 500 מל גינגר ולמון גראס,מיליליטרים,500.00,"100 מ""ל",false,1,27.90,5.5800,true,1,49779
7290108354850,false,דאודורנט קרמה רול או,סנו,IL,דאודורנט קרמה רול און 75מל בריזת ים,מיליליטרים,75.00,"100 מ""ל",false,12,16.90,22.5333,true,1,47689
7290108354911,false,שמפו גל רחצה וגילוח,,,שמפו גל רחצה וגילוח קרמה מן 3ב1 700מל,מיליליטרים,700.00,"100 מ""ל",false,1,19.90,2.8429,true,1,45960
7290108355147,false,אלסבון נקה 7 שמני הז,,,אלסבון נקה 7 שמני הזנה 750 מל,מיליליטרים,750.00,"100 מ""ל",false,1,12.90,1.7200,true,1,37630
7290108355192,false,מרכך קרטין אינטנס מו,,,מרכך קרטין אינטנס מונע קשקשים 400מל,מיליליטרים,400.00,"100 מ""ל",false,1,27.90,6.9750,true,1,35169
7290108355208,false,שמפו קרטין אינטנס מו,,,שמפו קרטין אינטנס מונע קשקשים 400מל,מיליליטרים,400.00,"100 מ""ל",false,1,27.90,6.9750,true,1,35168
7290108355253,false,גל רחצה לגבר נקה 7,,,גל רחצה לגבר נקה 7  750מל,מיליליטרים,750.00,"100 מ""ל",false,1,12.90,1.7200,true,1,38851
7290108356137,false,תחליב רחצה כיף מילק,סנו,IL,תחליב רחצה כיף מילק לבנדר 700 מל,מיליליטרים,700.00,"100 מ""ל",false,12,12.90,1.8429,true,1,39507
7290108356229,false,גל גילוח קרמה קרבון,,,גל גילוח קרמה קרבון פאוור 200 מל,מיליליטרים,200.00,"100 מ""ל",false,1,11.90,5.9500,true,1,47324
7290108356359,false,קרם לחות קרמה מן 400,,,קרם לחות קרמה מן 400מל לאחר גילוח,מיליליטרים,400.00,"100 מ""ל",false,1,27.90,6.9750,true,1,45961
7290108356373,false,גל לניקוי ידיים דמות,,,גל לניקוי ידיים דמות סיליקון מיניונים 30,יחידה,1.00,יחידה,false,10,9.90,9.9000,true,1,48905
7290108356519,false,שמפו קרליין לשיער רג,,,שמפו קרליין לשיער רגיל 700 מל חדש,מיליליטרים,700.00,"100 מ""ל",false,1,12.90,1.8429,true,1,58203
7290108356526,false,שמפו קרליין לשיער יב,,,שמפו קרליין לשיער יבש 700 מל חדש,מיליליטרים,700.00,"100 מ""ל",false,1,12.90,1.8429,true,1,58204
7290108356533,false,שמפו קרליין לשיער מת,,,שמפו קרליין לשיער מתולתל 700 מל חדש,מיליליטרים,700.00,"100 מ""ל",false,1,12.90,1.8429,true,1,58205
7290108356540,false,שמפו קרליין לשיער צב,,,שמפו קרליין לשיער צבוע 700 מל חדש,מיליליטרים,700.00,"100 מ""ל",false,1,12.90,1.8429,true,1,58206
7290108356571,false,מרכך קרליין שיער יבש,,,מרכך קרליין שיער יבש 700 מל חדש,מיליליטרים,700.00,"100 מ""ל",false,1,12.90,1.8429,true,1,58209
7290108356588,false,מרכך קרליין שיער מתו,,,מרכך קרליין שיער מתולתל 700 מל חדש,מיליליטרים,700.00,"100 מ""ל",false,1,12.90,1.8429,true,1,58210
7290108356595,false,מרכך קרליין שיער צבו,,,מרכך קרליין שיער צבוע 700 מל חדש,מיליליטרים,700.00,"100 מ""ל",false,1,12.90,1.8429,true,1,58211
7290108357042,false,דאודורנט קרליין רול,,,דאודורנט קרליין רול און נושם ביו בלונס,מיליליטרים,75.00,"100 מ""ל",false,1,12.90,17.2000,true,1,58807
7290108357059,false,דאודורנט קרליין רול,,,דאודורנט קרליין רול און נושם ביו גארדן,מיליליטרים,75.00,"100 מ""ל",false,1,12.90,17.2000,true,1,58808
7290108357110,false,דאודורנט קרליין רול,,,דאודורנט קרליין רול און נושם ביו רוז,מיליליטרים,75.00,"100 מ""ל",false,1,12.90,17.2000,true,1,58809
7290108357189,false,סנו מקסימה למייבש 75,,,סנו מקסימה למייבש 750 מל פלורל טאצ,מיליליטרים,750.00,"100 מ""ל",false,1,18.90,2.5200,true,1,44442
7290108357196,false,מרסס סנו גט לניקוי כ,סנו,,מרסס סנו גט לניקוי כללי 750מל תמצית תה,מיליליטרים,750.00,"100 מ""ל",false,1,12.90,1.7200,true,1,53029
7290108357202,false,סנוקליר בלו בלוסום א,,,סנוקליר בלו בלוסום אקדח 1 ליטר,ליטרים,1.00,ליטר,false,1,11.90,11.9000,true,1,50853
7290108357226,false,אבקת סנו אוקסיגן 1.4,,,אבקת סנו אוקסיגן 1.4קג לבן בקופסא,גרמים,1400.00,100 גרם,false,12,31.90,2.2786,true,1,58214
7290108357240,false,אבקת סנו אוקסיגן 1.4,,,אבקת סנו אוקסיגן 1.4קג ירוק בקופסא,גרמים,1400.00,100 גרם,false,12,31.90,2.2786,true,1,58215
7290108357264,false,מ.אויר סנו פרש מילוי,,,מ.אויר סנו פרש מילוי אולטרה פרש 250מל,מיליליטרים,250.00,"100 מ""ל",false,1,14.90,5.9600,true,1,60426
7290108357288,false,נוזל סנו זאול פריחה,,,נוזל סנו זאול פריחה לבנה 4 ליטר,ליטרים,4.00,ליטר,false,1,16.90,4.2250,true,1,58216
7290108357295,false,מסיר כתמים סנו אוקסי,,,מסיר כתמים סנו אוקסיגן לכביסה לבנה750 מל,מיליליטרים,750.00,"100 מ""ל",false,1,17.90,2.3867,true,1,60427
7290108357394,false,תחליב רחצה קרמה מועש,סנו,IL,תחליב רחצה קרמה מועשר 700מל חלב ודבש,מיליליטרים,700.00,"100 מ""ל",false,12,18.90,2.7000,true,1,51633
7290108357400,false,תחליב רחצה קרמה מועש,סנו,IL,תחליב רחצה קרמה מועשר 700מל לבנדר,מיליליטרים,700.00,"100 מ""ל",false,12,18.90,2.7000,true,1,47687
7290108357417,false,קרם גוף קרמה 500 מל,,,קרם גוף קרמה 500 מל ורד וניל,מיליליטרים,500.00,"100 מ""ל",false,1,27.90,5.5800,true,1,49782
7290108357448,false,קרם גוף קרמה 500 מל,,,קרם גוף קרמה 500 מל לבנדר אקליפטוס,מיליליטרים,500.00,"100 מ""ל",false,1,27.90,5.5800,true,1,49781
7290108357578,false,קרם ידיים קרמה 100מל,,,קרם ידיים קרמה 100מל וניל ופלפל ורוד,מיליליטרים,100.00,"100 מ""ל",false,1,8.90,8.9000,true,1,54803
7290108358087,false,תחליב רחצה קרמה מועש,סנו,IL,תחליב רחצה קרמה מועשר 700מל ורד וניל,מיליליטרים,700.00,"100 מ""ל",false,12,18.90,2.7000,true,1,48708
7290108358100,false,מקלות מטהרי אויר פרש,,,מקלות מטהרי אויר פרש הום בייבי פאודר,Unknown,0.00,Unknown,false,12,21.90,0.0000,true,1,58221
7290108358117,false,מקלות מטהרי אויר פרש,,,מקלות מטהרי אויר פרש הום פרש לאוונדרי,Unknown,0.00,Unknown,false,12,21.90,0.0000,true,1,58220
7290108359008,false,שקיות זיפר+סליידר 15,,,שקיות זיפר+סליידר 15יח גודל לארג,יחידה,15.00,יחידה,false,12,14.90,0.9933,true,1,58197
7290108359046,false,שקיות אשפה חזקות במי,סנו,,שקיות אשפה חזקות במיוחד 20יח סנו סושי,יחידה,20.00,יחידה,false,1,24.90,1.2450,true,1,53028
7290108359121,false,שקיות אשפה חזקות 100,,,שקיות אשפה חזקות 100יח בקופסא סנו סושי,יחידה,100.00,יחידה,false,8,59.90,0.5990,true,1,58212
7290108359824,false,קרם גוף בייבי כיף 50,,IL,קרם גוף בייבי כיף 500 מל הידרומיסט 24,מיליליטרים,500.00,"100 מ""ל",false,12,24.90,4.9800,true,1,39856
7290108359831,false,שמן גוף בייבי כיף 50,,IL,שמן גוף בייבי כיף 500 מל הידרומיסט 24,מיליליטרים,500.00,"100 מ""ל",false,12,24.90,4.9800,true,1,39855
7290108359985,false,סנו זאוול מרסס 1ליטר,,,סנו זאוול מרסס 1ליטר פריחה לבנה,ליטרים,1.00,ליטר,false,1,18.90,18.9000,true,1,58217
7290108501353,false,פילה אנשובי ארוך אמי,קונסרבאס פרדו,,פילה אנשובי ארוך אמיתי 45 ג,Unknown,0.00,Unknown,false,1,5.90,0.0000,true,1,35750
7290108501377,false,שפרוטים מריגה מעושני,Briavais Vilns,,שפרוטים מריגה מעושנים בשמן 160 גר,גרמים,160.00,100 גרם,false,1,9.90,6.1875,true,1,34850
7290108501407,false,גבינת צדר מיושנת 200,,GB,גבינת צדר מיושנת 200גרם וינטאג,גרמים,200.00,100 גרם,false,1,22.90,11.4500,true,1,41937
7290108501827,false,שערות קדאיף בצק 450ג,קאנקי,GR,שערות קדאיף בצק 450גר,גרמים,450.00,100 גרם,false,1,21.90,4.8667,true,1,36900
7290108501988,false,חטיף שקדים וחמוציות,ואמראליס,GR,חטיף שקדים וחמוציות האפי נאטס 35גר 140גר,גרמים,140.00,100 גרם,false,12,10.90,7.7857,true,1,37011
7290108502268,false,קרקר איטלקי טעם טבעי,,IT,קרקר איטלקי טעם טבעי 250 גרם,גרמים,250.00,100 גרם,false,20,6.90,2.7600,true,1,60492
7290108502381,false,תחתיות לפיצה מנת השף,מוטלוקל,,תחתית לפיצה מנת השף 26 סמ,גרמים,480.00,100 גרם,false,1,11.90,2.4792,true,1,39708
7290108503043,false,מארז 4יח חטיף תפוחונ,דונגפנג פוד קו,,מארז 4יח חטיף תפוחונים מיובשים 22 גרם,Unknown,0.00,Unknown,false,144,14.90,0.0000,true,1,39210
7290108503364,false,יוגורט יווני עם לימו,,GR,יוגורט יווני עם לימון 150גר 0.9%שומן,גרמים,150.00,100 גרם,false,6,5.80,3.8667,true,1,43666
7290108503739,false,חמאה מחלב עיזים 125,,,חמאה מחלב עיזים 125 גרם,גרמים,125.00,100 גרם,false,1,11.90,9.5200,true,1,42252
7290108505153,false,יוגורט יווני 150גרם,,GR,יוגורט יווני 150גרם טבעי 10%שומן,גרמים,150.00,100 גרם,false,12,5.90,3.9333,true,1,46770
7290108505160,false,יוגורט יווני אגסים 1,,GR,יוגורט יווני אגסים 150גרם 4% שומן,גרמים,150.00,100 גרם,false,6,5.90,3.9333,true,1,46777
7290108505177,false,יוגורט יווני אננס 15,,GR,יוגורט יווני אננס 150גרם 0%שומן,גרמים,150.00,100 גרם,false,6,5.90,3.9333,true,1,46776
7290108505184,false,יוגורט יווני קוקוס 1,,GR,יוגורט יווני קוקוס 150גר 5% שומן,גרמים,150.00,100 גרם,false,6,5.90,3.9333,true,1,46779
7290108505191,false,יוגורט יווני פצפוצי,,GR,יוגורט יווני פצפוצי שוקולד 150גר 5% שומן,גרמים,150.00,100 גרם,false,6,5.90,3.9333,true,1,46778
7290108505207,false,יוגורט יווני אוכמניו,,GR,יוגורט יווני אוכמניות 150גרם 0%שומן,גרמים,150.00,100 גרם,false,6,5.90,3.9333,true,1,46773
7290108505214,false,יוגורט יווני אפרסק 1,,GR,יוגורט יווני אפרסק 150גרם 0%שומן,גרמים,150.00,100 גרם,false,6,5.90,3.9333,true,1,46775
7290108505733,false,צמות  גבינה 200 גרם,,TR,צמות  גבינה 200 גרם 25% שומן חצי קשה,גרמים,200.00,100 גרם,false,12,12.90,6.4500,true,1,46677
7290108506969,false,בורקס מים טורקי גבינ,גידה,TR,בורקס מים טורקי גבינה 300גר,גרמים,300.00,100 גרם,false,1,14.90,4.9667,true,1,48170
7290108507010,false,בורקס מים טורקי תרד,גידה,TR,בורקס מים טורקי תרד גבינה 300גר,גרמים,300.00,100 גרם,false,1,14.90,4.9667,true,1,48171
7290108507065,false,גבינת פרמגאנו ריגאנו,,IT,גבינת פרמגאנו ריגאנו מגורדת 100גר יורו,גרמים,100.00,100 גרם,false,20,12.90,12.9000,true,1,50973
7290108508031,false,לפתן אננס שלם ויליפו,טקרנג,,לפתן אננס שלם ויליפוד 830 גרם,גרמים,830.00,100 גרם,false,1,10.90,1.3133,true,1,61426
7290108508901,false,יוגורט יווני דובדבן,,GR,יוגורט יווני דובדבן שקד 150גרם 0%שומן,גרמים,150.00,100 גרם,false,6,5.90,3.9333,true,1,52429
7290108508925,false,יוגורט יווני קרמל מל,,GR,יוגורט יווני קרמל מלוח 150גרם 0%שומן,גרמים,150.00,100 גרם,false,6,5.90,3.9333,true,1,52430
7290108508970,false,תה גרבה מטה 500 ג,אוסוואלדי קרוז בואנס,,תה גרבה מטה 500 ג,גרמים,500.00,100 גרם,false,1,19.90,3.9800,true,1,51384
7290108509410,false,חלבה טורקית עם קקאו,,TR,חלבה טורקית עם קקאו 350 גרם,גרמים,350.00,100 גרם,false,12,9.90,2.8286,true,1,52531
7290108509618,false,זית ירוק על הגריל מג,,TR,זית ירוק על הגריל מגולען 730 גרם,גרמים,730.00,100 גרם,false,12,24.90,3.4110,true,1,53223
7290108509625,false,זית ירוק עם פלפל על,,TR,זית ירוק עם פלפל על הגריל מגולען 730 גרם,גרמים,730.00,100 גרם,false,12,24.90,3.4110,true,1,53224
7290108509649,false,זית קלמטה מגולען 780,,TR,זית קלמטה מגולען 780 גרם,גרמים,780.00,100 גרם,false,12,17.90,2.2949,true,1,53225
7290108509700,false,אורז פרסי דאוואט 1 ק,אל.טי.פודס לימיטד,IN,אורז פרסי דאוואט 1 קג,קילוגרמים,1.00,"ק""ג",false,20,9.90,9.9000,true,1,57370
7290108620030,false,יין קפיטל מרלו 750 מ,,,יין קפיטל מרלו 750 מל,מיליליטרים,750.00,"100 מ""ל",false,12,60.00,8.0000,true,1,58252
7290108620054,false,יין אסטייט קברנה סוב,,,יין אסטייט קברנה סוביניון 750 מל,מיליליטרים,750.00,"100 מ""ל",false,12,40.00,5.3333,true,1,58245
7290108620061,false,יין אסטייט שיראז 750,,,יין אסטייט שיראז 750 מל,מיליליטרים,750.00,"100 מ""ל",false,12,40.00,5.3333,true,1,58246
7290108620078,false,יין אסטייט מרלו 750,,,יין אסטייט מרלו 750 מל,מיליליטרים,750.00,"100 מ""ל",false,12,40.00,5.3333,true,1,58247
7290108620085,false,יין אסטייט שרדונה 75,,,יין אסטייט שרדונה 750 מל,מיליליטרים,750.00,"100 מ""ל",false,12,40.00,5.3333,true,1,58248
7290108620108,false,יין אימפריאל קברנה ס,,IL,יין אימפריאל קברנה סוביניון 750 מל,מיליליטרים,750.00,"100 מ""ל",false,12,35.00,4.6667,true,1,60250
7290108620115,false,יין אימפריאל מרלו 75,,IL,יין אימפריאל מרלו 750 מל,מיליליטרים,750.00,"100 מ""ל",false,12,35.00,4.6667,true,1,60251
7290108620153,false,יין אסטייט קברנה חצי,,,יין אסטייט קברנה חצי מתוק 750 מל,מיליליטרים,750.00,"100 מ""ל",false,12,40.00,5.3333,true,1,58249
7290108620160,false,יין אימפריאל סוביניו,,IL,יין אימפריאל סוביניון בלאן 750 מל,מיליליטרים,750.00,"100 מ""ל",false,12,35.00,4.6667,true,1,60252
7290108620306,false,יין אימפריאל קברנה ס,,IL,יין אימפריאל קברנה סוביניון 375 מל,מיליליטרים,375.00,"100 מ""ל",false,12,25.00,6.6667,true,1,57753
7290108620313,false,יין אימפריאל רוזה 37,,IL,יין אימפריאל רוזה 375 מל,מיליליטרים,375.00,"100 מ""ל",false,12,25.00,6.6667,true,1,57754
7290108620320,false,יין אימפריאל סובניון,,IL,יין אימפריאל סובניון בלאן 375 מל,מיליליטרים,375.00,"100 מ""ל",false,12,25.00,6.6667,true,1,57755
7290108621013,false,יין רזרב מרלו 750 מל,יקבי ציון,,יין רזרב מרלו 750 מל פקדון,מיליליטרים,750.00,"100 מ""ל",false,1,150.00,20.0000,true,1,27712
7290108621082,false,יין גוורצטרמינר לבן,יקב 1848,,יין גוורצטרמינר לבן דור 2 750 מל,מיליליטרים,750.00,"100 מ""ל",false,1,60.00,8.0000,true,1,41632
7290109351025,false,מלך החומוס חומוסטחינ,צבר,,מלך החומוס חומוסטחינה 400 גרם צבר,גרמים,400.00,100 גרם,false,1,14.90,3.7250,true,1,22110
7290109351957,false,פריכיות פיטנס שוקולד,הרטו בלגיה,,פריכיות פיטנס שוקולד חלב 100 גר,גרמים,100.00,100 גרם,false,1,8.90,8.9000,true,1,25834
7290109351971,false,פריכיות פיטנס בר שוק,פרח תעשיות,,פריכיות פיטנס מצופות שוקולד חלב84 גר,Unknown,0.00,Unknown,false,1,13.90,0.0000,true,1,25510
7290109352916,false,פריכיות פיטנס בר שוק,פרח תעשיות,,פריכיות פיטנס מצופות שוקולד לבן84 גר,Unknown,0.00,Unknown,false,1,13.90,0.0000,true,1,25511
7290109353494,false,פסטה פרפקטו פראפלה 5,זארה,,פסטה פרפקטו פראפלה 500 ג,גרמים,500.00,100 גרם,false,1,7.50,1.5000,true,1,25005
7290109354101,false,לחמית ללא גלוטן 200ג,"אסם תעשיות בע""מ",,לחמית ללא גלוטן 200גר,גרמים,190.00,100 גרם,false,1,8.90,4.6842,true,1,30816
7290109354972,false,ביסקויט פתיבר קלאסי,"אסם תעשיות בע""מ",,ביסקויט פתיבר קלאסי ללא גלוטן 200 גרם,גרמים,200.00,100 גרם,false,1,8.90,4.4500,true,1,24637
7290109354996,false,ביסקויט פתיבר שוקו ל,"אסם תעשיות בע""מ",,ביסקויט פתיבר שוקו ללא גלוטן 200 גרם,גרמים,200.00,100 גרם,false,1,8.90,4.4500,true,1,24638
7290109355504,false,שלגון קראנץ וניל שוק,נסטלה,,שלגון קראנץ וניל שוקולד לבן נוגט,יחידה,1.00,יחידה,false,1,10.00,10.0000,true,1,26761
7290109356556,false,חטיפי קרקר כשלפ 170,"אסם תעשיות בע""מ",,חטיפי קרקר כשלפ 170 גר,גרמים,170.00,100 גרם,false,1,6.90,4.0588,true,1,27074
7290109358765,false,דגני קראנץ רולס 450,"אסם תעשיות בע""מ",,דגני בוקר קראנץ רולס 450 גר,גרמים,450.00,100 גרם,false,1,22.90,5.0889,true,1,31253
7290109580043,false,שניצל טבע תירס קלאסי,,IL,שניצל טבע תירס קלאסי 1.75קג,גרמים,1750.00,100 גרם,false,6,51.90,2.9657,true,1,59804
7290109580050,false,נקניקיות צוריסוס וונ,,IL,נקניקיות צוריסוס וונדרס 226גר,גרמים,226.00,100 גרם,false,6,29.90,13.2301,true,1,59811
7290109580067,false,טחון וונדרס 340גר,,IL,טחון וונדרס 340גר,גרמים,340.00,100 גרם,false,6,29.90,8.7941,true,1,59812
7290109580098,false,נקניק קבנוס סרירצה 1,,IL,נקניק קבנוס סרירצה 135גר,גרמים,135.00,100 גרם,false,12,10.90,8.0741,true,1,59803
7290109580104,false,נקניק רוסביף 150 גרם,,IL,נקניק רוסביף 150 גרם פרימיום,גרמים,150.00,100 גרם,false,8,24.90,16.6000,true,1,59787
7290109580111,false,נקניק צלעות אסאדו מע,,IL,נקניק צלעות אסאדו מעושנות 120גר פרימיום,גרמים,120.00,100 גרם,false,8,24.90,20.7500,true,1,59792
7290109580135,false,נקניק קורנדביף 180גר,,IL,נקניק קורנדביף 180גרם פרימיום,גרמים,180.00,100 גרם,false,8,24.90,13.8333,true,1,59789
7290109580159,false,פסטרמה בנוסח טוסקנה,,IL,פסטרמה בנוסח טוסקנה 180גר פרימיום,גרמים,180.00,100 גרם,false,8,24.90,13.8333,true,1,59790
7290109580166,false,נקניק סרוולד קלאסי 1,,IL,נקניק סרוולד קלאסי 150גר פרימיום,גרמים,150.00,100 גרם,false,8,24.90,16.6000,true,1,59791
7290109580227,false,נקניקיות קאריוורסט ר,,IL,נקניקיות קאריוורסט ריינהולדס 300גר,גרמים,300.00,100 גרם,false,6,21.90,7.3000,true,1,59796
7290109580234,false,נקניקיות מרגז וונדרס,,IL,נקניקיות מרגז וונדרס 226גר,גרמים,226.00,100 גרם,false,6,29.90,13.2301,true,1,59814
7290109580319,false,בורגר וונדרס 280גר,,IL,בורגר וונדרס 280גר,גרמים,280.00,100 גרם,false,6,29.90,10.6786,true,1,59815
7290109580449,false,נקניק סלמי בטעם כמהי,,IL,נקניק סלמי בטעם כמהין 180גר פרימיום,גרמים,180.00,100 גרם,false,8,24.90,13.8333,true,1,59851
7290109640020,false,תחליף בסגנון מוצרלה,וי גרדן,,תחליף בסגנון מוצרלה 300 גרם משומשו,גרמים,300.00,100 גרם,false,1,21.90,7.3000,true,1,28151
7290109640198,false,תחליף גבינה לפיצה וא,וי גרדן,,תחליף גבינה לפיצה ואפיה 200גר משומשו,גרמים,200.00,100 גרם,false,1,21.90,10.9500,true,1,28161
7290109640372,false,ממרח זיתים 200גר 9%,,IL,ממרח זיתים 200גר 9% על בסיס קוקוס משומשו,גרמים,200.00,100 גרם,false,1,15.90,7.9500,true,1,39810
7290109640396,false,ממרח שום שמיר 200גר,,IL,ממרח שום שמיר 200גר 9% בסיס קוקוס משומשו,גרמים,200.00,100 גרם,false,1,15.90,7.9500,true,1,39813
7290109640402,false,ממרח טבעי  200גר 9%,,IL,ממרח טבעי  200גר 9% על בסיס קוקוס משומשו,גרמים,200.00,100 גרם,false,1,15.90,7.9500,true,1,39811
7290109640631,false,בסגנון לאבנה 200גרם,,IL,בסגנון לאבנה 200גרם על בסיס קוקוס,גרמים,200.00,100 גרם,false,1,15.90,7.9500,true,1,48995
7290109640648,false,ממרח בטעם חמאה 150גר,,,ממרח בטעם חמאה 150גר משומשו,גרמים,150.00,100 גרם,false,1,12.90,8.6000,true,1,50983
7290109920061,false,ספריי מסיר חומרים נד,ריינבו,CN,ספריי מסיר חומרים נדבקים 450מל,מיליליטרים,450.00,"100 מ""ל",false,12,29.90,6.6444,true,1,57556
7290109920146,false,מסיר אבן דורגול קומק,דורינג,,מסיר אבן דורגול קומקום 750מל,מיליליטרים,750.00,"100 מ""ל",false,1,21.90,2.9200,true,1,24939
7290109920313,false,מרסס אסטוניש מבריק ש,אסטוניש,GB,מרסס אסטוניש מבריק שמשות 750 מל,מיליליטרים,750.00,"100 מ""ל",false,12,13.90,1.8533,true,1,33839
7290109920597,false,מרסס אסטוניש למקלחון,אסטוניש,GB,מרסס אסטוניש למקלחון 750 מל,מיליליטרים,750.00,"100 מ""ל",false,12,13.90,1.8533,true,1,33841
7290109920603,false,קרם ניקוי אסטוניש למ,,,קרם ניקוי אסטוניש למטבח 500 מל,מיליליטרים,500.00,"100 מ""ל",false,1,14.90,2.9800,true,1,35620
7290109920627,false,קרם ניקוי אסטוניש אק,,,קרם ניקוי אסטוניש אקונומיקה 500 מל,מיליליטרים,500.00,"100 מ""ל",false,1,14.90,2.9800,true,1,35621
7290109920658,false,מרסס אסטוניש אנטי בק,אסטוניש,GB,מרסס אסטוניש אנטי בקטריאלי למטבח 750 מל,מיליליטרים,750.00,"100 מ""ל",false,12,14.90,1.9867,true,1,33842
7290109920665,false,מרסס אסטוניש מסיר או,אסטוניש,GB,מרסס אסטוניש מסיר אוכל שרוף 750 מל,מיליליטרים,750.00,"100 מ""ל",false,12,13.90,1.8533,true,1,33843
7290109920757,false,מרכך כביסה הפי מרוכז,וונדפוט,,מרכך כביסה הפי מרוכז 1 ליטר ורדים,ליטרים,1.00,ליטר,false,1,9.90,9.9000,true,1,33853
7290109920825,false,מסיר אבן מכונת קפה ד,,,מסיר אבן מכונת קפה דורגול אספרסו 500מל,מיליליטרים,500.00,"100 מ""ל",false,1,31.90,6.3800,true,1,39572
7290109920849,false,מרסס אסטוניש לניקוי,אסטוניש,GB,מרסס אסטוניש לניקוי רב תכליתי 750 מל,מיליליטרים,750.00,"100 מ""ל",false,12,13.90,1.8533,true,1,33844
7290109920917,false,גל לניקוי אסלות עם כ,וונדפוט,,גל לניקוי אסלות עם כלור הפי 750מל,מיליליטרים,750.00,"100 מ""ל",false,1,9.90,1.3200,true,1,38465
7290109921129,false,מרכך כביסה הפי מרוכז,וונדפוט,,מרכך כביסה הפי מרוכז 1 ליטר סיגליות,ליטרים,1.00,ליטר,false,1,9.90,9.9000,true,1,38464
7290109921303,false,סופג לחות טורבולן 2י,,,סופג לחות טורבולן 2יח,יחידה,2.00,יחידה,false,1,31.90,15.9500,true,1,39581
7290109921334,false,דפי בד לכביסה פרוטקט,מרקה,,דפי בד לכביסה פרוטקט קולור 15 דף,יחידה,15.00,יחידה,false,1,16.90,1.1267,true,1,40471
7290109921372,false,משחה לתנורים אסטוניש,אסטוניש,GB,משחה לתנורים אסטוניש+ספוג,גרמים,500.00,100 גרם,false,1,19.90,3.9800,true,1,41251
7290109921389,false,נוזל השיפוצניק לניקו,,TR,נוזל השיפוצניק לניקוי רצפות 900מל,מיליליטרים,900.00,"100 מ""ל",false,12,19.90,2.2111,true,1,41253
7290109921488,false,דורגול למכונת כביסה,דורינג,CH,דורגול למכונת כביסה ניקוי וחיטוי 500מל,מיליליטרים,500.00,"100 מ""ל",false,10,29.90,5.9800,true,1,43575
7290109921570,false,נוזל לשטיפת  רצפות,וונדפוט,BE,נוזל לשטיפת  רצפות  פרקט 1.25ליטר,מיליליטרים,1250.00,"100 מ""ל",false,9,14.90,1.1920,true,1,43578
7290109921723,false,גל לניקוי אסלות דורג,וונדפוט,,גל לניקוי אסלות דורגול 750מל,מיליליטרים,750.00,"100 מ""ל",false,1,19.90,2.6533,true,1,49963
7290109921853,false,משחת אסטוניש לניקוי,אסטוניש,,משחת אסטוניש לניקוי עם עוצמה 150גר,גרמים,150.00,100 גרם,false,1,18.90,12.6000,true,1,49962
7290109922010,false,מחטא אויר ומשמיד חיי,אטקה,TR,מחטא אויר ומשמיד חיידקים 75% 500מל,מיליליטרים,500.00,"100 מ""ל",false,12,19.90,3.9800,true,1,51464
7290109922843,false,האקונומיקה המובילה ב,,BE,האקונומיקה המובילה באירופה 2ליטר,ליטרים,2.00,ליטר,false,6,11.90,5.9500,true,1,57554
7290109922881,false,מרסס דורגול למטבח 60,דורינג,DE,מרסס דורגול למטבח 600מל,מיליליטרים,600.00,"100 מ""ל",false,12,24.90,4.1500,true,1,60189
7290109922898,false,ספריי דזיטול לחיטוי,מרקה,ES,ספריי דזיטול לחיטוי משטחים 400מל,מיליליטרים,400.00,"100 מ""ל",false,12,19.90,4.9750,true,1,57552
7290109923024,false,מרסס אסטוניש פרימיום,אסטוניש,GB,מרסס אסטוניש פרימיום למטבח 750מל,מיליליטרים,750.00,"100 מ""ל",false,12,13.90,1.8533,true,1,58801
7290109923031,false,מרסס אסטוניש פרימיום,אסטוניש,GB,מרסס אסטוניש פרימיום למקלחון 750מל,מיליליטרים,750.00,"100 מ""ל",false,12,13.90,1.8533,true,1,58802
7290109923048,false,מרסס אסטוניש פרימיום,אסטוניש,GB,מרסס אסטוניש פרימיום לכל הבית 750מל,מיליליטרים,750.00,"100 מ""ל",false,12,13.90,1.8533,true,1,58803
7290109923079,false,נוזל דזיטול מרוכז לח,מרקה,ES,נוזל דזיטול מרוכז לחיטוי כללי ולרצפות 2ל,ליטרים,2.00,ליטר,false,6,19.90,9.9500,true,1,60191
7290109923093,false,קרם אסטוניש כיריים ה,אסטוניש,GB,קרם אסטוניש כיריים הלוגן ומיקרו 500מל,מיליליטרים,500.00,"100 מ""ל",false,6,15.90,3.1800,true,1,57562
7290109923109,false,סבון אסלה 5צדפות+אקו,רלווי,IT,סבון אסלה 5צדפות+אקונומיקה 2יח,יחידה,2.00,יחידה,false,9,11.90,5.9500,true,1,60190
7290109923147,false,אסטוניש פלא של אקונו,אסטוניש,GB,אסטוניש פלא של אקונומיקה פרימיום 750מל,מיליליטרים,750.00,"100 מ""ל",false,12,13.90,1.8533,true,1,60188
7290110110277,false,מארז 4יח סיידר תפוחי,,,מארז 4יח סיידר תפוחים סומרסבי 330מל בק,מיליליטרים,1320.00,"100 מ""ל",false,6,29.90,2.2652,true,1,36401
7290110110369,false,מארז 6 יח בירה לומה,,,מארז 6 יח בירה לומה 330מל בק. פקדון,ליטרים,1.98,ליטר,false,1,36.90,18.6364,true,1,46766
7290110110574,false,קוקה קולה זירו לימון,קוקה קולה,,קוקה קולה זירו לימון פחית 330 פקדון,מיליליטרים,330.00,"100 מ""ל",false,1,5.90,1.7879,true,1,37428
7290110110659,false,משקה ספרייט פחית 330,,,משקה ספרייט פחית 330 פקדון,מיליליטרים,330.00,"100 מ""ל",false,1,5.90,1.7879,true,1,36391
7290110110703,false,מארז 6 פחיות ספרייט,קוקה קולה,,מארז 6 פחיות ספרייט  330 מל פקדון,ליטרים,1.98,ליטר,false,1,23.90,12.0707,true,1,36390
7290110111557,false,משקה ספורט פאוורייד,קוקה קולה,IT,משקה ספורט פאוורייד מאונטיין 500מל פירות,מיליליטרים,500.00,"100 מ""ל",false,12,10.90,2.1800,true,1,51445
7290110111564,false,משקה ספורט פאוורייד,קוקה קולה,IT,משקה ספורט פאוורייד מאונטיין 500מל הדרים,מיליליטרים,500.00,"100 מ""ל",false,12,10.90,2.1800,true,1,51446
7290110111809,false,מארז 6 פחיות  פאנטה,קוקה קולה,,מארז 6 פחיות  פאנטה 330 מל פקדון,ליטרים,1.98,ליטר,false,1,23.90,12.0707,true,1,41376
7290110113261,false,משקה חמוציות אושן ספ,פריגת,,משקה חמוציות אושן ספריי 19קלוריות 1ליטר,ליטרים,1.00,ליטר,false,1,11.90,11.9000,true,1,56543
7290110113377,false,מארז 4יח קוקה קולה 1,,,מארז 4יח קוקה קולה 1 ליטר,ליטרים,4.00,ליטר,false,1,24.90,6.2250,true,1,50426
7290110113384,false,מארז 4יח קוקה קולה ז,,,מארז 4יח קוקה קולה זירו 1 ליטר,ליטרים,4.00,ליטר,false,1,24.90,6.2250,true,1,50944
7290110113469,false,משקה מנגו זירו פחית,קוקה קולה,,משקה מנגו זירו פחית 330 פקדון,מיליליטרים,330.00,"100 מ""ל",false,1,5.90,1.7879,true,1,46498
7290110113957,false,משקה פאנטה תפוח זירו,קוקה קולה,,משקה פאנטה תפוח זירו 1.5ליטר,ליטרים,1.50,ליטר,false,1,8.70,5.8000,true,1,49401
7290110114589,false,מים מינרלים נביעות פ,נביעות,,מים מינרלים נביעות פלוס פרי תפוח אגס1.5ל,ליטרים,1.50,ליטר,false,1,7.50,5.0000,true,1,51858
7290110114787,false,מים נביעות פלוס תפוח,נביעות,,מים נביעות פלוס תפוח 1.5ל בק.פקדון,ליטרים,1.50,ליטר,false,1,9.50,6.3333,true,1,57073
7290110114794,false,מים נביעות פלוס אפרס,נביעות,,מים נביעות פלוס אפרסק 1.5ל בק.פקדון,ליטרים,1.50,ליטר,false,1,9.50,6.3333,true,1,57074
7290110114800,false,מים נביעות פלוס ענבי,נביעות,,מים נביעות פלוס ענבים 1.5ל בק.פקדון,ליטרים,1.50,ליטר,false,1,9.50,6.3333,true,1,57075
7290110114817,false,מים נביעות פלוס פרי,נביעות,,מים נביעות פלוס פרי מנגו 1.5ל בק.פקדון,ליטרים,1.50,ליטר,false,1,9.50,6.3333,true,1,57076
7290110114824,false,מים נביעות פלוס פרי,נביעות,,מים נביעות פלוס פרי אבטיח 1.5ל בק.פקדון,ליטרים,1.50,ליטר,false,1,9.50,6.3333,true,1,57077
7290110114848,false,מים נביעות פלוס פרי,נביעות,,מים נביעות פלוס פרי ליצי 1.5ל בק.פקדון,ליטרים,1.50,ליטר,false,1,9.50,6.3333,true,1,57079
7290110114855,false,מארז 6יח מים נביעות,נביעות,,מארז 6יח מים נביעות 1.5ליטר בק. פקדון,ליטרים,9.00,ליטר,false,1,14.70,1.6333,true,1,57080
7290110114893,false,מיץ תפוזים סחוט 2ליט,פריגת מצוננים,,מיץ תפוזים סחוט 2ליטר פריגת פקדון,ליטרים,2.00,ליטר,false,1,24.90,12.4500,true,1,57544
7290110114909,false,מיץ תפוח צלול סחוט 2,פריגת מצוננים,,מיץ תפוח צלול סחוט 2ליטר פריגת פקדון,ליטרים,2.00,ליטר,false,1,24.90,12.4500,true,1,57545
7290110114954,false,מיץ תפוז מתקתק סחוט,פריגת מצוננים,,מיץ תפוז מתקתק סחוט טרי 2 ל פריגת פקדון,ליטרים,2.00,ליטר,false,1,22.90,11.4500,true,1,57548
7290110114961,false,משקה קל פריגת תפוזים,פריגת,,משקה קל פריגת תפוזים 1.5ליטר בק.פקדון,ליטרים,1.50,ליטר,false,1,9.90,6.6000,true,1,57082
7290110114978,false,משקה קל פריגת תפוזים,פריגת,,משקה קל פריגת תפוזים לייט 1.5ל בק.פקדון,ליטרים,1.50,ליטר,false,1,9.20,6.1333,true,1,57083
7290110114985,false,משקה קל פריגת אשכולי,פריגת,,משקה קל פריגת אשכולית 1.5ליטר בק.פקדון,ליטרים,1.50,ליטר,false,1,9.90,6.6000,true,1,57084
7290110114992,false,משקה קל פריגת אשכולי,פריגת,,משקה קל פריגת אשכולית לייט 1.5ל בק.פקדון,ליטרים,1.50,ליטר,false,1,9.20,6.1333,true,1,57085
7290110115005,false,משקה קל פריגת ענבים,פריגת,,משקה קל פריגת ענבים 1.5ליטר בק.פקדון,ליטרים,1.50,ליטר,false,1,9.90,6.6000,true,1,57086
7290110115012,false,משקה קל פריגת ענבים,פריגת,,משקה קל פריגת ענבים מרלו 1.5ל בק.פקדון,ליטרים,1.50,ליטר,false,1,9.90,6.6000,true,1,57087
7290110115029,false,משקה קל פריגת תפוחים,פריגת,,משקה קל פריגת תפוחים 1.5ל בק.פקדון,ליטרים,1.50,ליטר,false,1,9.90,6.6000,true,1,57089
7290110115036,false,משקה קל פריגת מנגו 1,פריגת,,משקה קל פריגת מנגו 1.5ל בק.פקדון,ליטרים,1.50,ליטר,false,1,9.90,6.6000,true,1,57092
7290110115043,false,משקה קל פריגת לימונע,פריגת,,משקה קל פריגת לימונענע 1.5ל בק.פקדון,ליטרים,1.50,ליטר,false,1,9.90,6.6000,true,1,57093
7290110115050,false,משקה קל פריגת תות בנ,פריגת,,משקה קל פריגת תות בננה 1.5ל בק.פקדון,ליטרים,1.50,ליטר,false,1,9.90,6.6000,true,1,57098
7290110115067,false,משקה קל פריגת אפרסק,פריגת,,משקה קל פריגת אפרסק 1.5ל בק.פקדון,ליטרים,1.50,ליטר,false,1,9.90,6.6000,true,1,57099
7290110115081,false,משקה פריגת צלול ענבי,פריגת,,משקה פריגת צלול ענבים 1.5ליטר בק.פקדון,ליטרים,1.50,ליטר,false,1,9.20,6.1333,true,1,57104
7290110115098,false,משקה פריגת צלול תפוח,פריגת,,משקה פריגת צלול תפוחים 1.5ליטר בק.פקדון,ליטרים,1.50,ליטר,false,1,9.20,6.1333,true,1,57105
7290110115104,false,משקה פריגת צלול אפרס,פריגת,,משקה פריגת צלול אפרסק 1.5ליטר בק.פקדון,ליטרים,1.50,ליטר,false,1,9.20,6.1333,true,1,57106
7290110115111,false,משקה פריגת צלול אננס,פריגת,,משקה פריגת צלול אננס 1.5ליטר בק.פקדון,ליטרים,1.50,ליטר,false,1,9.20,6.1333,true,1,57107
7290110115128,false,משקה פריגת צלול לימו,פריגת,,משקה פריגת צלול לימונענע 1.5ל בק.פקדון,ליטרים,1.50,ליטר,false,1,9.20,6.1333,true,1,57108
7290110115135,false,משקה אייס ויסוצקי לי,,,משקה אייס ויסוצקי לימונית לואיזה 1.5ל פק,ליטרים,1.50,ליטר,false,1,9.90,6.6000,true,1,57109
7290110115142,false,משקה ויסוצקי אייס נע,,,משקה ויסוצקי אייס נענע 1.5ליטר בק. פקדון,ליטרים,1.50,ליטר,false,1,9.90,6.6000,true,1,57110
7290110115203,false,משקה קוקה קולה 1.5לי,קוקה קולה,,משקה קוקה קולה 1.5ליטר בק.פקדון,ליטרים,1.50,ליטר,false,1,9.60,6.4000,true,1,57116
7290110115210,false,משקה קוקה קולה דיאט,קוקה קולה,,משקה קוקה קולה דיאט 1.5ליטר בק.פקדון,ליטרים,1.50,ליטר,false,1,8.90,5.9333,true,1,57117
7290110115234,false,משקה קוקה קולה זירו,קוקה קולה,,משקה קוקה קולה זירו נ.קפאין 1.5לפקדון,ליטרים,1.50,ליטר,false,1,8.90,5.9333,true,1,57120
7290110115241,false,משקה קוקה קולה זירו,קוקה קולה,,משקה קוקה קולה זירו לימון 1.5ל בק. פקדון,ליטרים,1.50,ליטר,false,1,8.90,5.9333,true,1,57122
7290110115258,false,משקה קוקה קולה זירו,קוקה קולה,,משקה קוקה קולה זירו מנגו 1.5ל בק. פקדון,ליטרים,1.50,ליטר,false,1,8.90,5.9333,true,1,57124
7290110115265,false,משקה ספרייט ליים 1.5,קוקה קולה,,משקה ספרייט ליים 1.5ליטר בק.פקדון,ליטרים,1.50,ליטר,false,1,9.60,6.4000,true,1,57147
7290110115272,false,משקה ספרייט זירו 1.5,קוקה קולה,,משקה ספרייט זירו 1.5ליטר בק.פקדון,ליטרים,1.50,ליטר,false,1,8.90,5.9333,true,1,57148
7290110115289,false,משקה ספרייט לימון נע,קוקה קולה,,משקה ספרייט לימון נענע 19קלוריו 1.5פקדון,ליטרים,1.50,ליטר,false,1,8.90,5.9333,true,1,57150
7290110115296,false,משקה פאנטה אורנג 1.5,קוקה קולה,,משקה פאנטה אורנג 1.5ליטר בק.פקדון,ליטרים,1.50,ליטר,false,1,9.60,6.4000,true,1,57153
7290110115302,false,משקה פאנטה אורנג זיר,קוקה קולה,,משקה פאנטה אורנג זירו 1.5ליטר בק.פקדון,ליטרים,1.50,ליטר,false,1,9.00,6.0000,true,1,57154
7290110115364,false,מארז 6 יח קוקה קולה,קוקה קולה,,מארז 6 יח קוקה קולה 1.5 ליטר בק.פקדון,ליטרים,9.00,ליטר,false,1,49.90,5.5444,true,1,57133
7290110115371,false,מארז 6 יח קוקה קולה,קוקה קולה,,מארז 6 יח קוקה קולה דיאט 1.5ל בק.פקדון,ליטרים,9.00,ליטר,false,1,48.90,5.4333,true,1,57134
7290110115388,false,מארז 6 יח ספרייט ליי,קוקה קולה,,מארז 6 יח ספרייט ליים 1.5 ליטר בק.פקדון,ליטרים,9.00,ליטר,false,1,49.90,5.5444,true,1,57141
7290110115395,false,מארז 6 יח ספרייט זיר,קוקה קולה,,מארז 6 יח ספרייט זירו 1.5 ליטר בק.פקדון,ליטרים,9.00,ליטר,false,1,48.90,5.4333,true,1,57142
7290110115401,false,מארז 6יח קינלי סודה,קוקה קולה,,מארז 6יח קינלי סודה 1.5ליטר בק.פקדון,ליטרים,9.00,ליטר,false,1,17.70,1.9667,true,1,57162
7290110115418,false,מארז 6 יח קוקה קולה,קוקה קולה,,מארז 6 יח קוקה קולה זירו 1.5ל בק.פקדון,ליטרים,9.00,ליטר,false,1,48.90,5.4333,true,1,57137
7290110115425,false,משקה פיוז תה גרין לי,FUZE TEA,,משקה פיוז תה גרין לימון נענע 1.5ל פקדון,ליטרים,1.50,ליטר,false,1,9.50,6.3333,true,1,57125
7290110115449,false,משקה פיוז תה 1.5ליטר,FUZE TEA,,משקה פיוז תה 1.5ליטר מנגו אננס בק. פקדון,ליטרים,1.50,ליטר,false,1,9.90,6.6000,true,1,57127
7290110115456,false,משקה פיוז תה 1.5ליטר,FUZE TEA,,משקה פיוז תה 1.5ליטר אפרסק 19קלורי פקדון,ליטרים,1.50,ליטר,false,1,9.50,6.3333,true,1,57128
7290110115463,false,משקה פיוז תה 1.5ליטר,FUZE TEA,,משקה פיוז תה 1.5ליטר אפרסק  פקדון,ליטרים,1.50,ליטר,false,1,9.90,6.6000,true,1,57129
7290110115579,false,מארז 4 יח משקה פאנטה,קוקה קולה,,מארז 4 יח משקה פאנטה אורנג 1.5ליטר פקדון,ליטרים,6.00,ליטר,false,1,37.20,6.2000,true,1,57160
7290110115586,false,משקה קל פריגת תפוזים,פריגת,,משקה קל פריגת תפוזים 19קלוריות 1.5ל פקדו,ליטרים,1.50,ליטר,false,1,9.20,6.1333,true,1,57101
7290110115593,false,משקה קל פריגת אשכולי,פריגת,,משקה קל פריגת אשכולית 19קלוריות1.5ל פקדו,ליטרים,1.50,ליטר,false,1,9.20,6.1333,true,1,57102
7290110115616,false,משקה פיוז תה 1.5ליטר,FUZE TEA,,משקה פיוז תה 1.5ליטר גרין אננס פקדון,ליטרים,1.50,ליטר,false,1,9.50,6.3333,true,1,57443
7290110115623,false,משקה פיוז תה 1.5ליטר,FUZE TEA,,משקה פיוז תה 1.5ליטר אפרסק זירו פקדון,ליטרים,1.50,ליטר,false,1,9.50,6.3333,true,1,57442
7290110115838,false,משקה ספרייט זירו 1.5,קוקה קולה,,משקה ספרייט זירו 1.5ליטר בק.פקדון,ליטרים,1.50,ליטר,false,1,8.90,5.9333,true,1,57978
7290110115845,false,משקה קוקה קולה 1.5לי,קוקה קולה,,משקה קוקה קולה 1.5ליטר בק.פקדון,ליטרים,1.50,ליטר,false,1,9.60,6.4000,true,1,57759
7290110115852,false,משקה קוקה קולה דיאט,קוקה קולה,,משקה קוקה קולה דיאט 1.5ליטר בק.פקדון,ליטרים,1.50,ליטר,false,1,8.90,5.9333,true,1,57776
7290110115869,false,משקה קוקה קולה זירו,קוקה קולה,,משקה קוקה קולה זירו 1.5ליטר בק.פקדון,ליטרים,1.50,ליטר,false,1,8.90,5.9333,true,1,57760
7290110115876,false,קינלי סודה 1.5 ליטר,קוקה קולה,,קינלי סודה 1.5 ליטר בק.פקדון,ליטרים,1.50,ליטר,false,1,5.00,3.3333,true,1,58740
7290110115913,false,משקה ספורט פאוורייד,קוקה קולה,IT,משקה ספורט פאוורייד זירו טעם אננס 500מל,מיליליטרים,500.00,"100 מ""ל",false,12,10.90,2.1800,true,1,59336
7290110115920,false,מארז 6 יח קוקה קולה,קוקה קולה,,מארז 6 יח קוקה קולה 1 ליטר בק.פקדון,ליטרים,6.00,ליטר,false,1,41.90,6.9833,true,1,58148
7290110115937,false,מארז 6 יח קוקה קולה,קוקה קולה,,מארז 6 יח קוקה קולה זירו 1 ליטר בק.פקדון,ליטרים,6.00,ליטר,false,1,39.90,6.6500,true,1,58149
7290110116040,false,משקה פאנטה זירו פירו,קוקה קולה,,משקה פאנטה זירו פירות כחול 1.5ל בק.פקדון,ליטרים,1.50,ליטר,false,1,9.00,6.0000,true,1,59758
7290110116125,false,סירופ פריגת פטל 750,סירופ - גבעת חיים,,סירופ פריגת פטל 750 מל בקבוק,מיליליטרים,750.00,"100 מ""ל",false,1,25.90,3.4533,true,1,60630
7290110116132,false,סירופ פריגת לימון 75,סירופ - גבעת חיים,,סירופ פריגת לימון 750 מל בקבוק,מיליליטרים,750.00,"100 מ""ל",false,1,25.90,3.4533,true,1,60629
7290110116149,false,סירופ פריגת ענבים 75,סירופ - גבעת חיים,,סירופ פריגת ענבים 750 מל בקבוק,מיליליטרים,750.00,"100 מ""ל",false,1,25.90,3.4533,true,1,60628
7290110116194,false,מים נביעות 0קלוריות,נביעות,,מים נביעות 0קלוריות 1.5ל לימון ליים פקדו,ליטרים,1.50,ליטר,false,1,9.50,6.3333,true,1,60621
7290110116217,false,מים נביעות 0קלוריות,נביעות,,מים נביעות 0קלוריות 1.5ליטר אשכולית פקדו,ליטרים,1.50,ליטר,false,1,9.50,6.3333,true,1,60620
7290110116316,false,מארז 6 יח קוקה קולה,קוקה קולה,,מארז 6 יח קוקה קולה 1.5ל חג שמח פקדון,ליטרים,9.00,ליטר,false,1,47.90,5.3222,true,1,58880
7290110116323,false,מארז 6 יח קוקה קולה,קוקה קולה,,מארז 6 יח קוקה קולה זירו1.5ל חג שמח פקדו,ליטרים,9.00,ליטר,false,1,44.90,4.9889,true,1,58879
7290110116392,false,סירופ פריגת תפוזים 7,סירופ - גבעת חיים,,סירופ פריגת תפוזים 750 מל בקבוק,מיליליטרים,750.00,"100 מ""ל",false,1,25.90,3.4533,true,1,60631
7290110116552,false,משקה ספרייט למון היט,קוקה קולה,,משקה ספרייט למון היט 1.5ליטר בק.פקדון,ליטרים,1.50,ליטר,false,1,9.60,6.4000,true,1,61628
7290110116569,false,משקה ספרייט זירו למו,קוקה קולה,,משקה ספרייט זירו למון היט 1.5ל בק.פקדון,ליטרים,1.50,ליטר,false,1,8.90,5.9333,true,1,61627
7290110320591,false,גבינה בולגרית 16% מע,תנובה חלב,IL,גבינה בולגרית 16% מעודנת 250גר פיראוס,גרמים,250.00,100 גרם,false,12,23.50,9.4000,true,1,28136
7290110320683,false,מארז 8 יח משקה יופלה,,,מארז 8 יח משקה יופלה תות 360 107 מל,מיליליטרים,856.00,"100 מ""ל",false,1,17.10,1.9977,true,1,32722
7290110320744,false,גבינת גרנה פדנו 150ג,תנובה חלב,IL,גבינת גרנה פדנו 150גר,גרמים,150.00,100 גרם,false,30,22.90,15.2667,true,1,40983
7290110320775,false,מארז 8 יח משקה יופלה,,,מארז 8 יח משקה יופלה קלאסי 856 מל,מיליליטרים,856.00,"100 מ""ל",false,1,17.10,1.9977,true,1,32661
7290110320850,false,פתיתי עמק  200 גרם,תנובה חלב,IL,פתיתי עמק  200 גרם,גרמים,200.00,100 גרם,false,20,15.90,7.9500,true,1,33256
7290110320867,false,פתיתי עמק 28% למאפים,,,פתיתי עמק 28% למאפים 500 גרם,גרמים,500.00,100 גרם,false,1,36.90,7.3800,true,1,36180
7290110320935,false,גבינת מוצרלה פרוסות,תנובה חלב,IL,גבינת מוצרלה פרוסות 150גרם,גרמים,150.00,100 גרם,false,24,17.90,11.9333,true,1,32663
7290110321031,false,מעדן יופלה גו 200מל,תנובה חלב,IL,מעדן יופלה גו 200מל,מיליליטרים,200.00,"100 מ""ל",false,48,5.50,2.7500,true,1,32659
7290110321277,false,קוטג 5% בקטנה 100גר,תנובה חלב,,קוטג 5% בקטנה 100גר,גרמים,100.00,100 גרם,false,1,2.90,2.9000,true,1,35072
7290110321284,false,קוטג 9% בקטנה 100גר,תנובה חלב,,קוטג 9% בקטנה 100גר,גרמים,100.00,100 גרם,false,1,2.90,2.9000,true,1,35073
7290110321604,false,גבינה בולגרית מעודנת,תנובה חלב,IL,גבינה בולגרית מעודנת קוביות 5%+ג.לסלט,גרמים,200.00,100 גרם,false,6,20.90,10.4500,true,1,37563
7290110321697,false,מעדן יופלה גו אפרסק,תנובה חלב,,מעדן יופלה גו אפרסק 200גר,מיליליטרים,200.00,"100 מ""ל",false,1,5.90,2.9500,true,1,35099
7290110321703,false,מעדן יופלה גו פירות,תנובה חלב,,מעדן יופלה גו פירות יער 200גר,מיליליטרים,200.00,"100 מ""ל",false,1,5.90,2.9500,true,1,37174
7290110321789,false,גבינת מסקרפונה 200גר,תנובה חלב,IL,גבינת מסקרפונה 200גר,גרמים,200.00,100 גרם,false,1,20.60,10.3000,true,1,36173
7290110322014,false,טופו טבעי 300 גרם,תנובה חלב,IL,טופו טבעי 300 גרם,גרמים,300.00,100 גרם,false,12,13.90,4.6333,true,1,37182
7290110322021,false,טופו בזיליקום 300 גר,תנובה חלב,IL,טופו בזיליקום 300 גרם,גרמים,300.00,100 גרם,false,12,13.90,4.6333,true,1,37183
7290110322038,false,טופו פיקנטי 300 גרם,תנובה חלב,IL,טופו פיקנטי 300 גרם,גרמים,300.00,100 גרם,false,12,13.90,4.6333,true,1,37184
7290110322946,false,יוגורט יופלה טיוב בט,תנובה חלב,IL,יוגורט יופלה טיוב בטעם תות בננה 348גר,גרמים,348.00,100 גרם,false,16,12.90,3.7069,true,1,39337
7290110323073,false,משקה יופלה מעושר בחל,תנובה חלב,,משקה יופלה מעושר בחלבון תות פטל 250מל,מיליליטרים,250.00,"100 מ""ל",false,1,6.50,2.6000,true,1,38411
7290110323301,false,גבינת טל העמק 200גר,,,גבינת טל העמק 200גר 32% שומן,גרמים,200.00,100 גרם,false,1,19.90,9.9500,true,1,39894
7290110323585,false,מעדן יופלה גו דובדבן,תנובה חלב,,מעדן יופלה גו דובדבן מופחת קלוריות 200גר,מיליליטרים,200.00,"100 מ""ל",false,24,5.90,2.9500,true,1,39419
7290110323592,false,מעדן יופלה גו אפרסק,תנובה חלב,,מעדן יופלה גו אפרסק מופחת קלוריות 200גר,מיליליטרים,200.00,"100 מ""ל",false,24,5.90,2.9500,true,1,39420
7290110323714,false,משקה קוקוס שקדים 1לי,,,משקה קוקוס שקדים 1ליטר טרי,ליטרים,1.00,ליטר,false,1,13.90,13.9000,true,1,39893
7290110324070,false,גבינת חלומי 200 גרם,תנובה חלב,IL,גבינת חלומי 200 גרם 22% שומן חלב בקר,גרמים,200.00,100 גרם,false,42,19.90,9.9500,true,1,40647
7290110324353,false,מעדן יופלה גו אננס ל,תנובה חלב,,מעדן יופלה גו אננס לייט 200גר,מיליליטרים,200.00,"100 מ""ל",false,1,5.90,2.9500,true,1,41868
7290110324551,false,יוגורט יופלה טיוב בט,תנובה חלב,IL,יוגורט יופלה טיוב בטעם תות 348גר,גרמים,348.00,100 גרם,false,16,12.90,3.7069,true,1,41407
7290110324711,false,ממרח סויה טבעי 250 ג,תנובה חלב,,ממרח סויה טבעי 250 גר 9% שומן,גרמים,250.00,100 גרם,false,1,8.90,3.5600,true,1,42122
7290110324728,false,ממרח סויה  שום שמיר,תנובה חלב,,ממרח סויה  שום שמיר 250 גר 9% שומן,גרמים,250.00,100 גרם,false,1,8.90,3.5600,true,1,42124
7290110324841,false,מעדן שקדים עם שוקולד,תנובה חלב,IL,מעדן שקדים עם שוקולד מריר 125גר,גרמים,125.00,100 גרם,false,36,4.50,3.6000,true,1,44420
7290110324858,false,מעדן שקדים בטעם אגוז,תנובה חלב,IL,מעדן שקדים בטעם אגוזי לוז 125גר,גרמים,125.00,100 גרם,false,36,4.50,3.6000,true,1,44421
7290110324872,false,גבינת גלבוע 5% 200גר,תנובה חלב,IL,גבינת גלבוע 5% 200גרם פרוס,גרמים,200.00,100 גרם,false,18,17.90,8.9500,true,1,44350
7290110324926,false,משקה סויה 1 ליטר ללא,,,משקה סויה 1 ליטר ללא תוספת סוכר,ליטרים,1.00,ליטר,false,1,11.90,11.9000,true,1,43372
7290110325121,false,משקה יופלה  גו לייט,תנובה חלב,,משקה יופלה  גו לייט מנגו אננס 250מל,מיליליטרים,250.00,"100 מ""ל",false,1,6.50,2.6000,true,1,42804
7290110325169,false,גבינת גאודה 170 גרם,תנובה חלב,IL,גבינת גאודה 170 גרם פרוסה,גרמים,170.00,100 גרם,false,24,19.90,11.7059,true,1,46202
7290110325305,false,מעדן סויה גו במתיקות,תנובה חלב,,מעדן סויה גו במתיקות 20גר חלבון 200גר,מיליליטרים,200.00,"100 מ""ל",false,1,5.90,2.9500,true,1,43998
7290110325312,false,מעדן סויה גו טעם תות,תנובה חלב,,מעדן סויה גו טעם תות 20גר חלבון 200גר,מיליליטרים,200.00,"100 מ""ל",false,1,5.90,2.9500,true,1,43997
7290110325428,false,גבינה לבנה 145גר עם,תנובה חלב,IL,גבינה לבנה 145גר עם קרקרים,גרמים,145.00,100 גרם,false,12,5.20,3.5862,true,1,49531
7290110325510,false,יוגורט יופלה טיוב בט,תנובה חלב,IL,יוגורט יופלה טיוב בטעם וניל יוניקור348גר,גרמים,348.00,100 גרם,false,16,12.90,3.7069,true,1,44422
7290110325619,false,משקה שבולת שועל 1 לי,,,משקה שבולת שועל 1 ליטר,ליטרים,1.00,ליטר,false,1,13.90,13.9000,true,1,44572
7290110325701,false,גבינת צזיקי פיראוס9%,,,פיראוס גבינת צזיקי יווני 9% 250 גר,גרמים,250.00,100 גרם,false,1,12.90,5.1600,true,1,45157
7290110325893,false,משקה חלב גו אייס קפה,תנובה חלב,IL,משקה חלב גו אייס קפה  340מל 27 גר חלבון,מיליליטרים,340.00,"100 מ""ל",false,20,7.90,2.3235,true,1,44569
7290110326210,false,יופלה און טופ פצפוצי,תנובה חלב,IL,יופלה און טופ פצפוצים 157גר,גרמים,157.00,100 גרם,false,12,5.60,3.5669,true,1,45935
7290110326227,false,יופלה און טופ קורנפל,תנובה חלב,IL,יופלה און טופ קורנפלקס 157גר,גרמים,157.00,100 גרם,false,12,5.60,3.5669,true,1,45937
7290110326234,false,יופלה און טופ כוכבים,תנובה חלב,IL,יופלה און טופ כוכבים 157גר,גרמים,157.00,100 גרם,false,12,5.60,3.5669,true,1,45936
7290110326241,false,יופלה און טופ גרנולה,תנובה חלב,IL,יופלה און טופ גרנולה 157גר,גרמים,157.00,100 גרם,false,12,5.60,3.5669,true,1,45938
7290110326333,false,גבינה סקנדינבית 170ג,,,גבינה סקנדינבית 170גר פרוס,גרמים,170.00,100 גרם,false,30,13.90,8.1765,true,1,48693
7290110326449,false,חמאה השף הלבן 250 גר,,,חמאה השף הלבן 250 גר,גרמים,250.00,100 גרם,false,40,9.80,3.9200,true,1,48690
7290110326456,false,יוגורט יופלה דיאט בנ,,,יוגורט יופלה דיאט בננה וקרמל 150גר,גרמים,150.00,100 גרם,false,1,5.10,3.4000,true,1,46525
7290110326906,false,חלב נטול לקטוז 1ליטר,,,חלב נטול לקטוז 1ליטר 3%שומן,ליטרים,1.00,ליטר,false,16,7.90,7.9000,true,1,47768
7290110326982,false,משקה חלב יולו שוקולד,,,משקה חלב יולו שוקולד קלאסי 1ליטר,ליטרים,1.00,ליטר,false,1,13.30,13.3000,true,1,47766
7290110327033,false,משקה סויה גו במתיקות,,,משקה סויה גו במתיקות מופחתת 1 ליטר,ליטרים,1.00,ליטר,false,16,13.90,13.9000,true,1,48348
7290110327064,false,משקה קפה שבולת שועל,,,משקה קפה שבולת שועל בטעם קרמל 1 ליטר,ליטרים,1.00,ליטר,false,1,13.90,13.9000,true,1,47763
7290110327125,false,גבינת פטה צאן 200גר,תנובה חלב,IL,גבינת פטה צאן 200גר 21% שומן,גרמים,200.00,100 גרם,false,8,22.90,11.4500,true,1,49534
7290110327262,false,מאגדת 3יח יופלה און,תנובה חלב,IL,מאגדת 3יח יופלה און טופ פצפוצים 471גר,גרמים,471.00,100 גרם,false,4,12.90,2.7389,true,1,52971
7290110327316,false,גבינה לבנה עם פריכיו,תנובה חלב,IL,גבינה לבנה עם פריכיות 139גרם,גרמים,139.00,100 גרם,false,12,5.20,3.7410,true,1,52442
7290110327514,false,משקה שבולת שועל בטעם,,,משקה שבולת שועל בטעם אגוזי לוז 1 ליטר,ליטרים,1.00,ליטר,false,1,13.90,13.9000,true,1,53283
7290110327545,false,יופלה און טופ תות עם,תנובה חלב,IL,יופלה און טופ תות עם פצפוצי שוקולד 157גר,גרמים,157.00,100 גרם,false,12,5.60,3.5669,true,1,49538
7290110327637,false,יוגורט יופלה דיאט קי,,,יוגורט יופלה דיאט קיווי 150גר,גרמים,150.00,100 גרם,false,1,5.10,3.4000,true,1,49537
7290110328016,false,משקה סויה מועשר בחלב,תנובה חלב,,משקה סויה מועשר בחלבון ב.אגוזי לוז250גר,מיליליטרים,250.00,"100 מ""ל",false,1,6.50,2.6000,true,1,50335
7290110328054,false,מעדן סויה גו מועשר ב,תנובה חלב,IL,מעדן סויה גו מועשר בחלבון תות ש.שועל 200,גרמים,200.00,100 גרם,false,36,6.50,3.2500,true,1,51323
7290110328061,false,מעדן סויה גו מועשר ב,תנובה חלב,IL,מעדן סויה גו מועשר בחלבון אפרסק ש.שועל,גרמים,200.00,100 גרם,false,36,6.50,3.2500,true,1,51324
7290110328092,false,גבינת פטה יוונית קוב,תנובה חלב,IL,גבינת פטה יוונית קוביות 150גר פיראוס21%ש,גרמים,150.00,100 גרם,false,6,18.90,12.6000,true,1,52474
7290110328504,false,מיקס גבינות 300גר מו,תנובה חלב,IL,מיקס גבינות 300גר מוצרלה סקנדינבית גאודה,גרמים,300.00,100 גרם,false,20,24.90,8.3000,true,1,51313
7290110328627,false,מעדן יופלה גו בננה ק,תנובה חלב,,מעדן יופלה גו בננה קרמל במרקם סמיך 200גר,מיליליטרים,200.00,"100 מ""ל",false,1,5.90,2.9500,true,1,52358
7290110328764,false,מעדן יופלה גו תות במ,תנובה חלב,,מעדן יופלה גו תות במרקם סמיך 200גר,מיליליטרים,200.00,"100 מ""ל",false,1,5.90,2.9500,true,1,52355
7290110328788,false,מעדן יופלה גו אפרסק,תנובה חלב,,מעדן יופלה גו אפרסק במרקם סמיך 200גר,מיליליטרים,200.00,"100 מ""ל",false,1,5.90,2.9500,true,1,52357
7290110328887,false,חלב 3% בקבוק 1 ליטר*,,,חלב 3% בקבוק 1 ליטר***,ליטרים,1.00,ליטר,false,1,6.23,6.2300,true,1,58185
7290110328955,false,קוביות גבינת עיזים ב,תנובה חלב,IL,קוביות גבינת עיזים בשמן מתובל 350גר,גרמים,350.00,100 גרם,false,,24.90,7.1143,true,1,59309
7290110329136,false,מעדן יופלה גו טעם שו,תנובה חלב,IL,מעדן יופלה גו טעם שוקולד12גר חלבון 120גר,גרמים,120.00,100 גרם,false,20,4.90,4.0833,true,1,56480
7290110329143,false,מעדן יופלה גו טעם ונ,תנובה חלב,IL,מעדן יופלה גו טעם וניל 12גר חלבון 120גר,גרמים,120.00,100 גרם,false,20,4.90,4.0833,true,1,56478
7290110329150,false,מעדן יופלה גו טעם קפ,תנובה חלב,IL,מעדן יופלה גו טעם קפה 12גר חלבון 120גר,גרמים,120.00,100 גרם,false,20,4.90,4.0833,true,1,56479
7290110329266,false,יוגורט תנובה חלב עיז,,IL,יוגורט תנובה חלב עיזים מלא 140גר,גרמים,140.00,100 גרם,false,36,5.90,4.2143,true,1,53281
7290110329273,false,יוגורט תנובה חלב עיז,,IL,יוגורט תנובה חלב עיזים מלא 750גר,גרמים,750.00,100 גרם,false,6,19.90,2.6533,true,1,53282
7290110329303,false,פרוסות בטעם צהובה קל,,,פרוסות בטעם צהובה קלאסית 200גר אלטרנטיב,גרמים,200.00,100 גרם,false,20,21.90,10.9500,true,1,53286
7290110329334,false,מאגדת 6יח יוגורט תנו,תנובה חלב,IL,מאגדת 6יח יוגורט תנובה נטול לקטוז 200גר,גרמים,1200.00,100 גרם,false,8,19.90,1.6583,true,1,52969
7290110329426,false,טופו טבעי 250גר עם ר,תנובה חלב,IL,טופו טבעי 250גר עם רוטב קרם קוקוס קארי,גרמים,310.00,100 גרם,false,27,13.90,4.4839,true,1,60381
7290110329433,false,טופו טבעי 250גר עם ר,תנובה חלב,IL,טופו טבעי 250גר עם רוטב סצואן 60מל,גרמים,310.00,100 גרם,false,27,13.90,4.4839,true,1,60382
7290110329600,false,מארז 3יח שמנת לבישול,,,מארז 3יח שמנת לבישול 15% 250גר,מיליליטרים,750.00,"100 מ""ל",false,8,21.90,2.9200,true,1,53285
7290110329655,false,יוגורט יופלה אוללה מ,,,יוגורט יופלה אוללה מרנג לימון 150גר,גרמים,150.00,100 גרם,false,1,5.10,3.4000,true,1,57967
7290110329686,false,משקה חלב גו ט.עוגיות,תנובה חלב,IL,משקה חלב גו ט.עוגיות 340מל 27 גר חלבון,מיליליטרים,340.00,"100 מ""ל",false,20,7.90,2.3235,true,1,56476
7290110329709,false,יוגורט תנובה 0% 200,,,יוגורט תנובה 0% 200 גרם,גרמים,200.00,100 גרם,false,1,3.10,1.5500,true,1,57392
7290110329716,false,משקה קפה קר קפוצינו,תנובה חלב,IL,משקה קפה קר קפוצינו 230גר,גרמים,230.00,100 גרם,false,8,6.90,3.0000,true,1,59312
7290110329723,false,משקה קפה קר טעם לאטה,תנובה חלב,IL,משקה קפה קר טעם לאטה 230גר,גרמים,230.00,100 גרם,false,8,6.90,3.0000,true,1,59313
7290110329730,false,משקה חלב שוקולד וקפה,תנובה חלב,IL,משקה חלב שוקולד וקפה בסגנון לאטה 230גר,גרמים,230.00,100 גרם,false,8,6.90,3.0000,true,1,59314
7290110329792,false,מעדן סויה ביו אפרסק,תנובה חלב,IL,מעדן סויה ביו אפרסק אלטרנטיב 150גר,גרמים,150.00,100 גרם,false,48,4.50,3.0000,true,1,57867
7290110329808,false,מעדן סויה ביו תות אל,תנובה חלב,IL,מעדן סויה ביו תות אלטרנטיב 150גר,גרמים,150.00,100 גרם,false,48,4.50,3.0000,true,1,57866
7290110329815,false,מעדן סויה ביו מתיקות,תנובה חלב,IL,מעדן סויה ביו מתיקות מעודן אלטרנטיב 150ג,גרמים,150.00,100 גרם,false,48,4.50,3.0000,true,1,57865
7290110329822,false,מעדן סויה ביו פירות,תנובה חלב,IL,מעדן סויה ביו פירות יער אלטרנטיב 150גר,גרמים,150.00,100 גרם,false,48,4.50,3.0000,true,1,57864
7290110329846,false,מעדן סויה ביו טבעי א,תנובה חלב,IL,מעדן סויה ביו טבעי אלטרנטיב 150גר,גרמים,150.00,100 גרם,false,48,4.50,3.0000,true,1,57868
7290110550219,false,מטבעות שוקולד לבן לא,"פוליבה בע""ם",IL,מטבעות שוקולד לבן לאפיה עלית 400 גרם,גרמים,400.00,100 גרם,false,9,31.90,7.9750,true,1,61113
7290110550226,false,מטבעות שוקולד מריר ל,"פוליבה בע""ם",IL,מטבעות שוקולד מריר לאפיה עלית 400 גרם,גרמים,400.00,100 גרם,false,9,31.90,7.9750,true,1,61112
7290110550349,false,חטיף דוריטוס ספייסי,STRAUSS-ISRAEL,,חטיף דוריטוס ספייסי נאצוס 70 ג,גרמים,70.00,100 גרם,false,1,4.00,5.7143,true,1,53543
7290110550370,false,פריכיות אנרגי חלבון,פרח תעשיות,,פריכיות אנרגי חלבון קינואה פלפל שחור60,Unknown,0.00,Unknown,false,1,10.90,0.0000,true,1,61109
7290110550417,false,שוקולד פרה בלונד שומ,,,שוקולד פרה בלונד שומשום קרמל 100גרם,גרמים,100.00,100 גרם,false,1,7.90,7.9000,true,1,57812
7290110550707,false,חטיף פרה ממולדה אננס,,,חטיף פרה ממולדה אננס 50 גר,Unknown,0.00,Unknown,false,1,5.00,0.0000,true,1,57448
7290110551100,false,שוקולד פרה לבן עם עד,,IL,שוקולד פרה לבן עם עדשים 100 גרם,גרמים,100.00,100 גרם,false,1,5.90,5.9000,true,1,58154
7290110551254,false,נשנושי תירס מוכן לאכ,שטראוס,,נשנושי תירס מוכן לאכילה 600 גרם טעם הטבע,גרמים,600.00,100 גרם,false,1,12.90,2.1500,true,1,61280
7290110552121,false,יוגורוט דנונה הראשון,שטראוס,IL,יוגורוט דנונה הראשון שלי 100גר,גרמים,100.00,100 גרם,false,24,2.30,2.3000,true,1,59717
7290110552220,false,דנונה פרו תות 200גר,שטראוס,,דנונה פרו תות 200גר ללא סוכר 20גר חלבון,גרמים,200.00,100 גרם,false,1,6.10,3.0500,true,1,57797
7290110552237,false,דנונה פרו אפרסק מנגו,שטראוס,,דנונה פרו אפרסק מנגו  200גר ל.סוכר 20גר,גרמים,200.00,100 גרם,false,1,6.10,3.0500,true,1,57798
7290110552398,false,דנונה וואו פיסטוק 15,שטראוס,,דנונה וואו פיסטוק 150גרם,גרמים,150.00,100 גרם,false,1,4.90,3.2667,true,1,59527
7290110552411,false,משקה קפה קר טעם קרמל,שטראוס,IL,משקה קפה קר טעם קרמל 230 מל יטבטה,מיליליטרים,230.00,"100 מ""ל",false,10,7.90,3.4348,true,1,59534
7290110552817,false,מסטיק מאסט גלידה לימ,,,מסטיק מאסט גלידה לימון 58 גר,Unknown,0.00,Unknown,false,1,10.00,0.0000,true,1,60354
7290110553036,false,פריכיות אנרגי חלבון,פרח תעשיות,,פריכיות אנרגי חלבון בטטה סכ גולה אפונה60,Unknown,0.00,Unknown,false,1,10.90,0.0000,true,1,58600
7290110553098,false,מארז 4יח אנרגי מיקס,,IT,מארז 4יח אנרגי מיקס צימוק אגוז ושוקקולד,גרמים,100.00,100 גרם,false,16,16.90,16.9000,true,1,60690
7290110553340,false,קפה נמס מילקשייק איי,,,קפה נמס מילקשייק אייס מלבי 200 גרם,גרמים,200.00,100 גרם,false,1,14.90,7.4500,true,1,59709
7290110553425,false,קפה נמס אבקתי 200 גר,,,קפה נמס אבקתי 200 גרם+20% תוספת,גרמים,240.00,100 גרם,false,1,22.00,9.1667,true,1,57997
7290110553449,false,מארז עוגת מילקי סנאק,שטראוס,IL,מארז עוגת מילקי סנאק 6יח 123גר,גרמים,123.00,100 גרם,false,6,14.90,12.1138,true,1,58107
7290110553623,false,חטיף ציטוס קראנץ צדר,STRAUSS-ISRAEL,,חטיף ציטוס קראנץ צדר חלפיניו 80 גר,Unknown,0.00,Unknown,false,1,4.50,0.0000,true,1,59623
7290110553890,false,פרכיות אנרגי שוקולד,,,פרכיות אנרגי שוקולד בלונדי70 גר,גרמים,70.00,100 גרם,false,1,7.90,11.2857,true,1,57449
7290110554118,false,ארוחת נודלס מלזי חרי,,IL,ארוחת נודלס מלזי חריף דלישס 350גר,גרמים,350.00,100 גרם,false,10,26.90,7.6857,true,1,56460
7290110554125,false,ארוחת נודלס סצואן חר,,IL,ארוחת נודלס סצואן חריף דלישס 350גר,גרמים,350.00,100 גרם,false,10,26.90,7.6857,true,1,56459
7290110554422,false,רוטב לשקשוקה עגבניות,אמיליאנה קונסרב ס.פ.,IT,רוטב לשקשוקה עגבניות ופלפל יד מרדכי 350,גרמים,350.00,100 גרם,false,12,11.90,3.4000,true,1,58159
7290110554477,false,קפסולות אספרסו אפוגט,,,קפסולות אספרסו אפוגטו מייפל פקאן 10 יח,יחידה,10.00,יחידה,false,1,17.00,1.7000,true,1,59713
7290110554545,false,קפסולות אספרסו אפוגט,,,קפסולות אספרסו אפוגטו קוקוס 10 יח,יחידה,10.00,יחידה,false,1,17.00,1.7000,true,1,59712
7290110554583,false,מארז 10 יח ציטוס פאפ,STRAUSS-ISRAEL,,מארז 10 יח ציטוס פאפאס גבינה 200 גר,גרמים,200.00,100 גרם,false,9,12.90,6.4500,true,1,57673
7290110554699,false,קפסולות קפה בתי קליה,,,קפסולות קפה בתי קליה עולה 10 יח,יחידה,10.00,יחידה,false,1,19.90,1.9900,true,1,61336
7290110554705,false,קפסולות קפה בתי קליה,,,קפסולות קפה בתי קליה יוניקו 10 יח,יחידה,10.00,יחידה,false,1,19.90,1.9900,true,1,61334
7290110554712,false,קפסולות קפה בתי קליה,,,קפסולות קפה בתי קליה נחת10 יח,יחידה,10.00,יחידה,false,1,19.90,1.9900,true,1,61335
7290110554828,false,מארז 3 יח פסק זמן קל,,,מארז 3 יח פסק זמן קלאסי135גר כשלפ,גרמים,135.00,100 גרם,false,1,14.00,10.3704,true,1,58650
7290110555306,false,גלילי ופל רבע לשבע ס,,,גלילי ופל רבע לשבע סינמון באן 125 גרם,גרמים,125.00,100 גרם,false,1,12.90,10.3200,true,1,60351
7290110555603,false,שוקולטה ספלנדיד 360,,,שוקולטה ספלנדיד 360 גרם,גרמים,360.00,100 גרם,false,1,22.90,6.3611,true,1,61928
7290110555665,false,קקאו עלית דל שומן קו,,,קקאו עלית דל שומן קופסא 220 גרם,גרמים,220.00,100 גרם,false,1,19.90,9.0455,true,1,61927
7290110556242,false,שוקולד פרה מריר 100,,FR,שוקולד פרה מריר 100 גר,גרמים,100.00,100 גרם,false,1,5.90,5.9000,true,1,61117
7290110557027,false,חומוס עשיר בטחינה 50,שטראוס,,חומוס עשיר בטחינה 50% 400גרם,גרמים,400.00,100 גרם,false,1,13.90,3.4750,true,1,57400
7290110557102,false,דנונה פרו 11גר חלבון,שטראוס,IL,דנונה פרו 11גר חלבון עם שוקולד 150גר,גרמים,150.00,100 גרם,false,12,5.50,3.6667,true,1,53603
7290110557133,false,מעדן הגולן וניל 125ג,שטראוס,IL,מעדן הגולן וניל 125גר,גרמים,125.00,100 גרם,false,24,2.90,2.3200,true,1,56470
7290110557164,false,חטיף טעמי בלונדי שקד,,,חטיף טעמי בלונדי שקדים 42 גר,Unknown,0.00,Unknown,false,1,5.00,0.0000,true,1,57936
7290110557317,false,יוגורוט דנונה הראשון,שטראוס,IL,יוגורוט דנונה הראשון שלי שבולת שועל100גר,גרמים,100.00,100 גרם,false,24,2.30,2.3000,true,1,59718
7290110557416,false,מילקי טופ לבבות 141ג,,,מילקי טופ לבבות 141גר,גרמים,141.00,100 גרם,false,1,4.90,3.4752,true,1,58108
7290110557478,false,חומוס גלילי 600 גרם,שטראוס,,חומוס גלילי 600 גרם אחלה,גרמים,600.00,100 גרם,false,1,13.90,2.3167,true,1,58535
7290110557539,false,מילקי מוס תותים בשמנ,שטראוס,,מילקי מוס תותים בשמנת 81גר,גרמים,81.00,100 גרם,false,1,3.50,4.3210,true,1,58109
7290110557645,false,מארז 4יח אנרגי מיקס,,IT,מארז 4יח אנרגי מיקס צימוק חמוציות,גרמים,100.00,100 גרם,false,16,16.90,16.9000,true,1,60691
7290110558130,false,דנונה אקטיביה שיבולת,שטראוס,IL,דנונה אקטיביה שיבולת שועל ודבש 150 גר,גרמים,150.00,100 גרם,false,24,4.70,3.1333,true,1,59721
7290110558154,false,יוגורט דנונה לייט אנ,שטראוס,IL,יוגורט דנונה לייט אנד פריי ע.תפוחים 150ג,גרמים,150.00,100 גרם,false,24,4.90,3.2667,true,1,60766
7290110558161,false,יוגורט דנונה לייט אנ,שטראוס,IL,יוגורט דנונה לייט אנד פריי פאי לימון 150,גרמים,150.00,100 גרם,false,24,4.90,3.2667,true,1,59528
7290110558222,false,יוגורט דנונה וואו בנ,שטראוס,,יוגורט דנונה וואו בנופי 150גרם 4% שומן,גרמים,150.00,100 גרם,false,1,4.90,3.2667,true,1,60762
7290110558239,false,יוגורט דנונה וואו קר,שטראוס,,יוגורט דנונה וואו קראק פאי150גרם 4% שומן,גרמים,150.00,100 גרם,false,1,4.90,3.2667,true,1,60763
7290110558253,false,משקה יוגורט דנונה רי,שטראוס,,משקה יוגורט דנונה ריפרש בננה אננס 250מל,מיליליטרים,250.00,"100 מ""ל",false,12,5.90,2.3600,true,1,59722
7290110558284,false,יוגורט דנונה ביו מול,שטראוס,IL,יוגורט דנונה ביו מולטי 200גר,גרמים,200.00,100 גרם,false,24,4.20,2.1000,true,1,60672
7290110558291,false,דנונה פרו 20גר חלבון,שטראוס,,דנונה פרו 20גר חלבון טעם קוקוס 200גר,גרמים,200.00,100 גרם,false,1,6.10,3.0500,true,1,58534
7290110558307,false,דנונה פרו 20גר חלבון,שטראוס,IL,דנונה פרו 20גר חלבון עם שבולת שועל 200ג,גרמים,200.00,100 גרם,false,12,6.50,3.2500,true,1,59529
7290110558314,false,יוגורט דנונה פרו פיס,שטראוס,,יוגורט דנונה פרו פיסטוק 20גר חלבון 200גר,גרמים,200.00,100 גרם,false,1,6.10,3.0500,true,1,60765
7290110558338,false,דנונה פרו 25גר חלבון,שטראוס,IL,דנונה פרו 25גר חלבון 200גרם,גרמים,200.00,100 גרם,false,12,6.50,3.2500,true,1,59530
7290110558666,false,דניאלה בטעם תפוח 100,,,דניאלה בטעם תפוח 100 גרם,גרמים,100.00,100 גרם,false,1,4.50,4.5000,true,1,61702
7290110558918,false,עלי חסה קראנץ שטופים,,,עלי חסה קראנץ שטופים 150 גרם בקופסא,גרמים,150.00,100 גרם,false,1,10.00,6.6667,true,1,60772
7290110559007,false,שעועית חומה טעם הטבע,,IT,שעועית חומה טעם הטבע 380 גרם,גרמים,380.00,100 גרם,false,16,6.90,1.8158,true,1,60685
7290110559014,false,שעועית שחורה טעם הטב,,IT,שעועית שחורה טעם הטבע 380 גרם,גרמים,380.00,100 גרם,false,16,6.90,1.8158,true,1,60684
7290110559748,false,מארז 3 יח חטיף אנרגי,,IT,מארז 3 יח חטיף אנרגי ריל שקד קוקוס שוקול,גרמים,105.00,100 גרם,false,16,16.90,16.0952,true,1,60689
7290110559755,false,מארז 3 יח חטיף אנרגי,,IT,מארז 3 יח חטיף אנרגי ריל בוטן פיסטוק חמו,גרמים,105.00,100 גרם,false,16,16.90,16.0952,true,1,60688
7290110559762,false,מארז 3 יח חטיף אנרגי,,IT,מארז 3 יח חטיף אנרגי ריל תמר אגוז קוקוס,גרמים,105.00,100 גרם,false,16,16.90,16.0952,true,1,60687
7290110560300,false,פריכיות אנרגי משולש,פרח תעשיות,,פריכיות אנרגי משולש פלפל שחור 30 גר,Unknown,0.00,Unknown,false,1,5.50,0.0000,true,1,39618
7290110560317,false,פריכיות אנרגי משולש,פרח תעשיות,,פריכיות אנרגי משולש מלח ים 30 גר,Unknown,0.00,Unknown,false,1,5.50,0.0000,true,1,39619
7290110560324,false,פריכיות אנרגי משולש,פרח תעשיות,,פריכיות אנרגי משולש אפונה ירוקה 30 גר,Unknown,0.00,Unknown,false,1,5.50,0.0000,true,1,39620
7290110561352,false,יוגורט דנונה ביו דל,,,יוגורט דנונה ביו דל לקטוז 3% 200גר,גרמים,200.00,100 גרם,false,1,3.80,1.9000,true,1,36879
7290110561604,false,מארז 8יח גמדים תות ב,,IL,מארז 8יח גמדים תות בננה 800 גר,גרמים,800.00,100 גרם,false,6,19.90,2.4875,true,1,35570
7290110563431,false,משקה  קפה  קר 230מל,שטראוס,IL,משקה  קפה  קר 230מל 1.6% סגנון קלאסי יטב,מיליליטרים,230.00,"100 מ""ל",false,10,7.90,3.4348,true,1,40397
7290110563448,false,משקה קפה קר מעודן יט,שטראוס,IL,משקה קפה קר מעודן יטבתה 230מל,מיליליטרים,230.00,"100 מ""ל",false,10,7.90,3.4348,true,1,40396
7290110563455,false,חלב דל לקטוז 1 ליטר,שטראוס,,חלב דל לקטוז 1 ליטר 3% בקבוק,ליטרים,1.00,ליטר,false,1,7.90,7.9000,true,1,34029
7290110563462,false,חלב נטול לקטוז 1ליטר,שטראוס,,חלב נטול לקטוז 1ליטר 2% שומן יטבתה,ליטרים,1.00,ליטר,false,12,8.50,8.5000,true,1,40990
7290110563912,false,חטיפי אנרגי שיברי אג,,,חטיפי אנרגי שיברי אגוזים 10 יח 144 גר,יחידה,6.00,יחידה,false,1,13.90,2.3167,true,1,37449
7290110564339,false,חומוס עשיר בטחינה30%,שטראוס,,חומוס עשיר בטחינה30% 400גרם,גרמים,400.00,100 גרם,false,1,13.90,3.4750,true,1,35585
7290110564353,false,שוקולד פרה בלונד קרם,,,שוקולד פרה בלונד קרם אגוי לוז 100 גרם,גרמים,100.00,100 גרם,false,1,7.90,7.9000,true,1,43328
7290110564360,false,חומוס עשיר בטחינה40%,שטראוס,,חומוס עשיר בטחינה40% 400גרם,גרמים,400.00,100 גרם,false,1,13.90,3.4750,true,1,35586
7290110564414,false,חומוס עשיר בטחינה30%,שטראוס,IL,חומוס עשיר בטחינה30% 600גרם אחלה,גרמים,600.00,100 גרם,false,6,14.90,2.4833,true,1,35587
7290110564742,false,משקה  קפה  קר 230מל,שטראוס,IL,משקה  קפה  קר 230מל 1.2% סגנון חזק יטבתה,מיליליטרים,230.00,"100 מ""ל",false,10,7.90,3.4348,true,1,40395
7290110565435,false,לימבו גלי בטעם פטל 1,,,לימבו גלי בטעם פטל 125 גרם חלבי,גרמים,125.00,100 גרם,false,24,2.50,2.0000,true,1,35044
7290110565527,false,דנונה פרו עשיר בחלבו,שטראוס,,דנונה פרו עשיר בחלבון 20גרם 200 גרם,גרמים,200.00,100 גרם,false,12,6.10,3.0500,true,1,34038
7290110565572,false,קפה טורקי עם הל לדרך,,,קפה טורקי עם הל לדרך 14 יח 168 גרם,יחידה,24.00,יחידה,false,1,20.00,0.8333,true,1,42433
7290110565893,false,חטיפי אנרגי מצופה שו,,,חטיפי אנרגי מצופה מריר10 יח 156 גר,יחידה,6.00,יחידה,false,1,13.90,2.3167,true,1,37943
7290110566579,false,דבש פרחי בר לחיץ 200,,,דבש פרחי בר לחיץ 200 גרם,גרמים,200.00,100 גרם,false,1,12.50,6.2500,true,1,36419
7290110566623,false,קפסולות אספרסו 8 קול,,,קפסולות אספרסו 8 קולומביה 10 יח,יחידה,10.00,יחידה,false,1,17.00,1.7000,true,1,37944
7290110566975,false,דנונה פרו תות עשיר ב,שטראוס,,דנונה פרו תות עשיר בחלבון 20גרם 200 גרם,גרמים,200.00,100 גרם,false,12,6.10,3.0500,true,1,36475
7290110568238,false,קצפת צמחית 250גר יטב,שטראוס,IL,קצפת צמחית 250גר יטבתה 21% שומן,מיליליטרים,250.00,"100 מ""ל",false,18,8.50,3.4000,true,1,38343
7290110568276,false,משקה פרו וניל 350מל,שטראוס,,משקה פרו וניל 350מל 25גר חלבון יטבתה,מיליליטרים,350.00,"100 מ""ל",false,12,6.50,1.8571,true,1,37443
7290110568498,false,קונפיטורה תות מתיקות,,,קונפיטורה תות מתיקות מעודנת 265 גרם,גרמים,265.00,100 גרם,false,1,13.90,5.2453,true,1,41176
7290110568511,false,קונפיטורה פירות יער,,,קונפיטורה פירות יער מתיקות מעודנת265ג,גרמים,265.00,100 גרם,false,1,13.90,5.2453,true,1,41175
7290110570224,false,משקה קפה קר 230 מל ב,שטראוס,IL,משקה קפה קר 230 מל בטעם עוגיות יטבתה,מיליליטרים,230.00,"100 מ""ל",false,10,7.90,3.4348,true,1,60770
7290110571184,false,עדשים חומות טעם הטבע,,IT,עדשים חומות טעם הטבע 380 גרם,גרמים,380.00,100 גרם,false,16,6.90,1.8158,true,1,60686
7290110571375,false,מארז 4יח אנרגי מיקס,,IT,מארז 4יח אנרגי מיקס שקד קוקס שוקולד,גרמים,100.00,100 גרם,false,16,16.90,16.9000,true,1,60692
7290110571382,false,דנונה פרו 11גר חלבון,שטראוס,IL,דנונה פרו 11גר חלבון טעם וניל 150גר,גרמים,150.00,100 גרם,false,12,5.50,3.6667,true,1,58533
7290110571405,false,עוגיות מיני פינוקיות,,,עוגיות מיני פינוקיות פסק זמן 180 ג,גרמים,180.00,100 גרם,false,1,10.90,6.0556,true,1,61642
7290110571412,false,עוגיות מיני פינוקיות,,,עוגיות מיני פינוקיות פאדג 180 ג,גרמים,180.00,100 גרם,false,1,10.90,6.0556,true,1,61643
7290110571474,false,גלילי ופל רבע לשבע פ,,,גלילי ופל רבע לשבע פופקורן 125 גרם,גרמים,125.00,100 גרם,false,1,12.90,10.3200,true,1,60353
7290110571481,false,קפה נמס אבקתי משפטים,,,קפה נמס אבקתי משפטים 200 גרם,גרמים,200.00,100 גרם,false,1,22.00,11.0000,true,1,60696
7290110572129,false,חטיף כיף כף מקלות שו,,,חטיף כיף כף מקלות שוקולד לבן 40גר,Unknown,0.00,Unknown,false,1,5.50,0.0000,true,1,61641
7290110572884,false,קפסולות אספרסו 20 חז,,,קפסולות אספרסו 20 חזק 10 יח,יחידה,10.00,יחידה,false,1,17.00,1.7000,true,1,61644
7290110572969,false,חטיף כיף כף פצפצים ל,,,חטיף כיף כף פצפצים לבן 40 גר,Unknown,0.00,Unknown,false,1,5.50,0.0000,true,1,60767
7290110576318,false,מארז 3יח שוקולד פרה,,FR,מארז 3יח שוקולד פרה לבן אגוזים100 גרם,גרמים,300.00,100 גרם,false,8,25.90,8.6333,true,1,61116
7290110576370,false,מארז 3יח שוקולד פרה,,FR,מארז 3יח שוקולד פרה מריר אגוזים100 גרם,גרמים,300.00,100 גרם,false,8,25.90,8.6333,true,1,61115
7290110576387,false,מארז 3יח שוקולד פרה,,FR,מארז 3יח שוקולד פרה חלב אגוזים100 גרם,גרמים,300.00,100 גרם,false,8,25.90,8.6333,true,1,61114
7290110576752,false,שוקולד ספלנדיד 70% מ,,,שוקולד ספלנדיד 70% מריר 100 גר,גרמים,100.00,100 גרם,false,1,10.90,10.9000,true,1,61618
7290110576776,false,שוקולד ספלנדיד 85% מ,,,שוקולד ספלנדיד 85% מריר 100 גר,גרמים,100.00,100 גרם,false,1,10.90,10.9000,true,1,61619
7290110576868,false,מארז 4 יח סופר גמדים,,,מארז 4 יח סופר גמדים סלט פירות 400 גרם,גרמים,400.00,100 גרם,false,1,11.90,2.9750,true,1,61705
7290111340109,false,מגן תחתון דיפנד אקטי,חוגלה קימברלי,,מגן תחתון דיפנד אקטיב נשים 22 יח,יחידה,22.00,יחידה,false,1,18.90,0.8591,true,1,40268
7290111340116,false,נייר טואלט לילי נטור,חוגלה קימברלי,,נייר טואלט לילי נטורל קר 32 גלילים,יחידה,32.00,יחידה,false,1,49.90,1.5594,true,1,37287
7290111340178,false,מטליות לחות לניקוי כ,,,מטליות לחות לניקוי כללי דוחה אבק 50יח,יחידה,50.00,יחידה,false,1,16.90,0.3380,true,1,31388
7290111340185,false,מטליות לחות לרצפה ני,,,מטליות לחות לרצפה ניקול בניחוח מרכך 10יח,יחידה,10.00,יחידה,false,1,13.90,1.3900,true,1,31387
7290111340956,false,מטליות לחות לניקוי ר,,,מטליות לחות לניקוי רצפות 10יח מהדורת ספא,יחידה,10.00,יחידה,false,1,12.90,1.2900,true,1,35423
7290111341359,false,רדיד אלומיניום 60מטר,,,רדיד אלומיניום 60מטר+סכין חיתוך ניקול,מטרים,60.00,מטר,false,1,42.90,0.7150,true,1,38326
7290111341496,false,תחבושות מיני דיפנד א,חוגלה קימברלי,,תחבושות מיני דיפנד אקטיב נשים 14 יח,יחידה,14.00,יחידה,false,1,19.90,1.4214,true,1,40269
7290111341526,false,תחבושות קוטקס אקטיב,KC Turkey,,תחבושות קוטקס אקטיב נורמל 24יח דואו,יחידה,24.00,יחידה,false,12,21.90,0.9125,true,1,42186
7290111341557,false,טמפונים קוטקס אקטיב,KC Turkey,,טמפונים קוטקס אקטיב סופר 32 יח,יחידה,32.00,יחידה,false,12,26.90,0.8406,true,1,42189
7290111341984,false,מארז 4יח נייר טואלט,עלבד,IL,מארז 4יח נייר טואלט לח לילי 40יח,יחידה,160.00,יחידה,false,8,19.90,0.1244,true,1,43402
7290111342059,false,מטליות לחות אנטיבקטר,,,מטליות לחות אנטיבקטריאלי מפחית ריחות 50י,יחידה,50.00,יחידה,false,1,16.90,0.3380,true,1,44829
7290111342073,false,מטליות מיקרופייבר אנ,,,מטליות מיקרופייבר אנטיבקטריאלי 2יח ניקול,יחידה,2.00,יחידה,false,1,15.90,7.9500,true,1,44831
7290111342189,false,מפיות אירוח ניקול חד,חוגלה קימברלי,,מפיות אירוח ניקול חד שכבתי150יח 30/30סמ,יחידה,150.00,יחידה,false,14,9.90,0.0660,true,1,43951
7290111342523,false,מפיות אירוח ניקול חד,חוגלה קימברלי,,מפיות אירוח ניקול חד שכבתי100יח 33/33סמ,יחידה,100.00,יחידה,false,1,8.90,0.0890,true,1,43950
7290111342738,false,מארז 4יח נייר טואלט,עלבד,IL,מארז 4יח נייר טואלט לח לילי קידס 40יח,יחידה,160.00,יחידה,false,8,19.90,0.1244,true,1,44364
7290111343117,false,ממחטות אף קלינקס לוש,PAPALINAS,,ממחטות אף קלינקס לושן סופט זוג 140יח,יחידה,140.00,יחידה,false,30,14.90,0.1064,true,1,49364
7290111343124,false,נייר טואלט לילי כפול,חוגלה קימברלי,IL,נייר טואלט לילי כפול 24גלילים=48,יחידה,24.00,יחידה,false,1,54.90,2.2875,true,1,46689
7290111343797,false,מטליות לחות לניקוי ח,חוגלה קימברלי,IL,מטליות לחות לניקוי חלונות 48יח ניקול,יחידה,48.00,יחידה,false,24,12.90,0.2688,true,1,48273
7290111343841,false,ספוגית הקסם לנירוסטה,,,ספוגית הקסם לנירוסטה 3יח ניקול,יחידה,3.00,יחידה,false,24,12.90,4.3000,true,1,48275
7290111343858,false,מטליות לחות לרצפות א,,,מטליות לחות לרצפות אנטיבקטריאלי 10יח ניק,יחידה,10.00,יחידה,false,1,13.90,1.3900,true,1,46694
7290111344077,false,מארז 3יח מטליות לחות,,,מארז 3יח מטליות לחות אנטיבקטריאלי 50יח,יחידה,150.00,יחידה,false,1,26.90,0.1793,true,1,46693
7290111344145,false,מטליות מיקרופייבר לר,UFO,,מטליות מיקרופייבר לרצפות אנטיבקטראילי 2י,יחידה,2.00,יחידה,false,12,26.90,13.4500,true,1,48277
7290111344206,false,מארז 4יח מגבוני האגי,ווטנאפס,,מארז 4יח מגבוני האגיס נטורל קר 64יח,יחידה,256.00,יחידה,false,1,20.90,0.0816,true,1,56558
7290111344459,false,תחבושות קוטקס לילה א,KC Turkey,,תחבושות קוטקס לילה אקסטרה לונג 18יח,יחידה,18.00,יחידה,false,1,19.90,1.1056,true,1,51622
7290111344503,false,חיתולי האגיס אקסטרה,חוגלה קימברלי,,חיתולי האגיס אקסטרה קייר מידה 4+ 36יח,יחידה,36.00,יחידה,false,1,49.90,1.3861,true,1,51983
7290111344527,false,שקיות אשפה שחורות לפ,אשפלסט,IL,שקיות אשפה שחורות לפחים ענקיים 20יח,יחידה,20.00,יחידה,false,12,27.90,1.3950,true,1,50704
7290111344572,false,שקיות אשפה ניקול עם,,,שקיות אשפה ניקול עם ידיות 25יח,יחידה,25.00,יחידה,false,8,24.90,0.9960,true,1,56455
7290111344626,false,מארז 2יח מגבות מטבח,,IL,מארז 2יח מגבות מטבח אנטיבקטריאלי ניקול,יחידה,2.00,יחידה,false,24,22.90,11.4500,true,1,50707
7290111344633,false,משטח לייבוש כלים אנט,,IL,משטח לייבוש כלים אנטיבקטריאלי ניקול,יחידה,1.00,יחידה,false,12,22.90,22.9000,true,1,50706
7290111344701,false,שקיות סנדויצון ניקול,חוגלה קימברלי,IL,שקיות סנדויצון ניקול 250יח מיניונים,יחידה,250.00,יחידה,false,20,14.90,0.0596,true,1,61097
7290111344732,false,ממחטות אף קלינקס אלר,חוגלה קימברלי,IL,ממחטות אף קלינקס אלרגי קומפורט 140דף,יחידה,140.00,יחידה,false,30,14.90,0.1064,true,1,51626
7290111344824,false,מגן תחתון קוטקס אנטי,KC China,,מגן תחתון קוטקס אנטיבקטראלי לארג 52יח,יחידה,52.00,יחידה,false,1,21.90,0.4212,true,1,57792
7290111344879,false,מגן תחתון קוטקס 2 ב1,KC China,,מגן תחתון קוטקס 2 ב1 לארג 44 יחידות,יחידה,44.00,יחידה,false,1,21.90,0.4977,true,1,57791
7290111344916,false,מארז 6יח כרית יפנית,חוגלה קימברלי,IL,מארז 6יח כרית יפנית אנטיבקטריאלי ניקול,יחידה,6.00,יחידה,false,24,16.90,2.8167,true,1,51623
7290111344930,false,מטליות לחות לניקוי ר,,,מטליות לחות לניקוי רצפות 10יח ניחוח מרכך,יחידה,10.00,יחידה,false,1,12.90,1.2900,true,1,56451
7290111344978,false,רדיד אלומיניום 60מטר,,,רדיד אלומיניום 60מטר עבה,מטרים,60.00,מטר,false,1,41.90,0.6983,true,1,51621
7290111345050,false,כריות ניקוי מיקרופיי,,,כריות ניקוי מיקרופייבר דו צדדי 2יח ניקול,יחידה,2.00,יחידה,false,20,14.90,7.4500,true,1,56454
7290111345722,false,שקיות לשמירת הטריות,,,שקיות לשמירת הטריות 5יח ניקול,יחידה,5.00,יחידה,false,24,16.90,3.3800,true,1,60272
7290111345982,false,דפי ספוגית הקסם 10יח,UFO,,דפי ספוגית הקסם 10יח ניקול,יחידה,10.00,יחידה,false,24,10.90,1.0900,true,1,58674
7290111346088,false,נייר טואלט מולט אקסט,חוגלה קימברלי,IL,נייר טואלט מולט אקסטרא לאב 30גלילים,יחידה,30.00,יחידה,false,1,27.90,0.9300,true,1,59685
7290111346293,false,מארז 6יח מגבות נייר,חוגלה קימברלי,,מארז 6יח מגבות נייר למטבח ניקול,יחידה,6.00,יחידה,false,1,12.90,2.1500,true,1,59684
7290111346347,false,מארז 5 יח מגבוני אף,חוגלה קימברלי,,מארז 5 יח מגבוני אף קלינקס בניילון,יחידה,5.00,יחידה,false,18,15.90,3.1800,true,1,60743
7290111350719,false,חטיף נאצוס סגנון מסע,,,חטיף נאצוס סגנון מסעדות 322 גרם,גרמים,322.00,100 גרם,false,1,17.90,5.5590,true,1,41134
7290111350726,false,חטיף נאצוס סגנון מקס,,,חטיף נאצוס סגנון מקסיקני 322 גרם,גרמים,322.00,100 גרם,false,1,17.90,5.5590,true,1,41133
7290111351112,false,ביסקויט סנדוויץ צוקט,,ES,ביסקויט סנדוויץ צוקטה קרם וניל 176 גרם,גרמים,176.00,100 גרם,false,12,6.50,3.6932,true,1,42566
7290111352249,false,מאג טרמי לואקר מעוצב,,,מאג טרמי לואקר מעוצב,Unknown,0.00,Unknown,false,1,9.90,0.0000,true,1,57809
7290111352430,false,ממרח תמרים טבעי קליי,טעמי הגליל,IL,ממרח תמרים טבעי קליית גת 440 גרם,גרמים,440.00,100 גרם,false,12,12.90,2.9318,true,1,45133
7290111352935,false,סוכריות טופי יוגטה מ,,,סוכריות טופי יוגטה ממולאות 600 גרם,גרמים,600.00,100 גרם,false,1,10.90,1.8167,true,1,47337
7290111352959,false,גומי שטיח יוגטה ממול,,,גומי שטיח יוגטה ממולא פירות 80 גר,Unknown,0.00,Unknown,false,1,4.90,0.0000,true,1,47413
7290111352966,false,גומי יוגטה מקלות ממו,סאדאט,,גומי יוגטה מקלות ממולאות 250 גרם,גרמים,250.00,100 גרם,false,1,6.90,2.7600,true,1,47411
7290111352973,false,גומי יוגטה קוביות חמ,סאדאט,,גומי יוגטה קוביות חמוצות 220גרם,גרמים,220.00,100 גרם,false,1,6.90,3.1364,true,1,47412
7290111353109,false,סוכריות גומי יוגטה נ,אפגאם תעשיות ממתקים,IL,סוכריות גומי יוגטה נחשים מבריק 200 גרם,גרמים,200.00,100 גרם,false,18,9.90,4.9500,true,1,49925
7290111353123,false,סוכריות גומי יוגטה נ,אפגאם תעשיות ממתקים,IL,סוכריות גומי יוגטה נחשים חמוצות 200 גרם,גרמים,200.00,100 גרם,false,18,9.90,4.9500,true,1,49926
7290111353437,false,חטיף ציפס בטטה ומלח,,,חטיף ציפס בטטה ומלח ים טבעוני 120 גרם,גרמים,120.00,100 גרם,false,12,13.90,11.5833,true,1,58642
7290111353444,false,חטיף ציפס בטטות ומלח,,,חטיף ציפס בטטות ומלח ים טבעוני 120 גרם,גרמים,120.00,100 גרם,false,12,13.90,11.5833,true,1,58643
7290111353550,false,חמאת בוטנים טבעית קל,J&G קיסריה,IL,חמאת בוטנים טבעית קליית גת 300 גרם,גרמים,350.00,100 גרם,false,12,14.90,4.2571,true,1,58296
7290111353567,false,ממרח שקדים קליית גת,J&G קיסריה,IL,ממרח שקדים קליית גת 300 גרם,גרמים,300.00,100 גרם,false,12,32.90,10.9667,true,1,58297
7290111354571,false,מארז צידנית לואקר עג,,,מארז צידנית לואקר עגולה,גרמים,700.00,100 גרם,false,1,41.90,5.9857,true,1,60255
7290111354588,false,קלמר מנטוס מרענן,שטורק,DE,קלמר מנטוס מרענן,Unknown,0.00,Unknown,false,1,16.90,0.0000,true,1,60567
7290111354595,false,מארז קוספת אוכל וופל,שטורק,DE,מארז קוספת אוכל וופל קנופרס 125 גרם,גרמים,125.00,100 גרם,false,1,12.90,10.3200,true,1,60566
7290111563492,false,סלט מטבוחה חריפה צבר,צבר,,סלט מטבוחה חריפה צבר מרובע 400גר,גרמים,400.00,100 גרם,false,1,12.90,3.2250,true,1,36489
7290111564277,false,פריכיות פיטנס דקות ד,פרח תעשיות,IL,פריכיות פיטנס דקות דגנים 120 גרם,גרמים,120.00,100 גרם,false,12,10.90,9.0833,true,1,31549
7290111564291,false,פריכיות פיטנס דקות ק,פרח תעשיות,IL,פריכיות פיטנס דקות קינואה 120 גרם,גרמים,120.00,100 גרם,false,12,10.90,9.0833,true,1,31550
7290111565038,false,גל. לה קרמריה וניל ק,גלידות נסטלה,,גל. לה קרמריה וניל קוקילידה 1.4 ליטר,מיליליטרים,1400.00,"100 מ""ל",false,1,18.90,1.3500,true,1,36735
7290111566066,false,חטיף מיקס במבה וביסל,"אסם תעשיות בע""מ",,חטיף מיקס במבה וביסלי 80 גר,גרמים,80.00,100 גרם,false,1,5.00,6.2500,true,1,36440
7290111566103,false,פלאפל רכיבים ביתיים,טבעול ישראל,,פלאפל רכיבים ביתיים 500גר טבעול,גרמים,500.00,100 גרם,false,1,32.90,6.5800,true,1,35126
7290111566127,false,מאגדת סנדביץ אוראו 6,גלידות נסטלה,,מאגדת סנדביץ אוראו 6יח,יחידה,6.00,יחידה,false,1,17.90,2.9833,true,1,35408
7290111566226,false,שניצל ברוקולי טבעול,טבעול ישראל,,שניצל ברוקולי טבעול 667גר,גרמים,667.00,100 גרם,false,1,32.90,4.9325,true,1,35123
7290111566271,false,חטיפי תירס טבעול 600,טבעול ישראל,IL,חטיפי תירס טבעול 600 גר,גרמים,600.00,100 גרם,false,1,33.90,5.6500,true,1,35117
7290111566318,false,שניצל דק מן הצומח טע,טבעול ישראל,IL,שניצל דק מן הצומח טעם ביתי 564גר טבעול,גרמים,564.00,100 גרם,false,1,32.90,5.8333,true,1,35118
7290111566332,false,נקניקיות וינר מן הצו,טבעול ישראל,,נקניקיות וינר מן הצומח טבעול 680 גר,גרמים,680.00,100 גרם,false,1,32.90,4.8382,true,1,35120
7290111566417,false,טחון מן הצומח 500 גר,טבעול ישראל,,טחון מן הצומח 500 גר טבעול,גרמים,500.00,100 גרם,false,1,32.90,6.5800,true,1,35134
7290111566547,false,חזה בגריל מן הצומח 5,טבעול ישראל,,חזה בגריל מן הצומח 560גר טבעול,גרמים,560.00,100 גרם,false,1,32.90,5.8750,true,1,35132
7290111566561,false,שניצל ברוקולי מופחת,טבעול ישראל,,שניצל ברוקולי מופחת שומן טבעול  560 גר,גרמים,560.00,100 גרם,false,1,32.90,5.8750,true,1,35128
7290111566585,false,שניצל מן הצומח מופחת,טבעול ישראל,,שניצל מן הצומח מופחת שומן 650 גר טבעול,גרמים,650.00,100 גרם,false,1,32.90,5.0615,true,1,35131
7290111566660,false,קציצות עדשים כתומות,טבעול ישראל,,קציצות עדשים כתומות טבעול 530 גר,גרמים,530.00,100 גרם,false,1,32.90,6.2075,true,1,35124
7290111566691,false,שניצל תרד טבעול לייט,טבעול ישראל,,שניצל תרד טבעול לייט 99קלוריות 560 גר,גרמים,560.00,100 גרם,false,1,32.90,5.8750,true,1,35129
7290111566714,false,המבורגר מן הצומח 600,טבעול ישראל,,המבורגר מן הצומח 600גר 99קלוריות טבעול,גרמים,600.00,100 גרם,false,1,32.90,5.4833,true,1,35130
7290111566752,false,שניצל תירס לייט 693,טבעול ישראל,,שניצל תירס לייט 693 גר טבעול,גרמים,693.00,100 גרם,false,1,32.90,4.7475,true,1,35127
7290111567018,false,פירורית כוסמין זהב 2,עינת,,פירורית כוסמין זהב 200 גרם,גרמים,200.00,100 גרם,false,1,7.50,3.7500,true,1,34827
7290111567759,false,עוגת דבש קלאסית 400,"אסם תעשיות בע""מ",,עוגת דבש קלאסית 400 גרם,גרמים,400.00,100 גרם,false,1,10.90,2.7250,true,1,37881
7290111568206,false,חטיף ביסלי מיקס פארט,"אסם תעשיות בע""מ",,מיקס ביסלי פארטי 150 גרם,גרמים,150.00,100 גרם,false,1,9.10,6.0667,true,1,36426
7290111568251,false,אטריות נודלס להקפצה,זארה,,אטריות נודלס להקפצה אוסם 350 גרם,גרמים,300.00,100 גרם,false,1,10.90,3.6333,true,1,37773
7290111568299,false,אטריות נודלס עם תרד,זארה,,אטריות נודלס עם תרד אוסם 300 גרם,גרמים,300.00,100 גרם,false,1,10.90,3.6333,true,1,37771
7290111568442,false,רוטב טריאקי מופחת מת,"אסם תעשיות בע""מ",,רוטב טריאקי מופחת מתרן וסוכר 290 מל,מיליליטרים,290.00,"100 מ""ל",false,1,12.90,4.4483,true,1,46358
7290111568466,false,רוטב אסייתי למוקפץ א,"אסם תעשיות בע""מ",,רוטב אסייתי למוקפץ אוסם 290 מל,מיליליטרים,290.00,"100 מ""ל",false,1,13.90,4.7931,true,1,37778
7290111930799,false,חטיף קראנצוס בצל 55,Mana,,חטיף קראנצוס בצל 70 גר,Unknown,0.00,Unknown,false,1,3.90,0.0000,true,1,32268
7290111930805,false,חטיף קראנצוס ברביקיו,Mana,,חטיף קראנצוס ברביקיו 70 גר,Unknown,0.00,Unknown,false,1,3.90,0.0000,true,1,32269
7290111930850,false,חטיף קראנצוס פיצה 55,Mana,,חטיף קראנצוס פיצה 70 גר,Unknown,0.00,Unknown,false,1,3.90,0.0000,true,1,32270
7290111930898,false,חטיף מנה פוף כוכבים,Mana,,חטיף מנה ציפס כוכבים גריל 40 גר,Unknown,0.00,Unknown,false,1,3.90,0.0000,true,1,34012
7290111930904,false,חטיף מנה פוף כוכבים,Mana,,חטיף מנה ציפס כוכבים בצל 40 גר,Unknown,0.00,Unknown,false,1,3.90,0.0000,true,1,34013
7290111930911,false,חטיף מנה פוף לבבות ק,Mana,,חטיף מנה ציפס קלאסי 40 גר,Unknown,0.00,Unknown,false,1,3.90,0.0000,true,1,34009
7290111930928,false,חטיף מנה פוף לבבות ג,Mana,,חטיף מנה ציפס גריל 40 גר,Unknown,0.00,Unknown,false,1,3.90,0.0000,true,1,34010
7290111930935,false,חטיף מנה פוף טבעות ק,Mana,,חטיף מנה ציפס טבעות קלאסי 40 גר,Unknown,0.00,Unknown,false,1,3.90,0.0000,true,1,34011
7290111931321,false,משחת שיניים קולגייט,CP-Poland swidnica,PL,משחת שיניים קולגייט ילדים מיניונים 6+,יחידה,1.00,יחידה,false,12,12.90,12.9000,true,1,37613
7290111933530,false,מיץ לימון 100% טבעי,ליאוטי ס.פ.א,IT,מיץ לימון 100% טבעי מאסטר שף 250 מל,מיליליטרים,250.00,"100 מ""ל",false,12,7.90,3.1600,true,1,39735
7290111933554,false,מארז 3 יח עגבניות קו,קונסורזיו קאסאלאסקו,IT,מארז 3 יח עגבניות קוביות מאסטר שף 400 גר,גרמים,1200.00,100 גרם,false,1,16.90,1.4083,true,1,58403
7290111933561,false,תערובת ציפוי לנאגטס,Mana,,תערובת ציפוי לנאגטס 200גרם,גרמים,200.00,100 גרם,false,1,8.90,4.4500,true,1,42456
7290111934032,false,רדיד אלומיניום קוקי,,CN,רדיד אלומיניום קוקי כוכבים עם סכין 60מטר,מטרים,60.00,מטר,false,12,29.90,0.4983,true,1,44609
7290111935961,false,מחית עגבניות מאסטר ש,פראנו אנריקו ופיגלי,IT,מחית עגבניות מאסטר שף 690 גרם,גרמים,690.00,100 גרם,false,12,10.90,1.5797,true,1,58461
7290111936203,false,דאו. ליידי ספיד סטיק,Colgate - Mexico,,דאו. ליידי ספיד סטיק ספריי דרמה ויטמין,מיליליטרים,150.00,"100 מ""ל",false,1,19.90,13.2667,true,1,41892
7290111936784,false,חטיף פרי תמרים אגוזי,FREE,,חטיף פרי תמרים אגוזי לוז כשלפ,גרמים,125.00,100 גרם,false,1,16.90,13.5200,true,1,40811
7290111937095,false,דאוד.ליידי ספיד סטיק,Colgate - Mexico,,דאוד.ליידי ספיד סטיק דרמה רול און אלוור,Unknown,0.00,Unknown,false,1,14.90,0.0000,true,1,49395
7290111937231,false,חטיף פרי תמרים וקוקו,FREE,,חטיף פרי תמרים וקוקוס כשלפ,גרמים,125.00,100 גרם,false,1,16.90,13.5200,true,1,40807
7290111937248,false,חטיף פרי תמרים קשיו,FREE,,חטיף פרי תמרים קשיו ונגיעות לוז  כשלפ,גרמים,125.00,100 גרם,false,1,16.90,13.5200,true,1,40808
7290111937255,false,חטיף פרי תמרים בוטני,FREE,,חטיף פרי תמרים בוטנים ואגוזי לוז כשלפ,גרמים,125.00,100 גרם,false,1,16.90,13.5200,true,1,40809
7290111937262,false,חטיף פרי תמרים אגוזי,FREE,,חטיף פרי תמרים אגוזים ושברי קקאו כשלפ,גרמים,125.00,100 גרם,false,1,16.90,13.5200,true,1,40810
7290111937712,false,רדיד אלומינים עם ניי,,CN,רדיד אלומינים עם נייר אפיה קוקי 7.5מטר,מטרים,7.50,מטר,false,20,12.90,1.7200,true,1,44611
7290111938498,false,רוטב סויה בהירה מאסט,Roberto,,רוטב סויה בהירה מאסטר שף 700מל,מיליליטרים,700.00,"100 מ""ל",false,1,13.90,1.9857,true,1,44885
7290111939174,false,ניילון נצמד עם גומי,,CN,ניילון נצמד עם גומי מידה לארג 18יח,יחידה,18.00,יחידה,false,15,9.90,0.5500,true,1,44614
7290111939181,false,ניילון נצמד עם גומי,,CN,ניילון נצמד עם גומי מיקס 20יח קוקי,יחידה,20.00,יחידה,false,15,9.90,0.4950,true,1,44615
7290112000057,false,גל כביסה וולייט 3ליט,רקיט בנקיזר,,גל כביסה וולייט 3ליטר כביסה כהה,ליטרים,3.00,ליטר,false,1,19.90,6.6333,true,1,34076
7290112000132,false,מפזר אדים אירוויק או,RB הונגריה,,מפזר אדים אירוויק אוטומטי לבנדר שקדים,יחידה,1.00,יחידה,false,1,39.90,39.9000,true,1,37261
7290112000163,false,מילוי מפזר אדים אירו,RB הונגריה,,מילוי מפזר אדים אירוויק אוטומטי לבנדר,יחידה,1.00,יחידה,false,1,24.90,24.9000,true,1,37264
7290112000286,false,גל לניקוי אסלות סילי,,,גל לניקוי אסלות סיליט באנג 750מל ציטרוס,מיליליטרים,750.00,"100 מ""ל",false,1,9.90,1.3200,true,1,35149
7290112000293,false,גל לניקוי אסלות סילי,,,גל לניקוי אסלות סיליט באנג 750מל מרענן,מיליליטרים,750.00,"100 מ""ל",false,1,9.90,1.3200,true,1,35150
7290112000385,false,דטול מנקה ומחטא מטבח,רקיט בנקיזר,PL,דטול מנקה ומחטא מטבח 750 מל,מיליליטרים,750.00,"100 מ""ל",false,12,14.90,1.9867,true,1,38564
7290112000392,false,דטול מנקה ומחטא אמבט,רקיט בנקיזר,PL,דטול מנקה ומחטא אמבטיה 750 מל,מיליליטרים,750.00,"100 מ""ל",false,12,14.90,1.9867,true,1,38565
7290112000408,false,דטול מנקה ומחטא לניק,רקיט בנקיזר,PL,דטול מנקה ומחטא לניקוי כללי 750 מל,מיליליטרים,750.00,"100 מ""ל",false,12,14.90,1.9867,true,1,38562
7290112000729,false,קרם להסרת שיער ויט ל,רקיט בנקיזר צרפת,FR,קרם להסרת שיער ויט לגבר 200מל,מיליליטרים,200.00,"100 מ""ל",false,6,49.90,24.9500,true,1,38060
7290112000736,false,טבליות למדיח הכל ב 1,RB פולין,,טבליות למדיח הכל ב 1 פיניש 80 יח,יחידה,80.00,יחידה,false,1,59.90,0.7487,true,1,37267
7290112000798,false,דטול מנקה ומחטא משטח,רקיט בנקיזר,PL,דטול מנקה ומחטא משטחים 750 מל,מיליליטרים,750.00,"100 מ""ל",false,12,14.90,1.9867,true,1,38566
7290112001023,false,מילוי מבשם אויר אוטו,RB בריטניה,,מילוי מבשם אויר אוטומטי אירוויק ת.אביב,יחידה,1.00,יחידה,false,1,15.90,15.9000,true,1,38555
7290112001030,false,מילוי מבשם אויר אוטו,RB בריטניה,,מילוי מבשם אויר אוטומטי אירוויק פ.דובדבן,יחידה,1.00,יחידה,false,1,15.90,15.9000,true,1,38556
7290112001221,false,נוזל קולון ניקוי מכו,רקיט בנקיזר,ES,נוזל קולון ניקוי מכונת כביסה 250מל,מיליליטרים,250.00,"100 מ""ל",false,12,14.90,5.9600,true,1,38824
7290112001238,false,נוזל קולון ניקוי מכו,רקיט בנקיזר,ES,נוזל קולון ניקוי מכונת כביסה 250מל לימון,מיליליטרים,250.00,"100 מ""ל",false,12,14.90,5.9600,true,1,38823
7290112001436,false,נוזל מנקה ומחדש פיני,RB פולין,,נוזל מנקה ומחדש פיניש לימון 250 מל,מיליליטרים,250.00,"100 מ""ל",false,1,14.90,5.9600,true,1,43888
7290112001870,false,ספריי סיליט באנג לני,RB פולין,,ספריי סיליט באנג לניקוי אמבטיות 750מל,מיליליטרים,750.00,"100 מ""ל",false,1,13.90,1.8533,true,1,42594
7290112001900,false,גל למדיח פיניש  הכל,RB פולין,,גל למדיח פיניש  הכל באחד 1 ליטר אקולוגי,ליטרים,1.00,ליטר,false,1,44.90,44.9000,true,1,42593
7290112002044,false,טבליות פיניש מנקה מד,רקיט בנקיזר,PL,טבליות פיניש מנקה מדיח כלים 4יח,יחידה,4.00,יחידה,false,12,15.90,3.9750,true,1,43340
7290112002099,false,גל כביסה קולון 2.5לי,רקיט בנקיזר,IL,גל כביסה קולון 2.5ליטר רגיל,מיליליטרים,2500.00,"100 מ""ל",false,6,26.90,1.0760,true,1,43343
7290112002105,false,גל כביסה קולון 2.5לי,רקיט בנקיזר,IL,גל כביסה קולון 2.5ליטר ניחוח לילך,מיליליטרים,2500.00,"100 מ""ל",false,6,26.90,1.0760,true,1,43346
7290112002129,false,גל כביסה קולון 2.5לי,רקיט בנקיזר,IL,גל כביסה קולון 2.5ליטר ניחוח פריחה,מיליליטרים,2500.00,"100 מ""ל",false,6,26.90,1.0760,true,1,43344
7290112002136,false,גל כביסה קולון 4ליטר,רקיט בנקיזר,IL,גל כביסה קולון 4ליטר מרוכז רגיל,ליטרים,4.00,ליטר,false,4,34.90,8.7250,true,1,43347
7290112002143,false,גל כביסה קולון 4ליטר,רקיט בנקיזר,IL,גל כביסה קולון 4ליטר מרוכז נ.לילך,ליטרים,4.00,ליטר,false,4,34.90,8.7250,true,1,43349
7290112002150,false,גל כביסה קולון 4ליטר,רקיט בנקיזר,IL,גל כביסה קולון 4ליטר מרוכז נ.ורדים,ליטרים,4.00,ליטר,false,4,34.90,8.7250,true,1,43350
7290112002167,false,גל כביסה קולון 4ליטר,רקיט בנקיזר,IL,גל כביסה קולון 4ליטר מרוכז נ.פריחה,ליטרים,4.00,ליטר,false,4,34.90,8.7250,true,1,43348
7290112002181,false,מטהר אויר אירוויק גל,רקיט בנקיזר,CN,מטהר אויר אירוויק גל מוצק ורדים 180גר,גרמים,180.00,100 גרם,false,12,10.90,6.0556,true,1,43321
7290112002457,false,מארז 3יח מגבוני דטול,רקיט בנקיזר,PL,מארז 3יח מגבוני דטול 60יח,יחידה,180.00,יחידה,false,12,24.90,0.1383,true,1,43352
7290112002983,false,סיליט באנג ניקוי כלל,רקיט בנקיזר,PL,סיליט באנג ניקוי כללי 750מל ר.טבעיים,מיליליטרים,750.00,"100 מ""ל",false,12,16.90,2.2533,true,1,46749
7290112002990,false,מסיר שומנים סיליט בא,רקיט בנקיזר,PL,מסיר שומנים סיליט באנג 750מל ר.טבעיים,מיליליטרים,750.00,"100 מ""ל",false,12,16.90,2.2533,true,1,46748
7290112003188,false,טבליות גל כביסה קולו,רקיט בנקיזר,,טבליות גל כביסה קולון 60 יח,יחידה,60.00,יחידה,false,6,54.90,0.9150,true,1,48671
7290112003256,false,אב.כביסה קולון 1.25ק,זוהר דליה,,אב.כביסה קולון 1.25קג בריח לבנדר,קילוגרמים,1.25,"ק""ג",false,1,12.90,10.3200,true,1,47623
7290112003423,false,מקלות ריחניים איירוו,,,מקלות ריחניים איירוויק אננס ורוזמרין80מל,Unknown,0.00,Unknown,false,1,29.90,0.0000,true,1,49859
7290112003461,false,מקלות ריחניים איירוו,,,מקלות ריחניים איירוויק ורדים גרניום 80מל,Unknown,0.00,Unknown,false,1,29.90,0.0000,true,1,49860
7290112003515,false,מ.אוויר אירוויק ספרי,RB בריטניה,,מ.אוויר אירוויק ספריי ורדים גרניום 236מל,מיליליטרים,236.00,"100 מ""ל",false,1,21.90,9.2797,true,1,49863
7290112003522,false,נר ריחני איירוויק אנ,,,נר ריחני איירוויק אננס ורוזמרין 205גר,גרמים,205.00,100 גרם,false,1,29.90,14.5854,true,1,49856
7290112003553,false,נר ריחני איירוויק יע,,,נר ריחני איירוויק יער ועשבי בר 205גר,גרמים,205.00,100 גרם,false,1,29.90,14.5854,true,1,49855
7290112003560,false,נר ריחני איירוויק ור,,,נר ריחני איירוויק ורדים וגרניום 205גר,גרמים,205.00,100 גרם,false,1,29.90,14.5854,true,1,49857
7290112003843,false,גל קלגון אנטי בקטריא,RB איטליה,,גל קלגון אנטי בקטריאלי 750מל,מיליליטרים,750.00,"100 מ""ל",false,1,29.90,3.9867,true,1,51595
7290112003959,false,אבקת וניש מסיר כתמים,RB איטליה,IT,אבקת וניש מסיר כתמים 470גר כביסה צבעונית,גרמים,470.00,100 גרם,false,12,17.90,3.8085,true,1,53017
7290112003997,false,אבקת וניש להסרת כתמי,RB איטליה,IT,אבקת וניש להסרת כתמים 1.62גר ורוד,גרמים,1620.00,100 גרם,false,6,34.90,2.1543,true,1,58401
7290112004024,false,גל כביסה וניש גולד ל,RB איטליה,,גל כביסה וניש גולד להסרת כתמים לבן940מל,מיליליטרים,940.00,"100 מ""ל",false,1,21.90,2.3298,true,1,56405
7290112004031,false,גל כביסה וניש גולד ל,RB איטליה,,גל כביסה וניש גולד להסרת כתמים ורוד940מל,מיליליטרים,940.00,"100 מ""ל",false,1,21.90,2.3298,true,1,56404
7290112004109,false,מארז 3יח מגבוני דטול,רקיט בנקיזר,PL,מארז 3יח מגבוני דטול לניקוי כללי 60יח,יחידה,180.00,יחידה,false,12,24.90,0.1383,true,1,49854
7290112004161,false,מילוי מבשם אויר אירו,RB בריטניה,,מילוי מבשם אויר אירוויק פרשמטיק פיור עשב,יחידה,1.00,יחידה,false,1,15.90,15.9000,true,1,49852
7290112004185,false,נוזל הברקה פיניש למד,RB פולין,PL,נוזל הברקה פיניש למדיח 400מל אקולוגי,מיליליטרים,400.00,"100 מ""ל",false,12,14.90,3.7250,true,1,53021
7290112004192,false,טבליות פיניש למדיח ה,RB פולין,PL,טבליות פיניש למדיח הכל באחד 70יח אקולוגי,יחידה,70.00,יחידה,false,8,59.90,0.8557,true,1,53022
7290112004208,false,טבליות פיניש למדיח ה,RB פולין,,טבליות פיניש למדיח הכל באחד 50יח לימון,יחידה,50.00,יחידה,false,1,34.90,0.6980,true,1,53020
7290112004413,false,ספריי וניש אוקסי אקש,RB פולין,,ספריי וניש אוקסי אקשן 750מל לבגדים לבנים,מיליליטרים,750.00,"100 מ""ל",false,1,16.90,2.2533,true,1,58921
7290112004604,false,מארז 3יח מגבוני דטול,רקיט בנקיזר,PL,מארז 3יח מגבוני דטול לניקוי כללי 60יח,יחידה,180.00,יחידה,false,12,24.90,0.1383,true,1,53025
7290112004611,false,גל וניש קליה פאואר 2,רקיט בנקיזר,IT,גל וניש קליה פאואר 200מל,מיליליטרים,200.00,"100 מ""ל",false,8,16.90,8.4500,true,1,58338
7290112004772,false,מילוי מבשם אויר חשמל,RB הונגריה,,מילוי מבשם אויר חשמלי כביסה באויר בודד,יחידה,1.00,יחידה,false,1,19.90,19.9000,true,1,60184
7290112004963,false,טבליות פיניש אולטימי,RB פולין,PL,טבליות פיניש אולטימייט למדיח 25 טבליות,יחידה,25.00,יחידה,false,1,34.90,1.3960,true,1,61168
7290112004970,false,טבליות פיניש למדיח א,RB פולין,,טבליות פיניש למדיח אולטימייט 50יח,יחידה,50.00,יחידה,false,1,59.90,1.1980,true,1,61170
7290112005045,false,אבקה להסרת כתמים וני,RB איטליה,IT,אבקה להסרת כתמים וניש כביסה לבנה 480גר,גרמים,480.00,100 גרם,false,12,14.90,3.1042,true,1,60195
7290112005052,false,אבקה להסרת כתמים וני,RB איטליה,IT,אבקה להסרת כתמים וניש כביסה לבנה 1.5קג,גרמים,1500.00,100 גרם,false,6,39.90,2.6600,true,1,60193
7290112005076,false,אבקה להסרת כתמים וני,RB איטליה,IT,אבקה להסרת כתמים וניש כביסה צבעוני 480גר,גרמים,480.00,100 גרם,false,12,14.90,3.1042,true,1,60196
7290112005083,false,אבקה להסרת כתמים וני,RB איטליה,IT,אבקה להסרת כתמים וניש כביסה צבעוני 1.5קג,גרמים,1500.00,100 גרם,false,6,39.90,2.6600,true,1,60194
7290112005168,false,טבליות פיניש קואנטום,RB פולין,PL,טבליות פיניש קואנטום לימון למדיח 60 יח,יחידה,60.00,יחידה,false,6,59.90,0.9983,true,1,61169
7290112191120,false,פסטהביצים אוריינט צו,פ.פ.ה טאביט,,פסטהביצים אוריינט צורות 400 גרם,גרמים,400.00,100 גרם,false,1,12.90,3.2250,true,1,38735
7290112192158,false,ניוקי תפוא ללא גלוטן,,,ניוקי תפוא ללא גלוטן 500 גר GFREE,גרמים,500.00,100 גרם,false,1,10.90,2.1800,true,1,41629
7290112192325,false,מכשיר חשמל דוחה יתוש,,,מכשיר חשמל דוחה יתושים ספירה+מילוי 45יום,יחידה,1.00,יחידה,false,1,29.90,29.9000,true,1,40241
7290112192332,false,ספירה דוחה יתושים טב,,,ספירה דוחה יתושים טבעי מילוי 45לילות,יחידה,1.00,יחידה,false,1,14.90,14.9000,true,1,40242
7290112192509,false,פירורי לחם GFREE  לל,אשבל מזון פונקציונלי,,פירורי לחם GFREE  ללא גלוטן 250  גר,גרמים,250.00,100 גרם,false,1,15.90,6.3600,true,1,40479
7290112192578,false,מש.שיניים פרודונטקס,,IE,מש.שיניים פרודונטקס הגנה מלאה 75מל,Unknown,0.00,Unknown,false,12,31.90,0.0000,true,1,43142
7290112192585,false,מברשת שינים פרדונטקס,גלקסוס סמית קליין,,מברשת שינים פרדונטקס הגנה מלאה,Unknown,0.00,Unknown,false,1,28.90,0.0000,true,1,43144
7290112192875,false,משחת שיניים סנסודיין,,GB,משחת שיניים סנסודיין רגישות וחניכיים 75מ,מיליליטרים,75.00,"100 מ""ל",false,12,31.90,42.5333,true,1,43561
7290112192882,false,משחת שיניים סנסודיין,,GB,משחת שיניים סנסודיין רגישות מלבינה 75מל,מיליליטרים,75.00,"100 מ""ל",false,12,31.90,42.5333,true,1,43562
7290112192905,false,מברשת שיניים סנסודיי,,DE,מברשת שיניים סנסודיין רגישות סופט,יחידה,1.00,יחידה,false,12,31.90,31.9000,true,1,43574
7290112193278,false,שמפו סטייל מתולתלות,א.ל. ארמן,IL,שמפו סטייל מתולתלות 600מל,מיליליטרים,600.00,"100 מ""ל",false,12,24.90,4.1500,true,1,46684
7290112193285,false,מרכך סטייל מתולתלות,א.ל. ארמן,IL,מרכך סטייל מתולתלות 600מל,מיליליטרים,600.00,"100 מ""ל",false,12,24.90,4.1500,true,1,46683
7290112193308,false,גלייז לשיער מתולתלות,א.ל. ארמן,IL,גלייז לשיער מתולתלות 400מל,מיליליטרים,400.00,"100 מ""ל",false,12,34.90,8.7250,true,1,46685
7290112193612,false,עוגיות לתה ללא גלוטן,,RS,עוגיות לתה ללא גלוטן 300 גר,גרמים,300.00,100 גרם,false,16,9.90,3.3000,true,1,50161
7290112193889,false,אל סבון סטייל תה שחו,,,אל סבון סטייל תה שחור 500מל,מיליליטרים,500.00,"100 מ""ל",false,1,8.90,1.7800,true,1,50999
7290112197085,false,אל סבון סטייל מעוצב,רנקסאן פלסטיק יאנגר,TR,אל סבון סטייל מעוצב פריז 500מל,מיליליטרים,500.00,"100 מ""ל",false,18,10.90,2.1800,true,1,61717
7290112197092,false,אל סבון סטייל מעוצב,רנקסאן פלסטיק יאנגר,TR,אל סבון סטייל מעוצב ניו יורק 500מל,מיליליטרים,500.00,"100 מ""ל",false,18,10.90,2.1800,true,1,61718
7290112197122,false,סבון ידיים סטייל אדו,רנקסאן פלסטיק יאנגר,TR,סבון ידיים סטייל אדום 500מל,מיליליטרים,500.00,"100 מ""ל",false,1,7.90,1.5800,true,1,58336
7290112197177,false,דגני בוקר במילוי קרם,נטורל קייקס,IL,דגני בוקר במילוי קרם נוגט גפרי ללג 375גר,גרמים,375.00,100 גרם,false,10,16.90,4.5067,true,1,59501
7290112197184,false,דגני בוקר במילוי קרם,נטורל קייקס,IL,דגני בוקר במילוי קרם קרמל גפרי ללג 375גר,גרמים,375.00,100 גרם,false,10,16.90,4.5067,true,1,59502
7290112197191,false,דגני בוקר כהים קרם ו,נטורל קייקס,IL,דגני בוקר כהים קרם וניל גפרי ללג 375גר,גרמים,375.00,100 גרם,false,10,16.90,4.5067,true,1,59503
7290112330352,false,דנונה פרו וניל עשיר,שטראוס,,דנונה פרו וניל עשיר בחלבון 20גרם 200 גרם,גרמים,200.00,100 גרם,false,1,6.10,3.0500,true,1,41749
7290112330390,false,דנונה פרו פירות יער,שטראוס,,דנונה פרו פירות יער עשיר בחלבון20גר 200ג,גרמים,200.00,100 גרם,false,1,6.10,3.0500,true,1,41750
7290112330420,false,דנונה פרו טבעי 150גר,שטראוס,IL,דנונה פרו טבעי 150גר 2.9%שומן 12גר חלבון,גרמים,150.00,100 גרם,false,24,4.90,3.2667,true,1,40407
7290112330970,false,שייק חלבון מי גבינה,שטראוס,IL,שייק חלבון מי גבינה 350מל פירות יער,מיליליטרים,350.00,"100 מ""ל",false,6,7.50,2.1429,true,1,40393
7290112330987,false,שייק חלבון מי גבינה,שטראוס,IL,שייק חלבון מי גבינה 350מל אפרסק מנגו,מיליליטרים,350.00,"100 מ""ל",false,6,7.50,2.1429,true,1,40392
7290112331984,false,שוק.פרה קראנץ בלאק ו,,,שוק.פרה קראנץ בלאק וויט 100 גר,גרמים,100.00,100 גרם,false,1,6.50,6.5000,true,1,44161
7290112332585,false,פריכיות אנרגי משולש,פרח תעשיות,,פריכיות אנרגי משולש סלק ומלח ים 30 גר,Unknown,0.00,Unknown,false,1,5.50,0.0000,true,1,41839
7290112332691,false,עוגיות קרם פסק זמן 2,,,עוגיות קרם פסק זמן 200 גרם,גרמים,200.00,100 גרם,false,1,10.90,5.4500,true,1,42482
7290112332875,false,מסטיק מאסט קוביות מנ,,,מסטיק מאסט קוביות מנטה עדינה 86 גרם,Unknown,0.00,Unknown,false,1,14.90,0.0000,true,1,41737
7290112334749,false,קפה טורקי עלית200+10,,,קפה טורקי עלית200+10%גרם,גרמים,200.00,100 גרם,false,1,16.90,8.4500,true,1,42732
7290112335043,false,מרשמלו בזוקה 150 גר,,,מרשמלו בזוקה 150 גר,גרמים,150.00,100 גרם,false,1,6.90,4.6000,true,1,41211
7290112335050,false,מרשמלו וניל 150 גרם,,,מרשמלו וניל 150 גרם,גרמים,150.00,100 גרם,false,1,6.90,4.6000,true,1,41212
7290112335111,false,מסטיק מאסט קוביות בז,,,מסטיק מאסט קוביות בזוקה 86 גרם,Unknown,0.00,Unknown,false,1,14.90,0.0000,true,1,41736
7290112335487,false,פריכיות אנרגי קצח וד,פרח תעשיות,,פריכיות אנרגי קצח ודגנים 135 גר,גרמים,135.00,100 גרם,false,1,11.90,8.8148,true,1,41735
7290112335494,false,פריכיות אנרגי פוטטוס,פרח תעשיות,,פריכיות אנרגי פוטטוס 135 גר,גרמים,135.00,100 גרם,false,1,11.90,8.8148,true,1,41734
7290112335500,false,פריכיות אנרגי מועשר,פרח תעשיות,,פריכיות אנרגי מועשר בחלבון 135 גר,גרמים,135.00,100 גרם,false,1,11.90,8.8148,true,1,41733
7290112336637,false,סוכ.מאסט יוגרט תות א,,,סוכ.מאסט יוגרט תות אוכ ללס 80 גר,גרמים,80.00,100 גרם,false,1,8.90,11.1250,true,1,43335
7290112336644,false,סוכ.מאסט לימון ללס80,,,סוכ.מאסט לימון ללס80 גר,Unknown,0.00,Unknown,false,1,8.90,0.0000,true,1,43336
7290112336651,false,סוכ.מאסט ריבת חלב לל,,,סוכ.מאסט ריבת חלב ללס80 גר,Unknown,0.00,Unknown,false,1,8.90,0.0000,true,1,43339
7290112336712,false,דנונה פרו 21גר חלבון,שטראוס,,דנונה פרו 21גר חלבון 0%שומן 200גר,גרמים,200.00,100 גרם,false,1,6.10,3.0500,true,1,40989
7290112337474,false,סוכ.מאסט פטל לימון ל,,,סוכ.מאסט פטל לימון ללס80 גר,Unknown,0.00,Unknown,false,1,8.90,0.0000,true,1,43337
7290112337481,false,סוכ.מאסט קפוצינו ללס,,,סוכ.מאסט קפוצינו ללס80 גר,Unknown,0.00,Unknown,false,1,8.90,0.0000,true,1,43338
7290112338877,false,גבינת סקי תות 125גרם,שטראוס,,גבינת סקי תות 125גרם,גרמים,125.00,100 גרם,false,1,4.10,3.2800,true,1,40046
7290112339294,false,דנונה אקטיביה ציה אפ,שטראוס,IL,דנונה אקטיביה ציה אפרסק 3% 150 גר,גרמים,150.00,100 גרם,false,24,4.70,3.1333,true,1,43241
7290112339362,false,יוגורט דנונה לייט אנ,שטראוס,IL,יוגורט דנונה לייט אנד פריי קפוצינו 150גר,גרמים,150.00,100 גרם,false,24,4.90,3.2667,true,1,43870
7290112339867,false,מעדן  גמדים  סקוויז,שטראוס,IL,מעדן  גמדים  סקוויז תות 100גר בודד,גרמים,100.00,100 גרם,false,7,5.90,5.9000,true,1,40404
7290112339874,false,מעדן  גמדים  סקוויז,שטראוס,IL,מעדן  גמדים  סקוויז תות בננה 100גר בודד,גרמים,100.00,100 גרם,false,7,5.90,5.9000,true,1,40405
7290112339911,false,דניאלה פטל 88 גרם,,,דניאלה פטל 88 גרם,Unknown,0.00,Unknown,false,1,4.50,0.0000,true,1,41885
7290112340122,false,פריכיות אנרגי 3 דגני,פרח תעשיות,,פריכיות אנרגי 3 דגנים 135 גר,גרמים,135.00,100 גרם,false,1,11.90,8.8148,true,1,41732
7290112340245,false,מסטיק מאסט דובדבן 66,,,מסטיק מאסט דובדבן 66 גר,Unknown,0.00,Unknown,false,1,10.00,0.0000,true,1,41171
7290112340276,false,עוגיות קרם קפה נמס 2,,,עוגיות קרם קפה נמס 200 גרם,גרמים,200.00,100 גרם,false,1,10.90,5.4500,true,1,42483
7290112340900,false,קפה האג טורקי ואקום,,,קפה האג טורקי ואקום 200 גרם,גרמים,200.00,100 גרם,false,1,26.90,13.4500,true,1,49218
7290112341006,false,מארז מילקי קצפת עם 2,,,מארז מילקי קצפת עם 2 כפיות שוקולד 172 גר,גרמים,172.00,100 גרם,false,1,8.90,5.1744,true,1,41521
7290112341556,false,דנונה אקטיביה ציה תו,שטראוס,IL,דנונה אקטיביה ציה תות 3% 150 גר,גרמים,150.00,100 גרם,false,24,4.70,3.1333,true,1,43240
7290112341679,false,יוגורט דנונה אקטיביה,שטראוס,IL,יוגורט דנונה אקטיביה 3% 200גר,גרמים,200.00,100 גרם,false,24,3.90,1.9500,true,1,43239
7290112341686,false,מארז יוגורט אקטיביה,,,מארז יוגורט אקטיביה 3% 8יח 150גרם,גרמים,1200.00,100 גרם,false,1,19.90,1.6583,true,1,43242
7290112342102,false,גב.סימפוניה בצל מקור,שטראוס,,גב.סימפוניה בצל מקורמל 200 גרם,גרמים,160.00,100 גרם,false,1,11.90,7.4375,true,1,45165
7290112342195,false,חטיף תפוציפס מקלות ט,STRAUSS-ISRAEL,,חטיף תפוציפס מקלות טבעי 200 גרם,גרמים,200.00,100 גרם,false,1,11.00,5.5000,true,1,44505
7290112342508,false,חטיף דוריטוס קול ראנ,STRAUSS-ISRAEL,,חטיף דוריטוס ציז סוויט 70 ג,גרמים,70.00,100 גרם,false,1,4.00,5.7143,true,1,44129
7290112343260,false,רוטב שמנת קלאסי יטבת,,,רוטב שמנת קלאסי יטבתה 9% 260גר,גרמים,260.00,100 גרם,false,1,11.90,4.5769,true,1,44121
7290112343420,false,משקה פרו ארוחת בוקר,שטראוס,IL,משקה פרו ארוחת בוקר 350מל,מיליליטרים,350.00,"100 מ""ל",false,6,7.50,2.1429,true,1,44118
7290112343499,false,חטיף ציטוס פופס גבינ,STRAUSS-ISRAEL,,חטיף ציטוס פופס גבינה 55 גרם,Unknown,0.00,Unknown,false,1,3.60,0.0000,true,1,53545
7290112343512,false,חטיף ציטוס פופס גבינ,STRAUSS-ISRAEL,,חטיף ציטוס פופס גבינה 160 גרם,גרמים,160.00,100 גרם,false,9,8.90,5.5625,true,1,53547
7290112344564,false,פסטה  רביולי  גבינה,שטראוס,,פסטה  רביולי  גבינה 400 גרם קידס,גרמים,400.00,100 גרם,false,1,19.90,4.9750,true,1,43234
7290112344724,false,מילקי בטעם ש. בלונדי,שטראוס,IL,מילקי בטעם ש. בלונדי 170 גרם,גרמים,170.00,100 גרם,false,24,3.50,2.0588,true,1,44108
7290112344748,false,מילקי אקסטרא שוקולד,שטראוס,IL,מילקי אקסטרא שוקולד עם קצפת קפוצינו 133ג,גרמים,133.00,100 גרם,false,24,4.00,3.0075,true,1,57389
7290112344755,false,מעדן מילקי מופחת סוכ,,,מעדן מילקי מופחת סוכר 135גר,גרמים,135.00,100 גרם,false,1,2.90,2.1481,true,1,49983
7290112344786,false,קפה נמס פלטינום קלאס,,,קפה נמס פלטינום קלאסי 200 גרם,גרמים,200.00,100 גרם,false,1,25.90,12.9500,true,1,45081
7290112344946,false,גב.סימפוניה זעתר שמן,שטראוס,IL,גב.סימפוניה זעתר שמן זית 5% 200 גרם,גרמים,200.00,100 גרם,false,12,11.90,5.9500,true,1,45879
7290112344953,false,גבינת סימפוניה חציל,שטראוס,,גבינת סימפוניה חציל קלוי 200גר,גרמים,200.00,100 גרם,false,1,11.90,5.9500,true,1,50948
7290112346360,false,בפלות אחת אחת מצופות,,,בפלות אחת אחת מצופות 240 גרם,גרמים,240.00,100 גרם,false,1,13.90,5.7917,true,1,57406
7290112346537,false,עוגיות קרם טורטית 20,,,עוגיות קרם טורטית 200 גרם,גרמים,200.00,100 גרם,false,1,10.90,5.4500,true,1,44167
7290112346629,false,יוגורט דנונה בר קורנ,,,יוגורט דנונה בר קורנפלקס מצופה שוקולד172,גרמים,172.00,100 גרם,false,1,4.70,2.7326,true,1,46816
7290112346773,false,יוגורט דנונה לייט אנ,שטראוס,IL,יוגורט דנונה לייט אנד פריי וניל וחלבון,גרמים,150.00,100 גרם,false,24,4.90,3.2667,true,1,50502
7290112346797,false,דנונה אקטיביה שבולת,שטראוס,IL,דנונה אקטיביה שבולת שועל ושזיף 3% 150 גר,גרמים,150.00,100 גרם,false,24,4.70,3.1333,true,1,45882
7290112347008,false,מעדן  גמדים  סקוויז,שטראוס,IL,מעדן  גמדים  סקוויז ארוחת בוקר תות 100ג,גרמים,100.00,100 גרם,false,7,5.90,5.9000,true,1,44114
7290112347015,false,יוגורט סקוויז תות וש,שטראוס,IL,יוגורט סקוויז תות ושבולת שועל 125 גר,גרמים,125.00,100 גרם,false,5,5.90,4.7200,true,1,48698
7290112347275,false,מארז קפה נמס200 גרם+,,,מארז קפה נמס200 גרם+ספל מתנה,גרמים,200.00,100 גרם,false,1,22.00,11.0000,true,1,47753
7290112347800,false,מארז קפה נמס פלטינום,,,מארז קפה נמס פלטינום ברזילאי+ריפיל250גר,גרמים,250.00,100 גרם,false,1,25.90,10.3600,true,1,45528
7290112348142,false,שעועית לבנה טעם הטבע,,IT,שעית לבנה עטעם הטבע 380 גרם,גרמים,380.00,100 גרם,false,16,6.90,1.8158,true,1,46905
7290112348234,false,חטיף פסק פטיסרי קרם,,,חטיף פסק פטיסרי קרם פטל 35 גר,Unknown,0.00,Unknown,false,1,6.10,0.0000,true,1,48921
7290112348609,false,קפה נמס מאפה קימון 1,,,קפה נמס מאפה קימון 100 גרם,גרמים,100.00,100 גרם,false,1,15.90,15.9000,true,1,49354
7290112348616,false,קפה נמס אגוזי לוז 10,,,קפה נמס אגוזי לוז 100 גרם,גרמים,100.00,100 גרם,false,1,15.90,15.9000,true,1,49355
7290112348999,false,פריכיות אנרגי תירס ד,פרח תעשיות,,פריכיות אנרגי תירס דקות 135 גר,גרמים,135.00,100 גרם,false,1,11.90,8.8148,true,1,50114
7290112349316,false,מסטיק בזוקה ביג פופי,,,מסטיק בזוקה ביג פופים טעם תות 86 גרם,Unknown,0.00,Unknown,false,1,14.90,0.0000,true,1,45866
7290112349606,false,דניאלה תות בננה 88גר,,,דניאלה תות בננה 88גרם,Unknown,0.00,Unknown,false,1,4.50,0.0000,true,1,57793
7290112349644,false,מעדן דניאלה פירות יע,,,מעדן דניאלה פירות יער 88 גרם,Unknown,0.00,Unknown,false,1,4.50,0.0000,true,1,59531
7290112349705,false,רוטב פסטה פומודורו י,אמיליאנה קונסרב ס.פ.,IT,רוטב פסטה פומודורו יד מרדכי 350 גרם,גרמים,350.00,100 גרם,false,12,11.90,3.4000,true,1,45331
7290112349736,false,רוטב פסטה בזיליקום י,אמיליאנה קונסרב ס.פ.,IT,רוטב פסטה בזיליקום יד מרדכי 350 גרם,גרמים,350.00,100 גרם,false,12,11.90,3.4000,true,1,45330
7290112349743,false,רוטב פסטה ארביאטה יד,אמיליאנה קונסרב ס.פ.,IT,רוטב פסטה ארביאטה יד מרדכי 350 גרם,גרמים,350.00,100 גרם,false,12,11.90,3.4000,true,1,45329
7290112349750,false,רוטב פיצה יד מרדכי 3,אמיליאנה קונסרב ס.פ.,IT,רוטב פיצה יד מרדכי 350 גרם,גרמים,350.00,100 גרם,false,12,11.90,3.4000,true,1,45332
7290112349897,false,מסטיק מאסט קוביות מנ,,,מסטיק מאסט קוביות מנטה 86 גרם,Unknown,0.00,Unknown,false,1,14.90,0.0000,true,1,45867
7290112350275,false,קפסולות אספרסו לונגו,,,קפסולות אספרסו לונגו בווסט12 יח,יחידה,12.00,יחידה,false,1,17.00,1.4167,true,1,45234
7290112350312,false,קפסולות אספרסו 15 עו,,,קפסולות אספרסו 15 עוצמתי ביותר 10 יח,יחידה,10.00,יחידה,false,1,17.00,1.7000,true,1,48239
7290112350589,false,קפה ציקו אבקה 65 גר,,,קפה ציקו אבקה 65 גר,Unknown,0.00,Unknown,false,1,12.90,0.0000,true,1,47752
7290112351258,false,עוגיות פינוקיות שחור,,,עוגיות פינוקיות שחור לבן 200 גרם,גרמים,200.00,100 גרם,false,1,10.90,5.4500,true,1,48236
7290112351463,false,מארז 3 יח סוכ.מאסט פ,,,מארז 3 יח סוכ.מאסט פרש פטל לימון 45 גר,גרמים,135.00,100 גרם,false,1,8.90,6.5926,true,1,47393
7290112351470,false,מארז 3 יח סוכ.מאסט פ,,,מארז 3 יח סוכ.מאסט פרש רימון תות 45 גר,גרמים,135.00,100 גרם,false,1,8.90,6.5926,true,1,47394
7290112351524,false,עלי סלנובה טעם הטבע,שטראוס,,עלי סלנובה טעם הטבע 200 גרם,גרמים,200.00,100 גרם,false,1,9.90,4.9500,true,1,47797
7290112351807,false,שוקולד פרה בלונדי חל,,,שוקולד פרה בלונדי חלק 100 גרם,גרמים,100.00,100 גרם,false,1,7.90,7.9000,true,1,51738
7290112352569,false,משקה חלבון מי גבינה,שטראוס,IL,משקה חלבון מי גבינה ט.אפרסק 350מל,מיליליטרים,350.00,"100 מ""ל",false,6,7.50,2.1429,true,1,56474
7290112352781,false,עלית קופסת ממתקים 1.,,,סלסלת ממתקים עלית 1.166 קג,גרמים,1166.00,100 גרם,false,1,114.90,9.8542,true,1,51035
7290112353412,false,פריכיות אנרגי משולש,פרח תעשיות,,פריכיות אנרגי משולש ירקות וקטניות 30 גר,Unknown,0.00,Unknown,false,1,5.50,0.0000,true,1,48237
7290112353887,false,משקה קפה קר טעם אגוז,שטראוס,IL,משקה קפה קר טעם אגוזים יטבתה 230מל,מיליליטרים,230.00,"100 מ""ל",false,10,7.90,3.4348,true,1,47550
7290112354204,false,ארוחת ספגטי עגבניות,,IL,ארוחת ספגטי עגבניות דלישס 280גר,גרמים,280.00,100 גרם,false,1,21.90,7.8214,true,1,56457
7290112354235,false,ברקטה פיצה 300גר דלי,,IL,ברקטה פיצה 300גר דלישס,גרמים,300.00,100 גרם,false,10,25.90,8.6333,true,1,56465
7290112354242,false,קונוס פיצה 280גר דלי,,IL,קונוס פיצה 280גר דלישס,גרמים,280.00,100 גרם,false,6,25.90,9.2500,true,1,56512
7290112354945,false,חטיף תפוציפס וואוי ט,STRAUSS-ISRAEL,,חטיף תפוציפס וואוי טבעי 50 גרם,Unknown,0.00,Unknown,false,1,4.30,0.0000,true,1,61473
7290112354952,false,חטיף תפוציפס וואוי פ,STRAUSS-ISRAEL,,חטיף תפוציפס וואוי פפריקה 50 גרם,Unknown,0.00,Unknown,false,1,4.30,0.0000,true,1,61474
7290112354969,false,חטיף תפוציפס וואוי ט,STRAUSS-ISRAEL,,חטיף תפוציפס וואוי טבעי 200 גר,גרמים,200.00,100 גרם,false,1,11.00,5.5000,true,1,61475
7290112355027,false,דנונה פרו קרמל מלוח,שטראוס,,דנונה פרו קרמל מלוח בחלבון 20גרם 200 גרם,גרמים,200.00,100 גרם,false,1,6.10,3.0500,true,1,49981
7290112355058,false,דנונה פרו טעם רימון,שטראוס,,דנונה פרו טעם רימון 20גרם חלבון 200 גרם,גרמים,200.00,100 גרם,false,1,6.10,3.0500,true,1,53268
7290112355102,false,מעדן  גמדים  סקוויז,שטראוס,IL,מעדן  גמדים  סקוויז סלט פירות 100גר בודד,גרמים,100.00,100 גרם,false,7,5.90,5.9000,true,1,50507
7290112355317,false,רביולי רוטב פיצה 400,שטראוס,,רביולי רוטב פיצה 400 גרם,גרמים,400.00,100 גרם,false,1,19.90,4.9750,true,1,52435
7290112355393,false,רוטב שמנת בטטה 257גר,שטראוס,IL,רוטב שמנת בטטה 257גרם יטבתה,גרמים,257.00,100 גרם,false,18,11.90,4.6304,true,1,61697
7290112355744,false,גבינת סקי טעם קוקוס,שטראוס,,גבינת סקי טעם קוקוס 125גרם,גרמים,125.00,100 גרם,false,1,4.10,3.2800,true,1,57388
7290112355775,false,גבינת סימפוניה עירית,,,גבינת סימפוניה עירית 200גר,גרמים,200.00,100 גרם,false,1,11.90,5.9500,true,1,60771
7290112355812,false,מילקי טופ קורנפלקס 1,,,מילקי טופ קורנפלקס 141 גרם,גרמים,141.00,100 גרם,false,1,4.90,3.4752,true,1,59723
7290112355829,false,מילקי טופ קרם וניל ע,שטראוס,IL,מילקי טופ קרם וניל עוגיות 157גר,גרמים,157.00,100 גרם,false,20,4.90,3.1210,true,1,57800
7290112355850,false,מילקי טופ מקופלת 143,שטראוס,IL,מילקי טופ מקופלת 143גר,גרמים,143.00,100 גרם,false,20,4.90,3.4266,true,1,56158
7290112355867,false,מילקי קצפת טופ פיצפו,שטראוס,IL,מילקי קצפת טופ פיצפוץ 86גר,Unknown,0.00,Unknown,false,20,4.00,0.0000,true,1,56471
7290112355881,false,יוגורט דנונה לייט אנ,שטראוס,IL,יוגורט דנונה לייט אנד פריי תות וחלבון,גרמים,150.00,100 גרם,false,24,4.90,3.2667,true,1,50503
7290112356536,false,אבקת קקאו 150 גר+10%,,,אבקת קקאו 150 גר+10% תוספת,גרמים,165.00,100 גרם,false,1,10.90,6.6061,true,1,47743
7290112357045,false,עגבניות איטלקיות מרו,,IT,עגבניות איטלקיות מרוסקות טעם הטבע 390 גר,גרמים,390.00,100 גרם,false,24,6.90,1.7692,true,1,47238
7290112357083,false,אפונה גינה טעם הטבע,,IT,אפונה גינה עטעם הטבע 380 גרם,גרמים,380.00,100 גרם,false,16,6.90,1.8158,true,1,46907
7290112357106,false,שעועית אדומה טעם הטב,,IT,שעית אדומה עטעם הטבע 380 גרם,גרמים,380.00,100 גרם,false,16,6.90,1.8158,true,1,46906
7290112357113,false,גרגירי חומוס טעם הטב,,IT,גרגירי חומוס טעם הטבע 380 גרם,גרמים,380.00,100 גרם,false,16,6.90,1.8158,true,1,46904
7290112357175,false,קפסולות אספרסו בווסט,,,קפסולות אספרסו בווסט12 יח,יחידה,12.00,יחידה,false,1,17.00,1.4167,true,1,45233
7290112357618,false,מסטיק מאסט קוביות פי,,,מסטיק מאסט קוביות פירות טרופי 58 גר,Unknown,0.00,Unknown,false,1,10.00,0.0000,true,1,45232
7290112357892,false,מארז 3 יח סוכ.מאסט פ,,,מארז 3 יח ססוכ.מאסט פרש מנטה 45 גר,גרמים,135.00,100 גרם,false,1,8.90,6.5926,true,1,47392
7290112358004,false,חטיף פסק זמן קראנץ 3,,,חטיף פסק זמן חלב 45 גר,Unknown,0.00,Unknown,false,1,6.00,0.0000,true,1,49574
7290112358127,false,דנונה פרו עם מגנזיום,שטראוס,IL,דנונה פרו עם מגנזיום 20גר חלבון 200גר,גרמים,200.00,100 גרם,false,12,6.50,3.2500,true,1,49544
7290112358219,false,רוטב צילי מתוק יד מר,,,רוטב צילי מתוק יד מרדכי 300 גרם,גרמים,310.00,100 גרם,false,1,13.90,4.4839,true,1,47741
7290112358233,false,רוטב צילי חריף יד מר,,,רוטב צילי חריף יד מרדכי 320 גרם,גרמים,320.00,100 גרם,false,1,13.90,4.3438,true,1,48238
7290112358240,false,רוטב גריל יד מרדכי 3,,,רוטב גריל יד מרדכי 300 גרם,גרמים,300.00,100 גרם,false,1,14.90,4.9667,true,1,46902
7290112358257,false,רוטב לעוף עם שזיפים,,,רוטב לעוף עם שזיפים יד מרדכי 300 גרם,גרמים,300.00,100 גרם,false,1,14.90,4.9667,true,1,46901
7290112358431,false,ביסקויט עד חצות דאבל,,,ביסקויט עד חצות דאבל 200 גרם,גרמים,200.00,100 גרם,false,1,13.90,6.9500,true,1,51741
7290112358554,false,מארז 28 יח קפה נמס ל,,,מארז 28 יח קפה נמס לדרך 50 גרם,Unknown,0.00,Unknown,false,1,11.90,0.0000,true,1,48240
7290112358844,false,שוקולד פרה חלב מגדים,,IL,שוקולד פרה חלב מגדים שיברי אגוזים 100 גר,גרמים,100.00,100 גרם,false,1,5.90,5.9000,true,1,51932
7290112483430,false,כפות חד פעמי 50יחידו,,,כפות חד פעמי 50יחידות צבעוני לפיד,יחידה,50.00,יחידה,false,1,9.90,0.1980,true,1,60215
7290112483447,false,כפיות חד פעמי 50יחיד,,,כפיות חד פעמי 50יחידות צבעוני לפיד,יחידה,50.00,יחידה,false,1,9.90,0.1980,true,1,60214
7290112483454,false,מזלגות חד פעמי 50יחי,,,מזלגות חד פעמי 50יחידות צבעוני לפיד,יחידה,50.00,יחידה,false,1,9.90,0.1980,true,1,60213
7290112483461,false,סכינים חד פעמי 50יחי,,,סכינים חד פעמי 50יחידות צבעוני לפיד,יחידה,50.00,יחידה,false,1,9.90,0.1980,true,1,60216
7290112485571,false,כוסות חד פעמי קיסר ל,,,כוסות חד פעמי קיסר לפיד 10יח,יחידה,10.00,יחידה,false,24,12.90,1.2900,true,1,59057
7290112490032,false,זוג מרק נמס בכוס תיר,יוניליוור,,זוג מרק נמס בכוס תירס,Unknown,0.00,Unknown,false,1,6.90,0.0000,true,1,38657
7290112490117,false,שוקולד קליק וופל ואג,יוניליוור,,שוקולד קליק וופל ואגוזים 85 ג,Unknown,0.00,Unknown,false,1,5.90,0.0000,true,1,42428
7290112490209,false,זוג מרק נמס עגבניות,יוניליוור,,זוג מרק נמס עגבניות ר.טבעי 43 גרם,Unknown,0.00,Unknown,false,1,6.90,0.0000,true,1,38158
7290112490216,false,זוג מרק נמס עוף קרוט,יוניליוור,,זוג מרק נמס עוף קרוטונים ר.טבעי 43 גרם,Unknown,0.00,Unknown,false,1,6.90,0.0000,true,1,38159
7290112490230,false,זוג מרק נמס אפונה ר.,יוניליוור,,זוג מרק נמס אפונה ר.טבעי 43 גרם,Unknown,0.00,Unknown,false,1,6.90,0.0000,true,1,38160
7290112490582,false,חרדל הלמנס דיזון חלק,,,חרדל הלמנס דיזון חלק צרפתי 350 גרם,גרמים,350.00,100 גרם,false,1,11.90,3.4000,true,1,38578
7290112490599,false,חרדל הלמנס דיזון גרג,,,חרדל הלמנס דיזון גרגירים צרפתי 350 גרם,גרמים,350.00,100 גרם,false,1,11.90,3.4000,true,1,38579
7290112490650,false,קונפיטורה 778 תות שד,יוניליוור,,קונפיטורה 778 תות שדה 340 גרם,גרמים,340.00,100 גרם,false,1,13.90,4.0882,true,1,38162
7290112490667,false,קונפיטורה 778 משמש 3,יוניליוור,,קונפיטורה 778 משמש 340 גרם,גרמים,340.00,100 גרם,false,1,13.90,4.0882,true,1,38164
7290112490674,false,קונפיטורה 778 דובדבן,יוניליוור,,קונפיטורה 778 דובדבן 340 גרם,גרמים,340.00,100 גרם,false,1,13.90,4.0882,true,1,38165
7290112490698,false,קונפיטורה 778 תות לי,יוניליוור,,קונפיטורה 778 תות לייט 260 גר,גרמים,260.00,100 גרם,false,1,13.90,5.3462,true,1,38161
7290112490728,false,מרק קנור עשיר ירקות,יוניליוור,,מרק קנור עשיר ירקות בורגול 95 גר,Unknown,0.00,Unknown,false,,11.90,0.0000,true,1,39471
7290112490735,false,מרק קנור עשיר עגבניו,יוניליוור,,מרק קנור עשיר עגבניות פסטה 105 גר,גרמים,105.00,100 גרם,false,1,11.90,11.3333,true,1,39472
7290112490742,false,מרק קנור עשיר פטריות,יוניליוור,,מרק קנור עשיר פטריות גריסים 104 גר,גרמים,104.00,100 גרם,false,1,11.90,11.4423,true,1,39473
7290112490759,false,מרק קנור עשיר עוף עם,יוניליוור,,מרק קנור עשיר עוף עם אטריות 74 גר,Unknown,0.00,Unknown,false,1,11.90,0.0000,true,1,39470
7290112490827,false,תרסיס למייבש בדין בי,זוהר דליה,,תרסיס למייבש בדין בייבי 500 מל,מיליליטרים,500.00,"100 מ""ל",false,1,16.90,3.3800,true,1,38897
7290112490896,false,רוטב  קנור צילי חריף,יוניליוור,,רוטב  קנור צילי חריף 340 מל,מיליליטרים,340.00,"100 מ""ל",false,1,11.90,3.5000,true,1,39658
7290112491527,false,רוטב קנור טריאקי שומ,יוניליוור,,רוטב קנור טריאקי שומשום 310 גר בדץ,גרמים,310.00,100 גרם,false,1,11.90,3.8387,true,1,42226
7290112491558,false,מארז 6 יח שוקולד מרי,יוניליוור,,מארז 6 יח שוקולד מריר ורד הגליל 100 גרם,גרמים,600.00,100 גרם,false,1,21.90,3.6500,true,1,40489
7290112491701,false,דגני ברנפלקס אקסטרא,יוניליוור,,דגני ברנפלקס אקסטרא חלבון 375 גרם,גרמים,375.00,100 גרם,false,1,21.90,5.8400,true,1,40968
7290112491770,false,בייגלה דקים מלח 300,יוניליוור,,בייגלה דקים מלח 300 גר,גרמים,300.00,100 גרם,false,1,10.90,3.6333,true,1,39682
7290112491787,false,בייגלה דקים שומשום 3,יוניליוור,,בייגלה דקים שומשום 300 גר,גרמים,300.00,100 גרם,false,1,10.90,3.6333,true,1,39681
7290112492449,false,שמפו פינוק לשיער רגי,יוניליוור,,שמפו פינוק לשיער רגיל 700 מל,מיליליטרים,700.00,"100 מ""ל",false,1,11.90,1.7000,true,1,45679
7290112492456,false,שמפו פינוק לשיער יבש,יוניליוור,,שמפו פינוק לשיער יבש 700 מל,מיליליטרים,700.00,"100 מ""ל",false,1,11.90,1.7000,true,1,45680
7290112492463,false,שמפו פינוק 2 ב 1 לשי,יוניליוור,,שמפו פינוק 2 ב 1 לשיער רגיל 700 מל,מיליליטרים,700.00,"100 מ""ל",false,1,11.90,1.7000,true,1,45681
7290112492470,false,שמפו ומרכך פינוק 2ב1,יוניליוור,,שמפו ומרכך פינוק 2ב1 שיער יבש 700 מל,מיליליטרים,700.00,"100 מ""ל",false,1,11.90,1.7000,true,1,50291
7290112492500,false,שמפו פינוק שמן קוקוס,יוניליוור,,שמפו פינוק שמן קוקוס 700 מל,מיליליטרים,700.00,"100 מ""ל",false,1,11.90,1.7000,true,1,45683
7290112492531,false,מרכך פינוק לשיער רגי,יוניליוור,,מרכך פינוק לשיער רגיל 700 מל,מיליליטרים,700.00,"100 מ""ל",false,1,11.90,1.7000,true,1,46233
7290112492548,false,מרכך פינוק לשיער יבש,יוניליוור,,מרכך פינוק לשיער יבש 700 מל,מיליליטרים,700.00,"100 מ""ל",false,1,11.90,1.7000,true,1,46745
7290112492593,false,תחליב רחצה פינוק ניח,יוניליוור,,תחליב רחצה פינוק ניחוח קלאסי 700 מל,מיליליטרים,700.00,"100 מ""ל",false,1,11.90,1.7000,true,1,46556
7290112492609,false,תחליב רחצה פינוק לבנ,יוניליוור,,תחליב רחצה פינוק לבנדר ווניל 700 מל,מיליליטרים,700.00,"100 מ""ל",false,1,11.90,1.7000,true,1,45666
7290112492630,false,שמפו פינוק לגבר 3 ב1,יוניליוור,,שמפו פינוק לגבר 3 ב1 700 מל,מיליליטרים,700.00,"100 מ""ל",false,1,11.90,1.7000,true,1,45852
7290112492647,false,תחליב רחצה פינוק 2 ב,יוניליוור,,תחליב רחצה פינוק 2 ב1 לגבר 700 מל,מיליליטרים,700.00,"100 מ""ל",false,1,11.90,1.7000,true,1,50667
7290112492678,false,שמפו פינוק טו גו לשי,יוניליוור,,שמפו פינוק טו גו לשיער רגיל 100מל נסיעות,מיליליטרים,100.00,"100 מ""ל",false,1,4.90,4.9000,true,1,46725
7290112492685,false,מרכך פינוק טו גו לשי,יוניליוור,,מרכך פינוק טו גו לשיער רגיל 100מל נסיעות,מיליליטרים,100.00,"100 מ""ל",false,1,4.90,4.9000,true,1,46726
7290112492715,false,שמפו פינוק סירוק קל,יוניליוור,,שמפו פינוק סירוק קל ללא דמעות 700מל,מיליליטרים,700.00,"100 מ""ל",false,1,14.90,2.1286,true,1,46731
7290112492722,false,שמפו ומרכך פינוק סיר,יוניליוור,,שמפו ומרכך פינוק סירוק קל 700מל,מיליליטרים,700.00,"100 מ""ל",false,1,14.90,2.1286,true,1,46734
7290112492746,false,מרכך פינוק סירוק קל,יוניליוור,,מרכך פינוק סירוק קל ללא דמעות 700מל,מיליליטרים,700.00,"100 מ""ל",false,1,14.90,2.1286,true,1,46732
7290112492838,false,מגבונים לניקוי כללי,יוניליוור,,מגבונים לניקוי כללי סיף 50יח בניחוח מרכך,יחידה,50.00,יחידה,false,1,9.90,0.1980,true,1,40868
7290112492975,false,מרק קנור טעם עוף כשל,יוניליוור,,מרק קנור טעם עוף כשלפ 400 גר בדץ,גרמים,400.00,100 גרם,false,1,14.90,3.7250,true,1,45324
7290112492982,false,מרק פטריות קנור רכבי,יוניליוור,,מרק פטריות קנור רכבים טבעיים 400 גר,גרמים,400.00,100 גרם,false,1,21.90,5.4750,true,1,44154
7290112492999,false,מרק קנור טעם עוף 400,יוניליוור,,מרק קנור טעם עוף 400 גר בדץ,גרמים,400.00,100 גרם,false,1,14.90,3.7250,true,1,44155
7290112493071,false,מרק קנור עשיר עדשים,יוניליוור,,מרק קנור עשיר עדשים כתומות 104 גר,Unknown,0.00,Unknown,false,1,11.90,0.0000,true,1,42753
7290112493088,false,זוג מרק נמס בכוס עדש,יוניליוור,,זוג מרק נמס בכוס עדשים,Unknown,0.00,Unknown,false,1,6.90,0.0000,true,1,42755
7290112493095,false,זוג מרק נמס בכוס עגב,יוניליוור,,זוג מרק נמס בכוס עגבניות חריף,Unknown,0.00,Unknown,false,1,6.90,0.0000,true,1,42756
7290112493293,false,זוג מרק נמס בכוס קנו,יוניליוור,,זוג מרק נמס בכוס קנור ירקות,Unknown,0.00,Unknown,false,1,6.90,0.0000,true,1,42757
7290112493316,false,מרק קנור היום אפונה,יוניליוור,,מרק קנור היום אפונה 117 גר,גרמים,117.00,100 גרם,false,1,11.90,10.1709,true,1,42754
7290112493873,false,חטיפי קרקר דג דג 400,יוניליוור,,חטיפי קרקר דג דג 400 גרם,גרמים,400.00,100 גרם,false,1,12.90,3.2250,true,1,44150
7290112493927,false,גלידת קרמיסימו ריבת,"גלידת שטראוס בע""מ",,גלידת קרמיסימו ריבת חלב 1.33 ליטר,ליטרים,1.33,ליטר,false,1,22.90,17.2180,true,1,44524
7290112493934,false,גלידת קרמיסימו וניל,"גלידת שטראוס בע""מ",,גלידת קרמיסימו וניל צרפתי 1.33 ליטר,ליטרים,1.33,ליטר,false,1,22.90,17.2180,true,1,44523
7290112493965,false,גלידת קרמיסימו מסטיג,"גלידת שטראוס בע""מ",,גלידת קרמיסימו מסטיגם 1.33 ליטר,ליטרים,1.33,ליטר,false,1,22.90,17.2180,true,1,44525
7290112494153,false,תיבולית ניחוח צלי 72,יוניליוור,,תיבולית ניחוח צלי 72 גרם,Unknown,0.00,Unknown,false,1,10.90,0.0000,true,1,44143
7290112494221,false,חטיף קליק ביסקויט 65,יוניליוור,,חטיף קליק ביסקויט 65 גר,Unknown,0.00,Unknown,false,1,6.50,0.0000,true,1,43792
7290112494238,false,חטיף קליק כדורים לבן,יוניליוור,,חטיף קליק כדורים לבן 65 גר,Unknown,0.00,Unknown,false,1,6.50,0.0000,true,1,43788
7290112494276,false,חטיף קליק כריות 65 ג,יוניליוור,,חטיף קליק כריות 65 גר,Unknown,0.00,Unknown,false,1,6.50,0.0000,true,1,43790
7290112494283,false,חטיף קליק חום לבן 65,יוניליוור,,חטיף קליק חום לבן 65 גר,Unknown,0.00,Unknown,false,1,6.50,0.0000,true,1,43789
7290112494313,false,חטיף קליק קורנפלקס65,יוניליוור,,חטיף קליק קורנפלקס65 גר,Unknown,0.00,Unknown,false,1,6.50,0.0000,true,1,43791
7290112494344,false,קורנפלקס אלופים 850,יוניליוור,IL,קורנפלקס אלופים 850 גרם כספי,גרמים,850.00,100 גרם,false,8,19.90,2.3412,true,1,45609
7290112494351,false,קורנפלקס אלופים 850,יוניליוור,IL,קורנפלקס אלופים 850 גרם בדץ,גרמים,850.00,100 גרם,false,8,19.90,2.3412,true,1,45608
7290112494382,false,תערובת פירה קנור בית,יוניליוור,,תערובת פירה קנור ביתי 260 ג,גרמים,260.00,100 גרם,false,1,14.90,5.7308,true,1,44138
7290112494610,false,רוטב קנור עגבניות לד,,,רוטב קנור עגבניות לדג 415 גר,גרמים,415.00,100 גרם,false,1,11.90,2.8675,true,1,44133
7290112494795,false,גל כביסה בדין 2.5ליט,יוניליוור,IL,גל כביסה בדין 2.5ליטר כחול,מיליליטרים,2500.00,"100 מ""ל",false,6,26.90,1.0760,true,1,43705
7290112494801,false,גל כביסה בדין 2.5ליט,יוניליוור,IL,גל כביסה בדין 2.5ליטר וורוד,מיליליטרים,2500.00,"100 מ""ל",false,6,26.90,1.0760,true,1,43706
7290112494818,false,גל כביסה בדין 2.5ליט,יוניליוור,IL,גל כביסה בדין 2.5ליטר בייבי,מיליליטרים,2500.00,"100 מ""ל",false,6,26.90,1.0760,true,1,43707
7290112494825,false,תרחיץ דאב פנים לעור,יוניליוור,,תרחיץ דאב פנים לעור רגיש 180 מל,מיליליטרים,180.00,"100 מ""ל",false,1,14.90,8.2778,true,1,48758
7290112494832,false,תרחיץ דאב פנים לעור,יוניליוור,,תרחיץ דאב פנים לעור רגיל 180 מל,מיליליטרים,180.00,"100 מ""ל",false,1,14.90,8.2778,true,1,48759
7290112494993,false,דגני כריות קרם וניל,יוניליוור,,דגני כריות קרם וניל 686 גרם,גרמים,686.00,100 גרם,false,1,22.90,3.3382,true,1,43777
7290112495006,false,דגני תלמה כריות נוגט,יוניליוור,,דגני תלמה כריות נוגט686 גרם,גרמים,686.00,100 גרם,false,1,24.90,3.6297,true,1,43774
7290112495020,false,דגני כריות ציקולדה 6,יוניליוור,,דגני כריות ציקולדה 686 גר,גרמים,686.00,100 גרם,false,1,22.90,3.3382,true,1,43776
7290112495037,false,דגני קוקומן כדורים 3,יוניליוור,,דגני קוקומן כדורים 375 גר בדץ,גרמים,375.00,100 גרם,false,1,19.90,5.3067,true,1,43778
7290112495044,false,דגני קוקמן פיצפוצים,יוניליוור,,דגני קוקמן פיצפוצים 375 גר בדץ,גרמים,375.00,100 גרם,false,1,19.90,5.3067,true,1,43779
7290112495105,false,נשנושים שמנת ובצל260,יוניליוור,,נשנושים שמנת ובצל260 גרם,גרמים,260.00,100 גרם,false,1,12.90,4.9615,true,1,43786
7290112495112,false,נשנושים זעתר 260 גרם,יוניליוור,,נשנושים זעתר 260 גרם,גרמים,260.00,100 גרם,false,1,12.90,4.9615,true,1,43787
7290112495143,false,נשנושי קרקר קוקטייל,יוניליוור,,נשנושים קוקטייל מלוח 300 גרם,גרמים,300.00,100 גרם,false,1,12.90,4.3000,true,1,43783
7290112495150,false,נשנושי קרקר עגול מלו,יוניליוור,,נשנושים עגול מלח 300 גרם,גרמים,300.00,100 גרם,false,1,12.90,4.3000,true,1,43782
7290112495167,false,נשנושי קרקר משולש שו,יוניליוור,,נשנושי קרקר משולש שומשום 300 גרם,גרמים,300.00,100 גרם,false,1,12.90,4.3000,true,1,43784
7290112495174,false,נשנושי קרקר קוקטייל,יוניליוור,,נשנושי קרקר קוקטייל שומשום 300 גרם,גרמים,300.00,100 גרם,false,1,12.90,4.3000,true,1,43799
7290112495280,false,ריבועי ברנפלקס קינמו,יוניליוור,,ריבועי ברנפלקס קינמון 400 גרם בדצ,גרמים,400.00,100 גרם,false,1,21.90,5.4750,true,1,44756
7290112495433,false,דגני דליפקאן תלמה 40,יוניליוור,,דגני דליפקאן תלמה 400 גר בדץ,גרמים,400.00,100 גרם,false,1,21.90,5.4750,true,1,42924
7290112495556,false,מאגדת חטיף קליק נוגט,יוניליוור,IL,מאגדת חטיף קליק נוגט 3 יח 105 גרם,גרמים,105.00,100 גרם,false,8,10.90,10.3810,true,1,46193
7290112495594,false,בייגלה גדול ללא מלח,יוניליוור,,בייגלה גדול ללא מלח 400 גרם,גרמים,400.00,100 גרם,false,1,14.90,3.7250,true,1,44152
7290112495662,false,קרקר חיטה מלאה עם פש,אפיפית,,קרקר חיטה מלאה עם פשתן 300 ג,גרמים,300.00,100 גרם,false,1,10.90,3.6333,true,1,44754
7290112495747,false,קנור רוטב צילי מתוק,יוניליוור,,קנור רוטב צילי מתוק פחות סוכר 300 מל,מיליליטרים,300.00,"100 מ""ל",false,1,11.90,3.9667,true,1,44749
7290112495754,false,הלמנס רוטב אלף האיים,יוניליוור,,הלמנס רוטב אלף האיים לסלט 305 גרם,גרמים,305.00,100 גרם,false,1,10.90,3.5738,true,1,44760
7290112495761,false,הלמנס רוטב אלף האיים,יוניליוור,,הלמנס רוטבאלף האיים לסלט 305 גרם,גרמים,305.00,100 גרם,false,1,10.90,3.5738,true,1,44759
7290112495778,false,הלמנס רוטב אלף האיים,יוניליוור,,הלמנס רוטב אלף האיים לייט 305 גרם,גרמים,305.00,100 גרם,false,1,10.90,3.5738,true,1,45326
7290112495785,false,הלמנס רוטב שום לסלט,יוניליוור,,רוטב הלמנס לסלט שום 300 גר,גרמים,300.00,100 גרם,false,1,10.90,3.6333,true,1,44746
7290112495792,false,הלמנס רוטב שום לייט,יוניליוור,,רוטב לסלט הלמנס שום לייט 300 מל,גרמים,300.00,100 גרם,false,1,10.90,3.6333,true,1,44745
7290112495815,false,הלמנס רוטב חרדל ודבש,יוניליוור,,הלמנס רוטב חרדל ודבש לייט לסלט 305 גרם,גרמים,305.00,100 גרם,false,1,10.90,3.5738,true,1,44761
7290112495822,false,דגני כריות בלאק קרם,יוניליוור,,דגני כריות בלאק קרם וניל 686 גרם,גרמים,686.00,100 גרם,false,1,22.90,3.3382,true,1,44157
7290112495921,false,מרק דגש קנור כשלפ 1,יוניליוור,,מרק דגש קנור כשלפ 1 קג,קילוגרמים,1.00,"ק""ג",false,1,16.90,16.9000,true,1,45321
7290112495938,false,קרקר 6 דגנים 250 גרם,אפיפית,,קרקר 6 דגנים 250 גרם,גרמים,250.00,100 גרם,false,1,10.90,4.3600,true,1,44751
7290112495976,false,פריכיות פתית תירס שו,"גוד פוד בע""מ",PL,פריכיות פתית תירס שוקולד חלב 35 גר,Unknown,0.00,Unknown,false,30,4.90,0.0000,true,1,46370
7290112495983,false,פריכיות פתית תירס שו,"גוד פוד בע""מ",PL,פריכיות פתית תירס שוקולד קרמל 39 גר,Unknown,0.00,Unknown,false,30,4.90,0.0000,true,1,46369
7290112496027,false,סירופ אפיכל שוקולד,יוניליוור,,סירופ אפיכל שוקולד  580 גרם,גרמים,580.00,100 גרם,false,1,13.90,2.3966,true,1,44763
7290112496034,false,סירופ אפיכל מייפל580,יוניליוור,,סירופ אפיכל מייפל580 גרם,גרמים,580.00,100 גרם,false,1,13.90,2.3966,true,1,44762
7290112496218,false,רוטב קנור טריאקי מופ,יוניליוור,,רוטב קנור טריאקי מופחת סוכר ונתרן340 גר,גרמים,340.00,100 גרם,false,1,11.90,3.5000,true,1,45668
7290112496270,false,פתית ציפס תפוא ועגבנ,"גוד פוד בע""מ",PL,פתית ציפס תפוא ועגבניות 22 גרם,Unknown,0.00,Unknown,false,30,4.90,0.0000,true,1,47467
7290112496287,false,פתית ציפס בטטה טבעי,"גוד פוד בע""מ",PL,פתית ציפס בטטה טבעי 22 גרם,Unknown,0.00,Unknown,false,30,4.90,0.0000,true,1,47468
7290112496294,false,פתית ציפס אפונה ירוק,"גוד פוד בע""מ",PL,פתית ציפס אפונה ירוקה וצהובה 22 גרם,Unknown,0.00,Unknown,false,30,4.90,0.0000,true,1,47469
7290112496331,false,קורנפלקס בננה 448 גר,יוניליוור,,קורנפלקס בננה 448 גר בדץ,גרמים,448.00,100 גרם,false,1,17.90,3.9955,true,1,52088
7290112496430,false,מרק נמס בכוס אקסטרא,יוניליוור,,מרק נמס בכוס אקסטרא עגבניות,Unknown,0.00,Unknown,false,1,4.60,0.0000,true,1,57842
7290112496447,false,מרק נמס בכוס אקסטרא,יוניליוור,,מרק נמס בכוס אקסטרא טעם עוף,Unknown,0.00,Unknown,false,1,4.60,0.0000,true,1,57844
7290112496461,false,מרק נמס בכוס אקסטרא,יוניליוור,,מרק נמס בכוס אקסטרא ירקות,Unknown,0.00,Unknown,false,1,4.60,0.0000,true,1,57843
7290112496591,false,חטיף קליק כריות בלאק,יוניליוור,,חטיף קליק כריות בלאק חלב 65 גר,Unknown,0.00,Unknown,false,1,6.50,0.0000,true,1,47243
7290112497031,false,רוטב קנור עגבניות לק,,,רוטב קנור עגבניות לקציצות 415 גר,גרמים,415.00,100 גרם,false,1,11.90,2.8675,true,1,52089
7290112497123,false,סחלב אינסטנט קנור 2,יוניליוור,,סחלב אינסטנט קנור 2 יח 112 גרם,גרמים,112.00,100 גרם,false,1,12.90,11.5179,true,1,49904
7290112497499,false,שוקולד קליק לבן עוגי,יוניליוור,,שוקולד קליק לבן עוגיות 85 ג,Unknown,0.00,Unknown,false,1,5.90,0.0000,true,1,52648
7290112497864,false,מרק עוף קנור ר.ט. מו,יוניליוור,,מרק עוף קנור ר.ט. מופחת נתרן 400 גר,גרמים,400.00,100 גרם,false,1,21.90,5.4750,true,1,50625
7290112497994,false,גרנולה תלמה פרוטאין,חטיפי העמק,,גרנולה תלמה פרוטאין אגוזים300 גר,גרמים,300.00,100 גרם,false,1,15.90,5.3000,true,1,51865
7290112498007,false,גרנולה תלמה פרוטאין,חטיפי העמק,,גרנולה תלמה פרוטאין חמוציות שקד300 גר,גרמים,300.00,100 גרם,false,1,15.90,5.3000,true,1,51866
7290112498267,false,סבון ידיים פינוק נוז,יוניליוור,IL,סבון ידיים פינוק נוזלי קלאסי 950מל,מיליליטרים,950.00,"100 מ""ל",false,8,12.90,1.3579,true,1,52856
7290112498274,false,סבון ידיים פינוק נוז,יוניליוור,IL,סבון ידיים פינוק נוזלי לבנדר 950מל,מיליליטרים,950.00,"100 מ""ל",false,8,12.90,1.3579,true,1,52857
7290112498298,false,סבון ידיים פינוק נוז,יוניליוור,IL,סבון ידיים פינוק נוזלי מרוקאי 950מל,מיליליטרים,950.00,"100 מ""ל",false,8,12.90,1.3579,true,1,52859
7290112498441,false,רוטב קנור אסייתי למו,יוניליוור,,רוטב קנור אסייתי למוקפץ 370 גרם,מיליליטרים,300.00,"100 מ""ל",false,1,11.90,3.9667,true,1,51722
7290112498526,false,פתית ציפס בטטה סגולה,"גוד פוד בע""מ",PL,פתית ציפס בטטה סגולה שמנת בצל 22 גרם,Unknown,0.00,Unknown,false,30,4.90,0.0000,true,1,52653
7290112498748,false,מאגדת מיני סולרו תות,"גלידת שטראוס בע""מ",,מאגדת מיני סולרו תות 5 יח,יחידה,5.00,יחידה,false,1,22.90,4.5800,true,1,50287
7290112498816,false,גלידונית פיסטוק 60יח,"גלידת שטראוס בע""מ",IL,גלידונית פיסטוק 60יח,גרמים,630.00,100 גרם,false,5,44.90,7.1270,true,1,51105
7290112498885,false,מאגדת שלגון גודיס תו,יוניליוור,,מאגדת שלגון גודיס תותים ושוקולד לבן 5יח,יחידה,5.00,יחידה,false,1,24.90,4.9800,true,1,51106
7290112498915,false,מאגדת מיני מגנום שקד,"גלידת שטראוס בע""מ",IL,מאגדת מיני מגנום שקדים מובחרים 250גר,גרמים,250.00,100 גרם,false,8,29.90,11.9600,true,1,52446
7290112498922,false,מאגדת מיני מגנום שוק,"גלידת שטראוס בע""מ",IL,מאגדת מיני מגנום שוקולד לבן 250גר,גרמים,250.00,100 גרם,false,8,29.90,11.9600,true,1,52447
7290112499097,false,מאגדת מיני מגנום מרי,"גלידת שטראוס בע""מ",IL,מאגדת מיני מגנום מריר 240גר,גרמים,240.00,100 גרם,false,8,29.90,12.4583,true,1,58150
7290112499189,false,גלידת קרמיסימו חד קר,"גלידת שטראוס בע""מ",,גלידת קרמיסימו חד קרן 1.33 ליטר,ליטרים,1.33,ליטר,false,1,22.90,17.2180,true,1,60177
7290112499219,false,מאגדת שלגון גודיס פי,יוניליוור,,מאגדת שלגון גודיס פיסטוק ושוקולד 235גר,יחידה,5.00,יחידה,false,1,24.90,4.9800,true,1,59198
7290112499226,false,גלידונית פיסטוק בננה,"גלידת שטראוס בע""מ",,גלידונית פיסטוק בננה 60 יח,גרמים,700.00,100 גרם,false,1,44.90,6.4143,true,1,62079
7290112499455,false,תחליב רחצה פינוק מרו,יוניליוור,,תחליב רחצה פינוק מרוקאי 700 מל,מיליליטרים,700.00,"100 מ""ל",false,1,11.90,1.7000,true,1,52368
7290112499462,false,תחליב רחצה פינוק שמן,יוניליוור,,תחליב רחצה פינוק שמן קוקוס 700 מל,מיליליטרים,700.00,"100 מ""ל",false,1,11.90,1.7000,true,1,52369
7290112499493,false,דאודורנט רקסונה ספרי,יוניליוור,GB,דאודורנט רקסונה ספריי במבוק אלוורה 150מל,מיליליטרים,150.00,"100 מ""ל",false,6,19.90,13.2667,true,1,58559
7290112499509,false,דאודורנט רקסונה ספרי,יוניליוור,,דאודורנט רקסונה ספריי אפרסק 150מל,מיליליטרים,150.00,"100 מ""ל",false,1,19.90,13.2667,true,1,61430
7290112499776,false,מאגדת שלגון גודיס 5י,יוניליוור,,מאגדת שלגון גודיס 5יח,יחידה,5.00,יחידה,false,1,24.90,4.9800,true,1,45209
7290112499844,false,מאגדת מיני מגנום דוא,"גלידת שטראוס בע""מ",IL,מאגדת מיני מגנום דואט שוקולד נוגט 310גר,גרמים,310.00,100 גרם,false,8,29.90,9.6452,true,1,44529
7290112499943,false,מאגדת מיני מגנום קלא,"גלידת שטראוס בע""מ",IL,מאגדת מיני מגנום קלאסיק שוקולד 250גר,גרמים,250.00,100 גרם,false,8,29.90,11.9600,true,1,44528
7290112960542,false,לחם מחמצת זתי קלמטה,בונז'ור,,לחם מחמצת זתי קלמטה,Unknown,0.00,Unknown,false,1,17.90,0.0000,true,1,38662
7290112960580,false,לחם מחמצת כוסמין,בונז'ור,,לחם מחמצת כוסמין,Unknown,0.00,Unknown,false,1,17.90,0.0000,true,1,38665
7290112960603,false,לחם מחמצת אגוזים וצי,בונז'ור,,לחם מחמצת אגוזים וצימוקים,Unknown,0.00,Unknown,false,1,17.90,0.0000,true,1,38664
7290112960856,false,טילון אקסטרים שוקולד,נסטלה,,טילון אקסטרים שוקולד ריבת חלב,יחידה,1.00,יחידה,false,1,12.00,12.0000,true,1,41320
7290112960986,false,מאגדת קרחון דובדבן,גלידות נסטלה,,מאגדת קרחון דובדבן  אננס 10 יח,יחידה,10.00,יחידה,false,1,17.50,1.7500,true,1,39943
7290112961266,false,בייגלה כפיות פיזור א,"אסם תעשיות בע""מ",,בייגלה כפיות פיזור איטלקי 300 גר,גרמים,300.00,100 גרם,false,1,12.00,4.0000,true,1,41237
7290112961327,false,בייגלה כפיות פיזור כ,"אסם תעשיות בע""מ",,בייגלה כפיות פיזור כפרי 300 גר,גרמים,300.00,100 גרם,false,1,12.00,4.0000,true,1,41238
7290112961372,false,חטיפי פריכיות פיטנס,פרח תעשיות,,חטיפי פריכיות פיטנס דקות קינמון 60 גרם,Unknown,0.00,Unknown,false,1,8.90,0.0000,true,1,40320
7290112961440,false,פריכיות פיטנס בר שוק,פרח תעשיות,,פריכיות פיטנס בר שוקולד מריר84 גר,Unknown,0.00,Unknown,false,1,13.90,0.0000,true,1,45898
7290112961464,false,חטיפי פריכיות פיטנס,פרח תעשיות,,חטיפי פריכיות פיטנס דקות מתובלות 60 גרם,Unknown,0.00,Unknown,false,1,8.90,0.0000,true,1,40319
7290112962225,false,פסטה אסם חיות 400 גר,זארה,,פסטה אסם חיות 500 גרם,גרמים,400.00,100 גרם,false,1,6.50,1.6250,true,1,39533
7290112962249,false,לביבות  בטטה  טבעול,טבעול ישראל,IL,לביבות  בטטה  טבעול 500גר,גרמים,500.00,100 גרם,false,24,32.90,6.5800,true,1,42347
7290112962287,false,שווארמה טבעול טבעוני,טבעול ישראל,,שווארמה טבעול טבעונית 450גר,גרמים,450.00,100 גרם,false,1,32.90,7.3111,true,1,44929
7290112962775,false,מאגדת שלגון אוראו 4י,גלידות נסטלה,ES,מאגדת שלגון אוראו 4יח,יחידה,4.00,יחידה,false,8,25.90,6.4750,true,1,44470
7290112963321,false,בייגלה גרטיפי שטוח ל,"אסם תעשיות בע""מ",IL,בייגלה גרטיפי שטוח ללא גלוטן 300 גר,גרמים,300.00,100 גרם,false,12,14.90,4.9667,true,1,56402
7290112963529,false,מאגדת שלגון אקסטרים,גלידות נסטלה,,מאגדת שלגון אקסטרים שוקו וניל פרווה 6יח,יחידה,6.00,יחידה,false,1,35.90,5.9833,true,1,39944
7290112963697,false,עוגיות שוקוציפס שוקו,בונז'ור,,עוגיות שוקוציפס שוקו שוקולד,קילוגרמים,1.00,"ק""ג",true,,55.00,55.0000,true,1,41351
7290112963727,false,עוגת קראנץ קינמון 65,בונז'ור,,עוגת קראנץ קינמון 650 גר,גרמים,650.00,100 גרם,false,1,25.90,3.9846,true,1,40315
7290112963918,false,קרקר פיטנס דק רוזמרי,,,חטיפי קרקר פיטנס רוזמרין 140 גרם,גרמים,140.00,100 גרם,false,1,11.90,8.5000,true,1,42018
7290112964410,false,רוטב אלף האיים לסלט,"אסם תעשיות בע""מ",,רוטב אלף האיים לסלט 290 גרם,גרמים,290.00,100 גרם,false,1,11.90,4.1034,true,1,42007
7290112964434,false,רוטב קיסר לסלט 290 ג,"אסם תעשיות בע""מ",,רוטב קיסר לסלט 290 גרם,גרמים,295.00,100 גרם,false,1,11.90,4.0339,true,1,42008
7290112964458,false,רוטב ויניגרט לסלט 29,"אסם תעשיות בע""מ",,רוטב ויניגרט לסלט 295 גרם,גרמים,295.00,100 גרם,false,1,11.90,4.0339,true,1,42053
7290112964472,false,רוטב שום לסלט 290 גר,"אסם תעשיות בע""מ",,רוטב שום לסלט 290 מל,גרמים,290.00,100 גרם,false,1,11.90,4.1034,true,1,42006
7290112964502,false,רוטב אלף האיים לסלט,"אסם תעשיות בע""מ",,רוטב אלף האיים לסלט 600 גרם,גרמים,600.00,100 גרם,false,1,18.90,3.1500,true,1,42009
7290112964564,false,רוטב אלף האיים לייט,"אסם תעשיות בע""מ",,רוטב אלף האיים לייט לסלט 295 גרם,גרמים,295.00,100 גרם,false,1,11.90,4.0339,true,1,42054
7290112964601,false,רוטב אסייתי נוסח סצו,"אסם תעשיות בע""מ",,רוטב אסייתי נוסח סצואן אוסם 290 מל,מיליליטרים,290.00,"100 מ""ל",false,1,13.90,4.7931,true,1,41583
7290112964625,false,רוטב שום לייט לסלט 2,"אסם תעשיות בע""מ",,רוטב שום לייט לסלט 295 גרם,גרמים,310.00,100 גרם,false,1,11.90,3.8387,true,1,42055
7290112965141,false,תבשיל אסם פתיתים ויר,"אסם תעשיות בע""מ",,תבשיל אסם פתיתים וירקות 140 ג,גרמים,130.00,100 גרם,false,1,10.90,8.3846,true,1,44258
7290112965165,false,זוג מרק נמס אוסם פטר,"אסם תעשיות בע""מ",,זוג מרק נמס אוסם פטריות 34 גר,Unknown,0.00,Unknown,false,1,6.00,0.0000,true,1,42679
7290112965226,false,תבשיל אסם אורז סיני,"אסם תעשיות בע""מ",,תבשיל אסם אורז סיני עם נודלס 130 ג,גרמים,130.00,100 גרם,false,1,10.90,8.3846,true,1,44256
7290112965240,false,זוג מרק נמס אוסם עגב,"אסם תעשיות בע""מ",,זוג מרק נמס אוסם עגבניות 44 גר,Unknown,0.00,Unknown,false,1,6.00,0.0000,true,1,42686
7290112965264,false,זוג מרק נמס אוסם אפו,"אסם תעשיות בע""מ",,זוג מרק נמס אוסם אפונה 30 גר,Unknown,0.00,Unknown,false,1,6.00,0.0000,true,1,42683
7290112965288,false,זוג מרק נמס אוסם ירק,"אסם תעשיות בע""מ",,זוג מרק נמס אוסם ירקות 30 גר,Unknown,0.00,Unknown,false,1,6.00,0.0000,true,1,42685
7290112965301,false,זוג מרק נמס אוסם טעם,"אסם תעשיות בע""מ",,זוג מרק נמס טעם עוף אוסם 38 גר,Unknown,0.00,Unknown,false,1,6.00,0.0000,true,1,42678
7290112965325,false,תבשיל אסם אורז ספרדי,"אסם תעשיות בע""מ",,תבשיל אסם אורז ספרדי 140 ג,גרמים,140.00,100 גרם,false,1,10.90,7.7857,true,1,44257
7290112965363,false,קציצות קינואה וברוקו,טבעול ישראל,,קציצות קינואה וברוקולי 525 גר טבעול,גרמים,525.00,100 גרם,false,1,32.90,6.2667,true,1,44928
7290112965424,false,ויטמנציק ענבים 50% פ,בית השיטה,,ויטמנציק ענבים 50% פחות סוכר500 מל,מיליליטרים,500.00,"100 מ""ל",false,1,20.90,4.1800,true,1,44636
7290112965745,false,חטיף ביסלי בצל מעושן,"אסם תעשיות בע""מ",,חטיף ביסלי בצל מעושן פריסטייל 60 גרם,Unknown,0.00,Unknown,false,1,4.30,0.0000,true,1,52249
7290112965783,false,חטיף ביסלי על האש פר,"אסם תעשיות בע""מ",,חטיף ביסלי על האש פריסטייל 60 גרם,Unknown,0.00,Unknown,false,1,4.30,0.0000,true,1,52250
7290112965806,false,חטיף ביסלי חמוץ חריף,"אסם תעשיות בע""מ",,חטיף ביסלי חמוץ חריף פריסטייל 60 גרם,Unknown,0.00,Unknown,false,1,4.30,0.0000,true,1,52248
7290112965868,false,קרם קרקר מליחות מעוד,"אסם תעשיות בע""מ",,קרם קרקר מליחות מעודנת 250 גרם,גרמים,250.00,100 גרם,false,1,9.90,3.9600,true,1,44282
7290112965967,false,נאגטס ירקות כתומים ט,טבעול ישראל,IL,נאגטס ירקות כתומים טבעול 500גר,גרמים,500.00,100 גרם,false,6,32.90,6.5800,true,1,46643
7290112965981,false,ארוחת דגנים טבעול גו,טבעול ישראל,IL,ארוחת דגנים טבעול גורמה 450גר,גרמים,450.00,100 גרם,false,8,32.90,7.3111,true,1,58626
7290112966001,false,ארוחת ירוקים טבעול ג,טבעול ישראל,IL,ארוחת ירוקים טבעול גורמה 450גר,גרמים,450.00,100 גרם,false,8,32.90,7.3111,true,1,58627
7290112966025,false,בייגלה כפיות כפרי טו,"אסם תעשיות בע""מ",,בייגלה כפיות כפרי טו גו 60 גר,גרמים,60.00,100 גרם,false,1,3.80,6.3333,true,1,44265
7290112966209,false,חטיף אפרופו שוקולד ל,כרמית,,חטיף תירס אפרופו שוקולד לבן40 גר,Unknown,0.00,Unknown,false,1,5.00,0.0000,true,1,43385
7290112966247,false,לחמית כוסמין 200 גרם,"אסם תעשיות בע""מ",,לחמית כוסמין 200 גרם,גרמים,200.00,100 גרם,false,1,10.90,5.4500,true,1,45900
7290112966353,false,פתיתים אפויים אוסם מ,"אסם תעשיות בע""מ",,פתיתים אפויים אוסם מספרים400 גרם,גרמים,400.00,100 גרם,false,1,7.90,1.9750,true,1,43381
7290112966728,false,סלט טחינה בלאדי פלפל,צבר,IL,סלט טחינה בלאדי פלפל חריף 350גר צבר,גרמים,350.00,100 גרם,false,6,15.90,4.5429,true,1,43377
7290112966766,false,סלט טחינה בלאדי חציל,צבר,IL,סלט טחינה בלאדי חציל ועגבניות 350גר צבר,גרמים,350.00,100 גרם,false,6,15.90,4.5429,true,1,43375
7290112966780,false,סלט טחינה בלאדי חציל,צבר,IL,סלט טחינה בלאדי חציל קלוי 350גר צבר,גרמים,350.00,100 גרם,false,6,15.90,4.5429,true,1,43373
7290112966803,false,אינסטנט פודינג שוקול,"אסם תעשיות בע""מ",,אינסטנט פודינג שוקולד אסם 88 גר,Unknown,0.00,Unknown,false,1,6.00,0.0000,true,1,44260
7290112966841,false,אינסטנט פודינג שוקול,"אסם תעשיות בע""מ",,אינסטנט פודינג שוקולד מריר90 גר,Unknown,0.00,Unknown,false,1,6.00,0.0000,true,1,44261
7290112967114,false,חטיפי פריכיות פיטנס,פרח תעשיות,,חטיפי פריכיות פיטנס קטניות ופלפל 60 גרם,Unknown,0.00,Unknown,false,1,8.90,0.0000,true,1,45897
7290112967138,false,בייגלה שמיניות ללא ג,"אסם תעשיות בע""מ",,בייגלה שמיניות ללא גלוטן 250 גר,גרמים,250.00,100 גרם,false,1,10.00,4.0000,true,1,44875
7290112967381,false,חטיפי פריכיות פיטנס,פרח תעשיות,,חטיפי פריכיות פיטנס דקות קטניות 60 גרם,Unknown,0.00,Unknown,false,1,8.90,0.0000,true,1,45896
7290112967404,false,רוטב אלף האיים כשלפ,"אסם תעשיות בע""מ",,רוטב אלף האיים לסלט כשלפ 290 גרם,גרמים,290.00,100 גרם,false,1,10.90,3.7586,true,1,45115
7290112967800,false,אוסם בישולים מיקס בצ,"אסם תעשיות בע""מ",,אוסם בישולים מיקס בצלים 200 גרם,גרמים,200.00,100 גרם,false,1,19.90,9.9500,true,1,49923
7290112967824,false,אוסם בישולים מיקס קל,"אסם תעשיות בע""מ",,אוסם בישולים מיקס קלאסי 200 גרם,גרמים,200.00,100 גרם,false,1,19.90,9.9500,true,1,49921
7290112967848,false,גלי אסם תות שדה מופח,"אסם תעשיות בע""מ",,גלי אסם תות שדה מופחת סוכר 90 גר,Unknown,0.00,Unknown,false,1,6.90,0.0000,true,1,44262
7290112968203,false,סלט טחינה בלאדי 250ג,צבר,IL,סלט טחינה בלאדי 250גר צבר,גרמים,250.00,100 גרם,false,6,11.90,4.7600,true,1,44919
7290112968340,false,חומוס גרוס גס גס צבר,צבר,,חומוס גרוס גס גס צבר 400 גר,גרמים,600.00,100 גרם,false,1,14.90,2.4833,true,1,44732
7290112968401,false,חומוס גרגרים רכים צב,צבר,,חומוס גרגרים רכים צבר 400 גר,גרמים,600.00,100 גרם,false,1,14.90,2.4833,true,1,44734
7290112968449,false,סלט כרוב אדום 250גר,צבר,IL,סלט כרוב אדום 250גר צבר,גרמים,250.00,100 גרם,false,6,11.90,4.7600,true,1,44920
7290112968524,false,סלט חומוס סמיר 250גר,צבר,IL,סלט חומוס סמיר 250גר צבר,גרמים,250.00,100 גרם,false,6,11.90,4.7600,true,1,44921
7290112968807,false,קרקר פיטנס דק סלק140,,,קרקר פיטנס דק סלק140 גרם,גרמים,140.00,100 גרם,false,1,11.90,8.5000,true,1,49586
7290112968821,false,קרקר פיטנס דק בטטה 1,,,קרקר פיטנס דק בטטה 140 גרם,גרמים,140.00,100 גרם,false,1,11.90,8.5000,true,1,49587
7290112969002,false,אינסטנט פודינג פיסטו,"אסם תעשיות בע""מ",,אינסטנט פודינג טירמיסו אסם 80 גר,גרמים,80.00,100 גרם,false,1,6.00,7.5000,true,1,45895
7290112969071,false,פסטה פרפקטו רדיאטורי,זארה,,פסטה פרפקטו רדיאטורי 500 גרם,גרמים,500.00,100 גרם,false,1,10.90,2.1800,true,1,45894
7290112969248,false,רוטב אוסם לבישול סיל,"אסם תעשיות בע""מ",,רוטב אוסם לבישול סילאן ובצל 335 גרם,גרמים,335.00,100 גרם,false,1,16.90,5.0448,true,1,49934
7290112969286,false,רוטב אוסם לבישול חרד,"אסם תעשיות בע""מ",,רוטב אוסם לבישול חרדל ודבש 330 גרם,גרמים,330.00,100 גרם,false,1,16.90,5.1212,true,1,49932
7290112969965,false,מנה חמה נודלס תאילנד,"אסם תעשיות בע""מ",,מנה חמה נודלס תאילנדי 75 גרם,Unknown,0.00,Unknown,false,1,6.90,0.0000,true,1,49589
7290112969989,false,מנה חמה נודלס קוריאנ,"אסם תעשיות בע""מ",,מנה חמה נודלס קוריאני חריף 75גר,Unknown,0.00,Unknown,false,1,6.90,0.0000,true,1,49588
7290113190375,false,סילאן טבעי שקדיה 900,,IL,סילאן טבעי שקדיה 900 גרם,גרמים,900.00,100 גרם,false,12,19.90,2.2111,true,1,45862
7290113190450,false,ממרח תמרים שקדיה 450,"תמר העמקים בע""מ",,ממרח תמרים שקדיה 450 גרם,גרמים,450.00,100 גרם,false,1,5.90,1.3111,true,1,40958
7290113191921,false,סירופ מלבי 750 מל,"פוליבה בע""ם",IL,סירופ מלבי 750 מל,מיליליטרים,750.00,"100 מ""ל",false,12,16.90,2.2533,true,1,43279
7290113192300,false,זית חרוזית מושחר 275,בית השיטה,,זית חרוזית מושחר 275 גר בית השיטה,גרמים,275.00,100 גרם,false,1,10.90,3.9636,true,1,46371
7290113192317,false,טבעות זית מושחר 280,בית השיטה,,טבעות זית מושחר 280 גר בית השיטה,גרמים,280.00,100 גרם,false,1,10.90,3.8929,true,1,46372
7290113192324,false,זית ירוק מנזולינו בי,בית השיטה,,זית ירוק מנזולינו בינוני 340 גרבית השיטה,גרמים,340.00,100 גרם,false,1,8.90,2.6176,true,1,46519
7290113192331,false,זית ירוק מנזולינו גד,בית השיטה,,זית ירוק מנזולינו גדול 340 בית השיטה,גרמים,340.00,100 גרם,false,1,10.90,3.2059,true,1,46518
7290113192348,false,זית ירוק מנזולינו ג.,בית השיטה,,זית ירוק מנזולינו ג.מ.טעם שום340ב.השיט,גרמים,340.00,100 גרם,false,,10.90,3.2059,true,1,46517
7290113192355,false,זית חרוזית ירוק 275,בית השיטה,,זית חרוזית ירוק 275 גר בית השיטה,גרמים,275.00,100 גרם,false,1,9.90,3.6000,true,1,46373
7290113192362,false,טבעות זית ירוק 280 ג,בית השיטה,,טבעות זית ירוק 280 גר בית השיטה,גרמים,280.00,100 גרם,false,1,10.90,3.8929,true,1,46374
7290113192386,false,זית ירוק סורי מבוקע,בית השיטה,,זית ירוק סורי מבוקע 340 גר בית השיטה,גרמים,340.00,100 גרם,false,1,11.90,3.5000,true,1,46376
7290113192393,false,קוקטייל זיתים 336 גר,בית השיטה,,זית ירוק סורי מבוקע א/2 בית השיטה,גרמים,3.00,100 גרם,false,1,11.90,396.6667,true,1,46375
7290113192478,false,מלפפון 10-12 במלח 32,בית השיטה,,מלפפון 10-12 במלח 320 גר בית השיטה,גרמים,320.00,100 גרם,false,1,7.90,2.4688,true,1,46433
7290113192485,false,מלפפון 10-12 בחומץ 3,בית השיטה,,מלפפון 10-12 בחומץ 320 גר בית השיטה,גרמים,320.00,100 גרם,false,1,7.90,2.4688,true,1,46434
7290113192492,false,מלפפון 13-17 בחומץ 3,בית השיטה,,מלפפון 13-17 בחומץ 320 גר בית השיטה,גרמים,320.00,100 גרם,false,1,10.90,3.4063,true,1,46380
7290113192508,false,מלפפון 13-17 במלח320,בית השיטה,,מלפפון 13-17 במלח320 גר בית השיטה,גרמים,320.00,100 גרם,false,1,10.90,3.4063,true,1,46379
7290113192515,false,מלפפון 18-25 במלח320,בית השיטה,,מלפפון 18-25 במלח320 גר בית השיטה,גרמים,320.00,100 גרם,false,1,12.90,4.0313,true,1,46381
7290113192522,false,מלפפון 18-25 חומץ320,בית השיטה,,מלפפון 18-25 חומץ320 גר בית השיטה,גרמים,320.00,100 גרם,false,1,12.90,4.0313,true,1,46435
7290113192539,false,מלפפון 7-9 במלח 320,בית השיטה,,מלפפון 7-9 במלח 320 גר בית השיטה,גרמים,320.00,100 גרם,false,1,6.90,2.1563,true,1,46382
7290113192546,false,מלפפון 7-9 בחומץ 320,בית השיטה,,מלפפון 7-9 בחומץ 320 גר בית השיטה,גרמים,320.00,100 גרם,false,1,6.90,2.1563,true,1,46436
7290113192560,false,פלפל שיפקה בית השיטה,בית השיטה,,פלפל שיפקה בית השיטה 230 גר,גרמים,230.00,100 גרם,false,1,6.90,3.0000,true,1,46456
7290113192577,false,כרוב כבוש בית השיטה,בית השיטה,,כרוב כבוש בית השיטה 430 גר,גרמים,430.00,100 גרם,false,1,7.90,1.8372,true,1,46457
7290113192997,false,זית מרוקאי בית השיטה,בית השיטה,,זית מרוקאי בית השיטה 340 גרם,גרמים,340.00,100 גרם,false,1,13.90,4.0882,true,1,49597
7290113193017,false,קוקטייל זיתים חרוזית,"אסם תעשיות בע""מ",,לחמית כוסמין 200 גרם,גרמים,275.00,100 גרם,false,1,13.90,5.0545,true,1,45901
7290113193031,false,זית חרוזית קלמטה 275,"אסם תעשיות בע""מ",,זית חרוזית קלמטה 275 גרם בית השיטה,גרמים,275.00,100 גרם,false,1,13.90,5.0545,true,1,48286
7290113194090,false,זית טבעות קלמטה ב.הש,בית השיטה,,זית טבעות קלמטה ב.השיטה 410 גרם,גרמים,410.00,100 גרם,false,1,12.90,3.1463,true,1,49917
7290113195042,false,מלפפון כבישה ביתית ב,בית השיטה,,מלפפון כבישה ביתית בית השיטה 750 גרם,גרמים,750.00,100 גרם,false,1,26.90,3.5867,true,1,52616
7290113195066,false,חלבה טורקית וניל 400,,TR,חלבה טורקית וניל 400 גרם,גרמים,400.00,100 גרם,false,10,12.90,3.2250,true,1,50054
7290113195073,false,חלבה טורקית וניל עם,,TR,חלבה טורקית וניל עם פיסטוק 400 גרם,גרמים,400.00,100 גרם,false,10,14.90,3.7250,true,1,50052
7290113195080,false,חלבה טורקית וניל שוק,,TR,חלבה טורקית וניל שוקו 400 גרם,גרמים,400.00,100 גרם,false,10,12.90,3.2250,true,1,50053
7290113195271,false,ממרח פלפלים פיקנטי ג,,MK,ממרח פלפלים פיקנטי גורמט 360 גרם,גרמים,300.00,100 גרם,false,12,11.90,3.9667,true,1,50050
7290113195479,false,קמח שקדים שקדיה 200,"שקדיה גבע תעשיות בע""",IL,קמח שקדים שקדיה 200 גרם,גרמים,200.00,100 גרם,false,20,15.90,7.9500,true,1,50044
7290113196414,false,אורז בסמטי שקדיה 1 ק,,,"אורז בסמטי שקדיה 1 ק""ג",קילוגרמים,1.00,"ק""ג",false,1,10.90,10.9000,true,1,56538
7290113196896,false,תרסיס שמן זית שקדיה,גאטה,,תרסיס שמן זית שקדיה 170 מל,מיליליטרים,170.00,"100 מ""ל",false,12,13.90,8.1765,true,1,56125
7290113198029,false,אגוז פקאן שקדיה מצופ,"דין שיווק וקלייה בע""",IL,אגוז פקאן שקדיה מצופה חלבה 150 גרם,גרמים,150.00,100 גרם,false,12,14.90,9.9333,true,1,56228
7290113198036,false,אגוז פקאן שקדיה מצופ,"דין שיווק וקלייה בע""",IL,אגוז פקאן שקדיה מצופה טעם קרמל150 גרם,גרמים,150.00,100 גרם,false,12,14.90,9.9333,true,1,56233
7290113198043,false,אגוז פקאן שקדיה מצופ,"דין שיווק וקלייה בע""",IL,אגוז פקאן שקדיה מצופה שוקולד עוגי150 גרם,גרמים,150.00,100 גרם,false,12,14.90,9.9333,true,1,56231
7290113198067,false,אגוז פקאן שקדיה מצופ,"דין שיווק וקלייה בע""",IL,אגוז פקאן שקדיה מצופה שוקולד לבן 150 גרם,גרמים,150.00,100 גרם,false,12,14.90,9.9333,true,1,56229
7290113199323,false,טורטיה טורטילס מיני,מוטלוקל,TR,טורטיה טורטילס מיני 150 גרם,גרמים,150.00,100 גרם,false,1,5.50,3.6667,true,1,60376
7290113199606,false,חטיפי שקדיה אנרגי מי,"שקדיה גבע תעשיות בע""",IL,חטיפי שקדיה אנרגי מיקס בוטן חמוציו 220 ג,גרמים,220.00,100 גרם,false,12,14.90,6.7727,true,1,58389
7290113199620,false,חטיפי שקדיה אנרגי מי,"שקדיה גבע תעשיות בע""",IL,חטיפי שקדיה אנרגי מיקס דלעת קשיו 220 ג,גרמים,220.00,100 גרם,false,12,14.90,6.7727,true,1,58388
7290113199637,false,חטיפי שקדיה אנרגי מי,"שקדיה גבע תעשיות בע""",IL,חטיפי שקדיה אנרגי מיקס שומשום פשתן 220 ג,גרמים,220.00,100 גרם,false,12,14.90,6.7727,true,1,58387
7290113288850,false,כפפות חד פעמי 100יח,,CN,כפפות חד פעמי 100יח ניטריטקס לארג שחור,יחידה,100.00,יחידה,false,10,21.90,0.2190,true,1,57496
7290113288867,false,כפפות חד פעמי 100יח,,CN,כפפות חד פעמי 100יח ניטריטקס אקס אל שחור,יחידה,100.00,יחידה,false,10,21.90,0.2190,true,1,57497
7290113300194,false,פאוץ נתחוני לה קט עם,,CZ,פאוץ נתחוני לה קט עם רוטב 85 גר,Unknown,0.00,Unknown,false,28,4.50,0.0000,true,1,48181
7290113300224,false,פאוץ נתחוני לה קט עם,,CZ,פאוץ נתחוני לה קט עם סלמון 85 גר,Unknown,0.00,Unknown,false,28,4.50,0.0000,true,1,48182
7290113560055,false,מי פה פרודונטקס 500מ,,GB,מי פה פרודונטקס 500מל,מיליליטרים,500.00,"100 מ""ל",false,1,29.90,5.9800,true,1,48199
7290113560062,false,מש. שיניים סנסודיין,,GB,מש. שיניים סנסודיין משאבה 100 מל,מיליליטרים,100.00,"100 מ""ל",false,1,27.90,27.9000,true,1,48198
7290113560109,false,מש.שיניים פרודונטקס,סמיתקליין ביצם,,מש.שיניים פרודונטקס הרבל 75מל,Unknown,0.00,Unknown,false,1,29.90,0.0000,true,1,49958
7290113560277,false,מארז 2יח מברשת שינים,גלקסוס סמית קליין,CN,מארז 2יח מברשת שינים סנסודיין רפיד רליף,יחידה,2.00,יחידה,false,1,32.90,16.4500,true,1,61024
7290113622500,false,פסטה ללא גלוטן תירס,,,פסטה ללג תירס ואורז 250 גר,גרמים,250.00,100 גרם,false,10,12.90,5.1600,true,1,50833
7290113622524,false,פסטה ללא גלוטן כוסמת,,,פסטה ללא גלוטן כוסמת 250 גר,גרמים,250.00,100 גרם,false,10,12.90,5.1600,true,1,50835
7290113622548,false,פסטה ללא גלוטן אפונה,,,פסטה ללא גלוטן אפונה 250 גר,גרמים,250.00,100 גרם,false,10,12.90,5.1600,true,1,50837
7290113763784,false,מכשיר סודה סטרים טרה,סודה סטרים,,מכשיר סודה סטרים טרה שחור,יחידה,1.00,יחידה,false,1,499.00,499.0000,true,1,60737
7290113764019,false,מכשיר סודה סטרים טרה,סודה סטרים,,מכשיר סודה סטרים טרה לבן,יחידה,1.00,יחידה,false,1,499.00,499.0000,true,1,60738
7290114310215,false,שמנת מתוקה 38% עמידה,טרה,,שמנת מתוקה 38% עמידה 250 מל***בקבוק,מיליליטרים,250.00,"100 מ""ל",false,1,6.47,2.5880,true,1,46262
7290114310222,false,חלב מועשר בסידן וויט,טרה,IL,חלב מועשר בסידן וויטמין די 1.5ליטר,מיליליטרים,1500.00,"100 מ""ל",false,6,11.90,0.7933,true,1,46843
7290114310239,false,חלב נטול לקטוז מועשר,טרה,IL,חלב נטול לקטוז מועשר וויטמין די 1.5ליטר,מיליליטרים,1500.00,"100 מ""ל",false,6,11.90,0.7933,true,1,46844
7290114310338,false,גבינה צפתית מעודנת 5,מחלבת משק צוריאל,IL,גבינה צפתית מעודנת 5% 225גר צוריאל,גרמים,225.00,100 גרם,false,1,18.90,8.4000,true,1,50960
7290114310352,false,יוגורט מולר הוואן תפ,טרה,,יוגורט מולר הוואן תפוח פטל 120גר,מיליליטרים,120.00,"100 מ""ל",false,1,5.90,4.9167,true,1,52904
7290114310376,false,יוגורט מולר הוואן מנ,טרה,,יוגורט מולר הוואן מנגו פסיפלורה 120גר,מיליליטרים,120.00,"100 מ""ל",false,1,5.90,4.9167,true,1,52906
7290114310482,false,גבינת נעם מעושנת 200,טרה,,גבינת נעם מעושנת 200 גרם,גרמים,200.00,100 גרם,false,1,21.90,10.9500,true,1,51911
7290114310499,false,יוגורט מולר מיקס פקא,טרה,,יוגורט מולר מיקס פקאן סיני מצופה 170גר,גרמים,170.00,100 גרם,false,1,6.10,3.5882,true,1,50057
7290114310536,false,יוגורט מולר אקטיב מע,טרה,IL,יוגורט מולר אקטיב מעושר חלבון 25גר וניל,גרמים,200.00,100 גרם,false,24,5.90,2.9500,true,1,50640
7290114310543,false,יוגורט מולר אקטיב מע,טרה,IL,יוגורט מולר אקטיב מעושר חלבון 22גר קפוצי,גרמים,200.00,100 גרם,false,24,5.90,2.9500,true,1,50641
7290114310550,false,גבינת פטה עיזים מעוד,מחלבת משק צוריאל,,גבינת פטה עיזים מעודנת 5% 200 גרם צוריאל,גרמים,200.00,100 גרם,false,1,24.90,12.4500,true,1,51906
7290114310567,false,לאבנה עיזים 200 גרם,מחלבת משק צוריאל,,לאבנה עיזים 200 גרם 5% צוריאל,גרמים,200.00,100 גרם,false,1,11.90,5.9500,true,1,51908
7290114310574,false,גבינת קרם שמנת עיזים,מחלבת משק צוריאל,,גבינת קרם שמנת עיזים 5% 200גר צוריאל,גרמים,200.00,100 גרם,false,1,11.90,5.9500,true,1,51907
7290114310611,false,משקה חלב בננה 250מל,טרה,,משקה חלב בננה 250מל טרה בקבוק,מיליליטרים,250.00,"100 מ""ל",false,1,5.80,2.3200,true,1,51909
7290114310628,false,משקה חלב וניל עוגיות,טרה,,משקה חלב וניל עוגיות 1 ליטר,ליטרים,1.00,ליטר,false,1,11.90,11.9000,true,1,51612
7290114310895,false,מאגדת מולר סימפלי פר,טרה,,מאגדת מולר סימפלי פרוט מנגו תות 8יח,קילוגרמים,1.20,"ק""ג",false,1,31.90,26.5833,true,1,56150
7290114310901,false,גבינה לבנה 5% 250 גר,טרה,,גבינה לבנה 5% 250 גרם***ווסטהיים,גרמים,250.00,100 גרם,false,1,4.98,1.9920,true,1,53336
7290114310949,false,מעדן מולר פרופ תפוח,טרה,,מעדן מולר פרופ תפוח קינמון 150גר,מיליליטרים,150.00,"100 מ""ל",false,1,5.40,3.6000,true,1,56149
7290114310963,false,יוגורט עיזים 500 גרם,מחלבת משק צוריאל,IL,יוגורט עיזים 500 גרם בדלי 3.7%שומן,גרמים,500.00,100 גרם,false,1,14.90,2.9800,true,1,59417
7290114311021,false,משקה חלב וניל עוגיות,טרה,,משקה חלב וניל עוגיות 250מל טרה בקבוק,מיליליטרים,250.00,"100 מ""ל",false,1,5.80,2.3200,true,1,59302
7290114311045,false,מעדן מולר תות בננה ס,טרה,,מעדן מולר תות בננה סימפלי פרויט 150ג,גרמים,150.00,100 גרם,false,1,5.50,3.6667,true,1,58547
7290114311069,false,מעדן מולר אקטיב 25גר,טרה,IL,מעדן מולר אקטיב 25גר חלבון 0% שומן200גר,גרמים,200.00,100 גרם,false,24,5.50,2.7500,true,1,58607
7290114311090,false,יוגורט מולר נטורל עם,טרה,IL,יוגורט מולר נטורל עם גרנולה ודבש 177גר,גרמים,177.00,100 גרם,false,12,6.90,3.8983,true,1,57862
7290114311168,false,גבינת נעם טעם כמהין,טרה,,גבינת נעם טעם כמהין 200 גרם,גרמים,200.00,100 גרם,false,1,21.90,10.9500,true,1,59303
7290114311175,false,גבינת נעם טעם זיתים,טרה,,גבינת נעם טעם זיתים 200 גרם,גרמים,200.00,100 גרם,false,1,21.90,10.9500,true,1,59304
7290114311199,false,גבינת גאודה עיזים 16,מחלבת משק צוריאל,,גבינת גאודה עיזים 160גר צוריאל,גרמים,160.00,100 גרם,false,1,22.90,14.3125,true,1,59673
7290114311298,false,יוגורט מולר פרופ תות,טרה,IL,יוגורט מולר פרופ תות בננה מלון 150גר,גרמים,150.00,100 גרם,false,1,4.90,3.2667,true,1,60716
7290114311304,false,יוגורט מולר פרופ מנג,טרה,IL,יוגורט מולר פרופ מנגו פסיפלורה בננה 150ג,גרמים,150.00,100 גרם,false,1,4.90,3.2667,true,1,60715
7290114311328,false,חלב דל לקטוז מועשר ב,טרה,,חלב דל לקטוז מועשר בויטמין די 1 ליטר,ליטרים,1.00,ליטר,false,1,8.10,8.1000,true,1,60788
7290114311458,false,חלב מועשר וויטמין די,טרה,,חלב מועשר וויטמין די 1ליטר קרטון 3%שומן,ליטרים,1.00,ליטר,false,1,8.10,8.1000,true,1,61175
7290114600767,false,חטיף פריי קו קווים ע,,IT,חטיף פריי קו קווים עגבניות זיתים 150 גרם,גרמים,150.00,100 גרם,false,12,11.90,7.9333,true,1,47330
7290114600927,false,עלי טורטיה חיטה מלאה,אלקאטי קורביישיסי גי,,עלי טורטיה חיטה מלאה 8 יח 320 גר,גרמים,320.00,100 גרם,false,1,10.90,3.4063,true,1,48673
7290114600941,false,מיונז לחיץ מאסטר שף,רמייה,,מיונז לחיץ מאסטר שף הולנדי 435 גרם,גרמים,435.00,100 גרם,false,1,12.90,2.9655,true,1,48494
7290114600989,false,רוטב אלף האיים מאסטר,רמייה,NL,רוטב אלף האיים מאסטר שף 257 גרם,גרמים,257.00,100 גרם,false,6,9.90,3.8521,true,1,49081
7290114600996,false,רוטב שום מאסטר שף 25,רמייה,NL,רוטב שום מאסטר שף 256 גרם,גרמים,256.00,100 גרם,false,6,9.90,3.8672,true,1,49080
7290114602631,false,חטיף פרי תפוח עץ קרא,,PL,חטיף פרי תפוח עץ קראנצ  22 גר,יחידה,1.00,יחידה,false,1,5.90,5.9000,true,1,50145
7290114602778,false,חטיף פרי סליסים ציפס,,ES,חטיף פרי סליסים ציפס ירקות שורש 90 גרם,Unknown,0.00,Unknown,false,10,12.90,0.0000,true,1,53374
7290114602976,false,קרקר מיניס פריי פריך,אפיפית,IL,קרקר מיניס פריי פריך מחומוס 120 גרם,גרמים,120.00,100 גרם,false,12,11.90,9.9167,true,1,50082
7290114603034,false,גרנולה פריי אגוז צימ,"אפקטבעי בע""מ",IL,גרנולה פרי אגוז צימוק וחמוציות 300 גרם,גרמים,300.00,100 גרם,false,15,14.90,4.9667,true,1,50080
7290114603041,false,גרנולה פריי בוטן אגו,"אפקטבעי בע""מ",IL,רוטב קארי ירוק מאסטר שף 340 גרם,גרמים,300.00,100 גרם,false,15,14.90,4.9667,true,1,50079
7290114603492,false,רוטב סויה מאסטר שף 1,,TH,רוטב סויה מאסטר שף 100 מל,מיליליטרים,100.00,"100 מ""ל",false,50,4.90,4.9000,true,1,52153
7290114603508,false,רוטב להקפצה מאסטר שף,,,רוטב להקפצה מאסטר שף 300 מל,מיליליטרים,300.00,"100 מ""ל",false,12,10.90,3.6333,true,1,48674
7290114603768,false,מארז 2יח אגקס שירותי,,,מארז 2יח אגקס שירותים 750מל,מיליליטרים,500.00,"100 מ""ל",false,6,24.90,4.9800,true,1,47319
7290114604857,false,דפי אורז עגול מאסטר,,VN,דפי אורז עגול מאסטר שף 22 סמ 400 גרם,גרמים,400.00,100 גרם,false,24,13.90,3.4750,true,1,50724
7290114604864,false,קוסקוס סולת דק מאסטר,דוידוביץ,IL,קוסקוס סולת דק מאסטר שף 340 גר,גרמים,340.00,100 גרם,false,24,5.90,1.7353,true,1,50738
7290114604871,false,קוסקוס סולת בינוני מ,דוידוביץ,IL,קוסקוס סולת בינוני מאסטר שף 340 גר,גרמים,340.00,100 גרם,false,24,5.90,1.7353,true,1,50739
7290114604895,false,ממרח מיונז ספייסי לח,רמייה,NL,ממרח מיונז ספייסי לחיץ מאסטר שף 446 גרם,גרמים,446.00,100 גרם,false,6,12.90,2.8924,true,1,52280
7290114604901,false,ממרח מיונז שום לחיץ,רמייה,NL,ממרח מיונז שום לחיץ מאסטר שף 446 גרם,גרמים,444.00,100 גרם,false,6,12.90,2.9054,true,1,52281
7290114604925,false,קרם קוקוס לייט מאסטר,THAI COCONUT CO,TH,קרם קוקוס לייט מאסטר שף 400 מל,מיליליטרים,400.00,"100 מ""ל",false,24,8.90,2.2250,true,1,55827
7290114604932,false,רוטב ברביקיו דבש מאס,רמייה,,רוטב ברביקיו דבש מאסטר שף 520 גרם,גרמים,520.00,100 גרם,false,1,12.90,2.4808,true,1,52286
7290114604963,false,פירורי לחם מתובלים מ,EinatFood,,פירורי לחם מתובלים מאסטר שף 230 גרם,גרמים,230.00,100 גרם,false,1,7.90,3.4348,true,1,50723
7290114605533,false,משטח חיתוך חד פעמי ק,,CN,משטח חיתוך חד פעמי קוקי,יחידה,1.00,יחידה,false,16,19.90,19.9000,true,1,58792
7290114605557,false,נייר עטיפה לסנדוויץ,,IL,נייר עטיפה לסנדוויץ קוקי 80יח 30/40סמ,יחידה,80.00,יחידה,false,15,12.90,0.1613,true,1,51363
7290114606387,false,מארז 2יח מש. שיניים,קולגייט פלמוליב,PL,מארז 2יח מש. שיניים אופטיק וויט פחם 75מל,מיליליטרים,150.00,"100 מ""ל",false,24,44.90,29.9333,true,1,51364
7290114606530,false,ממרח מיו קטש לחיץ מא,רמייה,NL,ממרח מיו קטש לחיץ מאסטר שף 515 גרם,גרמים,515.00,100 גרם,false,6,12.90,2.5049,true,1,52283
7290114606547,false,ממרח מיונז כמהין לחי,רמייה,NL,ממרח מיונז כמהין לחיץ מאסטר שף 242 גרם,גרמים,242.00,100 גרם,false,6,12.90,5.3306,true,1,52282
7290114607391,false,משחת שיניים קולגייט,קולגייט פלמוליב,MX,משחת שיניים קולגייט ילדים ברבי 75מל,Unknown,0.00,Unknown,false,12,15.90,0.0000,true,1,53127
7290114607995,false,מארז 2יח דאוד. ספיד,,US,מארז 2יח דאוד. ספיד סטיק איקס5 85גר,גרמים,170.00,100 גרם,false,6,29.90,17.5882,true,1,51369
7290114608015,false,מארז 2יח דאוד. ספיד,,US,מארז 2יח דאוד. ספיד סטיק ירוק רגיל 56.6ג,גרמים,113.00,100 גרם,false,6,23.90,21.1504,true,1,51366
7290114608022,false,מארז 2יח דאוד. ספיד,,US,מארז 2יח דאוד. ספיד סטיק ירוק פרש פאוור,גרמים,102.00,100 גרם,false,6,23.90,23.4314,true,1,51365
7290114608039,false,מארז 2יח דאוד. ספיד,,US,מארז 2יח דאוד. ספיד סטיק גל אלוורה 65גר,גרמים,130.00,100 גרם,false,6,29.90,23.0000,true,1,51372
7290114608053,false,מארז 2יח דאוד. ספיד,,US,מארז 2יח דאוד. ספיד סטיק ויטמין אי 45גר,Unknown,0.00,Unknown,false,6,23.90,0.0000,true,1,51367
7290114608169,false,גרנולה פריי קפה קקאו,"אפקטבעי בע""מ",IL,גרנולה פריי קפה קקאו ואגוז 300 גרם,גרמים,300.00,100 גרם,false,15,14.90,4.9667,true,1,57212
7290114608657,false,סילאן טבעי מאסטר שף,,AE,סילאן טבעי מאסטר שף 700 גרם צנצנת,גרמים,700.00,100 גרם,false,12,19.90,2.8429,true,1,57359
7290114608695,false,מיונז לחיץ מאסטר שף,רמייה,NL,מיונז לחיץ מאסטר שף עם וואסבי 241 גרם,גרמים,241.00,100 גרם,false,6,12.90,5.3527,true,1,55821
7290114659949,false,מארז 50יח מסכות פנים,,,מארז 50יח מסכות פנים כירוגיות 3 שכבות,יחידה,50.00,יחידה,false,1,9.90,0.1980,true,1,56185
7290114821469,false,כבד דג שיבוט אופיסר,,IS,כבד דג שיבוט אופיסר במיץ טבעי 120 גר,גרמים,120.00,100 גרם,false,12,14.90,12.4167,true,1,50674
7290115073676,false,מארז 50יח מסכות פנים,,,מארז 50יח מסכות פנים צבעוניות שחורות,יחידה,50.00,יחידה,false,1,10.90,0.2180,true,1,49077
7290115200003,false,פתי בר פינוקי וניל 2,דיקסר,,פתי בר פינוקי וניל 220 גרם,גרמים,220.00,100 גרם,false,1,11.90,5.4091,true,1,48885
7290115200027,false,פתי בר פינוקי שוקו 2,דיקסר,,פתי בר פינוקי שוקו 220 גרם,גרמים,220.00,100 גרם,false,1,11.90,5.4091,true,1,48886
7290115200188,false,זוג מרק נמס אוסם עגב,"אסם תעשיות בע""מ",,זוג מרק נמס אוסם עגבניות פיקנטי 40 גר,Unknown,0.00,Unknown,false,1,6.00,0.0000,true,1,49506
7290115200782,false,מארז 5 פיתות בונזור,,,מארז 5 פיתות בונזור,Unknown,0.00,Unknown,false,1,8.90,0.0000,true,1,47253
7290115200881,false,בייגלה שטוחים מליחות,"אסם תעשיות בע""מ",,בייגלה שטוחים מליחות מעודנת 300 גר,גרמים,300.00,100 גרם,false,1,12.00,4.0000,true,1,49950
7290115201031,false,פתי בר דובי שוקולד 1,דיקסר,,פתי בר דובי שוקולד 175 גרם,גרמים,175.00,100 גרם,false,1,11.90,6.8000,true,1,51732
7290115201253,false,לחם מחמצת קמח מלא וס,בונז'ור,,לחם מחמצת קמח מלא וסובין,Unknown,0.00,Unknown,false,1,17.90,0.0000,true,1,47999
7290115201277,false,לחם מחמצת עם בצלים,בונז'ור,,לחם מחמצת עם בצלים,Unknown,0.00,Unknown,false,1,17.90,0.0000,true,1,48002
7290115201291,false,לחם מחמצת כפרי שיפון,בונז'ור,,לחם מחמצת כפרי שיפון,Unknown,0.00,Unknown,false,1,17.90,0.0000,true,1,48001
7290115201338,false,לחם מחמצת כפרי חמוצי,בונז'ור,,לחם מחמצת כפרי חמוציות,Unknown,0.00,Unknown,false,1,17.90,0.0000,true,1,48000
7290115201451,false,ארוחת לביבות בטטה קא,טבעול ישראל,IL,ארוחת לביבות בטטה קארי טבעול גורמה 455גר,גרמים,455.00,100 גרם,false,6,32.90,7.2308,true,1,58629
7290115201475,false,ארוחת לביבות כרישה ט,טבעול ישראל,IL,ארוחת לביבות כרישה טבעול גורמה 434גר,גרמים,434.00,100 גרם,false,6,32.90,7.5806,true,1,58630
7290115201536,false,ארוחת לביבות כרובית,טבעול ישראל,IL,ארוחת לביבות כרובית תפוא טבעול גורמה442ג,גרמים,442.00,100 גרם,false,6,32.90,7.4434,true,1,58631
7290115201550,false,חטיף ביסלי קרנבל מיק,"אסם תעשיות בע""מ",,חטיף ביסלי קרנבל מיקס 200 גר,גרמים,150.00,100 גרם,false,1,9.10,6.0667,true,1,49580
7290115201680,false,חטיף ביסלי ברביקיו70,"אסם תעשיות בע""מ",,חטיף ביסלי ברביקיו70גרם,Unknown,0.00,Unknown,false,1,4.50,0.0000,true,1,49585
7290115201703,false,חטיף ביסלי ברביקיו 2,"אסם תעשיות בע""מ",,חטיף ביסלי ברביקיו 200 גרם,גרמים,200.00,100 גרם,false,1,9.10,4.5500,true,1,49583
7290115201741,false,חטיף ביסלי בצל 70גרם,"אסם תעשיות בע""מ",,חטיף ביסלי בצל 70גרם,Unknown,0.00,Unknown,false,1,4.50,0.0000,true,1,49584
7290115202212,false,ארוחת לביבות סלק טבע,טבעול ישראל,IL,ארוחת לביבות סלק טבעול גורמה 434גר,גרמים,434.00,100 גרם,false,6,32.90,7.5806,true,1,58632
7290115202236,false,טבעול טופו קראנצים 4,טבעול ישראל,,טבעול טופו קראנצים 470גר,גרמים,470.00,100 גרם,false,6,32.90,7.0000,true,1,53008
7290115202434,false,סלט חומוס עם זעתר 37,צבר,,סלט חומוס עם זעתר 375גר צבר,גרמים,375.00,100 גרם,false,1,12.90,3.4400,true,1,51231
7290115202748,false,קטשופ אוסם לעל האש 7,"אסם תעשיות בע""מ",,קטשופ אוסם לעל האש 710 גר,גרמים,710.00,100 גרם,false,1,11.90,1.6761,true,1,51729
7290115202762,false,פרפקטו ניוקי טריקולו,איטלניוקי,,פרפקטו ניוקי טריקולור 500 גרם,גרמים,500.00,100 גרם,false,1,13.90,2.7800,true,1,59373
7290115202939,false,מנה חמה רייס נודלס ע,"אסם תעשיות בע""מ",TH,מנה חמה רייס נודלס עוף פטריות 50 גר,Unknown,0.00,Unknown,false,12,8.50,0.0000,true,1,57454
7290115202977,false,מנה חמה רייס נודלס ס,"אסם תעשיות בע""מ",TH,מנה חמה רייס נודלס סויה סיני 55 גר,Unknown,0.00,Unknown,false,12,8.50,0.0000,true,1,57455
7290115203134,false,פופקו פופקורן במבה80,"אסם תעשיות בע""מ",,פופקו פופקורן במבה80 ג,Unknown,0.00,Unknown,false,1,5.60,0.0000,true,1,52251
7290115203172,false,חטיף במבה פרו 80 גרם,"אסם תעשיות בע""מ",,חטיף במבה פרו 80 גרם,Unknown,0.00,Unknown,false,1,5.00,0.0000,true,1,60710
7290115203295,false,פסטה פרפקט ריציאולי,זארה,,פסטה פרפקט ריציאולי 500 גרם,גרמים,500.00,100 גרם,false,1,10.90,2.1800,true,1,51725
7290115203486,false,פירורית טעם ביסלי גר,עינת,,פירורית טעם ביסלי גריל 200 גרם,גרמים,200.00,100 גרם,false,1,6.50,3.2500,true,1,52617
7290115203806,false,רוטב בסיס אוסם 290 מ,"אסם תעשיות בע""מ",,רוטב בסיס אוסם 290 מל,מיליליטרים,290.00,"100 מ""ל",false,1,13.90,4.7931,true,1,56138
7290115203905,false,מארז 10 יח פיתה כוסמ,בונז'ור,,מארז 10 יח פיתה כוסמין מיני,יחידה,10.00,יחידה,false,1,16.90,1.6900,true,1,57063
7290115204056,false,קטשופ אוסם 56%פחות ס,"אסם תעשיות בע""מ",,קטשופ אוסם 56%פחות סוכר 690 גר,גרמים,690.00,100 גרם,false,1,11.90,1.7246,true,1,52006
7290115204131,false,סחוג ירוק 190גר צבר,צבר,IL,סחוג ירוק 190גר צבר,גרמים,190.00,100 גרם,false,6,11.90,6.2632,true,1,58079
7290115204155,false,סחוג אדום 190גר צבר,צבר,IL,סחוג אדום 190גר צבר,גרמים,190.00,100 גרם,false,6,11.90,6.2632,true,1,58077
7290115204186,false,ממרח פסטו 190גר צבר,צבר,IL,ממרח פסטו 190גר צבר,גרמים,190.00,100 גרם,false,6,15.90,8.3684,true,1,58075
7290115204247,false,ממרח עגבניות מיובשות,צבר,IL,ממרח עגבניות מיובשות 190גר צבר,גרמים,190.00,100 גרם,false,6,15.90,8.3684,true,1,58076
7290115204261,false,אריסה 190גר צבר,צבר,IL,אריסה 190גר צבר,גרמים,190.00,100 גרם,false,6,11.90,6.2632,true,1,58078
7290115204582,false,סלט טחינה ירוקה 350ג,צבר,IL,סלט טחינה ירוקה 350גר צבר,גרמים,350.00,100 גרם,false,6,15.90,4.5429,true,1,51958
7290115204636,false,קטשופ אוסם לפיצה 690,"אסם תעשיות בע""מ",,קטשופ אוסם לפיצה 690 גרם,גרמים,690.00,100 גרם,false,1,11.90,1.7246,true,1,56139
7290115205176,false,קרקר פיטנס דק כפרי 1,,,קרקר פיטנס דק כפרי 140 גרם,גרמים,140.00,100 גרם,false,1,11.90,8.5000,true,1,56519
7290115205251,false,פריכיות פיטנס בר קרמ,פרח תעשיות,,פריכיות פיטנס בר קרמל מלוח 84 גר,Unknown,0.00,Unknown,false,1,13.90,0.0000,true,1,61186
7290115205312,false,קרקר פיטנס דק זיתים,,,קרקר פיטנס דק זיתים 140 גרם,גרמים,140.00,100 גרם,false,1,11.90,8.5000,true,1,59258
7290115205435,false,לאבנה עם חציל על האש,צבר,IL,לאבנה עם חציל על האש 220גר צבר,גרמים,220.00,100 גרם,false,6,15.90,7.2273,true,1,58099
7290115205503,false,לאבנה עם קרם פלפלים,צבר,IL,לאבנה עם קרם פלפלים 220גר צבר,גרמים,220.00,100 גרם,false,6,15.90,7.2273,true,1,58101
7290115205619,false,פתי בר פינוקי עוגת ג,דיקסר,,פתי בר פינוקי עוגת גבינה 220 גרם,גרמים,220.00,100 גרם,false,1,11.90,5.4091,true,1,59259
7290115205695,false,בצק מצונן לפיצה 460ג,בונז'ור,IL,בצק מצונן לפיצה 460גר בונזור,גרמים,460.00,100 גרם,false,10,18.90,4.1087,true,1,58240
7290115205718,false,בצק עלים מצונן 230גר,בונז'ור,IL,בצק עלים מצונן 230גר בונזור,גרמים,230.00,100 גרם,false,10,14.90,6.4783,true,1,58241
7290115205978,false,פתי בר אצבעות שוקולד,דיקסר,,פתי בר אצבעות שוקולד 180 גרם,גרמים,180.00,100 גרם,false,1,10.90,6.0556,true,1,58373
7290115206135,false,ארוחת קינואה טבעול ג,טבעול ישראל,IL,ארוחת קינואה טבעול גורמה 450גר,גרמים,450.00,100 גרם,false,8,32.90,7.3111,true,1,58628
7290115206173,false,ביסקויט פתי בר קרמל,"אסם תעשיות בע""מ",,ביסקויט פתי בר קרמל 500 גר,גרמים,500.00,100 גרם,false,1,12.90,2.5800,true,1,53295
7290115206210,false,חטיף במבה במילוי קרמ,"אסם תעשיות בע""מ",,חטיף במבה במילוי קרמל מלוח 150 גר,גרמים,150.00,100 גרם,false,1,10.90,7.2667,true,1,56142
7290115206890,false,חטיף ביסלי המבורגר 7,"אסם תעשיות בע""מ",,חטיף ביסלי המבורגר 70 גרם,Unknown,0.00,Unknown,false,1,4.50,0.0000,true,1,60708
7290115206913,false,מארז נסקפה טסטר צויס,נסטלה קוריאה - קפה,,מארז נסקפה טסטר צויס 200 גרם+כוס קפה לדר,גרמים,200.00,100 גרם,false,1,33.90,16.9500,true,1,57772
7290115207347,false,אינסטנט פודינג פירות,"אסם תעשיות בע""מ",,אינסטנט פודינג פירות יער אוסם 80 גר,Unknown,0.00,Unknown,false,1,6.00,0.0000,true,1,59254
7290115207460,false,סלט חציל פיקנטי 360ג,צבר,,סלט חציל פיקנטי 360גר היתר מכירה צבר,גרמים,360.00,100 גרם,false,1,16.90,4.6944,true,1,58081
7290115207484,false,סלט חציל על האש 400ג,צבר,,סלט חציל על האש 400גר היתר מכירה צבר,גרמים,400.00,100 גרם,false,1,16.90,4.2250,true,1,58082
7290115207507,false,סלט טורקי 360גר צבר,צבר,,סלט טורקי 360גר צבר,גרמים,360.00,100 גרם,false,1,16.90,4.6944,true,1,58080
7290115207620,false,רוטב סויה קלאסי אוסם,"אסם תעשיות בע""מ",,רוטב סויה קלאסי אוסם 290 מל,מיליליטרים,290.00,"100 מ""ל",false,1,13.90,4.7931,true,1,59264
7290115207668,false,רוטב סויה בסגנון סינ,"אסם תעשיות בע""מ",,רוטב סויה בסגנון סיני 600 מל,מיליליטרים,600.00,"100 מ""ל",false,1,18.90,3.1500,true,1,59263
7290115207682,false,רוטב סויה סגנון סיני,"אסם תעשיות בע""מ",,רוטב סויה סגנון סיני 290 מל,מיליליטרים,290.00,"100 מ""ל",false,1,11.90,4.1034,true,1,59262
7290115207798,false,בורגר חריף טבעול טבע,טבעול ישראל,IL,בורגר חריף טבעול טבעוני 420גר,גרמים,420.00,100 גרם,false,6,32.90,7.8333,true,1,58926
7290115207941,false,סירופ ויטמינציק אננס,בית השיטה,IL,סירופ ויטמינציק אננס 1 ל,ליטרים,1.00,ליטר,false,12,22.90,22.9000,true,1,58012
7290115207989,false,סירופ ויטמינציק לימו,בית השיטה,IL,סירופ ויטמינציק לימון 1 ל,ליטרים,1.00,ליטר,false,12,22.90,22.9000,true,1,58013
7290115208009,false,סירופ ויטמינציק ענבי,בית השיטה,IL,סירופ ויטמינציק ענבים 1 ל,ליטרים,1.00,ליטר,false,12,22.90,22.9000,true,1,58016
7290115208047,false,סירופ ויטמינציק פטל,בית השיטה,IL,סירופ ויטמינציק פטל 1 ל,ליטרים,1.00,ליטר,false,12,22.90,22.9000,true,1,58011
7290115208061,false,סירופ ויטמינציק תפוח,בית השיטה,IL,סירופ ויטמינציק תפוח 1 ל,ליטרים,1.00,ליטר,false,12,22.90,22.9000,true,1,58014
7290115209198,false,חטיף במבה אורירית 80,"אסם תעשיות בע""מ",,חטיף במבה אורירית 80 גרם,Unknown,0.00,Unknown,false,1,5.00,0.0000,true,1,59878
7290115209235,false,ביסקויט פתי בר קפה 5,"אסם תעשיות בע""מ",,ביסקויט פתי בר קפה 500 גרם,גרמים,500.00,100 גרם,false,1,12.90,2.5800,true,1,61187
7290115209358,false,חטיף במבה במילוי ברא,"אסם תעשיות בע""מ",,חטיף במבה במילוי בראוניז 60 גר,גרמים,60.00,100 גרם,false,1,5.00,8.3333,true,1,61595
7290115209372,false,חטיף במבה במילוי ברא,"אסם תעשיות בע""מ",,חטיף במבה במילוי בראוניז 150 גר,גרמים,150.00,100 גרם,false,1,10.90,7.2667,true,1,61596
7290115250503,false,קרקר כוסמין שום עשבי,,IL,קרקר כוסמין שום עשבי תיבול 225 גרם,גרמים,225.00,100 גרם,false,10,22.90,10.1778,true,1,46547
7290115251227,false,קרקר חומוס מתובל פתפ,,IL,קרקר חומוס מתובל פתפותים 225 גרם,גרמים,225.00,100 גרם,false,10,22.90,10.1778,true,1,59882
7290115252330,false,קינואה וירו עם ירקות,,PE,קינואה וירו עם ירקות קלויים 470 גרם,גרמים,470.00,100 גרם,false,12,13.90,2.9574,true,1,57014
7290115252354,false,קינואה וירו עם זוקינ,,PE,קינואה וירו עם זוקיני ובצל 470 גרם,גרמים,470.00,100 גרם,false,12,13.90,2.9574,true,1,57015
7290115252378,false,קינואה וירו מנגו לבב,,PE,קינואה וירו מנגו לבבות דקל 470 גרם,גרמים,470.00,100 גרם,false,12,13.90,2.9574,true,1,57016
7290115252460,false,מקלות כוסמין פתפותים,,IL,מקלות כוסמין פתפותים 200 גרם,גרמים,200.00,100 גרם,false,15,19.90,9.9500,true,1,59884
7290115252484,false,עוגת פאי פיצוחים פתפ,,IL,עוגת פאי פיצוחים פתפותים 400 גרם,גרמים,400.00,100 גרם,false,15,44.90,11.2250,true,1,59886
7290115252491,false,עוגת פאי שקדים פתפות,,IL,עוגת פאי שקדים פתפותים 400 גרם,גרמים,400.00,100 גרם,false,15,44.90,11.2250,true,1,59887
7290115252514,false,עוגת פאי פקאן פתפותי,,IL,עוגת פאי פקאן פתפותים 400 גרם,גרמים,400.00,100 גרם,false,15,44.90,11.2250,true,1,59888
7290115252774,false,כדורי ממה תמר ממולא,ממה חטיפי אנרגיה,IL,כדורי ממה תמר ממולא קקאו ח.בוטני 220 גרם,גרמים,220.00,100 גרם,false,6,25.90,11.7727,true,1,60701
7290115252781,false,כדורי ממה שקדים ממול,ממה חטיפי אנרגיה,IL,כדורי ממה שקדים ממולא תות לימון 220 גרם,גרמים,220.00,100 גרם,false,6,25.90,11.7727,true,1,60700
7290115254693,false,מאגדת סוכריות גוי לק,,CN,מאגדת סוכריות גוי לקישוט מסיבה160 גרם,גרמים,160.00,100 גרם,false,12,19.90,12.4375,true,1,59870
7290115254709,false,מאגדת סוכריות גוי לק,,CN,מאגדת סוכריות גוי לקישוט קלאסי 160 גרם,גרמים,165.00,100 גרם,false,12,19.90,12.0606,true,1,59871
7290115259179,false,טופי פנסטרס מלוח 100,,IL,טופי פנסטרס מלוח 100 גרם עבודת יד,גרמים,100.00,100 גרם,false,5,19.90,19.9000,true,1,56832
7290115259193,false,טופי פנסטרס פירות יע,,IL,טופי פנסטרס פירות יער 100 גרם עבודת יד,גרמים,100.00,100 גרם,false,5,19.90,19.9000,true,1,56834
7290115480009,false,מרכך כביסה סוד מרוכז,הנקל,IL,מרכך כביסה סוד מרוכז 900מל פרש ירוק,מיליליטרים,900.00,"100 מ""ל",false,12,11.90,1.3222,true,1,57413
7290115480023,false,קפסולות גל כביסה סוד,הנקל,RS,קפסולות גל כביסה סוד 45יח,יחידה,45.00,יחידה,false,6,32.90,0.7311,true,1,60295
7290115670240,false,פריכיות אנרגי אורז מ,פרח תעשיות,,פריכיות אנרגי אורז מלא דקות 135 גר,גרמים,135.00,100 גרם,false,1,11.90,8.8148,true,1,51030
7290115670561,false,ממרחית חלב 500 גרם,,,ממרחית חלב 500 גרם,גרמים,500.00,100 גרם,false,1,10.90,2.1800,true,1,49579
7290115670585,false,חטיף מקופלת לבנה 25,,,חטיף מקופלת לבנה 25 גר מגדים,Unknown,0.00,Unknown,false,1,5.00,0.0000,true,1,50448
7290115670677,false,גרנולה אנרגי פירות ט,,,גרנולה אנרגי פירות טרופיים 400 גר,גרמים,400.00,100 גרם,false,1,13.90,3.4750,true,1,51971
7290115670684,false,גרנולה אנרגי אגוזים,,,גרנולה אנרגי אגוזים 400 גר,גרמים,400.00,100 גרם,false,1,13.90,3.4750,true,1,51969
7290115670691,false,גרנולה אנרגי פירות י,,,גרנולה אנרגי פירות יער 400 גר,גרמים,400.00,100 גרם,false,1,13.90,3.4750,true,1,51972
7290115670707,false,גרנולה אנרגי שוקולד,,,גרנולה אנרגי שוקולד אגוזים 400 גר,גרמים,400.00,100 גרם,false,1,13.90,3.4750,true,1,51970
7290115670752,false,מארז קפה נמס אבקתי+כ,,,מארז קפה נמס אבקתי+כוס טו גו 200 גרם,גרמים,200.00,100 גרם,false,1,22.00,11.0000,true,1,51026
7290115670844,false,חטיף מיני פרה ללס 20,,,חטיף מיני פרה ללא סוכר שקית,גרמים,208.00,100 גרם,false,1,19.90,9.5673,true,1,57379
7290115670868,false,חטיף מיני כיף כף ללס,,,חטיף מיני כיף כף ללא סוכר שקית,גרמים,200.00,100 גרם,false,1,19.90,9.9500,true,1,57380
7290115670929,false,קפה נמס מילקשייק איי,,,קפה נמס מילקשייק אייס קלאסי 200 גרם,גרמים,200.00,100 גרם,false,1,15.90,7.9500,true,1,52891
7290115671063,false,שוקולד אצבעות ארטיק,,,שוקולד אצבעות ארטיק מסטיק 96 גר,גרמים,96.00,100 גרם,false,1,7.50,7.8125,true,1,53313
7290115671223,false,מסטיק מאסט פאן אבטיח,,,מסטיק מאסט פאן אבטיח מנגו 58 גר,Unknown,0.00,Unknown,false,1,10.00,0.0000,true,1,57815
7290115671261,false,מארז 3יח שוקולד פרה,,,מארז 3יח שוקולד פרה חלב אגוז לוז 100 גרם,גרמים,100.00,100 גרם,false,1,25.90,25.9000,true,1,51740
7290115671308,false,מסטיק מאסט פאן תות ד,,,מסטיק מאסט פאן תות דובדבן 58 גר,Unknown,0.00,Unknown,false,1,10.00,0.0000,true,1,57816
7290115671339,false,עוגיות מיני פינוקיות,,,עוגיות מיני פינוקיות בראוניז בייגל 180 ג,גרמים,180.00,100 גרם,false,1,10.90,6.0556,true,1,53315
7290115671346,false,עוגיות מיני פינוקיות,,,עוגיות מיני פינוקיות קרמל מלוח 180 ג,גרמים,180.00,100 גרם,false,1,10.90,6.0556,true,1,53316
7290115671353,false,עוגיות מיני פינוקיות,,,עוגיות מיני פינוקיות שחור לבן 180 ג,גרמים,180.00,100 גרם,false,1,10.90,6.0556,true,1,57822
7290115671469,false,כוס חבק קפה טורקי על,פרח תעשיות,,כוס חבק קפה טורקי עלית,Unknown,0.00,Unknown,false,1,10.00,0.0000,true,1,61110
7290115671827,false,חטיף מיני טעמי 190 ג,,,חטיף מיני טעמי 190 ג משפחתי,גרמים,190.00,100 גרם,false,1,14.90,7.8421,true,1,52170
7290115673135,false,שוקולד פרה חלב עדשים,,IL,שוקולד פרה חלב עדשים 100 גר,גרמים,100.00,100 גרם,false,1,5.90,5.9000,true,1,51270
7290115673777,false,חטיף פסק זמן פטיסרי,,,חטיף פסק זמן פטיסרי קרמל מלוח 35 גרם,Unknown,0.00,Unknown,false,1,6.00,0.0000,true,1,52631
7290115673869,false,מארז גרנולה אנרגי פי,,,מארז גרנולה אנרגי פירות400גר+צנצנת,גרמים,400.00,100 גרם,false,1,13.90,3.4750,true,1,53326
7290115673876,false,מארז גרנולה אנרגי שו,,,מארז גרנולה אנרגי שוקולד400גר+צנצנת,גרמים,400.00,100 גרם,false,1,13.90,3.4750,true,1,53325
7290115674699,false,חטיף תפוציפס פופבלס,STRAUSS-ISRAEL,,חטיף תפוציפס פופבלס 45 גרם,Unknown,0.00,Unknown,false,1,4.30,0.0000,true,1,52099
7290115674729,false,גריסיני ברדס מלפפון,,US,גריסיני ברדס מלפפון חמוץ 170 גרם,גרמים,170.00,100 גרם,false,12,14.90,8.7647,true,1,57509
7290115675580,false,חטיף קוואקר ובוטנים,STRAUSS-ISRAEL,,חטיף קוואקר ובוטנים 50 גרם,Unknown,0.00,Unknown,false,1,3.90,0.0000,true,1,56489
7290115675696,false,דגני כרוזלי קראנצים,,PL,דגני כרוזלי קראנצים אגוזים375 גרם,גרמים,375.00,100 גרם,false,6,19.90,5.3067,true,1,53074
7290115675702,false,דגני  כרוזלי קראנצים,,PL,דגני  כרוזלי קראנצים פירות 375 גרם,גרמים,375.00,100 גרם,false,6,19.90,5.3067,true,1,53075
7290115675788,false,קפה טורקי תבלינים גל,,,קפה טורקי תבלינים גלילי 100 גרם,גרמים,100.00,100 גרם,false,1,9.90,9.9000,true,1,52642
7290115675986,false,יוגורט דנונה בר אגוז,שטראוס,IL,יוגורט דנונה בר אגוז מקורמל קראנצ 173גר,גרמים,173.00,100 גרם,false,12,4.70,2.7168,true,1,50501
7290115675993,false,דנונה בר ענבים עם טב,,,דנונה בר ענבים עם טבעות 171גר,גרמים,171.00,100 גרם,false,1,4.70,2.7485,true,1,51843
7290115676013,false,מארז קפה נמס+חיוכים,,,מארז קפה נמס+חיוכים 200 גרם,גרמים,200.00,100 גרם,false,1,22.00,11.0000,true,1,56526
7290115676020,false,דנונה בר בזוקה 173גר,,,דנונה בר בזוקה 173גר,גרמים,173.00,100 גרם,false,1,4.70,2.7168,true,1,57794
7290115676037,false,משקה יוגורט דנונה רי,שטראוס,,משקה יוגורט דנונה ריפרש תות דומדמיות 250,מיליליטרים,250.00,"100 מ""ל",false,12,5.90,2.3600,true,1,52468
7290115676044,false,משקה יוגורט דנונה רי,שטראוס,,משקה יוגורט דנונה ריפרש אפרסק מנגו 250מל,מיליליטרים,250.00,"100 מ""ל",false,12,5.90,2.3600,true,1,52467
7290115676051,false,משקה אקטיביה 250 מל,שטראוס,,משקה אקטיביה 250 מל שבולת שועל במתיקות,מיליליטרים,250.00,"100 מ""ל",false,1,5.40,2.1600,true,1,56469
7290115676082,false,משקה דנונה פרו תות 2,שטראוס,IL,משקה דנונה פרו תות 20גר חלבון 250מל,מיליליטרים,250.00,"100 מ""ל",false,12,7.10,2.8400,true,1,52434
7290115676099,false,משקה דנונה פרו וניל,שטראוס,IL,משקה דנונה פרו וניל 20גר חלבון 250מל,מיליליטרים,250.00,"100 מ""ל",false,12,7.10,2.8400,true,1,52433
7290115676273,false,קקאו עילת 500גר+10%ח,,,קקאו עילת 500גר+10%חינם,גרמים,550.00,100 גרם,false,1,25.90,4.7091,true,1,51742
7290115676990,false,חטיף תפוציפס מלח חומ,STRAUSS-ISRAEL,,חטיף תפוציפס מלח חומץ 50 גרם,Unknown,0.00,Unknown,false,1,4.30,0.0000,true,1,51385
7290115677089,false,קונפיטורה תפוח קינמו,,,קונפיטורה תפוח קינמון יד מרדכי 340 גר,גרמים,340.00,100 גרם,false,1,13.90,4.0882,true,1,53318
7290115677140,false,חטיף תפוציפס וואוי פ,STRAUSS-ISRAEL,,חטיף תפוציפס וואוי פפריקה 200 גר,גרמים,200.00,100 גרם,false,1,11.00,5.5000,true,1,61476
7290115677423,false,ארוחת אורז קארי ירוק,,IL,ארוחת אורז קארי ירוק חריף דלישס 350גר,גרמים,350.00,100 גרם,false,10,26.90,7.6857,true,1,56461
7290115677805,false,מארז עוגת מילקי קייק,שטראוס,IL,מארז עוגת מילקי קייק קוקי 4 יח 136גר,גרמים,136.00,100 גרם,false,7,12.90,9.4853,true,1,51849
7290115677874,false,יוגורט דנונה לייט אנ,שטראוס,IL,יוגורט דנונה לייט אנד פריי אלפחורס 150גר,גרמים,150.00,100 גרם,false,24,4.90,3.2667,true,1,53267
7290115677959,false,ממרח גוואקמולי 220גר,,,ממרח גוואקמולי 220גר,גרמים,220.00,100 גרם,false,1,17.90,8.1364,true,1,56507
7290115677966,false,ממרח אבוקדו טעם הטבע,שטראוס,,ממרח אבוקדו טעם הטבע 200 גרם,גרמים,200.00,100 גרם,false,1,14.90,7.4500,true,1,56363
7290115678222,false,מארז 8יח דנונה יווני,שטראוס,IL,מארז 8יח דנונה יווני 125גרם,גרמים,1000.00,100 גרם,false,3,23.90,2.3900,true,1,52471
7290115678321,false,דנונה אקטיביה ציה מנ,שטראוס,IL,דנונה אקטיביה ציה מנגו 3% 150 גר,גרמים,150.00,100 גרם,false,24,4.70,3.1333,true,1,53270
7290115678376,false,מעדן הגולן שוקולד 12,שטראוס,IL,מעדן הגולן שוקולד 125גר,גרמים,125.00,100 גרם,false,24,2.90,2.3200,true,1,53265
7290115678383,false,מעדן הגולן שוקולד מר,שטראוס,IL,מעדן הגולן שוקולד מריר 125גר,גרמים,125.00,100 גרם,false,24,2.90,2.3200,true,1,53266
7290115678536,false,דנונה וואו טעם שטרוד,שטראוס,,דנונה וואו טעם שטרודל תפוחים 150גר,גרמים,150.00,100 גרם,false,1,4.90,3.2667,true,1,53269
7290115678543,false,דנונה וואו פאי לימון,שטראוס,IL,דנונה וואו פאי לימון 150גרם 3.5% שומן,גרמים,150.00,100 גרם,false,12,4.90,3.2667,true,1,56161
7290115678550,false,דנונה פרו ט. פיסטוק,שטראוס,,דנונה פרו ט. פיסטוק 20גר חלבון 200 גרם,גרמים,200.00,100 גרם,false,1,6.10,3.0500,true,1,56467
7290115678598,false,חסה אייסברג חיתוך גס,,,חסה אייסברג חיתוך גס 300 גרם,גרמים,300.00,100 גרם,false,1,10.90,3.6333,true,1,56529
7290115678789,false,כרוב סגול קצוץ 400 ג,,,כרוב סגול קצוץ 400 גר אחלה,גרמים,400.00,100 גרם,false,1,10.90,2.7250,true,1,53369
7290115679618,false,מארז סירופ מייפל טהו,,,מארז סירופ מייפל טהור+קוואקר פחית 500 גר,Unknown,0.00,Unknown,false,1,24.90,0.0000,true,1,58164
7290115679878,false,פיצה מבצק עם סלק 320,,IL,פיצה מבצק עם סלק 320גר דלישס,גרמים,320.00,100 גרם,false,10,27.90,8.7187,true,1,58095
7290115679885,false,פיצה מבצק עם כרובית,,IL,פיצה מבצק עם כרובית 320גר דלישס,גרמים,320.00,100 גרם,false,10,27.90,8.7187,true,1,56466
7290115679915,false,פיצה מבצק עם דלעת 32,,IL,פיצה מבצק עם דלעת 320גר דלישס,גרמים,320.00,100 גרם,false,10,27.90,8.7187,true,1,58096
7290115679960,false,חטיף ציטוס פופקורן ט,STRAUSS-ISRAEL,,חטיף ציטוס פופקורן טבעי 60 גרם,Unknown,0.00,Unknown,false,1,4.00,0.0000,true,1,53548
7290116530000,false,תרחיץ פנים דאב 180מל,יוניליוור,,תרחיץ פנים דאב 180מל מלפפון,מיליליטרים,180.00,"100 מ""ל",false,1,14.90,8.2778,true,1,60317
7290116530062,false,הלמנס רוטב ויניגרט ל,יוניליוור,,הלמנס רוטב ויניגרט לסלט 295 גרם,גרמים,295.00,100 גרם,false,1,10.90,3.6949,true,1,52652
7290116530109,false,חטיף קליק מלוי נוגט,יוניליוור,,חטיף קליק מלוי נוגט לבן 35 גרם,Unknown,0.00,Unknown,false,1,5.00,0.0000,true,1,52649
7290116530161,false,תחליב רחצה פינוק אננ,יוניליוור,,תחליב רחצה פינוק אננס 700 מל,מיליליטרים,700.00,"100 מ""ל",false,1,11.90,1.7000,true,1,52372
7290116530185,false,דגני דלישקד קרמל מלו,יוניליוור,,דגני דלישקד קרמל מלוח תלמה 400 גר בדץ,גרמים,400.00,100 גרם,false,1,21.90,5.4750,true,1,56147
7290116530215,false,דאו אקס סטיק שוקולד,יוניליוור,,דאו אקס סטיק שוקולד 77 גרם,Unknown,0.00,Unknown,false,1,16.90,0.0000,true,1,52364
7290116530222,false,דאו אקס סטיק אנרכי 7,יוניליוור,,דאו אקס סטיק אנרכי 77 גרם,Unknown,0.00,Unknown,false,1,16.90,0.0000,true,1,52365
7290116530239,false,דאו אקס סטיק בלאק 77,יוניליוור,,דאו אקס סטיק בלאק 77 גרם,Unknown,0.00,Unknown,false,1,16.90,0.0000,true,1,52366
7290116530314,false,חטיף קליק דאבל בלאק,יוניליוור,,חטיף קליק דאבל בלאק חלב  65 גר,Unknown,0.00,Unknown,false,1,6.50,0.0000,true,1,52650
7290116530482,false,מארז 5 יח קורנפלקס א,יוניליוור,IL,מארז 5 יח קורנפקס אלופים 30 גרם,גרמים,150.00,100 גרם,false,8,12.90,8.6000,true,1,56569
7290116530871,false,נשנושים מיקס 240 גרם,יוניליוור,,נשנושים מיקס 240 גרם,גרמים,260.00,100 גרם,false,1,12.90,4.9615,true,1,52090
7290116530895,false,תרסיס בדין למייבש כב,זוהר דליה,,תרסיס בדין למייבש כביסה 500מל פינוק קלאס,מיליליטרים,500.00,"100 מ""ל",false,1,16.90,3.3800,true,1,52869
7290116531045,false,דליפקאן ללא גלוטן350,יוניליוור,,דליפקאן ללא גלוטן350 גרם,גרמים,350.00,100 גרם,false,1,22.90,6.5429,true,1,58882
7290116531083,false,דגני ברנפלקס שקדים ו,יוניליוור,,דגני ברנפלקס שקדים ודבש 400 גרם,גרמים,400.00,100 גרם,false,1,19.90,4.9750,true,1,57119
7290116531113,false,זוג מרק קנור נמס בכו,יוניליוור,,זוג מרק קנור נמס בכוס תאילנדי 50 גרם,Unknown,0.00,Unknown,false,1,6.90,0.0000,true,1,56201
7290116531120,false,זוג מרק קנור נמס בכו,יוניליוור,,זוג מרק קנור נמס בכוס ויאטנמי 40 גרם,Unknown,0.00,Unknown,false,1,6.90,0.0000,true,1,56202
7290116531557,false,פריכיות פתית דקות תי,"גוד פוד בע""מ",PL,פריכיות פתית דקות תירס מלא 150 גרם,גרמים,150.00,100 גרם,false,12,11.90,7.9333,true,1,58699
7290116531564,false,פריכיות פתית דקות קי,"גוד פוד בע""מ",PL,פריכיות פתית דקות קינואה 150 גרם,גרמים,150.00,100 גרם,false,12,11.90,7.9333,true,1,58698
7290116531571,false,מטליות לחות לניקוי כ,יוניליוור,,מטליות לחות לניקוי כללי 50יח,יחידה,50.00,יחידה,false,1,9.90,0.1980,true,1,57476
7290116531588,false,מגבונים לניקוי כללי,יוניליוור,,מגבונים לניקוי כללי סיף 50יח בניחוח מרכך,יחידה,50.00,יחידה,false,1,9.90,0.1980,true,1,57475
7290116531595,false,מגבונים לניקוי כללי,יוניליוור,,מגבונים לניקוי כללי סיף 50יח בניחוח מאסק,יחידה,50.00,יחידה,false,1,9.90,0.1980,true,1,57474
7290116531762,false,בדין דפי מרכך ורוד ל,יוניליוור,,בדין דפי מרכך ורוד למייבש 40 יח,יחידה,40.00,יחידה,false,1,16.90,0.4225,true,1,58681
7290116531779,false,בדין דפי מרכך כחול ל,יוניליוור,,בדין דפי מרכך כחול למייבש 40 יח,יחידה,40.00,יחידה,false,1,16.90,0.4225,true,1,58680
7290116531793,false,הלמנס רוטב קיסר לסלט,יוניליוור,,הלמנס רוטב קיסר לסלט 295 גרם,גרמים,295.00,100 גרם,false,1,10.90,3.6949,true,1,57114
7290116531908,false,רוטב קנור מרינדה על,יוניליוור,,רוטב קנור מרינדה על האש 340 מל,מיליליטרים,340.00,"100 מ""ל",false,1,11.90,3.5000,true,1,58623
7290116532028,false,חטיף קליק מלוי נוגט,יוניליוור,,חטיף קליק מלוי נוגט כשלפ 35 גרם,Unknown,0.00,Unknown,false,1,5.00,0.0000,true,1,58667
7290116532219,false,קורנפלקס תלמה תות448,יוניליוור,,קורנפלקס תלמה תות448 גר בדץ,גרמים,448.00,100 גרם,false,1,17.90,3.9955,true,1,59300
7290116532264,false,מאגדת שלגון גודיס אפ,יוניליוור,,מאגדת שלגון גודיס אפרסק 5יח,יחידה,5.00,יחידה,false,1,24.90,4.9800,true,1,59200
7290116532271,false,מאגדת גודיז סנדוויץ,"גלידת שטראוס בע""מ",,מאגדת גודיז סנדוויץ וניל 270גר,גרמים,270.00,100 גרם,false,1,29.90,11.0741,true,1,59199
7290116532462,false,גלידה פיינט קליק שוק,"גלידת שטראוס בע""מ",IL,גלידה פיינט קליק שוקולד בננה 520מל,מיליליטרים,520.00,"100 מ""ל",false,6,22.90,4.4038,true,1,59428
7290116532479,false,גלידה פיינט קליק שוק,"גלידת שטראוס בע""מ",IL,גלידה פיינט קליק שוק.לבן קרם עוגיות520מל,מיליליטרים,520.00,"100 מ""ל",false,6,22.90,4.4038,true,1,59427
7290116532486,false,גלידה פיינט קליק וני,"גלידת שטראוס בע""מ",IL,גלידה פיינט קליק וניל קרמל מלוח 520מל,מיליליטרים,520.00,"100 מ""ל",false,6,22.90,4.4038,true,1,59429
7290116532585,false,דגני ברנפלקס קרנצים,יוניליוור,,דגני ברנפלקס קרנצים דבש קינמון 375 גר,גרמים,375.00,100 גרם,false,1,19.90,5.3067,true,1,60359
7290116532769,false,גרנולה תלמה פרוטאין,חטיפי העמק,,גרנולה תלמה פרוטאין תפוח קינמון300 גר,גרמים,300.00,100 גרם,false,1,15.90,5.3000,true,1,60197
7290116532875,false,סבון נוזלי פינוק ביי,יוניליוור,IL,סבון נוזלי פינוק בייבי 900 מל,מיליליטרים,900.00,"100 מ""ל",false,12,21.90,2.4333,true,1,60866
7290116533063,false,דגני שוגי קרטיב ענבי,יוניליוור,,דגני שוגי קרטיב ענבים 400 גרם,גרמים,375.00,100 גרם,false,1,19.90,5.3067,true,1,60360
7290116930077,false,יוגורט יופלה דיאט אפ,,,יוגורט יופלה דיאט אפרסק פסיפלורה 0% 150ג,גרמים,150.00,100 גרם,false,1,5.10,3.4000,true,1,58120
7290116930282,false,ארוחה בקטנה לאבנה עם,תנובה חלב,IL,ארוחה בקטנה לאבנה עם קרקרים 150גר,גרמים,150.00,100 גרם,false,24,8.50,5.6667,true,1,60718
7290116930329,false,יוגורט יופלה אוללה פ,,,יוגורט יופלה אוללה פירות יער בתחתית150גר,גרמים,150.00,100 גרם,false,1,5.10,3.4000,true,1,58184
7290116930435,false,מעדן יופלה גו דובדבן,תנובה חלב,,מעדן יופלה גו דובדבן במרקם סמיך 200גר,מיליליטרים,200.00,"100 מ""ל",false,1,5.90,2.9500,true,1,59315
7290116930442,false,יופלה שייק 230מל בננ,תנובה חלב,IL,יופלה שייק 230מל בננה מנגו תפוז גזר וציה,מיליליטרים,230.00,"100 מ""ל",false,12,7.90,3.4348,true,1,60377
7290116930459,false,יופלה שייק 230מל אננ,תנובה חלב,IL,יופלה שייק 230מל אננס וקוקוס,מיליליטרים,230.00,"100 מ""ל",false,12,7.90,3.4348,true,1,60380
7290116930466,false,יופלה שייק 230מל מנג,תנובה חלב,IL,יופלה שייק 230מל מנגו בננה פסיפלורה והל,מיליליטרים,230.00,"100 מ""ל",false,12,7.90,3.4348,true,1,60379
7290116930480,false,יופלה שייק 230מל בננ,תנובה חלב,IL,יופלה שייק 230מל בננה קיווי תפוח,מיליליטרים,230.00,"100 מ""ל",false,12,7.90,3.4348,true,1,60378
7290116930558,false,משקה תה קר עם חלב טע,תנובה חלב,IL,משקה תה קר עם חלב טעם צאי קרמל 230מל,גרמים,230.00,100 גרם,false,8,6.90,3.0000,true,1,60206
7290116930565,false,משקה תה קר עם חלב טע,תנובה חלב,IL,משקה תה קר עם חלב טעם צאי מסאלה 230מל,גרמים,230.00,100 גרם,false,8,6.90,3.0000,true,1,60207
7290116930596,false,סינר חג ילדים,,,סינר חג ילדים,יחידה,1.00,יחידה,false,1,9.90,9.9000,true,1,59399
7290116930626,false,ארוחה בקטנה ציזיקי ע,תנובה חלב,IL,ארוחה בקטנה ציזיקי עם קרקרים 150גר,גרמים,150.00,100 גרם,false,24,8.50,5.6667,true,1,60719
7290116930640,false,מעדן יולו שוק. חלב ב,,,מעדן יולו שוק. חלב בתוספת שברי בייגלה120,גרמים,120.00,100 גרם,false,1,4.80,4.0000,true,1,60204
7290116930701,false,מעדן יופלה גו ט.קרמל,תנובה חלב,IL,מעדן יופלה גו ט.קרמל מלוח12גר חלבון 120ג,גרמים,120.00,100 גרם,false,20,4.90,4.0833,true,1,60201
7290116930718,false,מעדן תנובה דיאט שוקו,,,מעדן תנובה דיאט שוקולד קרמל מלוח 150 גר,גרמים,150.00,100 גרם,false,1,4.10,2.7333,true,1,60521
7290116930725,false,מעדן סויה ביו קוקוס,תנובה חלב,IL,מעדן סויה ביו קוקוס אלטרנטיב 150גר,גרמים,150.00,100 גרם,false,48,4.50,3.0000,true,1,60679
7290116931081,false,מעדן סויה בטעם טופי,,,מעדן סויה בטעם טופי קרמל 125 גרם,מיליליטרים,125.00,"100 מ""ל",false,1,3.90,3.1200,true,1,60720
7290116931104,false,יוגורט יופלה גו אננס,תנובה חלב,,יוגורט יופלה גו אננס במרקם סמיך 200גר,מיליליטרים,200.00,"100 מ""ל",false,1,5.90,2.9500,true,1,60678
7290117260043,false,ריבת עלי ורדים 380 ג,,TR,ריבת עלי ורדים 380 גרם,גרמים,380.00,100 גרם,false,12,10.90,2.8684,true,1,56685
7290117260050,false,קונפיטורה חבושים 380,,TR,קונפיטורה חבושים 380 גרם,גרמים,380.00,100 גרם,false,12,10.90,2.8684,true,1,56686
7290117260074,false,שעועית ירוקה חתוכה,,BE,שעועית ירוקה חתוכה  קפואה 800גר ויליפוד,גרמים,800.00,100 גרם,false,12,7.90,0.9875,true,1,61035
7290117260654,false,תן בו ציפוי ט.שוקולד,,,תן בו ציפוי ט.שוקולד חלב 100גר,גרמים,100.00,100 גרם,false,24,9.90,9.9000,true,1,57832
7290117260661,false,תן בו ציפוי ט.שוקולד,,,תן בו ציפוי ט.שוקולד מריר 100גר,גרמים,100.00,100 גרם,false,24,9.90,9.9000,true,1,57831
7290117260937,false,קרקרים ללא גלוטן עם,,IT,קרקרים ללא גלוטן עם עגבניות אורגני 125ג,גרמים,125.00,100 גרם,false,6,9.90,7.9200,true,1,59391
7290117260951,false,ביסקוויט ללא גלוטן פ,,IT,ביסקוויט ללא גלוטן פירות הדר 125גר כשלפ,גרמים,125.00,100 גרם,false,6,9.90,7.9200,true,1,59393
7290117260968,false,ביסקוויט ללא גלוטן 1,,IT,ביסקוויט ללא גלוטן 125 גר כשלפ,גרמים,125.00,100 גרם,false,6,9.90,7.9200,true,1,59392
7290117261088,false,גבינת בוראטה מוצרלה,,ES,גבינת בוראטה מוצרלה רכה 125גר 18%שומן,גרמים,125.00,100 גרם,false,6,19.90,15.9200,true,1,61119
7290117261125,false,זוג קינוחים טעם וניל,,ES,זוג קינוחים טעם וניל ציפוי שוקולד לבן140,גרמים,140.00,100 גרם,false,6,8.90,6.3571,true,1,60799
7290117380147,false,רוטב חרדל ודבש מאסטר,רמייה,NL,רוטב חרדל ודבש מאסטר שף 260 גרם,מיליליטרים,260.00,"100 מ""ל",false,6,9.90,3.8077,true,1,59132
7290117380154,false,רוטב אסיאתי לסלט מאס,רמייה,NL,רוטב אסיאתי לסלט מאסטר שף 264 מל,גרמים,264.00,100 גרם,false,6,9.90,3.7500,true,1,59133
7290117380192,false,חטיף מנה פוף קראנץ ג,Mana,,חטיף מנה פוף קראנץ גריל 60 גר,Unknown,0.00,Unknown,false,1,3.90,0.0000,true,1,57208
7290117380857,false,חטיף פייבר סלים דליס,,NL,חטיף פייבר סלים דליס לימון 5 יח 120 ג,גרמים,120.00,100 גרם,false,12,11.90,9.9167,true,1,59629
7290117380864,false,חטיף פייבר סלים דליס,,NL,חטיף פייבר סלים דליס בראוניז 5 יח 120 ג,גרמים,120.00,100 גרם,false,12,11.90,9.9167,true,1,59630
7290117380871,false,חטיף פייבר סלים דליס,,NL,חטיף פייבר סלים דליס אוכמניות 5 יח 120 ג,גרמים,120.00,100 גרם,false,12,11.90,9.9167,true,1,59628
7290117383728,false,זוג אל סבון פלמוליב,CP - Turkey+60,TR,זוג אל סבון פלמוליב 750מל לומינוס אבוקדו,מיליליטרים,1500.00,"100 מ""ל",false,12,30.00,2.0000,true,1,61693
7290117383735,false,זוג אל סבון פלמוליב,CP - Turkey+60,TR,זוג אל סבון פלמוליב 750מל חימר ורדים,מיליליטרים,1500.00,"100 מ""ל",false,12,30.00,2.0000,true,1,61694
7290117900932,false,גרעיני אבטיח קלויים,"שקדיה גבע תעשיות בע""",IL,גרעיני אבטיח קלויים שקדיה 130 גרם בגביע,גרמים,130.00,100 גרם,false,1,10.00,7.6923,true,1,60384
7290117900949,false,בוטנים אמריקאים שקדי,"שקדיה גבע תעשיות בע""",IL,בוטנים אמריקאים שקדיה 250 גרם בגביע,גרמים,250.00,100 גרם,false,1,10.00,4.0000,true,1,60383
7290117900956,false,תערובת פיצוחים קלויי,"שקדיה גבע תעשיות בע""",IL,תערובת פיצוחים קלויים שקדיה180 גרם בגביע,גרמים,180.00,100 גרם,false,1,15.90,8.8333,true,1,60394
7290117900963,false,בוטנים קלויים שקדיה,"שקדיה גבע תעשיות בע""",IL,בוטנים קלויים שקדיה 270 גרם בגביע,גרמים,270.00,100 גרם,false,1,10.00,3.7037,true,1,60386
7290117900970,false,שקדים קלויים שקדיה 1,"שקדיה גבע תעשיות בע""",IL,שקדים קלויים שקדיה 180 גרם בגביע,גרמים,180.00,100 גרם,false,1,15.90,8.8333,true,1,60387
7290117900987,false,אגוז פקאן קלוף שקדיה,"שקדיה גבע תעשיות בע""",IL,אגוז פקאן קלוף שקדיה 140 גרם בגביע,גרמים,180.00,100 גרם,false,1,15.90,8.8333,true,1,60388
7290117900994,false,פקאן סיני מסוכר שקדי,"שקדיה גבע תעשיות בע""",IL,פקאן סיני מסוכר שקדיה 140 גרם בגביע,גרמים,140.00,100 גרם,false,1,15.90,11.3571,true,1,60389
7290117901007,false,פיסטוק קלוי שקדיה 13,"שקדיה גבע תעשיות בע""",IL,פיסטוק קלוי שקדיה 130 גרם בגביע,גרמים,130.00,100 גרם,false,1,15.90,12.2308,true,1,60390
7290117901014,false,קשיו קלוי שקדיה 160,"שקדיה גבע תעשיות בע""",IL,קשיו קלוי שקדיה 160 גרם בגביע,גרמים,160.00,100 גרם,false,1,15.90,9.9375,true,1,60391
7290117901021,false,קבוקים עם שומשום שקד,"שקדיה גבע תעשיות בע""",IL,קבוקים עם שומשום שקדיה 220 גרם בגביע,גרמים,220.00,100 גרם,false,1,10.00,4.5455,true,1,60385
7290117901038,false,אגוזי מלך קלופים שקד,"שקדיה גבע תעשיות בע""",IL,אגוזי מלך קלופים שקדיה190 גרם בגביע,גרמים,190.00,100 גרם,false,1,15.90,8.3684,true,1,60395
7290117901045,false,בוטן רביולי שקדיה 20,"שקדיה גבע תעשיות בע""",IL,בוטן רביולי שקדיה 200 גרם בגביע,גרמים,200.00,100 גרם,false,1,15.90,7.9500,true,1,60392
7290117901052,false,שקד טבעי קלוף שקדיה,"שקדיה גבע תעשיות בע""",IL,שקד טבעי קלוף שקדיה 180 גרם בגביע,גרמים,180.00,100 גרם,false,1,15.90,8.8333,true,1,60393
7290118420514,false,אינסטנט פודינג נוגט,"אסם תעשיות בע""מ",,אינסטנט פודינג נוגט אוסם 75 גר,Unknown,0.00,Unknown,false,1,6.00,0.0000,true,1,61594
7293556389962,false,שום לבן מובחר יחידה,,,שום לבן מובחר יחידה,Unknown,0.00,Unknown,false,1,11.90,0.0000,true,1,45531
7296168705113,false,קיסמי שיניים,ארוינג טישו,,קיסמי שיניים,יחידה,100.00,יחידה,false,1,16.90,0.1690,true,1,21627
7297488098152,false,קמח חומוס דגש 500 גר,נטורפוד,IL,קמח חומוס דגש 500 גר ללא גלוטן,גרמים,500.00,100 גרם,false,15,16.90,3.3800,true,1,11164
7297488098183,false,קמח אורז דגש  500 גר,נטורפוד,IL,קמח אורז דגש  500 גר ללא גלוטן,גרמים,500.00,100 גרם,false,15,10.50,2.1000,true,1,11545
7297488098305,false,קמח שקדים דגש 250 גר,נטורפוד,IL,קמח שקדים דגש 250 גר ללא גלוטן,גרמים,250.00,100 גרם,false,15,25.90,10.3600,true,1,12425
7297488098688,false,פיצפוצי אורז מלא ללא,"תירפז בע""מ",,פיצפוצי אורז מלא ללא סוכר ומלח 450גר,גרמים,450.00,100 גרם,false,1,19.90,4.4222,true,1,28158
7297488099890,false,פרוסות בסגנון קלאסי,וי גרדן,,פרוסות בסגנון קלאסי 9% 200 גר משומשו,גרמים,200.00,100 גרם,false,1,21.90,10.9500,true,1,21603
7297488099906,false,פרוסות בסגנון קלאסי,וי גרדן,,פרוסות בסגנון קלאסי 18% 200 גר משומשו,גרמים,200.00,100 גרם,false,1,21.90,10.9500,true,1,21604
7297488099951,false,תחליף מלוחה 5% 250גר,וי גרדן,,תחליף מלוחה 5% 250גר משומשו,גרמים,250.00,100 גרם,false,1,21.90,8.7600,true,1,21606
7297488099968,false,תחליף מלוחה 16% 250ג,וי גרדן,,תחליף מלוחה 16% 250גר משומשו,גרמים,250.00,100 גרם,false,1,21.90,8.7600,true,1,21607
7297488199590,false,פיצפוצי אורז רגיל 45,נטורפוד,IL,פיצפוצי אורז רגיל 450 גר דגש,גרמים,450.00,100 גרם,false,10,19.90,4.4222,true,1,14154
7297488199620,false,פיצפוצי אורז מלא 450,נטורפוד,IL,פיצפוצי אורז מלא 450 גר דגש,גרמים,450.00,100 גרם,false,10,19.90,4.4222,true,1,14156
7297488199859,false,מצות דגש ללא גלוטן 3,"פסח בא בע""מ",,מצות דגש ללא גלוטן 300 גר,גרמים,300.00,100 גרם,false,1,23.90,7.9667,true,1,15995
7321011040308,false,מפיות  דוני 3 שכבות,דוני,,מפיות  דוני 3 שכבות 20יח צבע לבן,יחידה,20.00,יחידה,false,1,7.50,0.3750,true,1,21629
7321011040629,false,מפיות  דוני 3 שכבות,דוני,,מפיות  דוני 3 שכבות 20יח צבעוני,יחידה,20.00,יחידה,false,1,7.50,0.3750,true,1,21630
7321011404070,false,מפיות  דוני 3 שכבות,דוני,,מפיות  דוני 3 שכבות 20יח מעוטרות,יחידה,20.00,יחידה,false,1,10.90,0.5450,true,1,21631
7321031857054,false,מפות שולחן דוני דמוי,דוני,,מפות שולחן דוני דמוי בד 180/118 צבעוני,יחידה,1.00,יחידה,false,1,17.90,17.9000,true,1,41198
7350022390386,false,קקאו הולנדי וואן האו,Van houten,,קקאו הולנדי וואן האוטן 125 גר,גרמים,125.00,100 גרם,false,1,12.90,10.3200,true,1,9443
7393714508102,false,סיידר קופרברג אגסים,,,סיידר קופרברג אגסים 330מל 4.5%בקבוק,מיליליטרים,330.00,"100 מ""ל",false,1,10.00,3.0303,true,1,40703
7394376123337,false,משקה שיבולת שועל אור,,SE,משקה שיבולת שועל אורגני 1 ליטר אוטלי,ליטרים,1.00,ליטר,false,6,14.90,14.9000,true,1,47406
7394376615825,false,משקה שיבולת שועל מוע,,SE,משקה שיבולת שועל מועשר 1 ליטר אוטלי,ליטרים,1.00,ליטר,false,6,14.90,14.9000,true,1,47405
7394376615832,false,משקה שיבולת שועל בטע,,SE,משקה שיבולת שועל בטעם שוקולד 1 ליטר,ליטרים,1.00,ליטר,false,6,14.90,14.9000,true,1,47407
7394376616778,false,משקה שיבולת שועל ברי,,SE,משקה שיבולת שועל בריסטה להקצפה 1 ליטר,ליטרים,1.00,ליטר,false,6,14.90,14.9000,true,1,47404
7500162900000,false,בירה סול 330מל בק.פק,,IL,בירה סול 330מל בק.פקדון,מיליליטרים,330.00,"100 מ""ל",false,24,8.90,2.6970,true,1,45959
7501013122039,false,נקטר מנגו גומקס 1ליט,COMERCIALIZADORA ELO,IL,נקטר מנגו גומקס 1ליטר קרטונית,ליטרים,1.00,ליטר,false,1,9.90,9.9000,true,1,43306
7501013122114,false,משקה אננס גומקס 1ליט,COMERCIALIZADORA ELO,IL,משקה אננס גומקס 1ליטר קרטונית,ליטרים,1.00,ליטר,false,1,9.90,9.9000,true,1,43305
7501013122190,false,משקה תפוחים גומקס 1ל,COMERCIALIZADORA ELO,IL,משקה תפוחים גומקס 1ליטר קרטונית,ליטרים,1.00,ליטר,false,1,9.90,9.9000,true,1,43308
7501013122992,false,משקה קוקוס אננס גומק,COMERCIALIZADORA ELO,IL,משקה קוקוס אננס גומקס 1ליטר קרטונית,ליטרים,1.00,ליטר,false,1,9.90,9.9000,true,1,43307
7501064191398,false,מארז 6יח בירה קורונה,,,מארז 6יח בירה קורונה בק 355 מל,מיליליטרים,2130.00,"100 מ""ל",false,1,34.90,1.6385,true,1,41747
7503012779405,false,סירופ אגווה כחול אור,נוטריאגבס,,סירופ אגבה כחול אורגני 600 מל,מיליליטרים,600.00,"100 מ""ל",false,1,29.90,4.9833,true,1,21098
7509546678702,false,משחת שיניים קולגייט,CP-Poland swidnica,PL,משחת שיניים קולגייט טוטל אנטי טרטר 100מל,מיליליטרים,100.00,"100 מ""ל",false,48,16.90,16.9000,true,1,60703
7610008059103,false,שוקולד טורינו חלב100,קמיל בלוך,,שוקולד טורינו חלב100 גרם,גרמים,100.00,100 גרם,false,1,15.90,15.9000,true,1,49692
7610008059110,false,שוקולד טורינו מריר 1,קמיל בלוך,,שוקולד טורינו מריר 100 גרם,גרמים,100.00,100 גרם,false,1,15.90,15.9000,true,1,56483
7610023050215,false,תערובת מיזלי קרנץ אי,BIO FAMILIA,,תערובת מוזלי קרנץ איקס 500 ג,גרמים,500.00,100 גרם,false,1,24.50,4.9000,true,1,2718
7610100034084,false,מיונז טומי שפופרת265,נסטלה,,מיונז טומי שפופרת265 גרם,גרמים,265.00,100 גרם,false,1,11.90,4.4906,true,1,36958
7610113011652,false,משקה בקרדי בריזר תפו,,,משקה בקרדי בריזר תפוח 275מל פיקדון,מיליליטרים,275.00,"100 מ""ל",false,1,11.90,4.3273,true,1,46876
7610243004463,false,מסיר אבן דורגול מרסס,דורינג,,מסיר אבן דורגול מרסס 500 מל,מיליליטרים,500.00,"100 מ""ל",false,1,19.90,3.9800,true,1,7425
7610400010481,false,שוקולד לינדט אקסלנס,לינדט,,שוקולד לינדט אקסלנס מילק 100 גרם,גרמים,100.00,100 גרם,false,1,16.90,16.9000,true,1,2096
7610400014632,false,שוקולד לינדור לבן 10,לינדט,,שוקולד לינדור לבן 100 גר,גרמים,100.00,100 גרם,false,1,16.00,16.0000,true,1,1932
7610400014649,false,שוקולד לינדור מילוי,לינדט,,שוקולד לינדור מילוי קרם רך 100 גרם,גרמים,100.00,100 גרם,false,1,16.00,16.0000,true,1,1933
7610400068369,false,שוקולד לינדור אגוזים,לינדט,,שוקולד לינדור אגוזים 100 גר,גרמים,100.00,100 גרם,false,1,16.00,16.0000,true,1,8613
7610400068505,false,בונבוניירה לינדור מי,לינדט,,בונבוניירה לינדור מילק 200 ג,גרמים,200.00,100 גרם,false,1,29.90,14.9500,true,1,8131
7610400068529,false,בונבוניירה לינדור אס,לינדט,,בונבוניירה לינדור אסורטד 200 ג,גרמים,200.00,100 גרם,false,1,29.90,14.9500,true,1,5671
7610400070577,false,שוקולד לינדט אקסלנס,לינדט,,שוקולד לינדט אקסלנס צילי 100 גרם,גרמים,100.00,100 גרם,false,1,16.90,16.9000,true,1,18313
7610400074155,false,שוקולד לינדור 60% מר,לינדט,,שוקולד לינדור 60% מריר  100 גרם,גרמים,100.00,100 גרם,false,1,16.00,16.0000,true,1,8612
7610400075770,false,שוקולד לינדט לגרנד מ,לינדט,,שוקולד לינדט לגרנד מריר אגוזים 150 גר,גרמים,150.00,100 גרם,false,1,24.90,16.6000,true,1,9859
7610400075787,false,שוקולד לינדט לגרנד ח,לינדט,,שוקולד לינדט לגרנד חלב אגוזים 150 גר,גרמים,150.00,100 גרם,false,1,24.90,16.6000,true,1,9858
7610400075794,false,שוקולד לינדט לגרנד ל,לינדט,,שוקולד לינדט לגרנד לבן שקדים 150 גר,גרמים,150.00,100 גרם,false,1,24.90,16.6000,true,1,9860
7610400085946,false,שוקולד לינדט לגרנד מ,לינדט,,שוקולד לינדט לגרנד מריר שקד מלוח 150 גר,גרמים,150.00,100 גרם,false,1,24.90,16.6000,true,1,43357
7610400086202,false,שוקולד לינדט לגרנד ב,לינדט,,שוקולד לינדט לגרנד בלוברי 150 גר,גרמים,150.00,100 גרם,false,1,24.90,16.6000,true,1,33089
7610400091060,false,שוקולד לינדט אקסלנס,לינדט,,שוקולד לינדט אקסלנס תפוז 100 גרם,גרמים,100.00,100 גרם,false,1,16.90,16.9000,true,1,46608
7610700002681,false,סוכ.ריקולה צמחים ללא,,,סוכ.ריקולה צמחים ללא סוכר 50 גר,Unknown,0.00,Unknown,false,1,13.90,0.0000,true,1,46557
7610700009956,false,סוכ.ריקולה סמבוקוס ל,,,סוכ.ריקולה סמבוקס ללא סוכר 50 גר,Unknown,0.00,Unknown,false,1,13.90,0.0000,true,1,48392
7610700012642,false,סוכ.ריקולה צמחים לימ,,,סוכ.ריקולה צמחים לימון 70 גר בשקית,Unknown,0.00,Unknown,false,1,10.90,0.0000,true,1,49915
7610700013083,false,סוכ.ריקולה מנטה ללא,,,סוכ.ריקולה מנטה ללא סוכר 50 גר,Unknown,0.00,Unknown,false,1,13.90,0.0000,true,1,54805
7610700607046,false,סוכ.ריקולה מנטה לימו,,,סוכ.ריקולה מנטה לימון ללא סוכר 50 גר,Unknown,0.00,Unknown,false,1,13.90,0.0000,true,1,8183
7610700607077,false,סוכ.ריקולה תפוז ללא,,,סוכ.ריקולה תפוז ללא סוכר 50 גר,Unknown,0.00,Unknown,false,1,13.90,0.0000,true,1,8185
7610700614914,false,סוכ.ריקולה פטל חמוצי,,,סוכ.ריקולה פטל חמוציות ללא סוכר 50 גר,Unknown,0.00,Unknown,false,1,13.90,0.0000,true,1,8187
7610928010048,false,נוזל הגרטי לניקוי כל,הגרטי,,נוזל הגרטי לניקוי כלי כסף 100 מל,מיליליטרים,100.00,"100 מ""ל",false,1,34.50,34.5000,true,1,5455
7610928263000,false,אמבט להברקת תכשיטי ז,,,אמבט להברקת תכשיטי זהב ויהלומים הגרטי,Unknown,0.00,Unknown,false,1,39.90,0.0000,true,1,43559
7610928263017,false,אמבט להברקת תכשיטי כ,,,אמבט להברקת תכשיטי כסף הגרטי,Unknown,0.00,Unknown,false,1,39.90,0.0000,true,1,43560
7613030979647,false,דגני טריקס טעם פירות,ג.נרל מילס,,דגני בוקר טריקס טעם פירות 480 ג,גרמים,480.00,100 גרם,false,1,22.90,4.7708,true,1,36430
7613032045753,false,דגני פיטנס עם שוקולד,נסטלה צרפת איטנקורט,,דגני בוקר פיטנס עם שוקולד 375 ג,גרמים,375.00,100 גרם,false,1,19.90,5.3067,true,1,7590
7613032596668,false,שוקולד אפטר אייט מנט,נסטלה,PL,שוקולד אפטר אייט מנטה 200 גרם,גרמים,200.00,100 גרם,false,12,14.90,7.4500,true,1,58554
7613033548192,false,דגני פיטנס שוקולד מר,נסטלה צרפת איטנקורט,,דגני בוקר פיטנס שוקולד מריר 375 ג,גרמים,375.00,100 גרם,false,1,19.90,5.3067,true,1,11169
7613035379794,false,דנטלייף גזע בינוני 5,,,דנטלייף גזע בינוני 5   115 גר,גרמים,115.00,100 גרם,false,6,15.90,13.8261,true,1,56121
7613035635845,false,גרנולה פיטנס שוקולד,,,גרנולה פיטנס שוקולד 300 ג,גרמים,300.00,100 גרם,false,1,14.90,4.9667,true,1,23179
7613035758834,false,גרנולה פיטנס חמוציות,נסטלה,,גרנולה פיטנס חמוציות 300 ג,גרמים,300.00,100 גרם,false,1,14.90,4.9667,true,1,25322
7613035807778,false,רוטב עגבניות פרפקטו,נסטלה,,רוטב עגבניות פרפקטו לבולונז400 גר,גרמים,400.00,100 גרם,false,1,10.00,2.5000,true,1,25010
7613035809109,false,רוטב עגבניות פרפקטו,נסטלה,,רוטב עגבניות פרפקטו בזיליקום400 גר,גרמים,400.00,100 גרם,false,1,10.00,2.5000,true,1,25013
7613035809123,false,רוטב עגבניות פרפקטו,נסטלה,,רוטב עגבניות פרפקטו פלפלים400 גר,גרמים,400.00,100 גרם,false,1,10.00,2.5000,true,1,25012
7613035809857,false,רוטב עגבניות פרפקטו,נסטלה,,רוטב עגבניות פרפקטו לפסטה 400 גר,גרמים,400.00,100 גרם,false,1,10.00,2.5000,true,1,25011
7613035975897,false,רביעיית מים מינרליים,נסטלה,,רביעיית מים מינרליים פרייה 330 מל פיקדון,מיליליטרים,1320.00,"100 מ""ל",false,1,22.90,1.7348,true,1,42923
7613036099387,false,מארז 9 יח חטיף קיטקט,נסטלה,GB,מארז 9 יח חטיף קיטקט מריר 186.30 גרם,גרמים,186.00,100 גרם,false,25,14.90,8.0108,true,1,61377
7613036280334,false,מארז 4יח מיץ פריה אפ,,IL,מארז 4יח מיץ פריה אפרסק דובדבן 250מל פח.,מיליליטרים,1000.00,"100 מ""ל",false,6,25.90,2.5900,true,1,49716
7613036286015,false,מארז 4יח מיץ פריה מנ,,IL,מארז 4יח מיץ פריה מנגו אננס 250מל פח.פקד,מיליליטרים,1000.00,"100 מ""ל",false,6,25.90,2.5900,true,1,49717
7613036288026,false,מזון כלבים דוגלי גור,נסטלה פורינה באק הונ,,מזון כלבים דוגלי גורים 3 קג,קילוגרמים,3.00,"ק""ג",false,1,56.90,18.9667,true,1,35463
7613036520492,false,רוטב עגבניות פרפקטו,נסטלה,,רוטב עגבניות פרפקטו לפיצה400 גר,גרמים,400.00,100 גרם,false,1,10.00,2.5000,true,1,36439
7613036576734,false,קרחוני חמשושים,נסטלה,,קרחוני חמשושים,יחידה,1.00,יחידה,false,1,8.90,8.9000,true,1,37396
7613036710879,false,חטיף מיני קיט קאט צא,,,חטיף מיני קיט קאט צאנקי 200 גר בשקית,גרמים,194.00,100 גרם,false,1,12.90,6.6495,true,1,38960
7613036725286,false,דנטלייף לחתוך סלמון,,,דנטלייף לחתוך סלמון 40 גר,גרמים,40.00,100 גרם,false,8,10.90,27.2500,true,1,56124
7613036725309,false,דנטלייף לחתוך עוף 40,,,דנטלייף לחתוך עוף 40 גר,גרמים,40.00,100 גרם,false,8,10.90,27.2500,true,1,56123
7613036737623,false,דגני קראנץ מיקס 410,"אסם תעשיות בע""מ",,דגני בוקר קראנץ מיקס 410 גר,גרמים,410.00,100 גרם,false,1,22.90,5.5854,true,1,38444
7613036760195,false,קפסולות אספרסו דולצה,נסטלה אנגליה,,קפסולות אספרסו דולצה גוסטו אינטנסו16יח,יחידה,16.00,יחידה,false,1,28.90,1.8062,true,1,40316
7613036867870,false,קפסולות אספרסו דולצה,נסטלה אנגליה,,קפסולות אספרסו דולצה גוסטו בריסטה16יח,יחידה,16.00,יחידה,false,1,28.90,1.8062,true,1,40317
7613036880534,false,מחית גרבר שלב3 מרק ע,נסטלה פולסקה אס.איי,,מחית גרבר שלב3 מרק עגבניות 190 גרם,גרמים,190.00,100 גרם,false,1,6.90,3.6316,true,1,43395
7613036880855,false,מחית גרבר שלב 3 תפוח,נסטלה פולסקה אס.איי,,מחית גרבר שלב 3 תפוח עץ ובננה 190 גר,גרמים,190.00,100 גרם,false,1,6.90,3.6316,true,1,43394
7613036976671,false,פריסקיז פאוצ עוף 85,נסטלה פורינה  USA מק,,פריסקיז פאוצ עוף 85 גר,Unknown,0.00,Unknown,false,26,4.50,0.0000,true,1,47474
7613036976718,false,פריסקיז פאוצ ברווז 8,נסטלה פורינה  USA מק,,פריסקיז פאוצ ברווז 85 גר,Unknown,0.00,Unknown,false,26,4.50,0.0000,true,1,47475
7613037686906,false,דגני פיטנס שקדים ודב,נסטלה צרפת איטנקורט,,דגני בוקר פיטנס עם שקדים ודבש 355 ג,גרמים,355.00,100 גרם,false,1,19.90,5.6056,true,1,43588
7613038268262,false,דגני האני נאט ציריוס,נסטלה צרפת איטנקורט,,דגני האני נאט ציריוס מופחת סוכר410 גרם,גרמים,410.00,100 גרם,false,1,22.90,5.5854,true,1,44646
7613038451954,false,דגני קראנץ שוקולד מו,נסטלה צרפת איטנקורט,,קראנץ שוקולד מופחת סוכר 410 גרם,גרמים,410.00,100 גרם,false,1,22.90,5.5854,true,1,44645
7613039547632,false,מחית גרבר תפוח בננה,מטרנה,ES,מחית גרבר תפוח בננה תות פאוץ 90גר,יחידה,1.00,יחידה,false,16,6.90,6.9000,true,1,47976
7613039547731,false,מחית גרבר תפוח משמש,מטרנה,ES,מחית גרבר תפוח משמש פאוץ 90גר,יחידה,1.00,יחידה,false,16,6.90,6.9000,true,1,47978
7613039547922,false,מחית גרבר תפוח בננה,מטרנה,ES,מחית גרבר תפוח בננה אגס פאוץ 90גר,יחידה,1.00,יחידה,false,16,6.90,6.9000,true,1,47977
7613039770450,false,בורגר טבעול סנסשיונל,טבעול ישראל,IL,בורגר טבעול סנסשיונל 226גר,גרמים,226.00,100 גרם,false,10,34.90,15.4425,true,1,48622
7613039771174,false,טחון מן הצומח טבעול,טבעול ישראל,IL,טחון מן הצומח טבעול מינס סנסשיונל 226גר,גרמים,226.00,100 גרם,false,6,34.90,15.4425,true,1,48623
7613039879382,false,מחית גרבר שלב 3 תפוח,נסטלה פולסקה אס.איי,,מחית גרבר שלב 3 תפוחי עץ 190 גר,גרמים,190.00,100 גרם,false,1,6.90,3.6316,true,1,50698
7613039880807,false,מחית גרבר שלב 3 תפוח,נסטלה פולסקה אס.איי,,מחית גרבר שלב 3 תפוח גזר 190 גר,גרמים,190.00,100 גרם,false,1,6.90,3.6316,true,1,50696
7613039881965,false,מחית גרבר שלב 3 תפוח,נסטלה פולסקה אס.איי,,מחית גרבר שלב 3 תפוח גזר מנגו 190 גר,גרמים,190.00,100 גרם,false,1,6.90,3.6316,true,1,50697
7613287155832,false,מחית גרבר תפוח עץ פא,נסטלה פולסקה אס.איי,IL,מחית תפוח עץ פאצ 90גר,Unknown,0.00,Unknown,false,16,6.90,0.0000,true,1,52348
7613287155863,false,מחית גרבר אגס פאצ 90,נסטלה פולסקה אס.איי,IL,מחית אגס פאצ 90גר,Unknown,0.00,Unknown,false,16,6.90,0.0000,true,1,52349
7613287162281,false,קפסולות אספרסו דולצה,נסטלה אנגליה,,קפסולות אספרסו דולצה גוסטו גרנדה16יח,יחידה,16.00,יחידה,false,1,28.90,1.8062,true,1,52254
7613287181411,false,מחית ויטמנציק סלט פי,נסטלה,ES,מחית ויטמנציק סלט פירות 110 גרם,גרמים,110.00,100 גרם,false,8,5.90,5.3636,true,1,53593
7613287182326,false,מחית ויטמנציק תפוח ב,נסטלה,ES,מחית ויטמנציק תפוח בננה 110 גרם,גרמים,110.00,100 גרם,false,8,5.90,5.3636,true,1,53590
7613287182357,false,מחית ויטמנציק אגס תפ,נסטלה,ES,מחית ויטמנציק אגס תפוח ופירות יער110 גרם,גרמים,110.00,100 גרם,false,8,5.90,5.3636,true,1,53594
7613287182425,false,מחית ויטמנציק תפוח ב,נסטלה,ES,מחית ויטמנציק תפוח בננה תות 110 גרם,גרמים,110.00,100 גרם,false,8,5.90,5.3636,true,1,53591
7613287182456,false,מחית ויטמנציק אגס תפ,נסטלה,ES,מחית ויטמנציק אגס תפוח בננה 110 גרם,גרמים,110.00,100 גרם,false,8,5.90,5.3636,true,1,53592
7613287182487,false,מחית ויטמנציק תפוח ב,נסטלה,ES,מחית ויטמנציק תפוח בננה פירות יער110 גרם,גרמים,110.00,100 גרם,false,8,5.90,5.3636,true,1,53595
7613287394323,false,דגני מולטי ציריוס 60,נסטלה פולין דגני בוק,,דגני מולטי ציריוס 600 גרם,גרמים,600.00,100 גרם,false,1,22.90,3.8167,true,1,52984
7613287476678,false,דגני סינימיניס צורוס,ג.נרל מילס,,דגני סינימיניס צורוס 360 גרם,גרמים,360.00,100 גרם,false,1,22.90,6.3611,true,1,53296
7613287525758,false,מים פרייה 500 מל פקד,סן-פלגרינו,,מים פרייה 500 מל פקדון,מיליליטרים,500.00,"100 מ""ל",false,1,9.00,1.8000,true,1,54577
7613287654151,false,דגני כריות שוקו בננה,ג.נרל מילס,,דגני כריות שוקו בננה 385 גרם,גרמים,385.00,100 גרם,false,1,22.90,5.9481,true,1,53297
7613287821348,false,נתחוני  עוף טבעוני,טבעול ישראל,,נתחוני  עוף טבעוני  350גר טבעול,גרמים,350.00,100 גרם,false,6,32.90,9.4000,true,1,53259
7614500035788,false,שוקולד טובלרון חלב 2,מונדליז,,שוקולד טובלרון חלב 200 גר,גרמים,200.00,100 גרם,false,1,11.90,5.9500,true,1,10377
7622010001858,false,עוגיות אוראו קרם וני,,,עוגיות אוראו קרם וניל 176 גרם,גרמים,176.00,100 גרם,false,1,8.90,5.0568,true,1,22884
7622201050757,false,שוקולד מילקה חלב עם,מונדליז,,שוקולד מילקה חלב עם קרמל 100 גר,גרמים,100.00,100 גרם,false,1,6.90,6.9000,true,1,7643
7622201127206,false,ממרח מילקה אגוזים350,מונדליז,AT,ממרח מילקה אגוזים350 גרם,גרמים,350.00,100 גרם,false,6,12.90,3.6857,true,1,56570
7622201127367,false,חטיפי מילקה אוראו מי,מונדליז,UA,חטיפי מילקה אוראו מיניס לבן 153 גרם,גרמים,153.00,100 גרם,false,10,15.90,10.3922,true,1,50311
7622201401900,false,עוגיות מילקה סנסיישן,מונדליז,PL,עוגיות מילקה סנסיישן אוראו 156 גרם,גרמים,156.00,100 גרם,false,12,12.90,8.2692,true,1,49443
7622201502515,false,עוגיות מילקה קוקי לו,מונדליז,,עוגיות מילקה קוקי לופ 132 גרם,גרמים,150.00,100 גרם,false,1,12.90,8.6000,true,1,56133
7622201801809,false,שוקולד מילקה חלב אגו,מונדליז,,שוקולד מילקה חלב אגוז 100 ג,גרמים,100.00,100 גרם,false,1,6.90,6.9000,true,1,53062
7622201802363,false,שוקולד מילקה חלב צימ,מונדליז,,שוקולד מילקה חלב צימוק אגוז 100 ג,גרמים,100.00,100 גרם,false,1,6.90,6.9000,true,1,53061
7622201802394,false,שוקולד מילקה מיסרוני,מונדליז,DE,שוקולד מילקה מיסרונים 100 ג,גרמים,100.00,100 גרם,false,1,6.90,6.9000,true,1,53060
7622201808631,false,עוגיות אוראו וניל בכ,מונדליז,אנדונזיה,עוגיות אוראו וניל בכוס 67 גרם,Unknown,0.00,Unknown,false,12,7.90,0.0000,true,1,61758
7622201809188,false,ביסקויט מילקה חצי מצ,מונדליז,,ביסקויט מילקה חצי מצופה 150 גרם,גרמים,168.00,100 גרם,false,1,12.90,7.6786,true,1,51038
7622201813390,false,וופל מילקה במילוי קר,מונדליז,,וופל מילקה במילוי קרם קקאו 150 ג,גרמים,150.00,100 גרם,false,1,12.90,8.6000,true,1,51037
7622201819170,false,שוקולד מילקה דארק שק,מונדליז,DE,שוקולד מילקה דארק שקדים 85 גר,Unknown,0.00,Unknown,false,25,7.90,0.0000,true,1,56134
7622201819552,false,שוקולד מילקה דארק 85,מונדליז,DE,שוקולד מילקה דארק 85 גר,Unknown,0.00,Unknown,false,25,7.90,0.0000,true,1,56136
7622201823733,false,עוגיות מילקה טינס דק,מונדליז,ES,עוגיות מילקה טינס דקות 151 גרם,גרמים,151.00,100 גרם,false,12,12.90,8.5430,true,1,61973
7622210078131,false,שוקולד מילקה שבבי קר,מונדליז,,שוקולד מילקה שבבי קרמל 100 גרם,גרמים,100.00,100 גרם,false,1,6.90,6.9000,true,1,28339
7622210117762,false,בונבוניירה בושה קודט,מונדליז,SK,בונ.קוטדור בושה 200 גר,גרמים,200.00,100 גרם,false,12,14.90,7.4500,true,1,16164
7622210137234,false,עוגיות אוראו דאבל קר,,,עוגיות אוראו דאבל קרם וניל 170 גרם,גרמים,170.00,100 גרם,false,1,8.90,5.2353,true,1,24656
7622210163899,false,שוקולד מילקה עם עדשי,מונדליז,,שוקולד מילקה עם עדשים 100 גר,גרמים,100.00,100 גרם,false,1,6.90,6.9000,true,1,37814
7622210240200,false,שוקולד מילקה אוראו 3,מונדליז,,שוקולד מילקה אוראו 300 גר,גרמים,300.00,100 גרם,false,1,14.90,4.9667,true,1,45902
7622210453327,false,עוגיות מילקה סנסיישן,מונדליז,,עוגיות מילקה סנסיישן 156גר,גרמים,156.00,100 גרם,false,1,12.90,8.2692,true,1,33164
7622210464729,false,עוגיות אוראו גולדן ק,מונדליז,UA,עוגיות אוראו גולדן קרם וניל 154 גרם,גרמים,154.00,100 גרם,false,16,7.90,5.1299,true,1,43732
7622210635105,false,עוגיות אוראו קרם תות,מונדליז,ES,עוגיות אוראו קרם תות 154 גרם,גרמים,154.00,100 גרם,false,16,7.90,5.1299,true,1,43730
7622210637994,false,אוראו ביס קראנצי קרם,מונדליז,ES,אוראו ביס קראנצי קרם וניל 110 גרם,גרמים,110.00,100 גרם,false,8,8.50,7.7273,true,1,49444
7622210638021,false,אוראו ביס קראנצי קרם,מונדליז,ES,אוראו ביס קראנצי קרם שוקו 110 גרם,גרמים,110.00,100 גרם,false,8,8.50,7.7273,true,1,49445
7622210640062,false,גב. פילדלפיה עם פלפל,מונדליז,,גב. פילדלפיה עם פלפל חלפינו 175גר,גרמים,175.00,100 גרם,false,1,14.90,8.5143,true,1,50326
7622210690883,false,שוקולדמילקה חלב מונד,מונדליז,AT,שוקולדמילקה חלב מונדיאל 270 גרם,גרמים,270.00,100 גרם,false,16,15.90,5.8889,true,1,61738
7622210724519,false,שוקולד קוטדור ביו 70,מונדליז,DE,שוקולד קוטדור ביו 70% מריר 90 גר,Unknown,0.00,Unknown,false,18,15.90,0.0000,true,1,50171
7622210724557,false,שוקולד קוטדור ביו 90,מונדליז,DE,שוקולד קוטדור ביו 90% מריר 90 גרם,Unknown,0.00,Unknown,false,18,15.90,0.0000,true,1,50936
7622210797032,false,מארז 4 יח קדבורי פיק,מונדליז,GB,מארז 4 יח קדבורי פיקניק 32 גרם,גרמים,128.00,100 גרם,false,20,9.90,7.7344,true,1,61440
7622210826053,false,שוקולד מילקה אוראו ס,מונדליז,HU,שוקולד מילקה אוראו סנדוויץ 92 גר,Unknown,0.00,Unknown,false,16,6.90,0.0000,true,1,49446
7622210829108,false,עוגיות אוראו דקים קר,מונדליז,,עוגיות אוראו דקים קרם וניל 96 גרם,Unknown,0.00,Unknown,false,1,7.90,0.0000,true,1,46297
7622210835338,false,עוגיות אוראו בראוניז,,,עוגיות אוראו בראוניז 176 גרם,גרמים,176.00,100 גרם,false,1,8.90,5.0568,true,1,37822
7622210869616,false,שוקולד קוטדור ביו 85,מונדליז,DE,שוקולד קוטדור ביו 85% מריר 90 גרם,Unknown,0.00,Unknown,false,18,15.90,0.0000,true,1,50170
7622300270506,false,עוגיות מילקה גריינס,מונדליז,,עוגיות מילקה גריינס מצופה168גר,גרמים,168.00,100 גרם,false,1,12.90,7.6786,true,1,10906
7622300315283,false,עוגיות אוראו קרם וני,מונדליז,UA,עוגיות אוראו קרם וניל 154 גרם,גרמים,154.00,100 גרם,false,16,7.90,5.1299,true,1,52618
7622300340285,false,גבינת פילדלפיה 175 ג,מונדליז,DE,גבינת פילדלפיה 175 גרם 22% שומן,גרמים,175.00,100 גרם,false,10,14.90,8.5143,true,1,36915
7622300340292,false,גבינת פילדלפיה 175 ג,מונדליז,DE,גבינת פילדלפיה 175 גרם 11% שומן,גרמים,175.00,100 גרם,false,10,14.90,8.5143,true,1,36916
7622300356767,false,עוגיות מילקה שוקוציפ,מונדליז,,עוגיות מילקה שוקוציפס168גר,גרמים,168.00,100 גרם,false,1,12.90,7.6786,true,1,9855
7622300489427,false,ביסקויט אוראו מצופה,מונדליז,ES,ביסקויט אוראו מצופה שוקולד לבן 246 גרם,גרמים,246.00,100 גרם,false,10,14.90,6.0569,true,1,36093
7622300489434,false,עוגיות אוראו מצופות,,,עוגיות אוראו מצופות שוקולד חלב 246 גרם,גרמים,246.00,100 גרם,false,1,14.90,6.0569,true,1,36092
7622300495046,false,שוקולד מילקה מריר אק,מונדליז,,שוקולד מילקה מריר אקסטרא קקאו 100 ג,גרמים,100.00,100 גרם,false,1,6.90,6.9000,true,1,12999
7622300498429,false,שוקולד מילקה קרם תות,מונדליז,,שוקולד מילקה קרם תות 100 גר,גרמים,100.00,100 גרם,false,1,6.90,6.9000,true,1,10398
7622300503079,false,עוגיות מילקה מוו מצו,מונדליז,,עוגיות מילקה מוו מצופות 200גר,גרמים,200.00,100 גרם,false,1,12.90,6.4500,true,1,10907
7622300617820,false,שוקולד מילקה אוראו 1,מונדליז,,שוקולד מילקה אוראו 100 ג,גרמים,100.00,100 גרם,false,1,6.90,6.9000,true,1,12998
7622300756383,false,גב. פילדלפיה שוקולד,מונדליז,,גב. פילדלפיה שוקולד מילקה 175גר,גרמים,175.00,100 גרם,false,1,14.90,8.5143,true,1,50325
7622300756413,false,גבינת פילדלפיה מתובל,מונדליז,DE,גבינת פילדלפיה מתובלת 175גר 20% שומן,גרמים,175.00,100 גרם,false,10,14.90,8.5143,true,1,36917
7622400005190,false,שוקולד מילקה כאו 100,מילקה,,שוקולד מילקה כאו 100 ג,גרמים,100.00,100 גרם,false,1,6.90,6.9000,true,1,18331
7638900083071,false,זוג סוללות אנרגייזר,אנרג'ייזר,,זוג סוללות אנרגייזר 1.5וואט משחקי מחשב,יחידה,2.00,יחידה,false,1,14.90,7.4500,true,1,38873
7638900248333,false,זוג סוללת אנרגייזר ל,,,זוג סוללת אנרגייזר ליטיום כפתור,יחידה,2.00,יחידה,false,1,19.90,9.9500,true,1,38874
7638900248357,false,זוג סוללת ליטיום כפת,,,זוג סוללת ליטיום כפתור ליומנים 3 וולט,יחידה,2.00,יחידה,false,1,19.90,9.9500,true,1,38872
7638900295641,false,זוג סוללות שלט לרכב,אנרג'ייזר,,זוג סוללות שלט לרכב 12 וולט אנרגאיזר,Unknown,0.00,Unknown,false,1,19.90,0.0000,true,1,38913
7638900426663,false,סוללת אנרגייזר 9 וול,אנרג'ייזר,,סוללת אנרגייזר 9 וולט,יחידה,1.00,יחידה,false,1,27.90,27.9000,true,1,44183
7638900426809,false,זוג סוללות אנרגייזר,אנרג'ייזר,,זוג סוללות אנרגייזר סי,יחידה,2.00,יחידה,false,1,25.90,12.9500,true,1,44819
7638900426823,false,זוג סוללת אנרגייזר מ,אנרג'ייזר,,זוג סוללת אנרגייזר מקס די,יחידה,2.00,יחידה,false,1,29.90,14.9500,true,1,44818
7640166796329,false,גבינת מוצרלה 300 גרם,צוגר,,גבינת מוצרלה 300 גרם נקניק,גרמים,300.00,100 גרם,false,1,24.90,8.3000,true,1,46157
7702018069316,false,סכיני גילוח וונוס חד,פרוקטר אנד גמבל,,סכיני גילוח וונוס חד פעמי 4+2סכינים,יחידה,6.00,יחידה,false,1,15.90,2.6500,true,1,10792
7702018263783,false,מארז 8יח סכיני גילוח,פרוקטר אנד גמבל,,מארז 8יח סכיני גילוח גילט מאך 3,יחידה,8.00,יחידה,false,1,79.90,9.9875,true,1,38488
7702018321520,false,דאו.סטיק גילייט מתקד,פרוקטר אנד גמבל,,דאו.סטיק גילייט מתקדם איי אי 45 מל,Unknown,0.00,Unknown,false,1,21.90,0.0000,true,1,19493
7702018321582,false,דאו.סטיק גילייט מתקד,פרוקטר אנד גמבל,,דאו.סטיק גילייט מתקדם 45 מל,Unknown,0.00,Unknown,false,1,21.90,0.0000,true,1,19492
7702018420476,false,מכשיר+סכיני גילוח ונ,פרוקטר אנד גמבל,,מכשיר+סכיני גילוח ונוס סווירל ידית+3סכינ,Unknown,0.00,Unknown,false,1,49.90,0.0000,true,1,28098
7702018465675,false,סכיני גילוח ונוס3 סי,פרוקטר אנד גמבל,,סכיני גילוח ונוס3 סימפלי 4יח גילט,Unknown,0.00,Unknown,false,1,22.90,0.0000,true,1,40063
7702018539468,false,מכשיר+סכיני גילוח ונ,פרוקטר אנד גמבל,,מכשיר+סכיני גילוח ונוס תות ידית+3סכינים,Unknown,0.00,Unknown,false,1,49.90,0.0000,true,1,52678
7702018610280,false,מארז סכיני גילוח+ידי,,,מארז סכיני גילוח+ידית גילט פרוגלייד,יחידה,1.00,יחידה,false,1,89.90,89.9000,true,1,60285
7702018610303,false,מארז סכיני גילוח+ידי,,,מארז סכיני גילוח+ידית סקינגארד אלוורה,יחידה,1.00,יחידה,false,1,89.90,89.9000,true,1,60284
7702018866984,false,סכיני גילוח גילט פיו,פרוקטר אנד גמבל,,סכיני גילוח גילט פיוזן ידני 4 יח,יחידה,4.00,יחידה,false,1,69.90,17.4750,true,1,19465
7702018980833,false,גל גילוח סירייס מועש,פרוקטר אנד גמבל,,גל גילוח סירייס מועשר בלחות 200 מל,מיליליטרים,200.00,"100 מ""ל",false,1,19.90,9.9500,true,1,25167
7702024074625,false,חטיפי קרקר פיטנס חיט,,,קרקר פיטנס חיטה מלאה 234 גרם,גרמים,234.00,100 גרם,false,1,11.90,5.0855,true,1,39240
7702174066631,false,לקקן יוגטה פין פופ פ,אלדור,,לקקן יוגטה פין פופ פירות 10 יח 180 גר,גרמים,170.00,100 גרם,false,1,8.90,5.2353,true,1,8844
7702174068826,false,לקקן יוגטה טעם פירות,אלדור,,לקקן יוגטה טעם פירות 12 יח 216 גר,גרמים,216.00,100 גרם,false,1,8.90,4.1204,true,1,12758
7702174068833,false,לקקן יוגוטה טעם גליד,אלדור,,לקקן יוגוטה טעם גלידה 12 יח 216 גר,גרמים,216.00,100 גרם,false,1,8.90,4.1204,true,1,12537
7702174070201,false,לקקן יוגטה מגיק  12,אלדור,,לקקן יוגטה מגיק  12 יח 216 גר,גרמים,216.00,100 גרם,false,1,8.90,4.1204,true,1,13102
7702174073783,false,לקקן יוגטה פין פופ ק,אלדור,,לקקן יוגטה פין פופ קולה 10 יח 180 גר,גרמים,180.00,100 גרם,false,1,8.90,4.9444,true,1,20992
7790703165276,false,יין שרדונה אלזה 750,BIANCHI,,יין שרדונה אלזה 750 מל פקדון,מיליליטרים,750.00,"100 מ""ל",false,1,45.00,6.0000,true,1,7806
7790703165450,false,יין ק. סוביניון אלזה,BIANCHI,,יין ק. סוביניון אלזה 750 מל פקדון,מיליליטרים,750.00,"100 מ""ל",false,1,45.00,6.0000,true,1,7805
7790703167638,false,יין ק. סוביניון פמיל,BIANCHI,,יין ק. סוביניון פמיליה 750 מל פקדון,מיליליטרים,750.00,"100 מ""ל",false,1,65.00,8.6667,true,1,8024
7790703167645,false,יין מלבק פמיליה 750,BIANCHI,,יין מלבק פמיליה 750 מל פקדון,מיליליטרים,750.00,"100 מ""ל",false,1,65.00,8.6667,true,1,8023
7790703168307,false,יין טורונטס אלזה 750,BIANCHI,,יין טורונטס אלזה 750 מל פקדון,מיליליטרים,750.00,"100 מ""ל",false,1,45.00,6.0000,true,1,10930
7791728000160,false,יין סנטה גוליה מלבק,,,יין סנטה גוליה מלבק 750מל פקדון,מיליליטרים,750.00,"100 מ""ל",false,1,45.00,6.0000,true,1,15697
7791875005353,false,ריבת חלב האוונה 450,פרימיום,ES,ריבת חלב האוונה 450 גרם,גרמים,450.00,100 גרם,false,12,19.90,4.4222,true,1,18898
7792860006218,false,לקקן בייבי דול  24 ג,לרטייר,,לקקן בייבי דול  24 גרם,Unknown,0.00,Unknown,false,1,2.50,0.0000,true,1,3902
7794450002570,false,יין קאטנה קברנה סובי,ארגנטינה בודגה קטנה,,יין קאטנה קברנה סוביניון 750 מל פקדון,מיליליטרים,750.00,"100 מ""ל",false,1,65.00,8.6667,true,1,11331
7794450002853,false,יין סאן קרלוס קברנה,ארגנטינה בודגה קטנה,,יין סאן קרלוס קברנה פרנק 750 מל,מיליליטרים,750.00,"100 מ""ל",false,1,80.00,10.6667,true,1,31496
7794450005175,false,יין פאראחה אלטמירה מ,ארגנטינה בודגה קטנה,,יין פאראחה אלטמירה מלבק 750 מל,מיליליטרים,750.00,"100 מ""ל",false,1,80.00,10.6667,true,1,31497
7794450008053,false,יין קאטנה מלבק 750 מ,ארגנטינה בודגה קטנה,,יין קאטנה מלבק 750 מל פקדון,מיליליטרים,750.00,"100 מ""ל",false,1,65.00,8.6667,true,1,11330
7794450008077,false,יין אלאמוס שרדונה 75,ארגנטינה בודגה קטנה,,יין אלאמוס שרדונה 750 מל פיקדון,מיליליטרים,750.00,"100 מ""ל",false,1,45.00,6.0000,true,1,7982
7794450008084,false,יין אלאמוס מלבק 750,ארגנטינה בודגה קטנה,,יין אלאמוס מלבק 750 מל פיקדון,מיליליטרים,750.00,"100 מ""ל",false,1,45.00,6.0000,true,1,7984
7794450088383,false,יין אלאמוס סוביניון,ארגנטינה בודגה קטנה,,יין אלאמוס סוביניון בלאן 750 מל פיקדון,מיליליטרים,750.00,"100 מ""ל",false,1,45.00,6.0000,true,1,7985
7798074860219,false,יין פורטילו שרדונה ל,,,יין פורטילו שרדונה לבן 750 מל,מיליליטרים,750.00,"100 מ""ל",false,6,45.00,6.0000,true,1,59601
7798130463187,false,יין ארגנטו קלאסיק רו,,,יין ארגנטו קלאסיק רוזה יבש 750 מל,מיליליטרים,750.00,"100 מ""ל",false,6,45.00,6.0000,true,1,46165
7798159560096,false,יין ארגנטו קלאסיק ק.,,,יין ארגנטו קלאסיק ק.סוביניון יבש 750 מל,מיליליטרים,750.00,"100 מ""ל",false,6,45.00,6.0000,true,1,48369
7798159560126,false,יין ארגנטו קלאסיק מל,,,יין ארגנטו מלבק אדום יבש 750 מל,מיליליטרים,750.00,"100 מ""ל",false,6,45.00,6.0000,true,1,46163
7798159560157,false,יין ארגנטו קלאסיק פי,,,יין ארגנטו קלאסיק פינו גריגיו לבן 750 מל,מיליליטרים,750.00,"100 מ""ל",false,6,45.00,6.0000,true,1,46164
7798164800019,false,אוכמניות ברי בקופסא,,,אוכמניות ברי בקופסא 125 גרם,גרמים,125.00,100 גרם,false,1,14.90,11.9200,true,1,21800
7804315000228,false,יין מבעבע ברוט אונדו,UNDURRAGA,,יין מבעבע ברוט אונדורגה 750 מל פיקדון,Unknown,0.00,Unknown,false,1,45.00,0.0000,true,1,8022
7804315000235,false,יין מבעבע דמי סק אונ,UNDURRAGA,,יין מבעבע דמי סק אונדורגה 750 מל פיקדון,מיליליטרים,750.00,"100 מ""ל",false,1,45.00,6.0000,true,1,8021
7804315000594,false,יין ק. סוביניון קרמנ,UNDURRAGA,,יין ק. סוביניון קרמנר אליווין 750מל פקדו,מיליליטרים,750.00,"100 מ""ל",false,1,60.00,8.0000,true,1,7809
7804315001973,false,יין ק. סוביניון סיבר,UNDURRAGA,,יין ק. סוביניון סיבריס 750מל פקדון,מיליליטרים,750.00,"100 מ""ל",false,1,65.00,8.6667,true,1,8019
7804315001997,false,יין קרמנר סיבריס 750,UNDURRAGA,,יין קרמנר סיבריס 750 מל פקדון,מיליליטרים,750.00,"100 מ""ל",false,1,65.00,8.6667,true,1,8018
7804315002024,false,יין פינו נואר סיבריס,UNDURRAGA,,יין פינו נואר סיבריס 750מל פקדון,מיליליטרים,750.00,"100 מ""ל",false,1,65.00,8.6667,true,1,13448
7804315010005,false,יין ק. סוביניון וריא,UNDURRAGA,,יין ק. סוביניון וריאטל 750מל פקדון,מיליליטרים,750.00,"100 מ""ל",false,1,45.00,6.0000,true,1,3068
7804315012054,false,יין שרדונה וריאטל 75,UNDURRAGA,,יין שרדונה וריאטל 750מל פקדון,מיליליטרים,750.00,"100 מ""ל",false,1,45.00,6.0000,true,1,10246
7804315030027,false,יין מרלו וריאטל 750,UNDURRAGA,,יין מרלו וריאטל 750 מל פקדון,מיליליטרים,750.00,"100 מ""ל",false,1,45.00,6.0000,true,1,3279
7804315304647,false,יין גוורצטרמינר וריא,UNDURRAGA,,יין גוורצטרמינר וריאטל 750מל פקדון,מיליליטרים,750.00,"100 מ""ל",false,1,45.00,6.0000,true,1,3069
7804315304807,false,יין קרמנר וריאטל 750,UNDURRAGA,,יין קרמנר וריאטל 750מל פקדון,מיליליטרים,750.00,"100 מ""ל",false,1,45.00,6.0000,true,1,8020
7804320256900,false,יין דיאבלו שרדונה 75,קונצה אי טורו,,יין דיאבלו שרדונה 750 מל פיקדון,מיליליטרים,750.00,"100 מ""ל",false,1,60.00,8.0000,true,1,8646
7804320303178,false,יין ה דיאבלו קברנה 7,קונצה אי טורו,,יין ה דיאבלו קברנה 750 מל פיקדון,מיליליטרים,750.00,"100 מ""ל",false,1,60.00,8.0000,true,1,2934
7804320746104,false,יין קונצה אי טורו די,קונצה אי טורו,CL,יין קונצה אי טורו דיאבלו 666 750 מל,מיליליטרים,750.00,"100 מ""ל",false,6,75.00,10.0000,true,1,40511
7804320750552,false,יין קונצה אי טורו די,קונצה אי טורו,CL,יין קונצה אי טורו דיאבלו ק.ס 750 מל,מיליליטרים,750.00,"100 מ""ל",false,6,75.00,10.0000,true,1,45942
7804320985633,false,יין  דיאבלו מרלו 750,קונצה אי טורו,,יין  דיאבלו מרלו 750 מל פיקדון,מיליליטרים,750.00,"100 מ""ל",false,1,60.00,8.0000,true,1,2933
7804414000860,false,יין דון חוליו קברנה,צ'ילה לואיס פיליפה א,,יין קברנה דון חוליו אדוארדו 750 מל פקדון,מיליליטרים,750.00,"100 מ""ל",false,1,35.00,4.6667,true,1,6063
7804414000877,false,יין דון חוליו מרלו 7,צ'ילה לואיס פיליפה א,,יין מרלו דון חוליו אדוארדו 750 מל פקדון,מיליליטרים,750.00,"100 מ""ל",false,1,35.00,4.6667,true,1,6064
7804414000884,false,יין דון חוליו שרדונה,צ'ילה לואיס פיליפה א,,יין שרדונה דון חוליו אדוארדו750 מל פקדון,מיליליטרים,750.00,"100 מ""ל",false,1,35.00,4.6667,true,1,7989
7804414012351,false,יין דון חוליו מלבק 7,צ'ילה לואיס פיליפה א,,יין דון חוליו מלבק 750 מל,מיליליטרים,750.00,"100 מ""ל",false,1,35.00,4.6667,true,1,27622
7804414017110,false,יין דון חוליו פינו נ,צ'ילה לואיס פיליפה א,,יין דון חוליו פינו נואר כשר 750 מל,מיליליטרים,750.00,"100 מ""ל",false,1,35.00,4.6667,true,1,44932
7861500002818,false,מארז 6יח בירה לף ברא,,,מארז 6יח בירה לף בראון 330מל בק.פקדון,מיליליטרים,1980.00,"100 מ""ל",false,1,47.90,2.4192,true,1,51175
7891024130063,false,מי פה קולגייט פלקס ל,Colgate - Brazil,,מי פה קולגייט פלקס ללא אלכוהול 500 מל,מיליליטרים,500.00,"100 מ""ל",false,1,25.90,5.1800,true,1,8457
7891024179482,false,מי פה קולגייט אופטיק,Colgate - Brazil,,מי פה קולגייט אופטיק וויט 500 מל,מיליליטרים,500.00,"100 מ""ל",false,1,25.90,5.1800,true,1,13110
8000015001063,false,בישקוטים דיליו 200 ג,,IT,בישקוטים דיליו 200 גר איטלקי,גרמים,200.00,100 גרם,false,1,7.00,3.5000,true,1,7443
8000015002510,false,עוגיות דיליו אוסוויג,,,עוגיות דיליו אוסוויגו איטלקי 800 גר,גרמים,800.00,100 גרם,false,1,16.90,2.1125,true,1,7442
8000015002855,false,עוגיות דיליו כוציולי,,,עוגיות דיליו כוציולי איטלקי 700 גר,גרמים,700.00,100 גרם,false,1,16.90,2.4143,true,1,11459
8000015002893,false,עוגיות דיליו כוצינה,,,עוגיות דיליו כוצינה איטלקי 700 גר,גרמים,700.00,100 גרם,false,1,16.90,2.4143,true,1,11460
8000040000802,false,משקה קמפרי 1000 מל פ,קמפרי (יורו),,משקה קמפרי 1000 מל פקדון,ליטרים,1.00,ליטר,false,1,105.00,105.0000,true,1,6761
8000070010680,false,קפסולות לוואצה ויגור,לווצה טורינו,IT,קפסולות לוואצה ויגורוסו 12 10 יח,יחידה,10.00,יחידה,false,10,17.90,1.7900,true,1,53424
8000070011878,false,קפה לוואצה דק נטול ק,לווצה טורינו,,קפה לוואצה דק נטול קופאין 250 ג,גרמים,250.00,100 גרם,false,1,43.90,17.5600,true,1,3804
8000070012219,false,פולי לווצה אורו 250,,IT,פולי לווצה אורו 250 גרם,גרמים,250.00,100 גרם,false,1,39.90,15.9600,true,1,53132
8000070012783,false,קפה לוואצה קואליטי א,לווצה טורינו,,קפה לוואצה קואליטי אורו 250 ג,גרמים,250.00,100 גרם,false,1,39.90,15.9600,true,1,3802
8000070029996,false,קפה לוואצה קואליטי א,לווצה טורינו,IT,קפה לוואצה קואליטי אורו פירות ופרח 250 ג,גרמים,250.00,100 גרם,false,20,39.90,15.9600,true,1,60568
8000070032835,false,קפה לוואצה מאטינו 25,לווצה טורינו,,קפה לוואצה מאטינו 250 ג,גרמים,250.00,100 גרם,false,1,29.90,11.9600,true,1,5810
8000070035980,false,קפה לוואצה רוסו אדום,לווצה טורינו,,קפה לוואצה רוסו אדום 250 ג,גרמים,250.00,100 גרם,false,1,29.90,11.9600,true,1,10742
8000070036321,false,פולי לוואצה קואליטה,,IT,פולי לוואצה קואליטה רוסה 500 גרם,גרמים,500.00,100 גרם,false,1,69.90,13.9800,true,1,59244
8000070038868,false,קפה לוואצה קרמה גוסט,לווצה טורינו,,קפה לוואצה קרמה גוסטו 250 ג,גרמים,250.00,100 גרם,false,1,29.90,11.9600,true,1,11133
8000070038974,false,פולי לווצה קרמה גוסט,,IT,פולי לווצה קרמה גוסטו 1 קג,קילוגרמים,1.00,"ק""ג",false,1,109.90,109.9000,true,1,53134
8000070053465,false,קפסולות לוואצה 8 אור,לווצה טורינו,IT,קפסולות לוואצה 8 אורו 10 יח,יחידה,10.00,יחידה,false,1,19.90,1.9900,true,1,61665
8000070053472,false,קפסולות לוואצה 12 קר,לווצה טורינו,IT,קפסולות לוואצה 12 קרמה גוסטו קלאסיקו10יח,יחידה,10.00,יחידה,false,1,19.90,1.9900,true,1,61662
8000070053526,false,קפסולות לוואצה 10 רו,לווצה טורינו,IT,קפסולות לוואצה 10 רוסו 10 יח,יחידה,10.00,יחידה,false,1,19.90,1.9900,true,1,61664
8000070055254,false,קפסולות לוואצה 13 קר,לווצה טורינו,IT,קפסולות לוואצה 13 קרמה גוסטו פורטה 10 יח,יחידה,10.00,יחידה,false,1,19.90,1.9900,true,1,61661
8000070059832,false,קפסולות לוואצה 11 קר,לווצה טורינו,IT,קפסולות לוואצה 11 קרמה גוסטו ריקו 10יח,יחידה,10.00,יחידה,false,1,19.90,1.9900,true,1,61663
8000070081000,false,קפסולות לוואצה הרמונ,לווצה טורינו,IT,קפסולות לוואצה הרמוניקה 8 10 יח,יחידה,10.00,יחידה,false,10,17.90,1.7900,true,1,53419
8000146500039,false,שמן זית כמהין אורבני,,,שמן זית כמהין אורבני 55 מל,Unknown,0.00,Unknown,false,1,29.90,0.0000,true,1,13681
8000150655206,false,יין לבן פרסקאטי סופר,איטליה גרופו איטליאנ,,יין לבן פרסקאטי סופריורה 750 מל פקדון,מיליליטרים,750.00,"100 מ""ל",false,1,45.00,6.0000,true,1,11415
8000215202406,false,מעדן אורז אורגני שוק,ויטריז,IT,מעדן אורז אורגני שוקו 400 גר,גרמים,400.00,100 גרם,false,6,14.90,3.7250,true,1,38304
8000215202413,false,מעדן אורז אורגני וני,ויטריז,IT,מעדן אורז אורגני וניל 400 גר,גרמים,400.00,100 גרם,false,6,14.90,3.7250,true,1,38303
8000215204219,false,משקה אורז אורגני 1 ל,אלינור,,משקה אורז אורגני 1 ל ויטאריס,ליטרים,1.00,ליטר,false,1,13.90,13.9000,true,1,14053
8000215204240,false,משקה אורז שקדים אורג,אלינור,,משקה אורז שקדים אורגני 1 ל ויטאריס,ליטרים,1.00,ליטר,false,1,13.90,13.9000,true,1,13233
8000215204264,false,משקה אורז 200 מל ויט,אלינור,,משקה אורז 200 מל ויטאריס,מיליליטרים,200.00,"100 מ""ל",false,1,4.00,2.0000,true,1,24170
8000215204271,false,משקה אורז שקדים 200מ,אלינור,,משקה אורז שקדים 200מל ויטאריס,מיליליטרים,200.00,"100 מ""ל",false,1,4.00,2.0000,true,1,20322
8000215204370,false,שמנת לבישול בסיס אור,אלינור,,שמנת לבישול בסיס אורז 200 מל ויטאריס,מיליליטרים,20000.00,"100 מ""ל",false,1,6.00,0.0300,true,1,20325
8000215204394,false,משקה אורז ואגוזי לוז,אלינור,,משקה אורז ואגוזי לוז אורגני ויטאריס 1 לי,ליטרים,1.00,ליטר,false,1,16.90,16.9000,true,1,14844
8000215204554,false,משקה אורז קוקוס אורג,אלינור,,משקה אורז קוקוס אורגני 1 ל ויטאריס,ליטרים,1.00,ליטר,false,1,13.90,13.9000,true,1,24960
8000215204561,false,משקה שקדים אורגני 1,ויטהסי,IT,משקה שקדים אורגני 1 לי,ליטרים,1.00,ליטר,false,10,14.90,14.9000,true,1,39725
8000215204653,false,משה סויה ויטראריס 1,ויטהסי,IT,משה סויה ויטראריס 1 לי,ליטרים,1.00,ליטר,false,10,10.00,10.0000,true,1,44202
8000215204677,false,משקה שיבולת בריסטה א,אלינור,,משקה שיבולת בריסטה אורגני 1 ל ויטאריס,ליטרים,1.00,ליטר,false,1,13.90,13.9000,true,1,58060
8000215204714,false,משקה שבולת שועל אורג,אלינור,,משקה שבולת שועל אורגני  ויטאריס 1 לי,ליטרים,1.00,ליטר,false,1,13.90,13.9000,true,1,14052
8000320010095,false,פסאטה ציריו עגבניות,קונסרב,IT,פסאטה ציריו עגבניות מרקם עדין 700 מל,מיליליטרים,700.00,"100 מ""ל",false,12,12.90,1.8429,true,1,59908
8000380003723,false,ופל פטיסרי אגוז 100,,,ופל פטיסרי אגוז 100 ג,גרמים,100.00,100 גרם,false,1,13.50,13.5000,true,1,2713
8000380003761,false,ופל פטיסרי קוקוס 100,,,ופל פטיסרי קוקוס 100 ג,גרמים,100.00,100 גרם,false,1,13.50,13.5000,true,1,2714
8000380004669,false,וופל לואקר סנדוויץ ק,,,וופל לואקר סנדוויץ קקאו 200 ג,גרמים,200.00,100 גרם,false,1,13.90,6.9500,true,1,1936
8000380004676,false,ופל לואקר סנדוויץ ונ,,,ופל לואקר סנדוויץ וניל 200 ג,גרמים,200.00,100 גרם,false,1,13.90,6.9500,true,1,1937
8000380004881,false,ופל קואדרטיני טרמיסו,,,ופל קואדרטיני טרמיסו 220 ג,גרמים,220.00,100 גרם,false,1,15.50,7.0455,true,1,4441
8000380004911,false,ופל קואדרטיני אגוז,,,ופל קואדרטיני אגוז  250 ג,גרמים,250.00,100 גרם,false,1,15.50,6.2000,true,1,1938
8000380005598,false,חטיף טורטינה מריר 12,,,חטיף טורטינה מריר 125 גר 6 יח,גרמים,125.00,100 גרם,false,1,17.90,14.3200,true,1,9464
8000380007219,false,ופל לואקר אגוז 175 ג,,,ופל לואקר אגוז 175 גר,גרמים,175.00,100 גרם,false,1,11.90,6.8000,true,1,1944
8000380007257,false,ופל גרדנה מצופה קרם,,,ופל גרדנה מצופה קרם אגוז200 גרם,גרמים,200.00,100 גרם,false,1,14.90,7.4500,true,1,1945
8000380007264,false,ופל לואקר קקאו 175 ג,,,ופל לואקר קקאו 175 גר,גרמים,175.00,100 גרם,false,1,11.90,6.8000,true,1,1946
8000380007271,false,ופל לואקר חלב 175 גר,,,ופל לואקר חלב 175 גר,גרמים,175.00,100 גרם,false,1,11.90,6.8000,true,1,1947
8000380106028,false,חטיף טורטינה חלב 125,,,חטיף טורטינה 125 גר 6 יח,גרמים,125.00,100 גרם,false,1,17.90,14.3200,true,1,8044
8000380144044,false,ופל גרדנה מצופה קרם,,,ופל גרדנה מצופה קרם שוקולד 200 גרם,גרמים,200.00,100 גרם,false,1,14.90,7.4500,true,1,7060
8000380148035,false,ופל  פטיסרי מריר אגו,,,ופל  פטיסרי מריר אגוזים 100 ג,גרמים,100.00,100 גרם,false,1,13.50,13.5000,true,1,9465
8000380152704,false,חטיף ופל גרדנה אצבעו,,,חטיף ופל גרדנה אצבעות אגוזים 125 גר,גרמים,125.00,100 גרם,false,1,15.90,12.7200,true,1,12475
8000380152728,false,ופל גרדנה אצבעות שוק,,,חטיף ופל גרדנה אצבעות שוקולד 125 גר,גרמים,125.00,100 גרם,false,1,15.90,12.7200,true,1,12476
8000380153534,false,חטיף טורטינה לבן 125,,,חטיף טורטינה לבן 125 גר 6 יח,גרמים,125.00,100 גרם,false,1,17.90,14.3200,true,1,14316
8000380156825,false,שוקולד לואקר חלב קרם,,,שוקולד לואקר חלב קרם חלב 87 גר,Unknown,0.00,Unknown,false,1,7.90,0.0000,true,1,17559
8000380156849,false,שוקולד לואקר מריר קר,,,שוקולד לואקר מריר קרם קקאו 87 גר,Unknown,0.00,Unknown,false,1,7.90,0.0000,true,1,17561
8000380156856,false,שוקולד לואקר לבן קרם,,,שוקולד לואקר לבן קרם חלב 87 גר,Unknown,0.00,Unknown,false,1,7.90,0.0000,true,1,17560
8000380157587,false,ופל לואקר קרם קקאו 2,,,ופל לואקר קרם קקאו 262.5 גר,גרמים,263.00,100 גרם,false,1,11.90,4.5247,true,1,31716
8000380180721,false,ופל לואקר שוקו חלב 1,,,ופל לואקר שוקו חלב 175 גר,גרמים,175.00,100 גרם,false,1,11.90,6.8000,true,1,23262
8000380180745,false,ופל קואדרטיני שוקו ח,,,ופל קואדרטיני שוקו חלב 250 ג,גרמים,250.00,100 גרם,false,1,15.50,6.2000,true,1,23261
8000380180837,false,ופל פטיסרי קרם קוקוס,,,ופל פטיסרי קרם קוקוס לבן 100 ג,גרמים,100.00,100 גרם,false,1,13.50,13.5000,true,1,25085
8000380181032,false,חטיף ופל גרדנה אצבעו,לואקר,,חטיף ופל גרדנה אצבעות לבן 125 גר,גרמים,125.00,100 גרם,false,1,15.90,12.7200,true,1,25084
8000380187119,false,עוגיות לואקר קרם אגו,לואקר,IT,עוגיות לואקר אגוזי לוז 100 גרם,גרמים,100.00,100 גרם,false,12,15.90,15.9000,true,1,48944
8000380187249,false,עוגיות לואקר קרם שקד,לואקר,IT,עוגיות לואקר קרם שקדים 100 גרם,גרמים,100.00,100 גרם,false,12,15.90,15.9000,true,1,48945
8000380187300,false,עוגיות לואקר פתיתי ש,לואקר,IT,עוגיות לואקר פתיתי שלג 120 גרם,גרמים,120.00,100 גרם,false,12,15.90,13.2500,true,1,48946
8000380187775,false,ופל גרדנה מצופה קרם,,,ופל גרדנה מצופה קרם אגוז136 גרם,גרמים,136.00,100 גרם,false,1,10.00,7.3529,true,1,61067
8000380192199,false,ופל לואקר דאבל שוקול,,,ופל לואקר דאבל שוקולד 175 גר,גרמים,175.00,100 גרם,false,1,11.90,6.8000,true,1,40813
8000380192588,false,ופל קואדרטיני דאבל ש,,,ופל קואדרטיני דאבל שוקולד 250 ג,גרמים,250.00,100 גרם,false,1,15.50,6.2000,true,1,41454
8000380201396,false,חטיף טורטינה קרמל 12,,,חטיף טורטינה קרמל 125 גר 6 יח,גרמים,125.00,100 גרם,false,1,17.90,14.3200,true,1,53310
8000380205400,false,ופל קואדרטיני חמאת ב,,,ופל קואדרטיני חמאת בוטנים 250 גר,גרמים,250.00,100 גרם,false,1,14.90,5.9600,true,1,59239
8000380205523,false,ופל לואקר חמאת בוטני,,,ופל לואקר חמאת בוטנים 175 גר,גרמים,175.00,100 גרם,false,1,11.90,6.8000,true,1,59245
8000380206896,false,ופל גרדנה מצופה חמאת,,,ופל גרדנה מצופה חמאת בוטנים 200 גרם,גרמים,200.00,100 גרם,false,1,14.90,7.4500,true,1,59242
8000380207183,false,חטיף טורטינה חמאת בו,,,חטיף טורטינה חמאת בוטנים 125 גר 6 יח,גרמים,125.00,100 גרם,false,1,17.90,14.3200,true,1,59243
8000409354157,false,מקינטה מוקה לוואצה ל,,,מקינטה מוקה לוואצה לאספרסו,Unknown,0.00,Unknown,false,1,79.90,0.0000,true,1,60061
8000420000491,false,יין מבעבע גנציה אסטי,,,יין מבעבע גנציה אסטי 750 מל,מיליליטרים,750.00,"100 מ""ל",false,1,45.00,6.0000,true,1,36553
8000500009673,false,בונבוניירה פררו רושר,פררו,,בונבוניירה פררו רושר 300 ג,גרמים,300.00,100 גרם,false,1,45.90,15.3000,true,1,5014
8000500023624,false,חטיף הפי היפו קרם שו,פררו,,חטיף הפי היפו 5 יח,גרמים,104.00,100 גרם,false,1,12.90,12.4038,true,1,7187
8000500023976,false,בונבוניירה רפאלו 150,פררו,,בונבוניירה רפאלו 150 גרם,גרמים,150.00,100 גרם,false,1,18.00,12.0000,true,1,1948
8000500026731,false,ביצי הפתעה קינדר שלי,,,ביצי הפתעה קינדר שלישיה,Unknown,0.00,Unknown,false,1,15.90,0.0000,true,1,1949
8000500029350,false,חטיף קינדר בואנו שלי,פררו,,חטיף קינדר בואנו שלישיה,גרמים,129.00,100 גרם,false,1,11.90,9.2248,true,1,1950
8000500032237,false,בונבוניירה פררו רושר,פררו,,בונבוניירה פררו רושר 375 ג,גרמים,375.00,100 גרם,false,1,44.90,11.9733,true,1,2389
8000500037874,false,בונבוניירה פררו רושר,פררו,,בונבוניירה פררו רושר 200 גרם,גרמים,200.00,100 גרם,false,1,25.90,12.9500,true,1,1951
8000500071083,false,שוקולד קינדר אצבעות,פררו,,שוקולד קינדר אצבעות 200 ג,גרמים,200.00,100 גרם,false,1,12.90,6.4500,true,1,1952
8000500075708,false,מארז 3 ביצי קינדר גו,פררו,,מארז 3 ביצי קינדר גוי כחול,Unknown,0.00,Unknown,false,1,15.90,0.0000,true,1,16957
8000500094976,false,בונבוניירה פררו רושר,פררו,,בונבוניירה פררו רושר קונוס 212 ג,גרמים,212.00,100 גרם,false,1,39.90,18.8208,true,1,10082
8000500121436,false,חטיף קינדר בואנו לבן,פררו,,חטיף קינדר בואנו לבן שלישיה,גרמים,105.00,100 גרם,false,1,11.90,11.3333,true,1,10479
8000500126325,false,מארז 3 ביצי קינדר גו,פררו,,מארז 3 ביצי קינדר גוי ורוד,Unknown,0.00,Unknown,false,1,15.90,0.0000,true,1,16958
8000500127728,false,מארז 4יח עוגת מילק ס,,,מארז 4יח עוגת מילק סלי קינדר פינגווי30גר,גרמים,112.00,100 גרם,false,1,12.90,11.5179,true,1,52124
8000500167656,false,מארז 4יח חטיף קינדר,,,מארז 4יח חטיף קינדר קאנטרי 141 גר,Unknown,0.00,Unknown,false,1,8.90,0.0000,true,1,43109
8000500172810,false,סוכריות טיק טק תות ש,אלדור,,סוכריות טיק טק תות שדה רביעיה,Unknown,0.00,Unknown,false,1,10.00,0.0000,true,1,15934
8000500214138,false,חטיף קינדר בואנו מרי,פררו,,חטיף קינדר בואנו מריר שלישיה,גרמים,129.00,100 גרם,false,1,11.90,9.2248,true,1,32169
8000500227848,false,חטיף נוטלה בי רדי 6,פררו,,חטיף נוטלה בי רדי 6 יח 132 גר,גרמים,132.00,100 גרם,false,1,11.90,9.0152,true,1,31513
8000500247167,false,בונבוניירה פררו רושר,פררו,,בונבוניירה פררו רושר קולקשיין 269 גר,גרמים,269.00,100 גרם,false,1,45.90,17.0632,true,1,31377
8000500249352,false,חטיף קינדר בואני מינ,פררו,,חטיף קינדר בואני מיני מיקס 205 גרם,גרמים,205.00,100 גרם,false,1,18.90,9.2195,true,1,32286
8000500256213,false,שוקולד קינדר מיני 12,פררו,IT,שוקולד קינדר מיני 120 גרם,גרמים,120.00,100 גרם,false,16,10.00,8.3333,true,1,39885
8000500267103,false,עוגת קינדר דליס 10 י,,,עוגת קינדר דליס 10 יח 420 גרם,גרמים,380.00,100 גרם,false,1,19.90,5.2368,true,1,38318
8000500269169,false,חטיף קינדר קארדס חמי,פררו,IT,חטיף קינדר קארדס חמישיה 128 גרם,גרמים,128.00,100 גרם,false,20,13.90,10.8594,true,1,48658
8000500310427,false,ביסקויט נוטלה 304 גר,פררו,IT,ביסקויט נוטלה 304 גרם,גרמים,304.00,100 גרם,false,10,29.90,9.8355,true,1,50516
8000500328750,false,בונבוניירה פררו רושר,פררו,,בונבוניירה פררו רושר רונדנואר 141גרם,גרמים,138.00,100 גרם,false,1,27.90,20.2174,true,1,51416
8000500353738,false,סוכריות טיק טק מנטה,פררו,,סוכריות טיק טק מנטה חזקה רביעיה,Unknown,0.00,Unknown,false,1,10.00,0.0000,true,1,49513
8000500359488,false,שוקולד פררו חלב קרם,,,שוקולד פררו חלב קרם אגוזי לוז 90 גרם,Unknown,0.00,Unknown,false,1,14.90,0.0000,true,1,58991
8000500359556,false,שוקולד רפאלו לבן קרם,,,שוקולד רפאלו לבן קרם קוקוס 90 גרם,Unknown,0.00,Unknown,false,1,14.90,0.0000,true,1,58994
8000500359815,false,שוקולד פררו מריר קרם,,,שוקולד פררו מריר קרם אגוזי לוז 90 גרם,Unknown,0.00,Unknown,false,1,14.90,0.0000,true,1,58993
8000500359884,false,שוקולד פררו לבן קרם,,,שוקולד פררו לבן קרם אגוזי לוז 90 גרם,Unknown,0.00,Unknown,false,1,14.90,0.0000,true,1,58992
8000500363492,false,מאגת 4יח גלידה רפאלו,,US,מאגת 4יח גלידה רפאלו,יחידה,4.00,יחידה,false,12,41.90,10.4750,true,1,52974
8000500363539,false,מאגדת 4 יח שלגון פרר,,FR,מאגדת 4 יח שלגון פררו רושר,יחידה,4.00,יחידה,false,8,41.90,10.4750,true,1,52274
8000500384664,false,מאגדת טילון קינדר 4י,,FR,מאגדת טילון קינדר 4יח,יחידה,4.00,יחידה,false,8,41.90,10.4750,true,1,61102
8000500386941,false,ממרח נוטלה 900 גרם,פררו,IT,ממרח נוטלה 900 גרם,גרמים,900.00,100 גרם,false,1,30.90,3.4333,true,1,59076
8000570048022,false,מרטיני פיירו 750 מל,בקרדי מרטיני,IT,מרטיני פיירו 750 מל,מיליליטרים,750.00,"100 מ""ל",false,6,60.00,8.0000,true,1,40394
8000570283607,false,יין מרטיני אסטי  מבע,,,יין מרטיני אסטי  מבעבע כשר 750 מל,מיליליטרים,750.00,"100 מ""ל",false,1,70.00,9.3333,true,1,39540
8000700000050,false,סבון מוצק דאב 4 יח ל,יוניליוור,,סבון מוצק דאב 4 יח לבן,גרמים,400.00,100 גרם,false,1,14.90,3.7250,true,1,1953
8000786100408,false,קמח תירס פולנטה מסור,,,קמח תירס פולנטה מסורתית 1 קג,קילוגרמים,1.00,"ק""ג",false,1,15.90,15.9000,true,1,8138
8001003100164,false,סוכריות גלי פירות יו,סרז'טו,IT,סוכריות גלי פירות יוגטה 450 גרם,גרמים,450.00,100 גרם,false,20,10.90,2.4222,true,1,37879
8001003202028,false,סוכריות גלי מנטה יוג,,IT,סוכריות גלי מנטה יוגטה 80 גרם,Unknown,0.00,Unknown,false,12,4.90,0.0000,true,1,60111
8001003202035,false,סוכריות גלי פירות יו,,IT,סוכריות גלי פירות יוגטה 80 גרם,Unknown,0.00,Unknown,false,12,4.90,0.0000,true,1,60110
8001010033721,false,רוטב פסטו פונטי 135,,,רוטב פסטו פונטי 135 גר,גרמים,135.00,100 גרם,false,1,12.90,9.5556,true,1,22826
8001010039303,false,עגבניות מיובשות במים,,,עגבניות מיובשות במים פונטי 160 גר,גרמים,160.00,100 גרם,false,1,19.90,12.4375,true,1,12645
8001010039501,false,ארטישוק מתובל פלפל ו,,,ארטישוק מתובל פלפל ולימון פונטי 160 גר,גרמים,300.00,100 גרם,false,1,17.90,5.9667,true,1,12646
8001010062844,false,חומץ בלסמי פומטי 500,,,חומץ בלסמי פונטי 500 מל,מיליליטרים,500.00,"100 מ""ל",false,1,17.90,3.5800,true,1,44728
8001010071334,false,חומץ בן יין לבן פונט,,,חומץ בן יין לבן פונטי 500 מל,מיליליטרים,500.00,"100 מ""ל",false,1,10.00,2.0000,true,1,36421
8001010071358,false,חומץ בן יין אדום פונ,,,חומץ בן יין אדום פונטי 500 מל,מיליליטרים,500.00,"100 מ""ל",false,1,10.00,2.0000,true,1,36277
8001010085454,false,עגבניות מיובשות שמן,,,עגבניות מיובשות שמן חמניות 280 גר פונטי,גרמים,280.00,100 גרם,false,1,26.90,9.6071,true,1,20565
8001090016003,false,פיירי טבליות למדיח 8,,,פיירי טבליות למדיח 84 יחידות,יחידה,84.00,יחידה,false,1,59.90,0.7131,true,1,25949
8001090222428,false,שמפו הרבל אסנסס חלב,,,שמפו הרבל אסנסס חלב קוקוס 400מל,מיליליטרים,400.00,"100 מ""ל",false,6,17.90,4.4750,true,1,48389
8001090222572,false,מרכך הרבל אסנסס תות,,,מרכך הרבל אסנסס תות שדה מנטה 400מל,מיליליטרים,400.00,"100 מ""ל",false,6,17.90,4.4750,true,1,48388
8001090222725,false,שמפו הרבל אסנסס שמן,,,שמפו הרבל אסנסס שמן מורינגה 400מל,מיליליטרים,400.00,"100 מ""ל",false,6,17.90,4.4750,true,1,42651
8001090222756,false,מרכך הרבל אסנסס שמן,,,מרכך הרבל אסנסס שמן מורינגה 400מל,מיליליטרים,400.00,"100 מ""ל",false,6,17.90,4.4750,true,1,42653
8001090222848,false,שמפו הרבל אסנסס שמן,,,שמפו הרבל אסנסס שמן ארגן 400מל,מיליליטרים,400.00,"100 מ""ל",false,6,17.90,4.4750,true,1,42650
8001090222879,false,מרכך הרבל אסנסס שמן,,,מרכך הרבל אסנסס שמן ארגן 400מל,מיליליטרים,400.00,"100 מ""ל",false,6,17.90,4.4750,true,1,42652
8001090290830,false,משחת שיניים אורל בי,פרוקטר אנד גמבל,,משחת שיניים אורל בי פנינה בוהקת 75מל,Unknown,0.00,Unknown,false,1,19.90,0.0000,true,1,52685
8001090290939,false,משחת שיניים אורל בי,פרוקטר אנד גמבל,,משחת שיניים אורל בי לבן בוהק 75מל,Unknown,0.00,Unknown,false,1,19.90,0.0000,true,1,52684
8001090316103,false,קפסולות כביסה אריאל,פרוקטר אנד גמבל,FR,קפסולות כביסה אריאל גל 45יח כתמים קשים,יחידה,45.00,יחידה,false,2,67.90,1.5089,true,1,60663
8001090336521,false,חיתולי פמפרס מידה 5,פרוקטר אנד גמבל,,חיתולי פמפרס מידה 5 בייבי דריי 30יחידות,יחידה,30.00,יחידה,false,4,34.90,1.1633,true,1,43716
8001090364104,false,משחת שיניים אורל בי,פרוקטר אנד גמבל,,משחת שיניים אורל בי 75מל אורגינל אי אנד,Unknown,0.00,Unknown,false,1,14.90,0.0000,true,1,52679
8001090364203,false,משחת שיניים אורל בי,פרוקטר אנד גמבל,,משחת שיניים אורל בי 75מל הלבנה אי אנד,Unknown,0.00,Unknown,false,1,14.90,0.0000,true,1,52681
8001090375186,false,מרכך פנטן מרוכז 200מ,,,מרכך פנטן מרוכז 200מל לצבע מלא חיים,מיליליטרים,200.00,"100 מ""ל",false,1,17.90,8.9500,true,1,35076
8001090375230,false,מרכך פנטן מרוכז 200מ,,,מרכך פנטן מרוכז 200מל לחות מוגברת,מיליליטרים,200.00,"100 מ""ל",false,1,17.90,8.9500,true,1,35077
8001090375285,false,מרכך פנטן מרוכז 200מ,,,מרכך פנטן מרוכז 200מל למגע רך כמשי,מיליליטרים,200.00,"100 מ""ל",false,1,17.90,8.9500,true,1,35078
8001090379337,false,חיתולי פמפרס פרימיום,פרוקטר אנד גמבל,TR,חיתולי פמפרס פרימיום וי פי מידה 3 40יח,יחידה,40.00,יחידה,false,4,31.90,0.7975,true,1,33175
8001090379368,false,חיתולי פמפרס פרימיום,פרוקטר אנד גמבל,TR,חיתולי פמפרס פרימיום וי פי מידה 4 34יח,יחידה,34.00,יחידה,false,4,31.90,0.9382,true,1,33176
8001090379399,false,חיתולי פמפרס פרימיום,פרוקטר אנד גמבל,PL,חיתולי פמפרס פרימיום וי פי מידה 5 30יח,יחידה,30.00,יחידה,false,4,31.90,1.0633,true,1,33172
8001090458353,false,נוזל כלים פיירי אנטי,פרוקטר אנד גמבל,,נוזל כלים פיירי אנטי בקטריאלי 515 מל,מיליליטרים,515.00,"100 מ""ל",false,1,11.90,2.3107,true,1,30850
8001090493637,false,שמפו הד אנד שולדרס א,פרוקטר אנד גמבל,,שמפו הד אנד שולדרס אולטרא טוטל קר 450מל,מיליליטרים,450.00,"100 מ""ל",false,1,24.90,5.5333,true,1,32372
8001090580122,false,שמפו הד אנד שולדרס ס,פרוקטר אנד גמבל,,שמפו הד אנד שולדרס סופרים משקם 400מל,מיליליטרים,400.00,"100 מ""ל",false,1,24.90,6.2250,true,1,40290
8001090678614,false,שמפו הד אנד שולדרס ס,פרוקטר אנד גמבל,,שמפו הד אנד שולדרס סופרים לחות 400מל,מיליליטרים,400.00,"100 מ""ל",false,1,24.90,6.2250,true,1,40291
8001090737809,false,מגן תחתון אולוויז טנ,,,מגן תחתון אולוויז טנגה 36יח סינגל,יחידה,36.00,יחידה,false,1,16.90,0.4694,true,1,39361
8001090802385,false,קפסולת גל כביסה טייד,פרוקטר אנד גמבל,FR,קפסולת גל כביסה טייד 26יח,יחידה,26.00,יחידה,false,3,31.90,1.2269,true,1,41244
8001090832450,false,שמפו לשיער פנטן 660מ,פרוקטר אנד גמבל,RO,שמפו לשיער פנטן 660מל נוסחה קלאסית,מיליליטרים,660.00,"100 מ""ל",false,6,18.90,2.8636,true,1,49547
8001090832535,false,שמפו לשיער פנטן 660מ,פרוקטר אנד גמבל,RO,שמפו לשיער פנטן 660מל שמן מרוקאי משקם,מיליליטרים,660.00,"100 מ""ל",false,6,18.90,2.8636,true,1,49548
8001090832573,false,שמפו פנטן 660מל לחות,פרוקטר אנד גמבל,RO,שמפו פנטן 660מל לחות מוגברת,מיליליטרים,660.00,"100 מ""ל",false,6,18.90,2.8636,true,1,49549
8001090832610,false,שמפו פנטן 660מל למגע,פרוקטר אנד גמבל,RO,שמפו פנטן 660מל למגע רך כמשי,מיליליטרים,660.00,"100 מ""ל",false,6,18.90,2.8636,true,1,49550
8001090832696,false,שמפו פנטן 660מל לתלת,פרוקטר אנד גמבל,RO,שמפו פנטן 660מל לתלתלים מושלמים,מיליליטרים,660.00,"100 מ""ל",false,6,18.90,2.8636,true,1,49551
8001090832771,false,שמפו פנטן 660מל קרטי,פרוקטר אנד גמבל,RO,שמפו פנטן 660מל קרטין,מיליליטרים,660.00,"100 מ""ל",false,6,18.90,2.8636,true,1,49552
8001090832818,false,מרכך פנטן 660מל נוסח,פרוקטר אנד גמבל,RO,מרכך פנטן 660מל נוסחה קלאסית,מיליליטרים,660.00,"100 מ""ל",false,6,18.90,2.8636,true,1,49554
8001090832856,false,מרכך פנטן 660מל מרוק,פרוקטר אנד גמבל,RO,מרכך פנטן 660מל מרוקאי משקם,מיליליטרים,660.00,"100 מ""ל",false,6,18.90,2.8636,true,1,49555
8001090832894,false,מרכך פנטן 660מל לחות,פרוקטר אנד גמבל,RO,מרכך פנטן 660מל לחות מוגברת,מיליליטרים,660.00,"100 מ""ל",false,6,18.90,2.8636,true,1,49556
8001090832931,false,מרכך פנטן 660מל מגע,פרוקטר אנד גמבל,RO,מרכך פנטן 660מל מגע רך כמשי,מיליליטרים,660.00,"100 מ""ל",false,6,18.90,2.8636,true,1,49557
8001090833051,false,מרכך פנטן 660מל קרטי,פרוקטר אנד גמבל,RO,מרכך פנטן 660מל קרטין,מיליליטרים,660.00,"100 מ""ל",false,6,18.90,2.8636,true,1,49559
8001090833136,false,גל כביסה אריאל בייבי,פרוקטר אנד גמבל,FR,גל כביסה אריאל בייבי 2.255ליטר,מיליליטרים,2255.00,"100 מ""ל",false,4,34.90,1.5477,true,1,39602
8001090833198,false,גל כביסה אריאל 2.365,פרוקטר אנד גמבל,FR,גל כביסה אריאל 2.365ליטר ניחוח מרענן,מיליליטרים,2365.00,"100 מ""ל",false,4,34.90,1.4757,true,1,39600
8001090833228,false,גל כביסה אריאל קולור,פרוקטר אנד גמבל,FR,גל כביסה אריאל קולור 2.365ליטר,מיליליטרים,2365.00,"100 מ""ל",false,4,34.90,1.4757,true,1,39601
8001090886385,false,מבשם כביסה לנור כדור,פרוקטר אנד גמבל,,מבשם כביסה לנור כדוריות רענן 140גר,גרמים,140.00,100 גרם,false,1,19.90,14.2143,true,1,48548
8001090891273,false,מבשם כביסה לנור כדור,פרוקטר אנד גמבל,,מבשם כביסה לנור כדוריות סחלב 210גר,גרמים,210.00,100 גרם,false,1,27.90,13.2857,true,1,48543
8001090899194,false,תחבושות אולוויז נורמ,p&G,,תחבושות אולוויז נורמל פלטינום 24יח,יחידה,24.00,יחידה,false,8,17.90,0.7458,true,1,43677
8001090899224,false,תחבושות אולוויז לונג,p&G,,תחבושות אולוויז לונג פלטינום 20יח,יחידה,20.00,יחידה,false,8,17.90,0.8950,true,1,43678
8001090899255,false,תחבושות אולוויז לילה,p&G,,תחבושות אולוויז לילה פלטינום 16יח,יחידה,16.00,יחידה,false,8,17.90,1.1187,true,1,43679
8001090899286,false,תחבושות אולוויז לילה,p&G,,תחבושות אולוויז לילה בטוח פלטינום 14יח,יחידה,14.00,יחידה,false,8,17.90,1.2786,true,1,43680
8001160000888,false,משקה גטורייד ספורט ת,ALOE VERA HEAVEN SRL,,משקה גטורייד ספורט תפוז 500 מל פיקדון,מיליליטרים,500.00,"100 מ""ל",false,1,10.00,2.0000,true,1,12979
8001160001786,false,משקה גטורייד ספורט כ,ALOE VERA HEAVEN SRL,,משקה גטורייד ספורט כחול 500 מל פיקדון,מיליליטרים,500.00,"100 מ""ל",false,1,10.00,2.0000,true,1,12978
8001160001892,false,משקה גטורייד ספורט ת,ALOE VERA HEAVEN SRL,,משקה גטורייד ספורט תפוז אדום 500מל פקדון,מיליליטרים,500.00,"100 מ""ל",false,1,10.00,2.0000,true,1,12980
8001250003652,false,פסטה רדיאטורי מס 199,,,פסטה רדיאטורי מס 199 דה צקו 500 גר,גרמים,500.00,100 גרם,false,1,10.90,2.1800,true,1,13685
8001250009999,false,ניוקי תפוא 500 ג דה,,,ניוקי תפוא 500 ג דה צקו,גרמים,500.00,100 גרם,false,1,10.90,2.1800,true,1,3860
8001250110015,false,לזניה דה צקו 500 גר,,,לזניה דה צקו 500 גר,גרמים,500.00,100 גרם,false,1,18.90,3.7800,true,1,5397
8001250120076,false,פסטה לינווני מס 7 דה,,,פסטה לינווני מס 7 דה צקו 500 גר,גרמים,500.00,100 גרם,false,1,10.90,2.1800,true,1,5402
8001250120113,false,פסטה ספגטיני מס 11 ד,,,פסטה ספגטיני מס 11 דה צקן 500 גר,גרמים,500.00,100 גרם,false,1,10.90,2.1800,true,1,5403
8001250120120,false,פסטה ספגטי מס 12 דה,,,פסטה ספגטי מס 12 דה צקו 500 גר,גרמים,500.00,100 גרם,false,1,10.90,2.1800,true,1,5404
8001250120151,false,פסטה בוקטיני מס 15 ד,,,פסטה בוקטיני מס 15 דה צקו 500 גר,גרמים,500.00,100 גרם,false,1,10.90,2.1800,true,1,8148
8001250120229,false,פסטה פסטונטי מס 22,,,פסטה פסטונטי מס 22  דה צקו 500 ג,גרמים,500.00,100 גרם,false,1,10.90,2.1800,true,1,9787
8001250120267,false,פסטה ריגטוני קצר מס,,,פסטה ריגטוני קצר מס 28 דה צקו 500 גר,גרמים,500.00,100 גרם,false,1,10.90,2.1800,true,1,8150
8001250120335,false,פסטה קיפרי ריגטי מס,,,פסטה קיפרי ריגטי מס 33 דה צקו 500 גר,גרמים,500.00,100 גרם,false,1,10.90,2.1800,true,1,8151
8001250120342,false,פסטה פוזיליני מס 34,,,פסטה פוזיליני מס 34 דה צקו 500 גר,גרמים,500.00,100 גרם,false,1,10.90,2.1800,true,1,5405
8001250120410,false,פסטה פנה מס 41 דה צק,,,פסטה פנה מס 41 דה צקו 500 ג,גרמים,500.00,100 גרם,false,1,10.90,2.1800,true,1,5392
8001250120465,false,פסטה קונכיות ניוקי מ,,,פסטה קונכיות ניוקי מס 46 דה צקו 500 ג,גרמים,500.00,100 גרם,false,1,10.90,2.1800,true,1,5399
8001250120502,false,פסטה קונצלי מס 50 דה,,,פסטה קונצלי מס 50 דה צקו 500 ג,גרמים,500.00,100 גרם,false,1,10.90,2.1800,true,1,8152
8001250120885,false,פסטה חונקי כמרים מס,,,פסטה חונקי כמרים מס 88 דה צקו 500 ג,גרמים,500.00,100 גרם,false,1,10.90,2.1800,true,1,8155
8001250120915,false,פסטה אורקייטה מס 91,,,פסטה אורקייטה מס 91 דה צקן 500 גר,גרמים,500.00,100 גרם,false,1,10.90,2.1800,true,1,8179
8001250120939,false,פסטה פרפלה מס 93 דה,,,פסטה פרפלה מס 93 דה צקו 500 ג,גרמים,500.00,100 גרם,false,1,10.90,2.1800,true,1,8157
8001250121813,false,אטריות דה צקו פיליני,,,אטריות דה צקו פיליני 500 גרם,גרמים,500.00,100 גרם,false,1,10.90,2.1800,true,1,35057
8001250121981,false,פסטה פוזילי מסולסל מ,,,פסטה פוזילי מסולסל מס 198 דה צקו 500 ג,גרמים,500.00,100 גרם,false,1,10.90,2.1800,true,1,9788
8001250145345,false,פסטה פוזילי טריקולור,,,פסטה פוזילי טריקולור דה צקו 500 ג,גרמים,500.00,100 גרם,false,1,13.90,2.7800,true,1,6160
8001250152015,false,פסטה פפרדלה דה צקו ק,,,פסטה פפרדלה קופסא דה צקו 500 ג,גרמים,500.00,100 גרם,false,1,14.90,2.9800,true,1,5396
8001250152091,false,פסטה קפלי דאנגלו דה,,,פסטה קפלי דאנגלו מס 209 דה צקו 500 ג,גרמים,500.00,100 גרם,false,1,14.90,2.9800,true,1,5395
8001250152336,false,פסטה פיטוציני דה צקו,,,פסטה פיטוציני מס 233 דה צקו 500 ג,גרמים,500.00,100 גרם,false,1,14.90,2.9800,true,1,5398
8001250201010,false,פסטה פרפדלה ביצים מס,,,פסטה פרפדלה ביצים מס 103 דה צקו 250 גר,גרמים,250.00,100 גרם,false,1,12.90,5.1600,true,1,23855
8001250201034,false,פסטה פטוציני ביצים מ,,,פסטה פטוציני ביצים מס 103 דה צקו 250 גר,גרמים,250.00,100 גרם,false,1,12.90,5.1600,true,1,8158
8001250219138,false,רוטב פסטה סיציליאנה,,,רוטב פסטה סיציליאנה דה צקו 400 גר,גרמים,400.00,100 גרם,false,1,10.90,2.7250,true,1,13492
8001250219145,false,רוטב פסטה ארביאטה דה,,,רוטב פסטה ארביאטה דה צקו 400 גר,גרמים,400.00,100 גרם,false,1,10.90,2.7250,true,1,8162
8001250219169,false,רוטב פסטה נפוליטנה ד,,,רוטב פסטה נפוליטנה דה צקו 400 גר,גרמים,400.00,100 גרם,false,1,10.90,2.7250,true,1,8163
8001250250018,false,שמן זית כתית מעולה 7,,,שמן זית כתית מעולה 750 מל קלאסיקו,מיליליטרים,750.00,"100 מ""ל",false,1,39.90,5.3200,true,1,8214
8001250310125,false,ספגטי חיטה מלאה 12 ד,,,ספגטי חיטה מלאה 12 דה צקו 500 גר,גרמים,500.00,100 גרם,false,1,11.90,2.3800,true,1,8168
8001250310415,false,פסטה פנה חיטה מלאה 4,,,פסטה פנה חיטה מלאה 41 דה צקו 500 גר,גרמים,500.00,100 גרם,false,1,11.90,2.3800,true,1,8169
8001250861764,false,קמח מחיטת דורום דה צ,,,קמח מחיטת דורום דה צקו 1 קג,קילוגרמים,1.00,"ק""ג",false,1,16.90,16.9000,true,1,8167
8001420005608,false,אורז ריזוטו שלושה דג,ריזו גאלו,,אורז ריזוטו שלושה דגנים 400 גרם,גרמים,400.00,100 גרם,false,1,16.00,4.0000,true,1,20629
8001585001040,false,עוגה אישית 10יח מיקס,BALCONI,,עוגה אישית 10יח מיקס בלקוני שוקולד,גרמים,350.00,100 גרם,false,1,13.90,3.9714,true,1,6765
8001585008391,false,עוגת תות וקרם חלב בל,BALCONI,,עוגת תות וקרם חלב בלקוני 400 גר,גרמים,400.00,100 גרם,false,1,14.90,3.7250,true,1,25714
8001620011935,false,מארז 6יח מים סן בנדט,,,מארז 6יח מים סן בנדטו מוגז 500 מל פיקדון,מיליליטרים,3000.00,"100 מ""ל",false,1,12.90,0.4300,true,1,10922
8001620015612,false,משקה סן בנדטו תפוז ל,,,משקה סן בנדטו תפוז לימון 400מל,מיליליטרים,400.00,"100 מ""ל",false,12,7.90,1.9750,true,1,51693
8001620015629,false,משקה סן בנדטו תפוז א,,,משקה סן בנדטו תפוז אדום תפוז 400מל,מיליליטרים,400.00,"100 מ""ל",false,12,7.90,1.9750,true,1,57395
8001620015636,false,משקה סן בנדטו מיקס פ,,,משקה סן בנדטו מיקס פירות 400מל,מיליליטרים,400.00,"100 מ""ל",false,12,7.90,1.9750,true,1,51694
8001620018408,false,משקה סן בנדטו מנגו ת,,,משקה סן בנדטו מנגו תפוח 400מל,מיליליטרים,400.00,"100 מ""ל",false,12,7.90,1.9750,true,1,57396
8001660101757,false,יין רופינו קיאנטי 75,,,יין רופינו קיאנטי 750 מל פקדון,מיליליטרים,750.00,"100 מ""ל",false,1,45.00,6.0000,true,1,2938
8001660126750,false,יין רופינו אורבייטו,,,יין רופינו אורבייטו קלסיקו 750 מל פקדון,מיליליטרים,750.00,"100 מ""ל",false,1,45.00,6.0000,true,1,4300
8001720312178,false,עוגת פנדורו פודינג ב,BAULI,,עוגת פודינו באולי 750 גרם,גרמים,750.00,100 גרם,false,1,79.90,10.6533,true,1,21125
8001720313090,false,עוגת פנתוני פרופיטרו,BAULI,,עוגת פנתוני פרופיטרול 750 ג באולי,גרמים,750.00,100 גרם,false,1,89.90,11.9867,true,1,5215
8001720414360,false,עוגת פנדורו לימונצלו,BAULI,,עוגת פנדורו לימונצלו 750 ג באולי,גרמים,750.00,100 גרם,false,1,69.90,9.3200,true,1,25250
8001720416401,false,עוגת פנדורו קרם שמנת,BAULI,,עוגת פנדורו קרם שמנת פיצפוצי שוקולד750גר,גרמים,750.00,100 גרם,false,1,69.90,9.3200,true,1,43521
8001720424925,false,עוגת פנטוני אלקונטרו,BAULI,,עוגת פנטוני אלקונטרו750 גרם באולי,גרמים,750.00,100 גרם,false,1,79.90,10.6533,true,1,21124
8001720424949,false,עוגת פנתוני 3 שוקולד,BAULI,,עוגת פנתוני 3 שוקולדים 750 גרם באולי,גרמים,750.00,100 גרם,false,1,79.90,10.6533,true,1,21123
8001720425847,false,עוגת פנתוני באולי קל,BAULI,IT,עוגת פנתוני באולי קלאסית 700 גרם,גרמים,700.00,100 גרם,false,12,54.90,7.8429,true,1,61921
8001780499307,false,דובדבני אמרנה 230 גר,,,דובדבני אמרנה 230 גר פאברי,גרמים,230.00,100 גרם,false,1,29.90,13.0000,true,1,43544
8001841006710,false,מבשם כביסה לנור כדור,פרוקטר אנד גמבל,,מבשם כביסה לנור כדוריות רענן 210גר,גרמים,210.00,100 גרם,false,1,27.90,13.2857,true,1,48544
8001841062624,false,מארז מגבוני פמפרס 4י,פרוקטר אנד גמבל,,מארז מגבוני פמפרס 4יח ללא בישום 52יח,יחידה,204.00,יחידה,false,3,16.90,0.0828,true,1,50891
8001841077949,false,מארז מגבוני פמפרס 4י,פרוקטר אנד גמבל,,מארז מגבוני פמפרס 4יח פרש 52יח,יחידה,204.00,יחידה,false,3,16.90,0.0828,true,1,43718
8001841105093,false,חיתולי פמפרס פרימיום,פרוקטר אנד גמבל,,חיתולי פמפרס פרימיום וי פי מידה 6 26יח,יחידה,26.00,יחידה,false,1,31.90,1.2269,true,1,41590
8001841137179,false,מרכך הד אנד שולדרס ק,פרוקטר אנד גמבל,,מרכך הד אנד שולדרס קלאסי 275מל,מיליליטרים,275.00,"100 מ""ל",false,6,14.90,5.4182,true,1,43723
8001841137216,false,מרכך הד אנד שולדרס מ,פרוקטר אנד גמבל,RO,מרכך הד אנד שולדרס מגע רך 275מל,מיליליטרים,275.00,"100 מ""ל",false,6,14.90,5.4182,true,1,43724
8001841272757,false,משחת שיניים אורל בי,פרוקטר אנד גמבל,,משחת שיניים אורל בי להלבנה פחם 75מל,Unknown,0.00,Unknown,false,1,19.90,0.0000,true,1,57374
8001841500942,false,שמפו הרבל אסנסס ללא,,FR,שמפו הרבל אסנסס ללא סולפטים 380מל במבוק,מיליליטרים,380.00,"100 מ""ל",false,6,17.90,4.7105,true,1,49899
8001841566771,false,מבשם כביסה לנור כדור,פרוקטר אנד גמבל,,מבשם כביסה לנור כדוריות יסמין 210גר,גרמים,210.00,100 גרם,false,1,27.90,13.2857,true,1,48547
8001841625188,false,נוזל כלים פיירי פלטי,,,נוזל כלים פיירי פלטינום לימון 515מל,מיליליטרים,515.00,"100 מ""ל",false,16,11.90,2.3107,true,1,45784
8001841625461,false,נוזל כלים פיירי פלטי,,,נוזל כלים פיירי פלטינום אורגינל 515מל,מיליליטרים,515.00,"100 מ""ל",false,16,11.90,2.3107,true,1,45785
8001841660257,false,מסכת שיער פנטן מיראק,,FR,מסכת שיער פנטן מיראקלס במבוק 160מל,מיליליטרים,160.00,"100 מ""ל",false,6,18.90,11.8125,true,1,52240
8001841660530,false,קרם לחות לשיער פנטן,,FR,קרם לחות לשיער פנטן מיראקלס במבוק 270מל,מיליליטרים,270.00,"100 מ""ל",false,6,18.90,7.0000,true,1,52238
8001841669465,false,קפסולות לכביסה אריאל,פרוקטר אנד גמבל,FR,קפסולות לכביסה אריאל קולור  24 יח,יחידה,27.00,יחידה,false,3,39.90,1.4778,true,1,50352
8001841669519,false,קפסולות לכביסה אריאל,פרוקטר אנד גמבל,FR,קפסולות לכביסה אריאל  55 יח,יחידה,55.00,יחידה,false,2,67.90,1.2345,true,1,47632
8001841893990,false,פיירי טבליות למדיח פ,,,פיירי טבליות למדיח פלטינום פלוס 30 יח,יחידה,30.00,יחידה,false,4,39.90,1.3300,true,1,49715
8001841941929,false,תחבושות אולוויז לילה,p&G,,תחבושות אולוויז לילה בטוח אקסטרא 16יח,יחידה,16.00,יחידה,false,1,17.90,1.1187,true,1,52677
8001841943961,false,מבשם כביסה לנור כדור,פרוקטר אנד גמבל,,מבשם כביסה לנור כדוריות אוקיינוס 210גר,גרמים,210.00,100 גרם,false,1,27.90,13.2857,true,1,48546
8001841958460,false,פיירי טבליות למדיח 4,,,פיירי טבליות למדיח 48 יחידות,יחידה,48.00,יחידה,false,1,39.90,0.8312,true,1,49713
8001841960081,false,פיירי טבליות למדיח פ,,,פיירי טבליות למדיח פלטינום 37 יחידות,יחידה,37.00,יחידה,false,1,39.90,1.0784,true,1,49714
8001876012588,false,שמן זית כתית מעולה י,COLAVITA SpA,,שמן זית כתית מעולה ים תיכוני 750 מל,מיליליטרים,750.00,"100 מ""ל",false,1,45.00,6.0000,true,1,11569
8001876012595,false,שמן זית קולאויטה כתי,COLAVITA SpA,,שמן זית קולאויטה כתית מעולה יווני 750 מל,מיליליטרים,750.00,"100 מ""ל",false,1,45.00,6.0000,true,1,11568
8001876020088,false,שמן זית קולאויטה כתי,COLAVITA SpA,,שמן זית קולאויטה כתית מעולה 750 מל,מיליליטרים,750.00,"100 מ""ל",false,1,45.00,6.0000,true,1,9671
8001876550042,false,חומץ יין אדום 500 מל,COLAVITA SpA,,חומץ יין אדום 500 מל קולאויטא,מיליליטרים,500.00,"100 מ""ל",false,1,22.50,4.5000,true,1,8528
8001876552459,false,חומץ בלסמי מיושן ממו,DE NIGRIS,,חומץ בלסמי מיושן ממודנה 250 מל,מיליליטרים,250.00,"100 מ""ל",false,1,41.00,16.4000,true,1,11570
8001876552541,false,חומץ בלסמי לבן 500 מ,DE NIGRIS,,חומץ בלסמי לבן 500 מל קולאויטא,מיליליטרים,500.00,"100 מ""ל",false,1,27.50,5.5000,true,1,8527
8001900234054,false,יין למברוסקו פריזנטה,איטליה גרופו איטליאנ,,יין רוזה למברוסקו מבעבע 750 מל פקדון,מיליליטרים,750.00,"100 מ""ל",false,1,35.00,4.6667,true,1,6520
8001900527057,false,יין למברוסקו פריזנטה,איטליה גרופו איטליאנ,,יין אדום למברוסקו מבעבע 750 מל פקדון,מיליליטרים,750.00,"100 מ""ל",false,1,35.00,4.6667,true,1,6518
8001900628051,false,יין למברוסקו פריזנטה,איטליה גרופו איטליאנ,,יין לבן למברוסקו מבעבע 750 מל פקדון,מיליליטרים,750.00,"100 מ""ל",false,1,35.00,4.6667,true,1,6519
8001906998561,false,יין פרימו וי פרוסקו,,,יין פרוסקו פרימוב לבן מבעבע 750 מל פיקדו,מיליליטרים,750.00,"100 מ""ל",false,1,60.00,8.0000,true,1,57435
8001935221401,false,יין אדום וילה אנטינו,איטליה אנטינורי,,יין אדום וילה אנטינורי 750 מל פקדון,מיליליטרים,750.00,"100 מ""ל",false,1,80.00,10.6667,true,1,2578
8002062000068,false,יין קמפיורין מאסי 75,מאסי,,יין קמפיורין מאסי 750 מל פיקדון,מיליליטרים,750.00,"100 מ""ל",false,1,100.00,13.3333,true,1,26935
8002062001652,false,יין מאסיאניקו פינו ג,מאסי,,יין מאסיאניקו פינו גריגיו 750 מל פיקדון,מיליליטרים,750.00,"100 מ""ל",false,1,70.00,9.3333,true,1,26934
8002110383709,false,קרם ידיים ניוטרוגינה,,,קרם ידיים ניוטרוגינה לא מבושם 50 מל,Unknown,0.00,Unknown,false,1,25.90,0.0000,true,1,33160
8002153007006,false,יין קיאנטי קסטלני 75,,,יין קיאנטי קסטלני 750 מל פיקדון,מיליליטרים,750.00,"100 מ""ל",false,1,45.00,6.0000,true,1,21968
8002153007808,false,יין מונטפולצאנו דארב,,,יין מונטפולצאנו דארברוצו 750מל 2015,מיליליטרים,750.00,"100 מ""ל",false,1,45.00,6.0000,true,1,26579
8002153007853,false,יין טומאילו אורביטו,,,יין טומאילו אורביטו קלאסיקו 750מל פיקדון,מיליליטרים,750.00,"100 מ""ל",false,1,45.00,6.0000,true,1,9510
8002153208526,false,יין קמפו די מרצו פרי,,,יין קמפו די מרצו פרימיטיבו 750 מל,מיליליטרים,750.00,"100 מ""ל",false,1,45.00,6.0000,true,1,24097
8002153208540,false,יין קמפו די מרצו נגר,,,יין קמפו די מרצו נגרו אמרו 750 מל,מיליליטרים,750.00,"100 מ""ל",false,1,45.00,6.0000,true,1,24098
8002153209066,false,יין פרימיטיבו גריפונ,,,יין פרימיטיבו גריפונה 750 מל,מיליליטרים,75000.00,"100 מ""ל",false,1,60.00,0.0800,true,1,16745
8002153216002,false,יין קמפו די מרצו סנג,,,יין קמפו די מרצו סנגובזה 750 מל,מיליליטרים,750.00,"100 מ""ל",false,1,45.00,6.0000,true,1,23828
8002153220016,false,יין קורבלי קסטלני רו,,,יין קורבלי קסטלני רוזה 750 מל,מיליליטרים,750.00,"100 מ""ל",false,1,45.00,6.0000,true,1,42316
8002230000012,false,ליקר אפרול 1 ליטר פי,davide campari,,ליקר אפרול 1 ליטר פיקדון,ליטרים,1.00,ליטר,false,1,89.00,89.0000,true,1,12453
8002270015649,false,מים סן פלגרינו 250 מ,,,מים סן פלגרינו 250 מל פקדון,מיליליטרים,250.00,"100 מ""ל",false,1,8.00,3.2000,true,1,5059
8002270015656,false,מים סן פלגרינו 750 מ,,,מים סן פלגרינו 750 מל פקדון,מיליליטרים,750.00,"100 מ""ל",false,1,10.90,1.4533,true,1,3253
8002270166594,false,מים סן פלגינו 6*250מ,,,מים סן פלגינו 6*250מל פקדון,ליטרים,1.50,ליטר,false,1,28.90,19.2667,true,1,23978
8002270236792,false,מארז 6יח מים סן פלגר,סן-פלגרינו,,מארז 6יח מים סן פלגרינו לימון500מל פקדון,ליטרים,3.00,ליטר,false,1,32.90,10.9667,true,1,58661
8002270256790,false,מארז 6יח מים סן פלגר,סן-פלגרינו,,מארז 6יח מים סן פלגרינו תפוז 500מל פקדון,ליטרים,3.00,ליטר,false,1,32.90,10.9667,true,1,58662
8002270436581,false,מארז 6יח מים סן פלגר,סן-פלגרינו,,מארז 6יח מים סן פלגרינו 500 מל פקדון,ליטרים,3.00,ליטר,false,1,32.90,10.9667,true,1,25925
8002270846472,false,מים סן פלגרינו 500 מ,סן-פלגרינו,,מים סן פלגרינו 500 מל פקדון,מיליליטרים,500.00,"100 מ""ל",false,1,9.00,1.8000,true,1,22414
8002270866524,false,מים סן פלגרינו 1ל פס,,,מים סן פלגרינו 1ל פסטיק פקדון,ליטרים,1.00,ליטר,false,1,10.90,10.9000,true,1,13323
8002450201008,false,יין ורדי רפסברי ספרק,איטליה בוסקה,,יין ורדי רפסברי ספרקלטיני 750 מל פיקדון,מיליליטרים,750.00,"100 מ""ל",false,1,25.00,3.3333,true,1,8522
8002450204009,false,יין ורדי אפרסק 750 מ,איטליה בוסקה,,יין נתזים ורדי אפרסק 750 מל פיקדון,מיליליטרים,750.00,"100 מ""ל",false,1,25.00,3.3333,true,1,8746
8002450206003,false,יין ורדי רימונים 750,איטליה בוסקה,,שיכר ורדי רימונים 750 מל פיקדון,מיליליטרים,750.00,"100 מ""ל",false,1,25.00,3.3333,true,1,8524
8002530121028,false,קפסולות מאורו לאספרס,,IT,קפסולות מאורו לאספרסו צנטופרצנטו10 יח,יחידה,10.00,יחידה,false,12,16.90,1.6900,true,1,49365
8002530147028,false,קפסולות מאורו  צנטופ,,IT,קפסולות מאורו  צנטופרצנטו לאספרסו10 יח,יחידה,10.00,יחידה,false,12,16.90,1.6900,true,1,59975
8002530155122,false,קפסולות מאורו פרימיו,,IT,קפסולות מאורו פרימיום לאספרסו 10 יח,יחידה,10.00,יחידה,false,12,16.90,1.6900,true,1,49367
8002530155221,false,קפסולות מאורו דלוקס,,IT,קפסולות מאורו דלוקס לאספרסו 10 יח,יחידה,10.00,יחידה,false,12,16.90,1.6900,true,1,49366
8002550502333,false,יין פרוסקו אקסטרא דר,איטליה קאנטין רגי,,יין פרוסקו אקסטרא דריי 750 מל,מיליליטרים,750.00,"100 מ""ל",false,1,45.00,6.0000,true,1,31482
8002550505457,false,יין פרוסקו אקסטרא דר,איטליה קאנטין רגי,,יין פרוסקו אקסטרא דריי 20 מל,יחידה,1.00,יחידה,false,1,25.00,25.0000,true,1,31483
8002793000986,false,יין לבן פיציני אורבי,,IT,יין לבן פיציני אורבייטו קלאסיקו 750מל פק,מיליליטרים,750.00,"100 מ""ל",false,12,45.00,6.0000,true,1,60589
8002793006797,false,יין פיציני ממורו ביא,,,יין פיציני ממורו ביאנקו 750 מל,מיליליטרים,750.00,"100 מ""ל",false,6,45.00,6.0000,true,1,59690
8002793007435,false,יין פיציני ממורו רוז,,,יין פיציני ממורו רוזה 750 מל,מיליליטרים,750.00,"100 מ""ל",false,6,45.00,6.0000,true,1,59691
8002793012941,false,יין פיציני פוגיו אלט,,,יין פיציני פוגיו אלטו וטוסקנה  750 מל,מיליליטרים,750.00,"100 מ""ל",false,6,60.00,8.0000,true,1,57638
8002793018776,false,יין פראפאסו פרימיטיב,,,יין פראפאסו פרימיטיבו די מאנדוריה 750 מל,מיליליטרים,750.00,"100 מ""ל",false,6,60.00,8.0000,true,1,57629
8002793021196,false,יין פיציני פינוקיו ר,,,יין פיציני פינוקיו רוסו דה איטליה 750 מל,מיליליטרים,750.00,"100 מ""ל",false,6,45.00,6.0000,true,1,61156
8002793959789,false,יין לבן פיצינו פינו,,IT,יין לבן פיצינו פינו גריגיו דה לה וונציה,מיליליטרים,750.00,"100 מ""ל",false,12,45.00,6.0000,true,1,60590
8002795002445,false,מארז 2יח קרם ונילה א,,IT,מארז 2יח קרם ונילה איטלקי 100גר,גרמים,200.00,100 גרם,false,1,6.90,3.4500,true,1,53612
8002960103199,false,רוטב פסטה מנו פומודו,,IT,רוטב פסטה מנו פומודורינה 370 גרם,גרמים,370.00,100 גרם,false,6,13.90,3.7568,true,1,59022
8002960103205,false,רוטב פסטה מנו ארביאט,,IT,רוטב פסטה מנו ארביאטה 370 גרם,גרמים,370.00,100 גרם,false,6,13.90,3.7568,true,1,59021
8002960103212,false,רוטב מנו לשקשוקה 370,,IT,רוטב מנו לשקשוקה 370 גרם,גרמים,370.00,100 גרם,false,6,13.90,3.7568,true,1,59023
8003015703968,false,יין דוגיולו סופר טוס,,,יין דוגיולו סופר טוסקן 750 מל פקדון,מיליליטרים,750.00,"100 מ""ל",false,1,65.00,8.6667,true,1,10636
8003115852047,false,עוגת פינטא פנטוני קל,BAULI,,עוגת פינטא פנטוני קלאסי 908 גרם,גרמים,908.00,100 גרם,false,1,54.90,6.0463,false,1,49170
8003340091280,false,בונבוניירה לינדור 60,לינדט,,בונבוניירה לינדור 60% מריר 200 ג,גרמים,200.00,100 גרם,false,1,29.90,14.9500,true,1,8614
8003407150578,false,חומץ בלסמי לבן 500 מ,אקטיפיקו,,חומץ בלסמי לבן 500 מל,מיליליטרים,500.00,"100 מ""ל",false,1,22.50,4.5000,true,1,7641
8003440997833,false,מסטיק מנטוס פיור פרש,פרפטי ואן מלה,,מסטיק מנטוס פיור פרש פירות מנטה100יח,יחידה,100.00,יחידה,false,1,19.90,0.1990,true,1,58637
8003440997857,false,מסטיק מנטוס פיור פרש,פרפטי ואן מלה,,מסטיק מנטוס פיור פרש מנטה100יח שקית200גר,יחידה,100.00,יחידה,false,1,19.90,0.1990,true,1,58638
8003440997871,false,מסטיק מנטוס פיור פרש,פרפטי ואן מלה,,מסטיק מנטוס פיור פרש תות100יח בשקית200ג,יחידה,100.00,יחידה,false,1,19.90,0.1990,true,1,58636
8003508011921,false,ממרח זיתים ופלפל חרי,מאדאמה אוליבה,IT,ממרח זיתים ופלפל חריף 190 גרם,גרמים,190.00,100 גרם,false,11,17.90,9.4211,true,1,38584
8003508011938,false,ממרח זיתים וארטישוק,מאדאמה אוליבה,IT,ממרח זיתים וארטישוק 190 גרם,גרמים,190.00,100 גרם,false,11,17.90,9.4211,true,1,38583
8003653001907,false,מגב ניקוי עם ספוג לה,טונקיטה,,מגב ניקוי עם ספוג להסרת מים,יחידה,1.00,יחידה,false,1,9.90,9.9000,true,1,21654
8003653002409,false,סט לניקוי אסלות מעוצ,טונקיטה,,סט לניקוי אסלות מעוצב,יחידה,1.00,יחידה,false,1,19.90,19.9000,true,1,21657
8003653003000,false,מברשת לניקוי כלים,טונקיטה,,מברשת לניקוי כלים,יחידה,1.00,יחידה,false,1,9.90,9.9000,true,1,21670
8003653005301,false,מברשת עם ידית אחיזה,טונקיטה,,מברשת עם ידית אחיזה,יחידה,1.00,יחידה,false,1,12.90,12.9000,true,1,21658
8003653005400,false,יעה נצמד,טונקיטה,,יעה נצמד,יחידה,1.00,יחידה,false,1,8.90,8.9000,true,1,21668
8003653006407,false,מברשת לניקוי בקבוקים,טונקיטה,,מברשת לניקוי בקבוקים,יחידה,1.00,יחידה,false,1,9.90,9.9000,true,1,21669
8003653008258,false,מגב ריצפה עם מקל 44,טונקיטה,,מגב ריצפה עם מקל 44 סמ,יחידה,1.00,יחידה,false,1,19.90,19.9000,true,1,21653
8003653008708,false,מגב ריצפה 55 סמ,טונקיטה,,מגב ריצפה 55 סמ,יחידה,1.00,יחידה,false,1,29.90,29.9000,true,1,21666
8003653011807,false,אטבי פלסטיק 20 יחידו,טונקיטה,,אטבי פלסטיק 20 יחידות,יחידה,20.00,יחידה,false,1,12.90,0.6450,true,1,21656
8003653013306,false,מקל מתכוונן למטאטא/מ,טונקיטה,,מקל מתכוונן למטאטא/מקל 150 סמ,יחידה,1.00,יחידה,false,1,16.90,16.9000,true,1,21652
8003653028706,false,כף אשפה עם מקל מתקפל,טונקיטה,,כף אשפה עם מקל מתקפל,יחידה,1.00,יחידה,false,1,16.90,16.9000,true,1,24647
8003653033588,false,מטאטא אוניברסל,טונקיטה,,מטאטא אוניברסל,יחידה,1.00,יחידה,false,1,27.90,27.9000,true,1,21646
8003653033687,false,מטאטא קשה לקרצוף מגנ,טונקיטה,,מטאטא קשה לקרצוף מגנום,יחידה,1.00,יחידה,false,1,29.90,29.9000,true,1,21648
8003653033755,false,אטבי עץ 12 יחידות,טונקיטה,,אטבי עץ 12 יחידות,יחידה,12.00,יחידה,false,1,9.90,0.8250,true,1,21655
8003753900438,false,קפה אספרסו אילי 250,קפה לנדוור,,קפה אספרסו אילי 250 גרם,גרמים,250.00,100 גרם,false,1,42.90,17.1600,true,1,4458
8003753900469,false,קפה אספרסו אילי טחון,קפה לנדוור,,קפה אספרסו אילי טחון כהה 250 גר פחית,גרמים,250.00,100 גרם,false,1,42.90,17.1600,true,1,7459
8003753900520,false,פולי קפה אילי לאספרס,,IT,פולי קפה אילי לאספרסו 250 גרם,גרמים,250.00,100 גרם,false,6,49.90,19.9600,true,1,56381
8003866002111,false,קפסולות קפה כחול 10,,IT,קפסולות קפה כחול 10 יח דיים מנטה,יחידה,10.00,יחידה,false,1,18.90,1.8900,true,1,19525
8003866004214,false,קפסולות קפה אדום 10,,IT,קפסולות קפה אדום 10 יח דיים קורפו,יחידה,10.00,יחידה,false,1,18.90,1.8900,true,1,19524
8003866012011,false,קפה זהב טחון 100% אר,,IT,קפה זהב טחון 100% ארביקה 250 גר דיים,גרמים,250.00,100 גרם,false,1,30.00,12.0000,true,1,11507
8003866016538,false,קפסולות קפה כתום 10,,IT,קפסולות קפה כתום 10 יח דיים טנזניה,יחידה,10.00,יחידה,false,1,18.90,1.8900,true,1,19526
8003866107038,false,פולי קפה דיים אדום 5,,IT,פולי קפה דיים אדום 500 גר,גרמים,500.00,100 גרם,false,1,50.00,10.0000,true,1,47992
8003866116023,false,קפה זהב 100% ארביקה1,,IT,קפה זהב 100% ארביקה1קג,קילוגרמים,1.00,"ק""ג",false,1,110.00,110.0000,true,1,39604
8003905043471,false,יין פרוסיקו פאשיון ו,,,יין פרוסיקו פאשיון ויקטם לבן 750 מל,מיליליטרים,750.00,"100 מ""ל",false,1,60.00,8.0000,true,1,36495
8004030022010,false,ריו מרה אינסלטיסימי,BOLTON GROUP- RIO,,ריו מרה אינסלטיסימי ירקות גינה160גר,גרמים,160.00,100 גרם,false,1,17.90,11.1875,true,1,18878
8004030081024,false,טונה ריו מרה בשמן זי,BOLTON GROUP- RIO,,טונה ריו מרה בשמן זית שום ופלפל 160 גרם,גרמים,160.00,100 גרם,false,1,18.90,11.8125,true,1,1955
8004030102033,false,שלישיית טונה ריו מרה,BOLTON GROUP- RIO,,שלישיית טונה ריו מרה שמן זית 80 גר,גרמים,240.00,100 גרם,false,1,27.90,11.6250,true,1,39479
8004030344938,false,שלישיית טונה ריו מרה,BOLTON GROUP- RIO,,מארז3יח טונה ריו מרה שמן זית 80 גר,גרמים,240.00,100 גרם,false,1,27.90,11.6250,true,1,3394
8004160660304,false,ליקר פרנגליקו 700 מל,davide campari,,ליקר פרנגליקו 700 מל,מיליליטרים,70000.00,"100 מ""ל",false,1,89.00,0.1271,true,1,47974
8004309015217,false,גבינת בורטה איטלקית,,,גבינת בורטה איטלקית 125גר,גרמים,125.00,100 גרם,false,1,22.90,18.3200,true,1,52508
8004323212654,false,פסטה קפליני 265 קולא,INDULCO,,פסטה קפליני 265 קולאויטא 500 גר,גרמים,500.00,100 גרם,false,1,12.50,2.5000,true,1,8979
8004323212678,false,פסטה טליאטלה 267 קול,INDULCO,,פסטה טליאטלה 267 קולאויטא 500 גר,גרמים,500.00,100 גרם,false,1,12.50,2.5000,true,1,8977
8004645230114,false,יין טומאסי פרוסקו טנ,,,יין טומאסי פרוסקו טנוטה פילודורה 750מל פ,מיליליטרים,750.00,"100 מ""ל",false,1,60.00,8.0000,true,1,13440
8004645404102,false,יין טומאסי אפסמיינטו,,,יין טומאסי אפסמיינטו אדום יבש 750מל פקדו,מיליליטרים,750.00,"100 מ""ל",false,1,60.00,8.0000,true,1,12696
8004645405109,false,יין טומאסי אפסמיינטו,,,יין טומאסי אפסמיינטו לבן חצי 750מל פקדו,מיליליטרים,750.00,"100 מ""ל",false,1,60.00,8.0000,true,1,12697
8004645406106,false,יין טומאסי אפסמיינטו,,,יין טומאסי אפסמיינטו רוזה 750 מל,מיליליטרים,750.00,"100 מ""ל",false,1,60.00,8.0000,true,1,52557
8004690050507,false,פסטה פטוציני מוליסאנ,,,פסטה פטוציני איטלקית 500 גרם אל אם,גרמים,500.00,100 גרם,false,1,7.90,1.5800,true,1,51663
8004690050620,false,פסטה לינגוויני מוליס,,,פסטה לינגוויני איטלקית 500 גרם אל אם,גרמים,500.00,100 גרם,false,1,7.90,1.5800,true,1,51662
8004690051573,false,ספגטי מוליסאנא 500 ג,,,ספגטי איטלקי 500 גרם אל אם,גרמים,500.00,100 גרם,false,1,7.90,1.5800,true,1,51659
8004690052044,false,פסטה פנה זיטי ריגטה,,,פסטה פנה זיטי ריגטה איטלקית500 גרם אל אם,גרמים,500.00,100 גרם,false,1,7.90,1.5800,true,1,51668
8004690052600,false,פסטה קונכיות ניוקי מ,,,פסטה קונכיות ניוקי איטלקית 500 גרם אל אם,גרמים,500.00,100 גרם,false,1,7.90,1.5800,true,1,51664
8004690052815,false,פסטה קסיריס מוליסאנא,,,פסטה קסיריס מוליסאנא 500 גרם,גרמים,500.00,100 גרם,false,1,7.90,1.5800,true,1,52101
8004690052846,false,פסטה פוזילי מוליסאנא,,,פסטה פוזילי איטלקית 500 גרם אל אם,גרמים,500.00,100 גרם,false,1,7.90,1.5800,true,1,51656
8004690053195,false,פסטה ריגטוני מוליסאנ,,,פסטה ריגטוני איטלקית 500 גרם אל אם,גרמים,500.00,100 גרם,false,1,7.90,1.5800,true,1,51658
8004690053225,false,פסטה מזי ריגטוני מול,,,פסטה מזי ריגטוני איטלקית 500 גרם אל אם,גרמים,500.00,100 גרם,false,1,7.90,1.5800,true,1,51661
8004690055601,false,פסטה צינסי מוליסאנא,,,פסטה צינסי איטלקית 500 גרם אל אם,גרמים,500.00,100 גרם,false,1,7.90,1.5800,true,1,51667
8004690057308,false,פסטה רדיאטורי מוליסא,,,פסטה רדיאטורי איטלקית 500 גרם אל אם,גרמים,500.00,100 גרם,false,1,7.90,1.5800,true,1,51665
8004690106600,false,פסטה פראפלה מוליסאנא,,,פסטה פראפלה איטלקית 500 גרם אל אם,גרמים,500.00,100 גרם,false,1,7.90,1.5800,true,1,51655
8004690107508,false,פסטה פנטצה מוליסאנא,,,פסטה פנטצה מוליסאנא 500 גרם,גרמים,500.00,100 גרם,false,1,7.90,1.5800,true,1,52108
8004690203002,false,ניוקי איטלקי מוליסאנ,,,ניוקי איטלקי אל אם 500 גרם,גרמים,500.00,100 גרם,false,1,7.90,1.5800,true,1,51672
8004690278246,false,קמח דורום איטלקי לפי,,,קמח דורום איטלקי לפסטה 1 קג לה מוליסנה,קילוגרמים,1.00,"ק""ג",false,1,14.90,14.9000,true,1,37115
8004690470039,false,פסטה פנה ללא גלוטן א,,,פסטה איטלקית ללא גלוטן פנה 400 גר,גרמים,400.00,100 גרם,false,1,14.90,3.7250,true,1,35722
8004690612002,false,פסטה מוליסאנא פנה חי,,,פסטה פנה חיטה מלאה איטלקי500גר,גרמים,500.00,100 גרם,false,1,9.90,1.9800,true,1,51671
8004708046409,false,תערובת מעושנת טוסקנה,דרגוריה אלמנטריה,,תערובת מעושנת במטחנה ארומה טוסקנה 45 גרם,Unknown,0.00,Unknown,false,1,13.90,0.0000,true,1,43848
8004800000064,false,ופל לאגו פלאסיר קרם,,IT,ופל לאגו פלאסיר קרם קקאו מצופה 100גרם,גרמים,100.00,100 גרם,false,12,12.90,12.9000,true,1,61519
8004800000071,false,ופל לאגו פלאסיר קרם,,IT,ופל לאגו פלאסיר קרם אגוזי לוז מצופ100גרם,גרמים,100.00,100 גרם,false,12,12.90,12.9000,true,1,61518
8004800004826,false,ופל לאגו פלאסיר קרם,,IT,ופל לאגו פלאסיר קרם קוקוס מצופה 98 גרם,Unknown,0.00,Unknown,false,12,12.90,0.0000,true,1,61521
8004800005519,false,ופל לאגו מיני רול קר,,IT,ופל לאגו מיני רול קרם אגוזי לוז 125 גרם,גרמים,125.00,100 גרם,false,12,11.90,9.5200,true,1,61512
8004955060203,false,עוגיות עם שקדים 250,ASOLO DOLCE,IT,עוגיות עם שקדים 250 גר אסולו דולצה,גרמים,200.00,100 גרם,false,1,12.90,6.4500,true,1,9469
8005110000416,false,זוג עגבניות מוטטי דט,,,זוג עגבניות מוטטי דטריני 300 גרם,גרמים,600.00,100 גרם,false,1,14.90,2.4833,true,1,60683
8005110001413,false,זוג רסק עגבניות 140,,,זוג רסק עגבניות 140 גר מוטטי,גרמים,140.00,100 גרם,false,6,10.90,7.7857,true,1,42940
8005110002243,false,רכז עגבניות מוטטי185,,,רכז עגבניות מוטטי185 גר שפופרת,גרמים,185.00,100 גרם,false,1,8.50,4.5946,true,1,48535
8005110060007,false,עגבניות מוטטי תמר מק,,,עגבניות מוטטי תמר מקולפות 400 גרם,גרמים,400.00,100 גרם,false,1,7.90,1.9750,true,1,3499
8005110060106,false,זוג עגבניות מוטטי תמ,,,זוג עגבניות מוטטי תמר מקולפות 400 גרם,גרמים,800.00,100 גרם,false,1,15.90,1.9875,true,1,24279
8005110170300,false,מארז 3 יח עגבניות מו,,,מארז 3 יח עגבניות חתוכות 400 גר,קילוגרמים,1.20,"ק""ג",false,1,16.90,14.0833,true,1,8171
8005110171215,false,עגבניות חתוכות 690 ג,,,עגבניות חתוכות 690 גר מוטטי,גרמים,690.00,100 גרם,false,1,15.90,2.3043,true,1,5638
8005110191015,false,מחית עגבניות עם בזיל,,,רסק עגבניות עם בזיליקום 700 גר מוטטי,גרמים,700.00,100 גרם,false,1,14.90,2.1286,true,1,33331
8005110200014,false,רכז עגבניות מוטטי 21,,,רכז עגבניות מוטטי 210 גר,גרמים,210.00,100 גרם,false,1,7.90,3.7619,true,1,6503
8005110517006,false,רוטב פסטה עגבניות בז,,,רוטב פסטה עגבניות בזיליקום 400 גר מוטטי,גרמים,400.00,100 גרם,false,1,14.90,3.7250,true,1,42052
8005110550508,false,עגבניות שרי 400 גר מ,,,עגבניות שרי 400 גר מוטטי,גרמים,400.00,100 גרם,false,1,9.00,2.2500,true,1,6502
8005110551253,false,רוטב לפיצה מוטטי 400,,,רוטב לפיצה מוטטי 400 גר,גרמים,400.00,100 גרם,false,1,8.90,2.2250,true,1,45992
8005140002138,false,חומץ בלסמי מיושן 10,,IT,חומץ בלסמי מיושן 10 שנים 250 מל,מיליליטרים,250.00,"100 מ""ל",false,1,84.90,33.9600,true,1,51227
8005140006051,false,חומץ בלסמי מיושן 5 ש,,IT,חומץ בלסמי מיושן 5 שנים 250 מל,מיליליטרים,250.00,"100 מ""ל",false,1,54.90,21.9600,true,1,51226
8005200256587,false,משקה נסטי אפרסק 1.5ל,,,משקה נסטי אפרסק 1.5ליטר בק.פקדון,ליטרים,1.50,ליטר,false,1,8.90,5.9333,true,1,57323
8005200286584,false,משקה נסטי מנגו אננס,,,משקה נסטי מנגו אננס 1.5ליטר בק.פקדון,ליטרים,1.50,ליטר,false,1,8.90,5.9333,true,1,57324
8005200316588,false,משקה נסטי דיאט אפרסק,,,משקה נסטי דיאט אפרסק 1.5ליטר בק.פקדון,ליטרים,1.50,ליטר,false,1,8.30,5.5333,true,1,57325
8005415049585,false,יין קברנה סוביניון 7,,,יין קברנה סוביניון 750  מל,מיליליטרים,750.00,"100 מ""ל",false,1,35.00,4.6667,true,1,38973
8005415049646,false,יין קנטי שרדונה 750,,,יין קנטי שרדונה 750 מל,מיליליטרים,750.00,"100 מ""ל",false,1,35.00,4.6667,true,1,38971
8005415049820,false,יין קנטי מרלו 750  מ,,,יין קנטי מרלו 750  מל,מיליליטרים,750.00,"100 מ""ל",false,1,35.00,4.6667,true,1,38972
8005803010357,false,מקלות גריסיני קלאסי,,,מקלות גריסיני קלאסי אמור 125 גרם,גרמים,125.00,100 גרם,false,1,6.90,5.5200,true,1,27061
8005803010371,false,מקלות גריסיני רוזמרי,,,מקלות גריסיני רוזמרין אמור 125 גרם,גרמים,125.00,100 גרם,false,1,6.90,5.5200,true,1,27064
8005803010586,false,מקלות גריסיני פיצה א,,,מקלות גריסיני פיצה אמור 125 גרם,גרמים,125.00,100 גרם,false,1,6.90,5.5200,true,1,27062
8005803010661,false,מקלות גריסיני שומשום,,,מקלות גריסיני שומשום אמור 125 גרם,גרמים,125.00,100 גרם,false,1,6.90,5.5200,true,1,27063
8005840020272,false,מאגדת לואקר קסטה לבן,,,מאגדת לואקר קסטה לבן 4 יח,יחידה,4.00,יחידה,false,1,49.90,12.4750,true,1,61741
8006423362406,false,שוקולד סוריני טופ זה,SORINI,,שוקולד טופ זהב סוריני 250 גר שקית,גרמים,250.00,100 גרם,false,1,19.90,7.9600,true,1,32151
8006423468382,false,בונבוניירה סנטה עם פ,SWEETITALY,,בונבוניירה סנטה עם פפיון 300 גרם סוריני,גרמים,300.00,100 גרם,false,1,52.90,17.6333,true,1,61811
8006423468801,false,בונבוניירה כדור טיפי,SORINI,,בונבוניירה כדור טיפי 320 ג,גרמים,340.00,100 גרם,false,1,34.90,10.2647,true,1,5224
8006540027042,false,מרכך כביסה לנור מרוכ,פרוקטר אנד גמבל,,מרכך כביסה לנור מרוכז פרחי בר 897 מל,מיליליטרים,897.00,"100 מ""ל",false,12,16.90,1.8841,true,1,51802
8006540112793,false,מרכך כביסה לנור מרוכ,פרוקטר אנד גמבל,,מרכך כביסה לנור מרוכז בניחוח יסמין 900,מיליליטרים,900.00,"100 מ""ל",false,12,16.90,1.8778,true,1,51797
8006540112823,false,מרכך כביסה לנור מרוכ,פרוקטר אנד גמבל,,מרכך כביסה לנור מרוכז בניחוח אוקיינוס900,מיליליטרים,900.00,"100 מ""ל",false,12,16.90,1.8778,true,1,51798
8006540112854,false,מרכך כביסה לנור מרוכ,פרוקטר אנד גמבל,,מרכך כביסה לנור מרוכז בניחוח סחלב 900,מיליליטרים,900.00,"100 מ""ל",false,12,16.90,1.8778,true,1,51799
8006540163986,false,קפסולות לכביסה אריאל,פרוקטר אנד גמבל,FR,קפסולות לכביסה אריאל  35 יח,יחידה,35.00,יחידה,false,3,44.90,1.2829,true,1,51795
8006540222089,false,מגבוני פמפרס טו גו ל,,,מגבוני פמפרס טו גו לתינוקות וילדים 40יח,יחידה,40.00,יחידה,false,12,6.90,0.1725,true,1,56504
8006540383087,false,טבליות פיירי פלטינום,,BE,טבליות פיירי פלטינום למדיח דיפ קלין 42יח,יחידה,42.00,יחידה,false,4,59.90,1.4262,true,1,59362
8006540404850,false,תחבושות אולוויז דיסק,,,תחבושות אולוויז דיסקרט לונג 10יח,יחידה,10.00,יחידה,false,1,19.90,1.9900,true,1,61122
8006540404898,false,תחבושות אולוויז דיסק,,,תחבושות אולוויז דיסקרט לונג פלוס 8יח,יחידה,8.00,יחידה,false,1,19.90,2.4875,true,1,61121
8006540404935,false,תחבושות אולוויז דיסק,,,תחבושות אולוויז דיסקרט נורמל 12יח,יחידה,12.00,יחידה,false,1,19.90,1.6583,true,1,61123
8006540405031,false,תחבושות אולוויז דיסק,,,תחבושות אולוויז דיסקרט סמול פלוס 16יח,יחידה,16.00,יחידה,false,8,19.90,1.2437,true,1,61124
8006540425930,false,קפסולות לכביסה אריאל,פרוקטר אנד גמבל,FR,קפסולות לכביסה אריאל 24יח לכתמים קשים,יחידה,27.00,יחידה,false,3,39.90,1.4778,true,1,57373
8006540428368,false,חיתולי פמפרס 40יחידו,פרוקטר אנד גמבל,,חיתולי פמפרס 40יחידות בייבי דריי מידה 1,יחידה,40.00,יחידה,false,4,34.90,0.8725,true,1,57803
8006540463550,false,פיירי טבליות למדיח פ,,BE,פיירי טבליות למדיח פלטינום 63 יחידות,יחידה,63.00,יחידה,false,4,59.90,0.9508,true,1,60283
8006540495186,false,מרכך כביסה לנור מרוכ,פרוקטר אנד גמבל,,מרכך כביסה לנור מרוכז בייבי 897מל,מיליליטרים,897.00,"100 מ""ל",false,12,16.90,1.8841,true,1,59650
8006540495216,false,מרכך כביסה לנור מרוכ,פרוקטר אנד גמבל,,מרכך כביסה לנור מרוכז אמאטיסט 897 מל,מיליליטרים,897.00,"100 מ""ל",false,12,16.90,1.8841,true,1,59651
8006540495247,false,מרכך כביסה לנור מרוכ,פרוקטר אנד גמבל,,מרכך כביסה לנור מרוכז פרחי בר 897 מל,מיליליטרים,897.00,"100 מ""ל",false,12,16.90,1.8841,true,1,59652
8006540566701,false,גל כביסה אריאל כתמים,פרוקטר אנד גמבל,FR,גל כביסה אריאל כתמים קשים 1.925ליטר,מיליליטרים,1925.00,"100 מ""ל",false,4,34.90,1.8130,true,1,60662
8006837001083,false,לחמניות בריוש 400 גר,,IT,לחמניות בריוש 400 גרם מורטו,גרמים,400.00,100 גרם,false,7,17.90,4.4750,true,1,50980
8006837001137,false,לחם בריוש חיטה מלאה,,IT,לחם בריוש חיטה מלאה 600גר מורטו,גרמים,600.00,100 גרם,false,9,18.90,3.1500,true,1,50977
8006837002738,false,לחמניות ארוכות 250גר,,IT,לחמניות ארוכות 250גרם מורטו,גרמים,250.00,100 גרם,false,10,16.90,6.7600,true,1,50982
8007116011106,false,יין לאונרדו קיאנטי 7,איטליה לאונרדו דה וי,,יין לאונרדו דה וינצי קיאנטי 750 מל פקדון,מיליליטרים,750.00,"100 מ""ל",false,1,45.00,6.0000,true,1,2575
8007178120310,false,חומץ בלסמי גקובזי 50,זקובזי,,חומץ בלסמי גקובזי 500 מל,מיליליטרים,500.00,"100 מ""ל",false,1,23.90,4.7800,true,1,5936
8007178223547,false,קרם בלסמי מצומצם  גק,זקובזי,,קרם בלסמי מצומצם  גקובזי 250 מל,מיליליטרים,500.00,"100 מ""ל",false,1,25.00,5.0000,true,1,19730
8007880123302,false,יין פינו גריגיו פסקו,,,יין פינו גריגיו פסקווא 750 מל פקדון,מיליליטרים,750.00,"100 מ""ל",false,1,60.00,8.0000,true,1,33818
8007880123500,false,יין רוזה 11 מינוט פס,,,יין רוזה 11 מינוט פסקווא 750 מל,מיליליטרים,750.00,"100 מ""ל",false,,100.00,13.3333,true,1,47815
8007880123609,false,יין שרדונה גרילו פסק,,,יין שרדונה גרילו פסקווא 750 מל,מיליליטרים,750.00,"100 מ""ל",false,1,60.00,8.0000,true,1,42317
8007880139006,false,יין פרימיטיבו די פול,,IT,יין פרימיטיבו די פוליה 750 מל,מיליליטרים,750.00,"100 מ""ל",false,12,60.00,8.0000,true,1,37910
8007880140705,false,יין פאסימנטו רומאו ו,,,יין פאסימנטו רומאו וגולייט 750מל פקדון,מיליליטרים,75000.00,"100 מ""ל",false,1,80.00,0.1067,true,1,38471
8007880211405,false,יין סואבה פסקוואה 75,,,יין סואבה פסקוואה 750 מל פקדון,מיליליטרים,750.00,"100 מ""ל",false,1,60.00,8.0000,true,1,23012
8007880214802,false,יין נור דאבולה שירז,,,יין נור דאבולה שירז 750מל פיקדון,מיליליטרים,750.00,"100 מ""ל",false,1,60.00,8.0000,true,1,23887
8008090604223,false,דוחה יתושים ספירה גר,זובלה,IT,דוחה יתושים ספירה גרין טבליות 30יח,יחידה,30.00,יחידה,false,24,12.90,0.4300,true,1,51002
8008090604230,false,דוחה יתושים ספירה גר,,,דוחה יתושים ספירה גרין גלילי שמנים טבעיי,יחידה,1.00,יחידה,false,1,14.90,14.9000,true,1,51001
8008090606913,false,דוחה יתושים ספירה גר,זובלה,IT,דוחה יתושים ספירה גרין מכשיר+טבליות,יחידה,1.00,יחידה,false,12,19.90,19.9000,true,1,51003
8008245004847,false,ממרח מובנפיק אגוזי ל,,IT,ממרח מובנפיק אגוזי לוז וקקאו 300 גרם,גרמים,300.00,100 גרם,false,6,12.90,4.3000,true,1,49953
8008245004861,false,ממרח מובנפיק אגוזי ל,,IT,ממרח מובנפיק אגוזי לוז וחלב 300 גרם,גרמים,300.00,100 גרם,false,6,12.90,4.3000,true,1,49954
8008429299120,false,בונבוניירה פרמידה קר,SWEETITALY,,בונב.פרמידה קריסמס 200 גר,גרמים,200.00,100 גרם,false,1,36.90,18.4500,true,1,39011
8008620009313,false,קרקר קריץ מלוח 250 ג,,IT,קרקר קריץ מלוח 250 גרם,גרמים,250.00,100 גרם,false,12,8.90,3.5600,true,1,50391
8008620063049,false,קרקר קריץ דגנים ושומ,,IT,קרקר קריץ דגנים ושומשום 250 גרם,גרמים,250.00,100 גרם,false,12,9.90,3.9600,true,1,50393
8008620063056,false,קרקר קריץ עגבניות וב,,IT,קרקר קריץ עגבניות ובזיליקום 250 גרם,גרמים,250.00,100 גרם,false,12,9.90,3.9600,true,1,50394
8008660210014,false,מעדן פרי משמש 300 גר,MENZ & GASSER,,מעדן משמש ריבה 300 גרם,גרמים,300.00,100 גרם,false,1,17.90,5.9667,true,1,24788
8008660210021,false,מעדן פרי  דובדבן 300,MENZ & GASSER,,מעדן דובדבן ריבה 300 גרם,גרמים,300.00,100 גרם,false,1,17.90,5.9667,true,1,24787
8008660210038,false,מעדן פרי תות שדה 300,MENZ & GASSER,,מעדן תות שדה ריבה 300 גרם,גרמים,300.00,100 גרם,false,1,17.90,5.9667,true,1,24790
8008660210045,false,מעדן פרי פירות יער 3,MENZ & GASSER,,מעדן פירות יער ריבה 300 גרם,גרמים,300.00,100 גרם,false,1,17.90,5.9667,true,1,24789
8008660210052,false,מעדן פרי תפוז 300 גר,MENZ & GASSER,,מעדן פרי תפוז 300 גרם,גרמים,300.00,100 גרם,false,1,16.90,5.6333,true,1,39317
8008698002025,false,בסיס לפיצה ללא גלוטן,"ד""ר שר ס.ר.ל",IT,בסיס לפיצה ללא גלוטן 300 גרם,גרמים,300.00,100 גרם,false,8,34.90,11.6333,true,1,34200
8008698002049,false,קרקרים עגולים 175 גר,"ד""ר שר ס.ר.ל",,קרקרים עגולים 175 גר ללא גלוטן,גרמים,175.00,100 גרם,false,1,22.90,13.0857,true,1,12953
8008698002100,false,גריסיני מקלות אפויים,"ד""ר שר ס.ר.ל",IT,גריסיני 150גר ללא גלוטן,גרמים,150.00,100 גרם,false,10,19.90,13.2667,true,1,34203
8008698002599,false,לחם הבית ללא גלוטן 2,,IT,לחם הבית ללא גלוטן 240 גר,גרמים,240.00,100 גרם,false,5,19.90,8.2917,true,1,57994
8008698002810,false,עוגה אישית ללא גלוטן,,,עוגה אישית ללא גלוטן 10יח 350גר שר,גרמים,350.00,100 גרם,false,1,28.90,8.2571,true,1,61751
8008698003503,false,קרקרים מלבניים 210גר,"ד""ר שר ס.ר.ל",,קרקרים מלבניים 210גר ללא גלוטן,גרמים,210.00,100 גרם,false,1,24.90,11.8571,true,1,12955
8008698004630,false,עוגיות סנדוויץ במילו,"ד""ר שר ס.ר.ל",,עוגיות דבל שוקולד 250גר ללא גלוטן,גרמים,250.00,100 גרם,false,1,24.90,9.9600,true,1,12956
8008698004807,false,קמח לאפיה ללא גלוטן,"ד""ר שר ס.ר.ל",,קמח לאפיה דר שר 1 קג,קילוגרמים,1.00,"ק""ג",false,1,30.00,30.0000,true,1,6779
8008698004852,false,קמח מיקס למאפים דר ש,"ד""ר שר ס.ר.ל",,קמח מיקס למאפים דר שר 1 קג,קילוגרמים,1.00,"ק""ג",false,1,30.00,30.0000,true,1,6780
8008698005231,false,עוגיות שוקולד דר שר,,DE,עוגיות שוקולד דר שר 165 גר,גרמים,165.00,100 גרם,false,6,19.90,12.0606,true,1,46521
8008698008157,false,עוגיות בטעם שוקולד ו,"ד""ר שר ס.ר.ל",,עוגיות דבל וניל 100 גר ללא גלוטן,גרמים,100.00,100 גרם,false,1,12.90,12.9000,true,1,12957
8008698010358,false,קמח מיקס לאפיה דר שר,"ד""ר שר ס.ר.ל",,קמח מיקס לאפיה דר שר 500 גרם,גרמים,500.00,100 גרם,false,1,16.90,3.3800,true,1,25462
8008698012857,false,ביסקוויט פתי בר שר 1,ס.ר.ל פוסטל,,ביסקוויט פתי בר שר160 גר ללא גלוטן,גרמים,165.00,100 גרם,false,1,18.00,10.9091,true,1,18388
8008698013021,false,עוגיות שוקוציפס פריכ,"ד""ר שר ס.ר.ל",,עוגיות שוקוציפס פריכות ל.ג. דר שר 100גר,גרמים,100.00,100 גרם,false,1,13.50,13.5000,true,1,25465
8008698024065,false,לחם ללא גלוטן 250 גר,,DE,לחם ללא גלוטן 250 גר פאן בלנקו,גרמים,250.00,100 גרם,false,8,16.90,6.7600,true,1,39904
8008698024140,false,לחם ללא גלוטן 250 גר,,DE,לחם ללא גלוטן 250 גר פאן מולטי גראנו,גרמים,250.00,100 גרם,false,8,16.90,6.7600,true,1,39905
8008698024188,false,לחם ללא גלוטן 250 גר,,DE,לחם ללא גלוטן 250 גר פאן רוסטיקו,גרמים,250.00,100 גרם,false,8,16.90,6.7600,true,1,39903
8008698032084,false,עוגיות מיני חברים  ל,,DE,עוגיות מיני ללא גלוטן 125 גר,מיליליטרים,125.00,"100 מ""ל",false,6,12.90,10.3200,true,1,58047
8008743023135,false,בונ.פרלין מעורב אדום,,,בונ.פרלין מעורב אדום 355 גר,גרמים,355.00,100 גרם,false,1,46.90,13.2113,true,1,42586
8008743035633,false,שוקולד חיפושית ברשת,,,שוקולד חיפושית ברשת 100 גרם,גרמים,100.00,100 גרם,false,1,7.90,7.9000,true,1,21078
8008743036609,false,שוקולד מכוניות ברשת,GUNZ WARENHANDELS,,שוקולד מכוניות ברשת 100 גר,גרמים,100.00,100 גרם,false,1,7.90,7.9000,true,1,31267
8008743037897,false,שוקולד לבבות ממולא ב,GUNZ WARENHANDELS,,שוקולד לבבות ממולא ברשת 100 גר,גרמים,100.00,100 גרם,false,1,7.90,7.9000,true,1,53503
8008743048824,false,פרלינים לייקה דובדבן,,IT,פרלינים לייקה דובדבן בליקר 90 גרם,Unknown,0.00,Unknown,false,14,7.90,0.0000,true,1,61418
8008743049357,false,בונ.לאיקה מבחר שוקול,,,בונ.לאיקה מבחר שוקולדים 300 גרםבפח,גרמים,300.00,100 גרם,false,1,42.90,14.3000,true,1,53555
8008743055266,false,פרלינים לייקה שוקולד,,IT,פרלינים לייקה שוקולד מריר72% 90 גרם,Unknown,0.00,Unknown,false,14,7.90,0.0000,true,1,61370
8008900001037,false,יין צילו קברנה סובינ,,,יין צילו קברנה סוביניו 750 מל פקדון,מיליליטרים,750.00,"100 מ""ל",false,1,35.00,4.6667,true,1,37861
8008900001075,false,יין לבן שרדונה צלו,,,צילו שרדונה 750 מל פקדון,מיליליטרים,750.00,"100 מ""ל",false,1,35.00,4.6667,true,1,37550
8008900002188,false,יין צילו פינו גריגיו,סיאלו אי טרה,,יין צילו פינו גריגיו 750 מל פקדון,מיליליטרים,750.00,"100 מ""ל",false,1,35.00,4.6667,true,1,37046
8008900004212,false,יין צילו מרלו 750 מל,,,צילו מרלו 750 מל פקדון,מיליליטרים,750.00,"100 מ""ל",false,1,35.00,4.6667,true,1,38779
8008900006186,false,יין צילו פינו נואר 7,סיאלו אי טרה,,יין צילו אדום יבש פינו נואר 750 מל,מיליליטרים,750.00,"100 מ""ל",false,1,35.00,4.6667,true,1,31806
8008900006797,false,יין צלו מאסטרו פרימי,,,יין צלו מאסטרו פרימיטיבו פוליה 750 מל,מיליליטרים,750.00,"100 מ""ל",false,6,45.00,6.0000,true,1,51413
8008900007763,false,יין צלו אפסיונמנטה ו,,IT,יין צךו אפסיונמנטה ונטו 750 מל,מיליליטרים,750.00,"100 מ""ל",false,6,65.00,8.6667,true,1,51411
8008900009613,false,יין פאסיה טוסקנה רוס,,,יין פאסיה טוסקנה רוסו 750 מל,מיליליטרים,750.00,"100 מ""ל",false,12,60.00,8.0000,true,1,51412
8008900009811,false,יין צלו אפסיונמנטה ו,,IT,יין צלו אפסיונמנטה ונטו מארז 6 יח 750 מ,מיליליטרים,750.00,"100 מ""ל",false,6,350.00,46.6667,true,1,51556
8008912010034,false,ספגטי ליגורי 500 גרם,פסטיפיציו,IT,ספגטי לגיורי 500 גרם,גרמים,500.00,100 גרם,false,1,8.90,1.7800,true,1,52385
8008912010072,false,לינגוויני ליגורי 500,פסטיפיציו,IT,לינגוויני ליגורי 500 גרם,גרמים,500.00,100 גרם,false,1,8.90,1.7800,true,1,58236
8008912010270,false,פסטה ליגורי קסרצה500,פסטיפיציו,IT,פסטה ליגורי קסרצה 500 גרם,גרמים,500.00,100 גרם,false,1,8.90,1.7800,true,1,58235
8008912010300,false,פסטה ליגורי פרפלה 50,,,פסטה ליגורי פרפלה 500 גרם,גרמים,500.00,100 גרם,false,1,8.90,1.7800,true,1,52382
8008912010331,false,פסטה ליגורי ניוקטי ס,פסטיפיציו,IT,פסטה ליגורי ניוקטי סרי קונכיות 500 גרם,גרמים,500.00,100 גרם,false,1,8.90,1.7800,true,1,58234
8008912010423,false,פסטה ליגורי פנה ריגט,פסטיפיציו,IT,פסטה ליגורי פנה ריגטה 500 גרם,גרמים,500.00,100 גרם,false,1,8.90,1.7800,true,1,52384
8008920114069,false,יין וילה גובאני מוסק,,,יין וילה גובאני מוסקטו מבעבע 750 מל פקדו,מיליליטרים,750.00,"100 מ""ל",false,1,45.00,6.0000,true,1,10881
8008920150128,false,יין למברוסקו לבן אמר,,,יין למברוסקו לבן אמראדורי 750 מל פיקדון,מיליליטרים,750.00,"100 מ""ל",false,1,25.00,3.3333,true,1,9387
8008990000040,false,מטאטא פרקטיקה,טונקיטה,,מטאטא פרקטיקה,יחידה,1.00,יחידה,false,1,22.90,22.9000,true,1,21856
8008990000101,false,מטאטא אראה,טונקיטה,,מטאטא אראה,יחידה,1.00,יחידה,false,1,27.90,27.9000,true,1,21647
8008990000514,false,כף אשפה + מברשת,טונקיטה,,כף אשפה + מברשת,יחידה,1.00,יחידה,false,1,14.90,14.9000,true,1,21650
8008990002167,false,יעם עם מקל מתכת ארוך,טונקיטה,,יעם עם מקל מתכת ארוך טי איי 216 טונקיטה,יחידה,1.00,יחידה,false,1,19.90,19.9000,true,1,21677
8008990005809,false,מגב ניקוי להסרת מים,אריקס,IT,מגב ניקוי להסרת מים מזכוכית/אריחים 26סמ,יחידה,1.00,יחידה,false,12,15.90,15.9000,true,1,43836
8008990008923,false,דלי אובלי 13 ליטר,טונקיטה,,דלי אובלי 13 ליטר,יחידה,1.00,יחידה,false,1,19.90,19.9000,true,1,21676
8008990061508,false,מטאטא ראפידה,טונקיטה,,מטאטא ראפידה,יחידה,1.00,יחידה,false,1,24.90,24.9000,true,1,21645
8008990065100,false,מטאטא קשה לקרצוף פרק,טונקיטה,,מטאטא קשה לקרצוף פרקטיקו,יחידה,1.00,יחידה,false,1,24.90,24.9000,true,1,21649
8010721997048,false,גבינת פרמזנו ריזאנו,,,גבינת פרמזנו ריזאנו 150גר 30 חודש,גרמים,150.00,100 גרם,false,1,32.00,21.3333,true,1,16620
8010721999929,false,גבינה קשה פקורינו רו,,,גבינה קשה פקורינו רומאנו 200 גר,גרמים,200.00,100 גרם,false,10,37.90,18.9500,true,1,44798
8012901009374,false,קינוח לימונצלו 90 גר,סולו,IT,קינוח לימונצלו 90 גר סולו איטליה,Unknown,0.00,Unknown,false,8,6.90,0.0000,true,1,38346
8012901012800,false,קינוח טירמיסו 90גרם,סולו,IT,קינוח טירמיסו 90גרם סולו איטליה,Unknown,0.00,Unknown,false,8,6.90,0.0000,true,1,51692
8013108003523,false,בונבוניירה קורנט אגו,,,בונבוניירה קורנט אגוזי פיימונטה 165 גרם,גרמים,165.00,100 גרם,false,1,29.90,18.1212,true,1,49340
8013108003547,false,בונבוניירה קורנט נוצ,,,בונבוניירה קורנט נוציולאטו 165 גרם קפרל,גרמים,165.00,100 גרם,false,1,29.90,18.1212,true,1,49339
8013399145278,false,סוכ.דיטורל ליקריץ רך,,,סוכ.דיטורל ליקריץ רך 70 גר סטיביה,Unknown,0.00,Unknown,false,1,8.90,0.0000,true,1,15784
8013399145315,false,סוכ.דיטורל תות רך 70,,,סוכ.דיטורל תות רך 70 גר סטיביה,Unknown,0.00,Unknown,false,1,8.90,0.0000,true,1,15782
8013399145360,false,סוכ.דיטורל תות יער ר,,,סוכ.דיטורל תות יעררך 70 גר סטיביה,Unknown,0.00,Unknown,false,1,8.90,0.0000,true,1,15785
8014207001106,false,אטריות מוסקוני טליאט,,IT,אטריות מוסקוני טליאטלה 250 גרם עבודת יד,גרמים,250.00,100 גרם,false,12,14.90,5.9600,true,1,61382
8014207001601,false,פסטה מוסקוני תרד 250,,IT,פסטה מוסקוני תרד 250 גרם עבודת יד,גרמים,250.00,100 גרם,false,12,14.90,5.9600,true,1,61380
8014601011565,false,קמח קונדיטוריה קאפוט,קאפוטו,IT,קמח קונדיטוריה קאפוטו 1 קג,קילוגרמים,1.00,"ק""ג",false,10,12.90,12.9000,true,1,50512
8014601012456,false,קמח נובולה קאפוטו 1,קאפוטו,IT,קמח נובולה קאפוטו 1 קג,קילוגרמים,1.00,"ק""ג",false,10,15.90,15.9000,true,1,50513
8014601026354,false,קמח פיצה שף קאפוטו א,קאפוטו,IT,קמח פיצה שף קאפוטו אדום 1 קג,קילוגרמים,1.00,"ק""ג",false,10,13.90,13.9000,true,1,50510
8014601028747,false,קמח אקסטרא קאפוטו לכ,קאפוטו,IT,קמח אקסטרא קאפוטו לכל מטרה כחול 1 קג,קילוגרמים,1.00,"ק""ג",false,10,11.90,11.9000,true,1,50511
8014601999870,false,סמולינה קאפוטו בטחינ,קאפוטו,IT,סמולינה קאפוטו טחינה כפולה צהוב 1 קג,קילוגרמים,1.00,"ק""ג",false,10,13.90,13.9000,true,1,50495
8015822000253,false,יין לבן שרדונה קורטג,איטליה אלגריני (Cort,,יין לבן שרדונה קורטגיארה 750 מל פקדון,מיליליטרים,750.00,"100 מ""ל",false,1,45.00,6.0000,true,1,11417
8015822000260,false,יין לבן קורטגיארה די,איטליה אלגריני (Cort,,יין לבן קורטגיארה דינו גריגיו 750 מל פק,מיליליטרים,750.00,"100 מ""ל",false,1,60.00,8.0000,true,1,11416
8015997000911,false,בישקוטים פריכים מארי,biscanova SRL,,בישקוטים פריכים מאריני 200 גר,גרמים,200.00,100 גרם,false,1,6.90,3.4500,true,1,33070
8016129000847,false,גבינת פרמזנו ריגאנו,,,גבינת פרמזנו ריגאנו 150גר 12חודש,גרמים,150.00,100 גרם,false,1,25.00,16.6667,true,1,15961
8016129000854,false,גבינת גראנה פאדנו 15,,,גבינת גראנה פאדנו 150 גר,גרמים,150.00,100 גרם,false,1,23.00,15.3333,true,1,15960
8016867002646,false,מגן תחתון ארוך 24יח,CORMAN,,מגן תחתון ארוך 24יח באריזה כותנה אורגנית,יחידה,24.00,יחידה,false,1,22.90,0.9542,true,1,17708
8016867008945,false,מגן תחתון 24יח באריז,CORMAN,,מגן תחתון 24יח באריזה כותנה אורגנית,יחידה,24.00,יחידה,false,1,22.90,0.9542,true,1,13930
8016867008969,false,טמפונים עם מוליך סופ,COTTON HITEC,,טמפונים עם מוליך סופר 14יח אורגניק זון,יחידה,14.00,יחידה,false,1,32.90,2.3500,true,1,13934
8016867009935,false,תחבושות דקות לזרימה,CORMAN,,תחבושות דקות לזרימה מוגברת10יח אורגניקזו,יחידה,10.00,יחידה,false,1,31.90,3.1900,true,1,13936
8016867009942,false,תחבושות דקות לזרימה,CORMAN,,תחבושות דקות לזרימה רגילה 10יח אורגניקזו,יחידה,10.00,יחידה,false,1,31.90,3.1900,true,1,13935
8017746286539,false,יין קיאנטי פוגיו סו,פוגיו אל טאזורו,,יין קיאנטי פוגיו סו וינצי 750 מל,מיליליטרים,750.00,"100 מ""ל",false,1,60.00,8.0000,true,1,34025
8017938005122,false,חומץ תפוחים אורגני ב,ביוטרנטינו,,חומץ תפוחים אורגני ביוטרנטינו 750מל,מיליליטרים,750.00,"100 מ""ל",false,1,20.00,2.6667,true,1,24138
8017938005146,false,מיץ אוכמניות אורגני,ביוטרנטינו,GB,מיץ אוכמניות אורגני 330 מלביוטרנטינו,מיליליטרים,330.00,"100 מ""ל",false,12,39.90,12.0909,true,1,49805
8017938005764,false,מיץ תפוחים אורגני 1ל,נטורפוד,IT,מיץ תפוחים אורגני 1ליטר נטורפוד,ליטרים,1.00,ליטר,false,12,19.90,19.9000,true,1,31707
8018102000110,false,אורז ריזוטו ארבוריו,,,אורז ריזוטו ארבוריו 500גר פרינסיפטו,גרמים,500.00,100 גרם,false,1,21.90,4.3800,true,1,13279
8021904003111,false,יין גראן אפאסי אפסיט,,,יין גראן אפאסי אפסיטה 750 מל,מיליליטרים,750.00,"100 מ""ל",false,1,60.00,8.0000,true,1,57430
8022470213386,false,דרגה פריסקו שקד חלב,,IT,סוכ.דרגה שקד חלב 500 גר מקס,גרמים,500.00,100 גרם,false,12,35.90,7.1800,true,1,49346
8022470213393,false,דרגה פריסקו שקד מריר,,IT,סוכ.דרגה שקד מריר 500 גר מקס,גרמים,500.00,100 גרם,false,12,35.90,7.1800,true,1,49347
8022470213478,false,דרגה פריסקו דובדבן ח,,IT,סוכ.דרגה דובדבן חלב 500גר מקס,גרמים,500.00,100 גרם,false,10,35.90,7.1800,true,1,49350
8022470213485,false,דרגה פריסקו דובדבן מ,,IT,סוכ.דרגה דובדבן מריר 500גר מקס,גרמים,500.00,100 גרם,false,10,35.90,7.1800,true,1,49351
8022470213508,false,דרגה פריסקו צימוקים,,IT,סוכ.דרגה צימוקים חלב 500 גר מקס,גרמים,500.00,100 גרם,false,12,29.90,5.9800,true,1,49344
8022470213515,false,דרגה פריסקו  צימוקים,,IT,סוכ.דרגה צימוקים מריר 500 גר מקס,גרמים,500.00,100 גרם,false,12,29.90,5.9800,true,1,49345
8022470226362,false,דרגה פריסקו קשיו שוק,,IT,דרגה פריסקו קשיו שוקולד חלב 500 גרם,גרמים,500.00,100 גרם,false,12,35.90,7.1800,true,1,49352
8022470226379,false,דרגה פריסקו קשיו שוק,,IT,דרגה פריסקו קשיו שוקולד מריר 500 גרם,גרמים,500.00,100 גרם,false,12,35.90,7.1800,true,1,49353
8023354024418,false,יין טראמארי רוזה 750,,IT,יין טראמארי רוזה 750 מל,מיליליטרים,750.00,"100 מ""ל",false,6,60.00,8.0000,true,1,43758
8023354040111,false,יין נגרואמארו איל פו,,,יין נגרואמארו איל פומו 750 מל,מיליליטרים,750.00,"100 מ""ל",false,1,45.00,6.0000,true,1,35815
8023354060911,false,יין פרימיטיבו איל פו,,,יין פרימיטיבו איל פומו 750 מל,מיליליטרים,750.00,"100 מ""ל",false,1,45.00,6.0000,true,1,57872
8023492004327,false,טורונה גיאנדויה אגוז,די.גי 3 דולצאריה ס.ר,IT,טורונה גיאנדויה אגוזי לוז 150 גרם,גרמים,150.00,100 גרם,false,24,15.90,10.6000,true,1,52623
8023678161288,false,משקה אורז אורגני 1 ל,,,משקה אורז אורגני 1 ליטר איזולה ליב,ליטרים,1.00,ליטר,false,1,12.90,12.9000,true,1,7656
8023678161363,false,משקה שיבולת שועל אור,,,משקה שיבולת שועל אורגני 1 ליטר איזולה לי,ליטרים,1.00,ליטר,false,1,12.90,12.9000,true,1,32241
8023678161387,false,משקה סויה אורגני 1 ל,,,משקה סויה אורגני 1 ליטר איזולה ליב,ליטרים,1.00,ליטר,false,1,11.90,11.9000,true,1,11866
8023678162360,false,משקה שקדים טבעי אורג,,,משקה שקדים טבעי אורגני איזולה 1 ל,ליטרים,1.00,ליטר,false,1,14.90,14.9000,true,1,32242
8023678162476,false,משקה אורז שקד טבעי א,,,משקה אורז שקד טבעי אורגני איזולה 1 ליטר,ליטרים,1.00,ליטר,false,1,12.90,12.9000,true,1,32243
8023678164517,false,משקה שקדים ללס אורגנ,,IT,משקה שקדים ללס אורגני איזולה  1 לי,ליטרים,1.00,ליטר,false,1,14.90,14.9000,true,1,50042
8023678728290,false,משקה סויה בריסטה אור,,IT,משקה סויה בריסטה אורגני איזולה  1 לי,ליטרים,1.00,ליטר,false,1,12.90,12.9000,true,1,50041
8023678728832,false,משקה שבולת שועל בריס,,,משקה שבולת שועל בריסטה אורגני איזולה,ליטרים,1.00,ליטר,false,1,12.90,12.9000,true,1,50040
8023678729112,false,משקה שיבולת שועל ללא,,,משקה שיבולת שועל ללא סוכר 1ליטר איזולה,ליטרים,1.00,ליטר,false,1,12.90,12.9000,true,1,51852
8023951002550,false,גבינת מסקרפונה איטלק,,,גבינת מסקרפונה איטלקי 250גר,גרמים,250.00,100 גרם,false,,22.90,9.1600,true,1,49498
8024985000062,false,זוג מחית תפוח אורגני,נטורה נובה,,זוג מחית תפוח אורגנית 100% פרי 200 גרם,גרמים,200.00,100 גרם,false,1,9.90,4.9500,true,1,24584
8024985000086,false,זוג מחית בננה תפוח א,נטורה נובה,,זוג מחית בננה תפוח אורגנית100%פרי200 גרם,גרמים,200.00,100 גרם,false,1,9.90,4.9500,true,1,24586
8024985000093,false,זוג מחית שזיף תפוח א,נטורה נובה,,זוג מחית שזיף תפוח אורגנית100%פרי200 גרם,גרמים,200.00,100 גרם,false,1,9.90,4.9500,true,1,24589
8024985000109,false,זוג מחית אגס אורגנית,נטורה נובה,,זוג מחית אגס אורגנית100%פרי200 גרם,גרמים,200.00,100 גרם,false,1,9.90,4.9500,true,1,24587
8024985002783,false,מחית סמוזי פירות גזר,נטורה נובה,,מחית סמוזי פירות גזר דלעת 100 גר נובה,גרמים,100.00,100 גרם,false,1,5.90,5.9000,true,1,38305
8024985002950,false,מחית סמוזי שזיף אורג,נטורה נובה,IT,מחית סמוזי שזיף אורגני 100 גר,גרמים,100.00,100 גרם,false,18,5.90,5.9000,true,1,48224
8024985003988,false,מחית סמוזי תפוח בננה,נטורה נובה,IT,מחית סמוזי תפוח בננה 100גר נטורה,גרמים,100.00,100 גרם,false,18,5.90,5.9000,true,1,31694
8024985005234,false,מחית סמוזי תפוח אפרס,נטורה נובה,IT,מחית סמוזי תפוח אפרסק מנגו 100גר נטורה,גרמים,100.00,100 גרם,false,18,5.90,5.9000,true,1,31693
8024985008037,false,מחית סמוזי תפוח 100ג,נטורה נובה,IT,מחית סמוזי תפוח 100גר נטורה נובה,גרמים,100.00,100 גרם,false,18,5.90,5.9000,true,1,31696
8024985008044,false,מחית סמוזי אגס 100גר,נטורה נובה,IT,מחית סמוזי אגס 100גר נטורה נובה,גרמים,100.00,100 גרם,false,18,5.90,5.9000,true,1,31695
8024985008051,false,מחית סמוזי פירות אדו,נטורה נובה,IT,מחית סמוזי פירות אדומים 100גר נטורה נובה,גרמים,100.00,100 גרם,false,18,5.90,5.9000,true,1,31697
8027264000029,false,יין לוגאנה לה קרטה א,איטליה אותלה,,יין לוגאנה לה קרטה אותלה 750מל פקדון,מיליליטרים,750.00,"100 מ""ל",false,1,90.00,12.0000,true,1,14847
8027403005915,false,קרקר עם רוזמרין סולו,,IT,קרקר עם רוזמרין סולו קאסה 200 גרם,גרמים,200.00,100 גרם,false,1,19.90,9.9500,true,1,41335
8027403005922,false,קרקר עם שומשום סולו,,IT,קרקר עם שומשום סולו קאסה 200 גרם,גרמים,200.00,100 גרם,false,1,19.90,9.9500,true,1,41336
8027403005939,false,קרקר בטעם עגבניות סו,,IT,קרקר בטעם עגבניות סולו קאסה 200 גרם,גרמים,200.00,100 גרם,false,1,19.90,9.9500,true,1,41337
8027403009449,false,גריסיני קלאסי סולו ק,,IT,גריסיני קלאסי סולו קסה 200 גרם,גרמים,200.00,100 גרם,false,1,19.90,9.9500,true,1,41340
8027403009500,false,גריסיני עם שומשום סו,,IT,גריסיני עם שומשום סולו קסה 200 גרם,גרמים,200.00,100 גרם,false,1,19.90,9.9500,true,1,41338
8027403009517,false,גריסיני עם שמן זית ס,,IT,גריסיני עם שמן זית סולו קסה 200 גרם,גרמים,200.00,100 גרם,false,1,19.90,9.9500,true,1,41339
8027403009708,false,קרקר איטלקי שומשום ס,,IT,קרקר איטלקי שומשום סולו קאסה 200 גרם,גרמים,200.00,100 גרם,false,1,19.90,9.9500,true,1,46384
8028144001013,false,יין ברולו ריזרבה וינ,איטליה רוקה די מאנזו,,יין ברולו ריזרבה ויניה קאפלה סטפאנו 750מ,מיליליטרים,750.00,"100 מ""ל",false,1,510.00,68.0000,true,1,14277
8028695004013,false,ארטישוק אלה רומנה בש,ITALCARCIOFI,,ארטישוק אלה רומנה בשמן 510 גרם,גרמים,510.00,100 גרם,false,1,34.90,6.8431,true,1,23776
8028695041919,false,זיתים ירוקים שלמים כ,ITALCARCIOFI,,זיתים ירוקים שלמים כבושים 530 גרם,גרמים,530.00,100 גרם,false,1,19.90,3.7547,true,1,23780
8028695200231,false,ארטישוק רבעים בשמן ח,ITALCARCIOFI,,ארטישוק רבעים בשמן חמניות 510 גרם,גרמים,510.00,100 גרם,false,1,24.90,4.8824,true,1,23778
8032738680003,false,יין ויואלדי אמרונה 7,,,יין ויואלדי אמרונה 750 מל,מיליליטרים,750.00,"100 מ""ל",false,6,129.00,17.2000,true,1,50917
8032738680164,false,יין ויואלדי פינו גרי,,,יין ויואלדי פינו גריגיו 750 מל,מיליליטרים,750.00,"100 מ""ל",false,12,45.00,6.0000,true,1,50920
8032793151425,false,יין טלאמונטי טרבי טר,,,יין טלאמונטי טרבי טראביאנו 750 מל,מיליליטרים,750.00,"100 מ""ל",false,1,45.00,6.0000,true,1,37156
8032793153320,false,יין טלאמונטי מודה מו,,,יין טלאמונטי מודה מונפולציטנו 750 מל,מיליליטרים,750.00,"100 מ""ל",false,1,45.00,6.0000,true,1,37157
8032804430471,false,פליסיה מוזלי חומוס א,מולינו אנדריאני,,פסטה100%עדשים אדומות אורגנית250גרם,גרמים,250.00,100 גרם,false,1,14.90,5.9600,true,1,24424
8032817240319,false,רוטב עגבניות שרי 330,,,רוטב עגבניות שרי 330 גר אגרומונטה,גרמים,330.00,100 גרם,false,1,13.90,4.2121,true,1,11027
8032817246045,false,רוטב עגבניות שרי בזי,AGROMONTE,,רוטב עגבניות שרי בזיליקום330 אגרומונטה,גרמים,330.00,100 גרם,false,1,13.90,4.2121,true,1,24756
8033020445973,false,קמח פיווטי רב תכליתי,,,קמח איטלקי 00 רב תכליתי 1 קג פיווטי,קילוגרמים,1.00,"ק""ג",false,1,8.90,8.9000,true,1,41310
8033020445980,false,קמח לפסטה טריה איטלק,,,קמח לפסטה טריה איטלקי 1 קג פיווטי,קילוגרמים,1.00,"ק""ג",false,1,14.90,14.9000,true,1,42049
8033020445997,false,קמח פיווטי ללחם איטל,,,קמח פיווטי ללחם איטלקי 1 קג,קילוגרמים,1.00,"ק""ג",false,1,12.90,12.9000,true,1,41311
8033020446000,false,קמח פיווטי לפיצה ופו,,,קמח פיווטי לפיצה ופוקצה איטלקי 1 קג,קילוגרמים,1.00,"ק""ג",false,1,10.90,10.9000,true,1,41411
8052080430286,false,כדור גבינת בורטה איט,,IT,כדור גבינת בורטה איטלקי 125גר,גרמים,125.00,100 גרם,false,1,16.90,13.5200,true,1,46439
8052204220021,false,ייין סוטמה ריבטי ורא,VINIBIO A.C.A,,ייין סוטמה ריבטי וראולו 750 מל,מיליליטרים,750.00,"100 מ""ל",false,1,110.00,14.6667,true,1,25493
8052204220120,false,ייין ספורצטו ריבטי ו,VINIBIO A.C.A,,ייין ספורצטו ריבטי וראולו 750 מל,מיליליטרים,750.00,"100 מ""ל",false,1,220.00,29.3333,true,1,25495
8053259247261,false,חומץ בלסמי עם תות מצ,i Solai,,חומץ בלסמי עם תאנים 180 מל אי סולאי,מיליליטרים,180.00,"100 מ""ל",false,1,11.90,6.6111,true,1,21591
8053259247278,false,חומץ בלסמי קלאסי 180,i Solai,,חומץ בלסמי קלאסי 180 מל אי סולאי,מיליליטרים,180.00,"100 מ""ל",false,1,11.90,6.6111,true,1,21595
8053259247292,false,חומץ בלסמי עם תות מצ,i Solai,,חומץ בלסמי עם תות 180 מל אי סולאי,מיליליטרים,180.00,"100 מ""ל",false,1,11.90,6.6111,true,1,21592
8076800195019,false,ספגטי ברילה מס 1 קפל,BARILLA,IT,פסטה ברילה ספגטי מס 1 קפליניי 500 גרם,גרמים,500.00,100 גרם,false,1,7.90,1.5800,true,1,4646
8076800195033,false,ספגטיני ברילה מס 3,BARILLA,IT,פסטה ברילה 3 ספגטיני 500 גרם,גרמים,500.00,100 גרם,false,1,7.90,1.5800,true,1,1984
8076800195057,false,ספגטי ברילה מס 5,BARILLA,IT,פסטה ברילה 5 ספגטיני 500 גרם,גרמים,500.00,100 גרם,false,1,7.90,1.5800,true,1,1985
8076800195132,false,פסטה ברילה 13 בבטה 5,BARILLA,IT,פסטה ברילה 13 בבטה 500 גרם,גרמים,500.00,100 גרם,false,1,7.90,1.5800,true,1,1986
8076800315097,false,פסטה ברילה 9 בוקטיני,BARILLA,IT,פסטה ברילה 9 בוקטיני 500 גרם,גרמים,500.00,100 גרם,false,1,7.90,1.5800,true,1,1987
8076802085738,false,פסטה ברילה פנה רגטה,BARILLA,IT,פסטה ברילה 73 פנה רגטה 500 גרם,גרמים,500.00,100 גרם,false,1,7.90,1.5800,true,1,1988
8076802085837,false,פסטה ברילה טורטליוני,BARILLA,IT,פסטה ברילה 83 טורטליני 500 גרם,גרמים,500.00,100 גרם,false,1,7.90,1.5800,true,1,1989
8076802085936,false,פסטה ברילה קנצילה רי,BARILLA,IT,פסטה ברילה 93 קונצילה ריגטי 500 גרם,גרמים,500.00,100 גרם,false,1,7.90,1.5800,true,1,1990
8076802085981,false,פסטה ברילה פוזילי500,BARILLA,IT,פסטה ברילה 98 פוזילי 500 גרם,גרמים,500.00,100 גרם,false,1,7.90,1.5800,true,1,1991
8076808050440,false,פסטה ברילה מקרוני500,BARILLA,IT,פסטה ברילה 44 מקרוני 500 גרם,גרמים,500.00,100 גרם,false,1,7.90,1.5800,true,1,1992
8076808060654,false,פסטה ברילה פרפלה 500,BARILLA,IT,פסטה ברילה 65 פרפלה 500 גרם,גרמים,500.00,100 גרם,false,1,7.90,1.5800,true,1,1993
8076808070882,false,ברילה 88 קנלוני 250,BARILLA,,ברילה 88 קנלוני 250 גרם,גרמים,250.00,100 גרם,false,1,14.90,5.9600,true,1,2267
8076808150072,false,ספגטי ברילה מס 7,BARILLA,IT,פסטה  ברילה 7 ספגטי 500 גר,גרמים,500.00,100 גרם,false,1,7.90,1.5800,true,1,1994
8076809501415,false,ברילה 78 פנה טריקולו,BARILLA,,ברילה 78 פנה טריקולור 500 גרם,גרמים,500.00,100 גרם,false,1,14.90,2.9800,true,1,3444
8076809512268,false,פסטה ברילה  גירנדולה,BARILLA,IT,פסטה ברילה 34 גירנדולה 500 גרם,גרמים,500.00,100 גרם,false,1,7.90,1.5800,true,1,2752
8076809513340,false,ממרח פסטו ברילה שום,פסטו קונסרב,,ממרח פסטו ברילה שום 190 גרם,גרמים,190.00,100 גרם,false,1,16.90,8.8947,true,1,12571
8076809513388,false,רוטב ברילה ארביאטה 4,BARILLA,IT,רוטב ברילה ארביאטה 400 גרם,גרמים,400.00,100 גרם,false,1,15.90,3.9750,true,1,1995
8076809513395,false,רוטב ברילה פומודורו,BARILLA,IT,רוטב ברילה פומודורו 400 גרם,גרמים,400.00,100 גרם,false,1,15.90,3.9750,true,1,1996
8076809513654,false,רוטב ברילה בולונז400,BARILLA,IT,רוטב ברילה עגבניות לבולונז 400 גרם,גרמים,400.00,100 גרם,false,1,15.90,3.9750,true,1,4645
8076809513692,false,רוטב ברילה נפוליטנה,BARILLA,IT,רוטב ברילה נפוליטנה 400 גרם,גרמים,400.00,100 גרם,false,1,15.90,3.9750,true,1,1997
8076809513739,false,רוטב ברילה בזיליקום,BARILLA,IT,רוטב ברילה בזיליקום 400 גרם,גרמים,400.00,100 גרם,false,1,15.90,3.9750,true,1,5699
8076809513753,false,ממרח פסטו ברילה בזיל,פסטו קונסרב,,ממרח פסטו ברילה בזיליקום 190 גרם,גרמים,190.00,100 גרם,false,1,16.90,8.8947,true,1,61371
8076809514774,false,ברילה פפרדלה 250 גרם,BARILLA,,ברילה פפרדלה 250 גרם,גרמים,250.00,100 גרם,false,1,18.90,7.5600,true,1,2268
8076809519977,false,פסטה ברילה אורקייטה,BARILLA,IT,פסטה ברילה אורקייטה 500 ג,גרמים,500.00,100 גרם,false,12,13.90,2.7800,true,1,59131
8076809523561,false,רוטב ברילה לפיצה 400,BARILLA,IT,רוטב ברילה לפיצה 400 גרם,גרמים,400.00,100 גרם,false,1,15.90,3.9750,true,1,8304
8076809523714,false,פסטה ברילה טליאטלה 5,BARILLA,,פסטה ברילה טליאטלה 500 גרם,גרמים,500.00,100 גרם,false,1,25.90,5.1800,true,1,4792
8076809523738,false,לזניה ברילה 500 גר,BARILLA,,לזניה ברילה 500 גר,גרמים,500.00,100 גרם,false,1,24.90,4.9800,true,1,3905
8076809529419,false,ספגטי ברילה מחיטה מל,BARILLA,,ספגטי ברילה מחיטה מלאה 500 ג,גרמים,500.00,100 גרם,false,1,14.90,2.9800,true,1,5797
8076809529433,false,פסטה ברילה פנה רגטה,BARILLA,,פסטה ברילה פנה רגטה חיטה מלאה 500 ג,גרמים,500.00,100 גרם,false,1,14.90,2.9800,true,1,5798
8076809545396,false,ממרח פסטו ברילה עלי,פסטו קונסרב,,ממרח פסטו ברילה עלי רוקט 190 גרם,גרמים,190.00,100 גרם,false,12,16.90,8.8947,true,1,38221
8076809545440,false,ספגטי ברילה ללא גלוט,BARILLA,,ספגטי ברילה ללא גלוטן 400 גרם,גרמים,400.00,100 גרם,false,1,15.90,3.9750,true,1,21206
8076809545457,false,פסטה ברילה פנה ל.גלו,BARILLA,,פסטה ברילה פנה ל.גלוטן 400 גרם,גרמים,400.00,100 גרם,false,1,15.90,3.9750,true,1,21207
8076809545464,false,פסטה ברילה פוזילי לל,BARILLA,,פסטה ברילה פוזילי ללא גלוטן 400 גרם,גרמים,400.00,100 גרם,false,1,15.90,3.9750,true,1,21208
8076809547956,false,פסטה ברילה קיפרי 500,,IT,פסטה ברילה קיפרי 500 גרם,גרמים,500.00,100 גרם,false,1,7.90,1.5800,true,1,45750
8076809578998,false,פסטה ברילה סטלינה500,,IT,פסטה ברילה סטלינה500 גרם,גרמים,500.00,100 גרם,false,1,7.90,1.5800,true,1,52140
8076809580496,false,פסטה ברילה פפירי 450,BARILLA,,פסטה ברילה פפירי 450 גרם,גרמים,450.00,100 גרם,false,1,15.90,3.5333,true,1,56234
8076809580724,false,ממרח פסטו ברילה ללא,פסטו קונסרב,,ממרח פסטו ברילה ללא שום190 גרם,גרמים,190.00,100 גרם,false,1,16.90,8.8947,true,1,61375
8109790012568,true,אבקת משקה לימונים טר,,US,אבקת משקה לימונים טרו טו גו 32יח,יחידה,32.00,יחידה,false,1,24.90,0.7781,true,1,49726
8109790016146,true,אבקת משקה אשכוליות ט,,US,אבקת משקה אשכוליות טרו טו גו 32יח,יחידה,32.00,יחידה,false,1,24.90,0.7781,true,1,49725
8109790032504,true,אבקת משקה ליים טרו ט,,US,אבקת משקה ליים טרו טו גו 32יח,יחידה,32.00,יחידה,false,1,24.90,0.7781,true,1,49728
8109790052540,true,אבקת משקה תפוזים טרו,,US,אבקת משקה תפוזים טרו טו גו 32יח,יחידה,32.00,יחידה,false,1,24.90,0.7781,true,1,49727
8119620112382,false,מעדן שזיפים דודה ברט,,IL,מעדן שזיפים דודה ברטה 284 גרם,גרמים,284.00,100 גרם,false,6,15.90,5.5986,true,1,59860
8121300206946,false,טרוביה סטיביה ממתיק,,US,טרוביה סטיביה ממתיק 80 שקיקים,יחידה,80.00,יחידה,false,12,14.90,0.1863,true,1,44341
8121300207004,false,טרוביה סטיביה ממתיק,,US,טרוביה סטיביה צצץיק בצנצנת 270 גרם,יחידה,270.00,יחידה,false,12,24.90,0.0922,true,1,44342
8121300207172,false,טרוביה סטיביה תערובת,,US,טרוביה סטיביה תערובת סוכר קנים 500 גר,יחידה,500.00,יחידה,false,12,24.90,0.0498,true,1,44343
8121300208780,false,טרוביה תחליף סוכר 36,,US,טרוביה תחליף סוכר 360 גר,גרמים,360.00,100 גרם,false,6,34.90,9.6944,true,1,61903
8121300209466,false,טרוביה תחליף סוכר חו,,US,טרוביה תחליף סוכר חום 320 גר,גרמים,320.00,100 גרם,false,6,34.90,10.9062,true,1,61904
8410000810004,false,עוגיות אוראו קרם וני,,,עוגיות אוראו קרם וניל 176 גרם,גרמים,176.00,100 גרם,false,1,7.90,4.4886,true,1,56217
8410001109978,false,זוג ספוגי קרצוף ללכל,3m,TR,זוג ספוגי קרצוף ללכלוך קשה,יחידה,2.00,יחידה,false,24,11.90,5.9500,true,1,49464
8410001134833,false,זוג ספוגי ניקוי ללא,3m,US,זוג ספוגי ניקוי ללא שריטות שמזון אינו נל,יחידה,2.00,יחידה,false,14,14.90,7.4500,true,1,53190
8410001134864,false,זוג ספוגי ניקוי קשה,3m,US,זוג ספוגי ניקוי קשה שמזון אינו נלכד בתוכ,יחידה,2.00,יחידה,false,14,14.90,7.4500,true,1,53189
8410001134888,false,זוג ספוגים עם ידית א,3m,US,זוג ספוגים עם ידית אחיזה לניקוי קשה,יחידה,2.00,יחידה,false,14,14.90,7.4500,true,1,53192
8410001134918,false,זוג ספוגים עם ידית א,3m,US,זוג ספוגים עם ידית אחיזה ללא שריטות,יחידה,2.00,יחידה,false,14,14.90,7.4500,true,1,53191
8410001135304,false,כרית ניקוי לכיריים,3m,US,כרית ניקוי לכיריים  מזכוכית סקוטש ברייט,יחידה,1.00,יחידה,false,12,18.90,18.9000,true,1,53188
8410023000031,false,יין טיו פפה 750מלפקד,גונזאלס,,יין טיו פפה 750מלפקדון,מיליליטרים,750.00,"100 מ""ל",false,1,100.00,13.3333,true,1,26937
8410028030903,false,יין שרי קסטה קרים 75,ספרד ויליאם אנד אומב,,יין שרי קסטה קרים 750 מל פקדון,מיליליטרים,750.00,"100 מ""ל",false,1,60.00,8.0000,true,1,11528
8410028071906,false,יין שרי דריי סאק פינ,ספרד ויליאם אנד אומב,,יין שרי דריי סאק פינו 750 מל פקדון,מיליליטרים,750.00,"100 מ""ל",false,1,60.00,8.0000,true,1,11529
8410076600622,false,ח.דגנים נטשר ואלי קר,,,ח.דגנים נטשר ואלי קראנצי שוקולד6יח210גר,גרמים,210.00,100 גרם,false,1,17.90,8.5238,true,1,14317
8410076610379,false,חטיף פרוטאין נייטשר,,,חטיף פרוטאין נייטשר ואלי בוטן שוקולד4 יח,גרמים,160.00,100 גרם,false,1,22.90,14.3125,true,1,24024
8410076610386,false,חטיף פרוטאין נייטשר,,,חטיף פרוטאין נייטשר ואלי בוטן קרמל4 יח,גרמים,160.00,100 גרם,false,1,22.90,14.3125,true,1,24025
8410076610492,false,חטיף דגנים צואי5יח ס,,,חטיף דגנים צואי5יח סוויט בוטן מצופה150גר,גרמים,150.00,100 גרם,false,1,17.90,11.9333,true,1,25795
8410076610508,false,חטיף דגנים צואי5יח ס,,,חטיף דגנים צואי5יח סוויט שוק.מריר150גר,גרמים,150.00,100 גרם,false,1,17.90,11.9333,true,1,25794
8410076620361,false,חטיף נייטשר ואלי ממו,ג'נראל מילס,,חטיף נייטשר ואלי ממולא קרם שקדים 4 יח,גרמים,152.00,100 גרם,false,1,17.90,11.7763,true,1,33078
8410076620507,false,חטיף נייטשר ואלי ממו,ג'נראל מילס,,חטיף נייטשר ואלי ממולא קרם לוז 4 יח,גרמים,152.00,100 גרם,false,1,17.90,11.7763,true,1,38534
8410076621009,false,חטיף דגנים פייבר 1 ק,,,חטיף דגנים פייבר 1 קרמל מלוח 5 יח,יחידה,5.00,יחידה,false,1,15.90,3.1800,true,1,49965
8410076621047,false,חטיף דגנים פייבר 1 ש,,,חטיף דגנים פייבר 1 שוקולד 5 יח,יחידה,5.00,יחידה,false,1,15.90,3.1800,true,1,49964
8410104039134,false,נוזל מנקה ומחדש פיני,RB פולין,,נוזל מנקה ומחדש פיניש למדיח 250 מל,מיליליטרים,250.00,"100 מ""ל",false,1,14.90,5.9600,true,1,2001
8410104044916,false,אבקה למדיח פיניש רגי,RB הונגריה,,אבקה למדיח פיניש רגיל 2.7 קג,קילוגרמים,2.70,"ק""ג",false,1,47.90,17.7407,true,1,2002
8410104045111,false,מלח למדיח פיניש 2 קג,חברת המלח,,מלח למדיח פיניש 2 קג,קילוגרמים,2.00,"ק""ג",false,6,14.90,7.4500,true,1,45036
8410104437268,false,פיניש סטופ לריח,RB הונגריה,,פיניש סטופ לריח,Unknown,0.00,Unknown,false,1,16.90,0.0000,true,1,2352
8410104511340,false,רצועות שעווה ויט לעו,רקיט בנקיזר צרפת,,רצועות שעווה ויט לעור רגיל/יבש,Unknown,0.00,Unknown,false,1,21.90,0.0000,true,1,5551
8410128768294,false,משקה שיבולת שועל ויו,,,משקה שיבולת שועל ויוה סוי 1ליטר קרטון,ליטרים,1.00,ליטר,false,1,11.90,11.9000,true,1,45759
8410128768324,false,משקה שקדים ויוה סוי,,,משקה שקדים ויוה סוי 1ליטר קרטון,ליטרים,1.00,ליטר,false,1,11.90,11.9000,true,1,45761
8410128768355,false,משקה  סויה ויוה סוי,,,משקה  סויה ויוה סוי 1ליטר קרטון,ליטרים,1.00,ליטר,false,1,10.90,10.9000,true,1,45758
8410128783587,false,משקה שיבולת שועל ויו,,,משקה שיבולת שועל ויוה סוי בריסטה 1לי,ליטרים,1.00,ליטר,false,1,11.90,11.9000,true,1,61274
8410302106300,false,יין קמפו וייחו ריוחה,,,יין קמפו וייחו קריאנזה ריו 750 מל פיקדון,מיליליטרים,750.00,"100 מ""ל",false,1,60.00,8.0000,true,1,9525
8410342000156,false,שוקולד מריר שקד ללס,,,שוקולד מריר שקד ללס וגלוטן 150 גר טוראס,גרמים,150.00,100 גרם,false,12,19.90,13.2667,true,1,60163
8410342003508,false,ממרח שוקולד ללס טורא,,,ממרח שוקולד ללס טוראס 200 גר,גרמים,200.00,100 גרם,false,1,19.90,9.9500,true,1,44630
8410342004789,false,שוקולד מריר 72% ללא,,,שוקולד מריר 72% ללא סוכר 100גר טוראס,גרמים,100.00,100 גרם,false,12,13.90,13.9000,true,1,48856
8410342004796,false,שוקולד מריר 85% ללא,,,שוקולד מריר 85% ללא סוכר 100גר טוראס,גרמים,100.00,100 גרם,false,1,13.90,13.9000,true,1,44623
8410342004987,false,שוקולד מריר 75% ללא,,,שוקולד מריר 72% ללא סוכר 100גר טוראס,גרמים,100.00,100 גרם,false,12,13.90,13.9000,true,1,44625
8410342005625,false,שוקולד חלב אגוז ללס,,,שוקולד חלב אגוז ללס 75 גר טוראס,Unknown,0.00,Unknown,false,1,9.90,0.0000,true,1,44628
8410342005632,false,שוקולד חלב שקד ללס 7,,,שוקולד חלב שקד ללס 75 גר טוראס,Unknown,0.00,Unknown,false,1,9.90,0.0000,true,1,44629
8410342006585,false,שוקולד מריר ששבי 72%,,,שוקולד מריר ששבי 72% ללס 75 גר טוראס,Unknown,0.00,Unknown,false,12,9.90,0.0000,true,1,48859
8410342007049,false,שוקולד מריר ששבי 85%,,,שוקולד מריר ששבי 85% ללס 75 גר טוראס,Unknown,0.00,Unknown,false,12,9.90,0.0000,true,1,48860
8410342007131,false,שוקולד מריר תפוז ללס,,,שוקולד מריר תפוז ללס 75 גר טוראס,גרמים,75.00,100 גרם,false,1,10.90,14.5333,true,1,57200
8410342007421,false,שוקולד חלב אגוז ללס,,,שוקולד חלב אגוז ללס וגלוטן 150 גר טוראס,גרמים,150.00,100 גרם,false,12,19.90,13.2667,true,1,60162
8410376006070,false,ביסקוויט מריה 800 גר,גולון,ES,ביסקוויט מרי 800 גר גולון,גרמים,800.00,100 גרם,false,10,11.90,1.4875,true,1,36677
8410376009392,false,ביסקוויט מרי ח.מלאה,GULLON,,ביסקוויט מרי ח.מלאה ללא סוכר 170 גר גול,גרמים,170.00,100 גרם,false,1,10.50,6.1765,true,1,7300
8410376009408,false,ביסקוויט דורה זהב לל,GULLON,,ביסקוויט דורה זהב ללא סוכר 330 גר גולון,גרמים,330.00,100 גרם,false,1,17.90,5.4242,true,1,7301
8410376010701,false,ביסקויט מרי ללא סוכר,GULLON,,ביסקויט מרי ללא סוכר 400 גר גולון,גרמים,400.00,100 גרם,false,1,17.90,4.4750,true,1,7303
8410376013191,false,קרקר פיק קוקטייל 350,GULLON,,קרקר פיק קוקטייל 350 גר גולון,גרמים,350.00,100 גרם,false,1,12.90,3.6857,true,1,10607
8410376014051,false,קרקר פיק מיניס 350 ג,GULLON,,קרקר פיק מיניס 350 גר גולון,גרמים,350.00,100 גרם,false,1,12.90,3.6857,true,1,37167
8410376014068,false,קרקר פיק דגים 350 גר,GULLON,,קרקר פיק דגים 350 גר גולון,גרמים,350.00,100 גרם,false,1,12.90,3.6857,true,1,37168
8410376017113,false,ביסקוויט סנדוויץ שוק,גולון,ES,ביסקוויט סנדביץ שוקו מגה דואו 500גר גולו,גרמים,500.00,100 גרם,false,20,9.90,1.9800,true,1,11904
8410376023831,false,ביסקוויט מחיטה מלאה,GULLON,,ביסקוויט מחיטה מלאה ללא סוכר 400 גר גולו,גרמים,400.00,100 גרם,false,1,17.50,4.3750,true,1,7306
8410376029079,false,ביסקוויט רונדיטוס גו,GULLON,,ביסקוויט רונדיטוס גולון ללא סוכר 186 גר,גרמים,186.00,100 גרם,false,1,18.50,9.9462,true,1,11476
8410376033267,false,ביסקוויט דגנים גולון,GULLON,,ביסקוויט דגנים גולון ללא סוכר 410 גר,גרמים,410.00,100 גרם,false,1,17.90,4.3659,true,1,11475
8410376036169,false,ביסקויט מרי גולון ל.,GULLON,,ביסקויט מרי גולון ל.גלוטן ולקטוז400 גר,גרמים,380.00,100 גרם,false,1,21.90,5.7632,true,1,15366
8410376037784,false,ביסקויט סנדוויץ ללא,GULLON,ES,ביסקויט סנדוויץ ללא סוכר גולון 250 גר,גרמים,250.00,100 גרם,false,18,16.90,6.7600,true,1,38234
8410376037883,false,עוגיות שוקו ציפס גול,GULLON,,עוגיות שוקו ציפס גולון ל.גלוטן130גר,גרמים,130.00,100 גרם,false,1,11.90,9.1538,true,1,15367
8410376042481,false,ביסקוויט קרם יוגורט,GULLON,,ביסקוויט קרם יוגורט ללא סוכר220 גר גולון,גרמים,220.00,100 גרם,false,1,16.90,7.6818,true,1,22191
8410376044393,false,ביסקוויט או 2 ללא סו,GULLON,,ביסקוויט או 2 ללא סוכר 210 גר גולון,גרמים,210.00,100 גרם,false,1,20.90,9.9524,true,1,22192
8410376044959,false,ביסקויט גולון דיבוס,GULLON,,ביסקויט גולון דיבוס ל.גלוטן ולקטוז250 גר,גרמים,250.00,100 גרם,false,1,17.90,7.1600,true,1,23454
8410376045024,false,ביסקויט גולון דיאגסט,GULLON,,ביסקויט גולון דיאגסטיב ל.ג. ולקטוז 150 ג,גרמים,150.00,100 גרם,false,1,16.90,11.2667,true,1,23456
8410376047509,false,גולון ביסקוויט פתי ב,,ES,גולון ביסקוויט פתי בר ללא סוכר 400 גר,גרמים,400.00,100 גרם,false,7,17.90,4.4750,true,1,38233
8410376057270,false,ביסקוויט ללא סוכר עם,גולון,ES,ביסקוויט ללא סוכר עם ש.מריר 150גר,גרמים,150.00,100 גרם,false,12,17.90,11.9333,true,1,46774
8410376059380,false,גולון וופל וניל ללא,GULLON,ES,גולון וופל וניל ללא סוכר 180 גר,גרמים,250.00,100 גרם,false,12,16.90,6.7600,true,1,48857
8410376059397,false,גולון וופל שוקולד לל,GULLON,ES,גולון וופל שוקולד ללא סוכר 180 גר,גרמים,250.00,100 גרם,false,12,16.90,6.7600,true,1,48858
8410441211002,false,יין פאוסטינו ריוחה 7,faustion,,יין פאוסטינו ריוחה 7 אדום 750 מל,מיליליטרים,750.00,"100 מ""ל",false,1,45.00,6.0000,true,1,7828
8410441231000,false,יין פאוסטינו ריוחה 7,faustion,,יין פאוסטינו ריוחה 7 לבן 750 מל,מיליליטרים,750.00,"100 מ""ל",false,1,45.00,6.0000,true,1,9626
8410702005012,false,סנגריה פניאסול פליקס,ספרד פליקס סוליס,,סנגריה פניאסול פליקס סוליס 1 ליטר,ליטרים,1.00,ליטר,false,1,15.00,15.0000,true,1,17292
8410702037501,false,יין פניאסול מרלו 750,ספרד פליקס סוליס,,יין פניאסול מרלו 750 מל,מיליליטרים,750.00,"100 מ""ל",false,1,35.00,4.6667,true,1,31479
8410702037518,false,יין פניאסול קברנה סו,ספרד פליקס סוליס,,יין פניאסול קברנה סוביניון 750 מל,מיליליטרים,750.00,"100 מ""ל",false,1,35.00,4.6667,true,1,31481
8410702037532,false,יין פניאסול שרדונה 7,ספרד פליקס סוליס,,יין פניאסול שרדונה 750 מל,מיליליטרים,750.00,"100 מ""ל",false,1,35.00,4.6667,true,1,31480
8411277205654,false,יין קאווה גום סרה גו,גרסיה,ES,יין קאווה גום סרה גולד 750 מל,מיליליטרים,750.00,"100 מ""ל",false,6,40.00,5.3333,true,1,40524
8411277350118,false,יין קווה גום סרה חצי,,,יין קווה גום סרה חצי יבש 750 מל פיקדון,מיליליטרים,750.00,"100 מ""ל",false,1,35.00,4.6667,true,1,10253
8411320105108,false,פילה אנשובי אורטיז ב,,,פילה אנשובי אורטיז בשמן זית 95 גר,גרמים,95.00,100 גרם,false,1,46.90,49.3684,true,1,9648
8411320234006,false,נתחי טונה אורטיז לבנ,,,נתחי טונה אורטיז לבנה בשמן זית112גר פחית,גרמים,112.00,100 גרם,false,1,19.90,17.7679,true,1,9649
8411320334027,false,נתחי טונה אורטיז צהו,,,נתחי טונה אורטיז צהוב בשמן זית112גר פחית,גרמים,112.00,100 גרם,false,1,15.90,14.1964,true,1,10731
8411320382967,false,טונה אורטיז צהובה בש,,,טונה אורטיז צהובה בשמן זית 220 גר,גרמים,220.00,100 גרם,false,1,37.90,17.2273,true,1,31507
8411320801000,false,סרדינים אורטיז בשמן,,,סרדינים אורטיז בשמן זית 190 גר צנצנת,גרמים,190.00,100 גרם,false,1,29.90,15.7368,true,1,12131
8411320801055,false,סרדינים אורטיז בשמן,,,סרדינים אורטיז בשמן זית 140 גר,גרמים,140.00,100 גרם,false,1,17.90,12.7857,true,1,12130
8411423031113,false,יין אדום סרו אניון ר,ספרד בודגס אולארה,,יין אדום סרו אניון רזרבה 750 מל פקדון,מיליליטרים,750.00,"100 מ""ל",false,1,65.00,8.6667,true,1,11437
8411423041105,false,יין אדום סרו אניון ק,ספרד בודגס אולארה,,יין אדום סרו אניון קריאנזה 750 מל פקדון,מיליליטרים,750.00,"100 מ""ל",false,1,60.00,8.0000,true,1,11436
8412168002529,false,משקה מחייה לימון 700,,,משקה מחייה לימון 700 מל,מיליליטרים,700.00,"100 מ""ל",false,1,56.90,8.1286,true,1,48372
8412168008903,false,משקה מחייה אשכוליות,,,משקה מחייה אשכוליות אדומות 700 מל,מיליליטרים,700.00,"100 מ""ל",false,,56.90,8.1286,true,1,48817
8412423121224,false,יין בודגאס בורסאו גר,,ES,יין בודגאס בורסאו גרנש 750 מל,מיליליטרים,750.00,"100 מ""ל",false,6,45.00,6.0000,true,1,44850
8412423121255,false,יין בודגאס בורסאו שר,,ES,יין בודגאס בורסאו שרדונה 750 מל,מיליליטרים,750.00,"100 מ""ל",false,6,45.00,6.0000,true,1,44851
8412449103600,false,יין שרי לבן יבש מנזי,,,יין שרי לבן יבש מנזינה לה גיטה 750 מל,מיליליטרים,750.00,"100 מ""ל",false,1,60.00,8.0000,true,1,20796
8413393701027,false,יין אדום מרקיז דל גו,,,יין אדום מרקיז דל גוברה ריוחה רזרבה 750מ,מיליליטרים,750.00,"100 מ""ל",false,6,65.00,8.6667,true,1,60152
8413529851039,false,יין ויניה אלברדי רזר,ספרד לה ריוחה אלטה,,יין ויניה אלברדי רזרבה750מל פיקדון,מיליליטרים,750.00,"100 מ""ל",false,1,85.00,11.3333,true,1,12117
8413556002855,false,גבינת קפריציו תבליני,,,גבינת קפריציו תבלינים 145 גרם,גרמים,145.00,100 גרם,false,1,18.90,13.0345,true,1,35591
8413556004835,false,גבינת קפריציו עיזים,,,גבינת קפריציו עיזים טרייה 145גר,גרמים,145.00,100 גרם,false,1,16.90,11.6552,true,1,35589
8414581100004,false,יין קאנטאברייה סיירה,,,יין קאנטאברייה סיירה גארנאצה 750 מל,מיליליטרים,750.00,"100 מ""ל",false,6,85.00,11.3333,true,1,60160
8414581104002,false,יין אדום קאנטאברייה,,,יין אדום קאנטאברייה סיירה קריאנזה 750 מל,מיליליטרים,750.00,"100 מ""ל",false,6,65.00,8.6667,true,1,60157
8414581202005,false,יין אדום קאנטאברייה,,,יין אדום קאנטאברייה סיירה 750 מל,מיליליטרים,750.00,"100 מ""ל",false,6,110.00,14.6667,true,1,60156
8414581600009,false,יין אדום קאנטאברייה,,,יין אדום קאנטאברייה סיירה סלקסיון 750 מל,מיליליטרים,750.00,"100 מ""ל",false,6,45.00,6.0000,true,1,60158
8414753700124,false,פילה אנשובי בשמן זית,קונסורסיו,,פילה אנשובי בשמן זית 100 גר צנצנ,גרמים,100.00,100 גרם,false,1,20.00,20.0000,true,1,8908
8414825338316,false,יין מרטין קודאס אלבר,,,יין מרטין קודאס אלבריניו מרייטה 750 מל,מיליליטרים,750.00,"100 מ""ל",false,1,60.00,8.0000,true,1,38978
8420071025702,false,גבינת עיזים קברה יין,ספניצ'יז,,גבינת עיזים קברה יין במשקל,קילוגרמים,1.00,"ק""ג",true,,189.00,189.0000,true,1,12204
8420675187158,false,יין סרדה לבן 750 מל,,,יין סרדה לבן 750 מל פיקדון,Unknown,0.00,Unknown,false,1,45.00,0.0000,true,1,31565
8420675387152,false,יין סרדה אדום 750 מל,,,יין סרדה אדום 750 מל פיקדון,Unknown,0.00,Unknown,false,1,45.00,0.0000,true,1,31564
8420708018817,false,גבינת מנצגו 150 גרם,סאן ויסנצה,,גבינת מנצגו 150 גרם,גרמים,150.00,100 גרם,false,1,27.90,18.6000,true,1,25158
8420822130600,false,מסיר שומנים סופר 750,,ES,מסיר שומנים סופר 750מל קיי אייץ7,מיליליטרים,750.00,"100 מ""ל",false,12,15.90,2.1200,true,1,57558
8420822130624,false,מסיר כתמים סופר 750מ,,ES,מסיר כתמים סופר 750מל קיי אייץ7,מיליליטרים,750.00,"100 מ""ל",false,12,19.90,2.6533,true,1,57557
8420878580800,false,עוגת אוראו 350 גרם ק,,ES,עוגת אוראו 350 גרם קפואה,גרמים,350.00,100 גרם,false,6,31.90,9.1143,true,1,60541
8420878580817,false,עוגת פילדלפיה 350גר,,ES,עוגת פילדלפיה 350גר קפואה,גרמים,350.00,100 גרם,false,6,31.90,9.1143,true,1,60540
8420878585744,false,עוגת מילקה 350 גרם ק,,ES,עוגת מילקה 350 גרם קפואה,גרמים,350.00,100 גרם,false,6,31.90,9.1143,true,1,60542
8420878599017,false,עוגת פילדלפיה 350גר,,ES,עוגת פילדלפיה 350גר בציפוי פטל קפואה,גרמים,350.00,100 גרם,false,6,31.90,9.1143,true,1,60543
8421401301206,false,פפריקה ספרדית מעושנת,,ES,פפריקה ספרדית מעושנת חריפה 70 גרם,Unknown,0.00,Unknown,false,12,14.90,0.0000,true,1,48206
8422019007009,false,חומץ שרי ספרדי 375 מ,חוזה פאז לובטו,,חומץ שרי ספרדי 375 מל,מיליליטרים,375.00,"100 מ""ל",false,1,25.90,6.9067,true,1,19812
8423207206488,false,ח.דגנים סלימדליס שוק,Biocentury,,ח.דגנים סלימדליס שוקולד חלב6יח,גרמים,120.00,100 גרם,false,1,11.90,9.9167,true,1,12635
8423207206495,false,ח.דגנים  סלימדליס שו,Biocentury,,ח.דגנים  סלימדליס שוקולד מריר6יח,גרמים,120.00,100 גרם,false,1,11.90,9.9167,true,1,12636
8423207206501,false,ח.דגנים סלימדליס שוק,Biocentury,,ח.דגנים סלימדליס שוקולד חלב6יח,גרמים,78.00,100 גרם,false,1,11.90,15.2564,true,1,12637
8423207207362,false,ח.דגנים סלימדליס שוק,Biocentury,,ח.דגנים סלימדליס שוקולד לבן6יח,גרמים,120.00,100 גרם,false,1,11.90,9.9167,true,1,15334
8423207208260,false,ח.דגנים סלימדליס ל.ג,Merba BV,,ח.דגנים סלימדליס ל.גלוטן 6יח,גרמים,120.00,100 גרם,false,1,11.90,9.9167,true,1,23128
8423207208680,false,ח.דגנים ילדים סלימדל,Biocentury,,ח.דגנים ילדים סלימדליס שוקולד חלב6יח,גרמים,120.00,100 גרם,false,1,11.90,9.9167,true,1,21746
8423207208697,false,ח.דגנים ילדים סלימדל,Biocentury,,ח.דגנים ילדים סלימדליס שוקולד לבן6יח,גרמים,120.00,100 גרם,false,1,11.90,9.9167,true,1,21747
8423207208703,false,ח.דגנים ילדים סלימדל,Biocentury,,ח.דגנים ילדים סלימדליס שוקולד מריר6יח,גרמים,120.00,100 גרם,false,1,11.90,9.9167,true,1,21748
8423207208871,false,פריכיות תירס טבעי סל,בסינטצ'ורי,,פריכיות תירס טבעי סלים דליס 130 גר,גרמים,130.00,100 גרם,false,1,9.90,7.6154,true,1,23157
8423207208888,false,פריכיות תירס עגבניות,בסינטצ'ורי,,פריכיות תירס עגבניות סלים דליס123.5ג,גרמים,124.00,100 גרם,false,1,9.90,7.9839,true,1,23158
8423207208895,false,פריכיות תירס זיתים ס,בסינטצ'ורי,,פריכיות תירס זיתים סלים דליס123.5ג,גרמים,124.00,100 גרם,false,1,9.90,7.9839,true,1,23159
8423207209748,false,ח.דגנים סלימדליס תפו,,,ח.דגנים סלימדליס תפוז שוקולד6יח,גרמים,182.00,100 גרם,false,1,11.90,6.5385,true,1,33728
8423207209885,false,ח.דגנים סלימדליס שוק,,,ח.דגנים סלימדליס שוקולד חלב 6 יח,גרמים,182.00,100 גרם,false,1,11.90,6.5385,true,1,35151
8423207210928,false,ח.דגנים סלימדליס טופ,נוטרישן אנד סנטה קוב,ES,ח.דגנים סלימדליס טופינג אגוזי לוז5יח,Unknown,0.00,Unknown,false,16,11.90,0.0000,true,1,47727
8423207210980,false,ח.דגנים סלימדליס טופ,נוטרישן אנד סנטה קוב,ES,ח.דגנים סלימדליס טופינג קליפת תפוז5יח,Unknown,0.00,Unknown,false,16,11.90,0.0000,true,1,47729
8424842050016,false,חטיף רוביו ציפס טעם,,ES,חטיף רוביו ציפס טעם כמהין 125 גרם,לא מנהל יחידת מידה,125.00,לא מנהל יחידת מידה,false,18,13.90,0.1112,true,1,53139
8424842050030,false,חטיף רוביו ציפס ומלח,,ES,חטיף רוביו ציפס ומלח החמלאיה 125 גרם,לא מנהל יחידת מידה,125.00,לא מנהל יחידת מידה,false,18,13.90,0.1112,true,1,53137
8424842050085,false,חטיף רוביו ציפס חרדל,,ES,חטיף רוביו ציפס חרדל ודבש 125 גרם,לא מנהל יחידת מידה,125.00,לא מנהל יחידת מידה,false,18,13.90,0.1112,true,1,53136
8424842201340,false,חטיף רוביו ציפס מסור,,ES,חטיף רוביו ציפס מסורתי 125 גרם,לא מנהל יחידת מידה,125.00,לא מנהל יחידת מידה,false,18,13.90,0.1112,true,1,53138
8425206000081,false,ריבת חלב מרדל 450 גר,,ES,ריבת חלב מרדל 450 גר צנצנת,גרמים,450.00,100 גרם,false,12,20.00,4.4444,true,1,17802
8425206000142,false,ריבת חלב מרדל לחיץ 3,,ES,ריבת חלב מרדל לחיץ 370 גר,גרמים,370.00,100 גרם,false,12,20.00,5.4054,true,1,27495
8425206000272,false,סירופ בטעם ריבת חלב,,ES,סירופ בטעם ריבת חלב 550 גרם,גרמים,550.00,100 גרם,false,12,20.00,3.6364,true,1,39389
8427318850028,false,חטיף צורוס קפוא 500,,,חטיף צורוס קפוא 500 גרם,גרמים,500.00,100 גרם,false,1,16.90,3.3800,true,1,25741
8428818164172,false,מלח אטלנטי אפור לח ט,,,מלח אטלנטי אפור לח טבעי 1 קג,קילוגרמים,1.00,"ק""ג",false,1,18.00,18.0000,true,1,19381
8435495805168,false,אבקת כביסה תינוקלין,פרוקטר אנד גמבל,,אבקת כביסה תינוקלין 1.25 קג,קילוגרמים,1.25,"ק""ג",false,1,24.90,19.9200,true,1,36779
8436575292205,false,מאגדת חמשושים 180גר,גלידות נסטלה,ES,מאגדת חמשושים 180גר,גרמים,180.00,100 גרם,false,6,17.90,9.9444,true,1,39945
8445290341587,false,מזון חתולים פטה דג ל,נסטלה פורינה  USA ג',,מזון חתולים פטה דג לבן ועוף 85 גרם,גרמים,85.00,100 גרם,false,24,6.50,7.6471,true,1,61064
8445290341617,false,מזון חתולים פטה עוף,נסטלה פורינה  USA סט,,מזון חתולים פטה עוף ווסלמון 85 גר,גרמים,85.00,100 גרם,false,24,6.50,7.6471,true,1,61063
8445290341655,false,מזון חתולים פטה עוף,נסטלה פורינה  USA ג',,מזון חתולים פטה עוף 85 גר,גרמים,85.00,100 גרם,false,24,6.50,7.6471,true,1,61065
8445290427120,false,דגני פיטנס שוקולד מר,נסטלה צרפת איטנקורט,,דגני פיטנס שוקולד מריר ובננה 330 ג,גרמים,330.00,100 גרם,false,1,19.90,6.0303,true,1,60707
8500001230021,false,לחם  טוטם  שטיינבך כ,,IL,לחם  טוטם  שטיינבך כ-600גרם,יחידה,1.00,יחידה,false,1,26.00,26.0000,true,1,46267
8500001230045,false,לחם סומסומון שטיינבך,,IL,לחם סומסומון שטיינבך כ-750גרם,יחידה,1.00,יחידה,false,1,26.00,26.0000,true,1,46649
8500001230083,false,לחם הודנא שחור לבן,,IL,לחם הודנא שחור לבן  שטיינבך כ-750גרם,יחידה,1.00,יחידה,false,1,26.00,26.0000,true,1,46270
8500001230113,false,לחם פשוט בכפר פת שטי,,IL,לחם פשוט בכפר פת שטיינבך,יחידה,1.00,יחידה,false,1,22.00,22.0000,true,1,46271
8500001230120,false,לחם שועלי שבולת שועל,,IL,לחם שועלי שבולת שועל שטיינבך כ-750גרם,יחידה,1.00,יחידה,false,1,26.00,26.0000,true,1,46272
8500001230151,false,לחם זיתון כפרי בתוספ,,IL,לחם זיתון כפרי בתוספת זיתי קלמטה כ-750גר,יחידה,1.00,יחידה,false,1,26.00,26.0000,true,1,46275
8500001230496,false,לחם כוסמין לשועל שטי,,IL,לחם כוסמין לשועל שטיינבך כ-750גר,יחידה,1.00,יחידה,false,1,28.00,28.0000,true,1,46277
8500001230519,false,לחם רק כוסמין שטיינב,,IL,לחם רק כוסמין שטיינבך כ-750גר,יחידה,1.00,יחידה,false,1,26.00,26.0000,true,1,46276
8500001240013,false,חלת כוסמין עם חמוציו,,IL,חלת כוסמין עם חמוציות ואגוזי מלך שטיינבך,יחידה,1.00,יחידה,false,1,30.00,30.0000,true,1,50440
8500001312154,false,עוגיות בטעמים בקופסא,פרוקטר אנד גמבל,,עוגיות בטעמים בקופסא,Unknown,0.00,Unknown,false,6,32.90,0.0000,true,1,47723
8593868004690,false,בירה מילר לבנה 330מל,,,בירה מילר לבנה 330מל בקבוק,מיליליטרים,330.00,"100 מ""ל",false,1,10.00,3.0303,true,1,42509
8593868006014,false,בירה בלו מון 500 מל,,CZ,בירה בלו מון 500 מל 5.4% פח. פקדון,מיליליטרים,500.00,"100 מ""ל",false,24,11.90,2.3800,true,1,50656
8594196130549,false,משקה אנרגיה ט.קאנביס,,CZ,משקה אנרגיה ט.קאנביס 330מל פח.פקדון,מיליליטרים,330.00,"100 מ""ל",false,24,8.90,2.6970,true,1,59000
8606018615827,false,גלידה פיינט אוראו 48,גלידות נסטלה,,גלידה פיינט אוראו 480מל,מיליליטרים,480.00,"100 מ""ל",false,6,19.90,4.1458,true,1,58329
8606018615841,false,גלידה פיינט מילקה ונ,גלידות נסטלה,,גלידה פיינט מילקה וניל ליבת שוקולד 480מל,מיליליטרים,480.00,"100 מ""ל",false,6,19.90,4.1458,true,1,58330
8606018615865,false,גלידה פיינט מילקה קר,גלידות נסטלה,,גלידה פיינט מילקה קרמל ליבת שוקולד 480מל,מיליליטרים,480.00,"100 מ""ל",false,6,19.90,4.1458,true,1,58331
8683130008355,false,מיונז הלמנס שום לחיץ,,TR,מיונז הלמנס שום לחיץ 400 גרם,גרמים,400.00,100 גרם,false,8,14.90,3.7250,true,1,56532
8683130008935,false,הלמנס קטשיונז 425 גר,,TR,הלמנס קטשיונז 425 גרם,גרמים,425.00,100 גרם,false,8,14.90,3.5059,true,1,57738
8683130025581,false,מרכך כביסה בדין אקסט,יוניליוור,,מרכך כביסה בדין אקסטרא ענבר 960 מל,מיליליטרים,960.00,"100 מ""ל",false,1,16.90,1.7604,true,1,60323
8683323063024,false,גומי יוגטה תותי פרוט,סאדאט,,ממתק יוגטה תותי פרוטי 220גרם,גרמים,220.00,100 גרם,false,1,6.90,3.1364,true,1,27898
8686868600068,false,אביזרי שיער,,CN,אביזרי שיער,Unknown,0.00,Unknown,false,1,8.90,0.0000,true,1,32120
8686868600075,false,אביזרי שיער,,CN,אביזרי שיער,Unknown,0.00,Unknown,false,1,9.90,0.0000,true,1,32121
8686868600105,false,אביזרי שיער,,CN,אביזרי שיער,Unknown,0.00,Unknown,false,1,12.90,0.0000,true,1,32124
8686868600112,false,אביזרי שיער,,CN,אביזרי שיער,Unknown,0.00,Unknown,false,1,13.90,0.0000,true,1,32125
8686868600129,false,אביזרי שיער,,CN,אביזרי שיער,Unknown,0.00,Unknown,false,1,14.90,0.0000,true,1,32126
8686868600150,false,אביזרי שיער,,CN,אביזרי שיער,Unknown,0.00,Unknown,false,1,17.90,0.0000,true,1,32129
8686868600167,false,אביזרי רחצה,,CN,אביזרי רחצה,Unknown,0.00,Unknown,false,1,29.90,0.0000,true,1,32132
8686868600174,false,אביזרי רחצה,,CN,אביזרי רחצה,Unknown,0.00,Unknown,false,1,19.90,0.0000,true,1,32130
8686868600211,false,מטריית ילדים,,,מטריית ילדים,Unknown,0.00,Unknown,false,1,19.90,0.0000,true,1,48912
8686868600235,false,אביזרי טיפוח שונים,,CN,אביזרי טיפוח שונים,Unknown,0.00,Unknown,false,1,12.90,0.0000,true,1,32298
8690504081913,false,ביסקויט טינס מצופה ח,MACVUTES,,ביסקויט טינס מצופה חלב 150 גרם,גרמים,150.00,100 גרם,false,1,10.90,7.2667,true,1,36229
8690504081920,false,ביסקויט טינס מצופה מ,MACVUTES,,ביסקויט טינס מצופה מריר 150 גרם,גרמים,150.00,100 גרם,false,1,10.90,7.2667,true,1,36228
8690504081937,false,ביסקויט טינס מצופה ק,MACVUTES,,ביסקויט טינס מצופה קפוצינו 150 גרם,גרמים,150.00,100 גרם,false,1,10.90,7.2667,true,1,36230
8690504153740,false,שוקולד גודאיבה מריר,,,שוקולד גודאיבה מריר גנאש מריר 86 גרם,Unknown,0.00,Unknown,false,18,13.90,0.0000,true,1,39736
8690504153849,false,שוקולד גודאיבה חלב ק,,,שוקולד גודאיבה חלב ק.אגוז86 גרם,Unknown,0.00,Unknown,false,18,13.90,0.0000,true,1,39737
8690504156543,false,שוקולד גודאיבה גנאש,,,שוקולד גודאיבה גנאש חלב 88 גרם,Unknown,0.00,Unknown,false,18,13.90,0.0000,true,1,44678
8690526009254,false,מיני עוגה אישית מצופ,,TR,מיני עוגה אישית מצופה מילוי קרם קקאו144,גרמים,144.00,100 גרם,false,20,9.90,6.8750,true,1,54857
8690526009353,false,חטיף בוטנים נוגט קרמ,,TR,חטיף בוטנים נוגט קרמל מצופה 140 גרם,גרמים,140.00,100 גרם,false,20,9.90,7.0714,true,1,54860
8690526019147,false,וופל קקאו במילוי קרם,,TR,וופל קקאו במילוי קרם אגוזי לוז 142 גרם,גרמים,142.00,100 גרם,false,20,7.90,5.5634,true,1,54853
8690526019178,false,וופל קקאו במילוי קרם,,TR,וופל קקאו במילוי קרם קוקוס 142 גרם,גרמים,142.00,100 גרם,false,20,7.90,5.5634,true,1,54852
8690526019185,false,וופל קקאו במילוי קרם,,TR,וופל קקאו במילוי קרם שוקולד 142 גרם,גרמים,142.00,100 גרם,false,20,7.90,5.5634,true,1,54854
8690526035697,false,וופל מיני מצופה ממול,,TR,וופל מיני מצופה ממולא קרם קקאו 112 גרם,גרמים,112.00,100 גרם,false,20,9.90,8.8393,true,1,54856
8690526039213,false,עוגיות מצופות שוקולד,,TR,עוגיות מצופות שוקולד וקוקס קלוי 100 גרם,גרמים,100.00,100 גרם,false,20,7.90,7.9000,true,1,54855
8690637073373,false,תה ארל גריי 25 יח לי,יוניליוור,,תה ארל גריי 25 יח ליפטון,יחידה,25.00,יחידה,false,1,8.00,0.3200,true,1,7674
8690637073434,false,תה ארל גריי  100 יח,יוניליוור,,תה ארל גריי  100 יח ליפטון,יחידה,100.00,יחידה,false,1,21.90,0.2190,true,1,7675
8690637503856,false,מיונז הלמנס אמיתי לח,יוניליוור,TR,מיונז הלמנס אמיתי לחיץ 395 גר,גרמים,395.00,100 גרם,false,8,14.90,3.7722,true,1,49905
8690637504426,false,קרם סיף לניקוי לימון,יוניליוור,,קרם סיף לניקוי לימון 500 מל,מיליליטרים,500.00,"100 מ""ל",false,1,14.90,2.9800,true,1,57368
8690637505614,false,מרכך כביסה בדין אקסט,יוניליוור,,מרכך כביסה בדין אקסטרא 960מל פינוק קוקוס,מיליליטרים,960.00,"100 מ""ל",false,1,16.90,1.7604,true,1,52867
8690637505935,false,תרחיץ ידיים דאב 500מ,,,תרחיץ ידיים דאב 500מל ניחוח אבוקדו,מיליליטרים,500.00,"100 מ""ל",false,1,18.90,3.7800,true,1,57362
8690637505959,false,תרחיץ ידיים דאב 500מ,,,תרחיץ ידיים דאב 500מל ניחוח לוטוס,מיליליטרים,500.00,"100 מ""ל",false,1,18.90,3.7800,true,1,57363
8690637555084,false,מרכך כביסה בדין אקסט,יוניליוור,,מרכך כביסה בדין אקסטרא פריחת תפוז 960מל,מיליליטרים,960.00,"100 מ""ל",false,1,16.90,1.7604,true,1,8981
8690637688195,false,תה ליפטון ירוק קלאסי,יוניליוור,,תה ליפטון ירוק קלאסי 20 יח,יחידה,20.00,יחידה,false,1,15.90,0.7950,true,1,17089
8690637704277,false,שמפו דאב יום יומי 2,יוניליוור,,שמפו דאב יום יומי 2 ב1 600 מל,מיליליטרים,600.00,"100 מ""ל",false,1,18.90,3.1500,true,1,18317
8690637704376,false,שמפו דאב עם שמן אבוק,יוניליוור,,שמפו דאב יום יומי 600 מל,מיליליטרים,600.00,"100 מ""ל",false,1,18.90,3.1500,true,1,18318
8690637704390,false,מרכך דאב יום יומי 60,יוניליוור,,מרכך דאב יום יומי 600 מל,מיליליטרים,600.00,"100 מ""ל",false,1,18.90,3.1500,true,1,18315
8690637704413,false,מרכך דאב לשיקום שיער,יוניליוור,,מרכך דאב לשיקום שיער פגום 600 מל,מיליליטרים,600.00,"100 מ""ל",false,1,18.90,3.1500,true,1,18314
8690637704451,false,מרכך דאב שמני הזנה 6,יוניליוור,,מרכך דאב שמני הזנה 600 מל,מיליליטרים,600.00,"100 מ""ל",false,1,18.90,3.1500,true,1,18316
8690637799594,false,תה ליפטון ירוק נענע,יוניליוור,,תה ליפטון ירוק נענע מרוקאי 20 יח,יחידה,20.00,יחידה,false,1,15.90,0.7950,true,1,24388
8690637835643,false,תה ליפטון ירוק לימונ,יוניליוור,,תה ליפטון ירוק לימונית לואיזה 20 יח,יחידה,20.00,יחידה,false,1,15.90,0.7950,true,1,31623
8690637842399,false,מאגדת מיני מגנום דאב,"גלידת שטראוס בע""מ",,מאגדת מיני מגנום דאבל שוקולד פרי יער 6יח,גרמים,282.00,100 גרם,false,1,29.90,10.6028,true,1,35506
8690637858734,false,סיף גל לאסלות לימון,יוניליוור,,סיף גל לאסלות לימון  750 מל,מיליליטרים,750.00,"100 מ""ל",false,1,12.90,1.7200,true,1,38278
8690637858741,false,סיף גל לאסלות רוח ים,יוניליוור,,סיף גל לאסלות רוח ים  750 מל,מיליליטרים,750.00,"100 מ""ל",false,1,12.90,1.7200,true,1,38277
8690637858758,false,סיף גל לאסלות אורנים,יוניליוור,,סיף גל לאסלות אורנים  750 מל,מיליליטרים,750.00,"100 מ""ל",false,1,12.90,1.7200,true,1,38279
8690637865589,false,תרחיץ ידיים דאב 500מ,,,תרחיץ ידיים דאב 500מל בניחוח מלפפון,מיליליטרים,500.00,"100 מ""ל",false,1,18.90,3.7800,true,1,41366
8690637871061,false,שמפו דאב שמן אבוקדו,יוניליוור,,שמפו דאב שמן אבוקדו ותמציות קלנדולה 600מ,מיליליטרים,600.00,"100 מ""ל",false,1,18.90,3.1500,true,1,39258
8690637871108,false,חרדל הלמנס לחיץ 250,יוניליוור,TR,חרדל הלמנס לחיץ 250 גר,גרמים,250.00,100 גרם,false,12,11.90,4.7600,true,1,42775
8690637871245,false,מיונז הלמנס אמיתי לח,יוניליוור,TR,מיונז הלמנס אמיתי לחיץ 395 גר,גרמים,395.00,100 גרם,false,8,14.90,3.7722,true,1,41694
8690637890666,false,מאגדת מיני מגנום דאב,"גלידת שטראוס בע""מ",,מאגדת מיני מגנום דאבל פיסטוק 282גר 6יח,גרמים,282.00,100 גרם,false,1,29.90,10.6028,true,1,40757
8690637916977,false,מרכך דאב קוקוס 600מל,יוניליוור,,מרכך דאב קוקוס 600מל,מיליליטרים,600.00,"100 מ""ל",false,1,18.90,3.1500,true,1,42669
8690637916991,false,מרכך דאב עם שמן אבוק,יוניליוור,,מרכך דאב עם שמן אבוקדו 600 מל,מיליליטרים,600.00,"100 מ""ל",false,1,18.90,3.1500,true,1,42297
8690637935701,false,מרכך כביסה בדין אקסט,יוניליוור,,מרכך כביסה בדין אקסטרא דובדבן שקד 960מל,מיליליטרים,960.00,"100 מ""ל",false,1,16.90,1.7604,true,1,45281
8690637946301,false,מרכך כביסה בדין בייב,יוניליוור,,מרכך כביסה בדין בייבי כחול 960 מל,מיליליטרים,960.00,"100 מ""ל",false,1,16.90,1.7604,true,1,45678
8690637946318,false,מרכך כביסה בדין בייב,יוניליוור,,מרכך כביסה בדין בייבי צהוב 960 מל,מיליליטרים,960.00,"100 מ""ל",false,1,16.90,1.7604,true,1,45677
8690637949418,false,מאגדת סולרו אפרסק מש,"גלידת שטראוס בע""מ",,מאגדת סולרו אפרסק משמש 100%פרי 323גר,גרמים,323.00,100 גרם,false,5,22.90,7.0898,true,1,46014
8690637971310,false,מרכך כביסה בדין אקסט,יוניליוור,,מרכך כביסה בדין אקסטרא יערת דבש 960מל,מיליליטרים,960.00,"100 מ""ל",false,1,16.90,1.7604,true,1,48598
8690637976995,false,מרכך כביסה בדין אקסט,יוניליוור,,מרכך כביסה בדין אקסטרא ורוד 960מל,מיליליטרים,960.00,"100 מ""ל",false,1,16.90,1.7604,true,1,48599
8690637987274,false,קצף דומסטוס אקונומיק,יוניליוור,TR,קצף דומסטוס אקונומיקה 450מל,מיליליטרים,750.00,"100 מ""ל",false,20,12.90,1.7200,true,1,50659
8690637987281,false,ספריי דומסטוס אקונומ,יוניליוור,TR,ספריי דומסטוס אקונומיקה 750מל,מיליליטרים,750.00,"100 מ""ל",false,20,12.90,1.7200,true,1,50660
8690637989612,false,מאגדת מיני מגנום דאב,"גלידת שטראוס בע""מ",,מאגדת מיני מגנום דאבל דולצה גולד 6יח,גרמים,282.00,100 גרם,false,1,29.90,10.6028,true,1,51107
8690734354412,false,ספוגיות מתכת סקוטש ב,3m,CN,ספוגיות מתכת סקוטש ברייט אל חלד 2יח,יחידה,2.00,יחידה,false,24,8.90,4.4500,true,1,60744
8690757002444,false,נוזל להברקת נעלים שח,,TR,נוזל להברקת נעלים שחור 75 מל,Unknown,0.00,Unknown,false,6,6.90,0.0000,true,1,32090
8690757002451,false,נוזל להברקת נעלים חו,,TR,נוזל להברקת נעלים חום 75 מל,Unknown,0.00,Unknown,false,6,6.90,0.0000,true,1,32088
8690757002819,false,תרסיס מונע ריח לנעלי,סילברמיל,TR,תרסיס מונע ריח לנעליים 100 מל סילבר,מיליליטרים,100.00,"100 מ""ל",false,6,26.90,26.9000,true,1,44603
8690766156367,false,שוקולד גודאיבה פיור,,,שוקולד גודאיבה פיור חלב 90 גר,Unknown,0.00,Unknown,false,18,14.90,0.0000,true,1,44679
8690766156374,false,שוקולד גודאיבה פיור,,,שוקולד גודאיבה פיור 72% מריר 90גר,Unknown,0.00,Unknown,false,18,14.90,0.0000,true,1,44681
8690766156381,false,שוקולד גודאיבה פיור9,,,שוקולד גודאיבה פיור90% מריר 90 גר,Unknown,0.00,Unknown,false,18,14.90,0.0000,true,1,44682
8690766156398,false,שוקולד גודאיבה פיור,,,שוקולד גודאיבה פיור חלב שברי שקדים 90גר,Unknown,0.00,Unknown,false,18,14.90,0.0000,true,1,44684
8690766156404,false,שוקולד גודאיבה פיור,,,שוקולד גודאיבה פיור מריר תפוז90 גר,Unknown,0.00,Unknown,false,18,14.90,0.0000,true,1,44680
8690766156411,false,שוקולד גודאיבה פיור,,,שוקולד גודאיבה פיור מריר פלפל ורוד 90 גר,Unknown,0.00,Unknown,false,18,14.90,0.0000,true,1,44683
8690777203012,false,פלפל ירוק כבוש לא חר,קורהאן,,פלפל ירוק כבוש לא חריף 600 גר סרא,גרמים,600.00,100 גרם,false,1,12.90,2.1500,true,1,8206
8690777204071,false,פלפל חריף כבוש 640 ג,קורהאן,,פלפל חריף כבוש 640 גר סרא,גרמים,640.00,100 גרם,false,1,12.90,2.0156,true,1,8207
8690777206051,false,חציל קלוי על האש 650,קורהאן,,חציל קלוי על האש 650 גר,גרמים,650.00,100 גרם,false,1,12.90,1.9846,true,1,7222
8690777221405,false,פלפל אדום קלוי על הא,קורהאן,,פלפל אדום קלוי על האש 650 גר סרא,גרמים,650.00,100 גרם,false,1,12.90,1.9846,true,1,8208
8690784516440,false,נוזל אסלות דאק 750מל,SC Jonson,,נוזל אסלות דאק 750מל לבנדר,מיליליטרים,750.00,"100 מ""ל",false,1,10.90,1.4533,true,1,33022
8690784614665,false,סבון אסלה דאק טיפות,דאופלור אס פי אי כונ,,סבון אסלה דאק טיפות מקציף פי 4 ים,יחידה,1.00,יחידה,false,24,8.90,8.9000,true,1,37805
8690784616775,false,סבון אסלה מוצק דאק א,,RS,סבון אסלה מוצק דאק אקווה בלו 4 ב1,יחידה,1.00,יחידה,false,12,9.90,9.9000,true,1,38875
8690784711777,false,סבון אסלה דאק אקונומ,דאופלור אס פי אי כונ,,סבון אסלה דאק אקונומיקה מקציפה פי 4 ים,יחידה,1.00,יחידה,false,24,8.90,8.9000,true,1,41849
8693495050333,false,אלסבון פלמוליב לגבר,CP - Turkey+60,,אלסבון פלמוליב לגבר לימון ירוק 500 מל,מיליליטרים,500.00,"100 מ""ל",false,1,16.90,3.3800,true,1,31276
8697431460217,false,קונפ.תפוזים 70% פרי,,,קונפ.תפוזים 70% פרי 450 גר,גרמים,450.00,100 גרם,false,1,12.90,2.8667,true,1,3463
8697431460378,false,קונפ.שזיפים 70% פרי,,,קונפ.שזיפים 70% פרי 450 גר,גרמים,450.00,100 גרם,false,1,12.90,2.8667,true,1,3686
8697431921701,false,קונפ.תות  70% פרי 45,,,קונפ.תות  70% פרי 450 גר,גרמים,450.00,100 גרם,false,1,12.90,2.8667,true,1,17677
8697431921718,false,קונפ.דובדבן חמוץ 70%,,,קונפ.דובדבן חמוץ 70% פרי 450 גר,גרמים,450.00,100 גרם,false,1,12.90,2.8667,true,1,17720
8697431925143,false,קונפ.פירות יער 70% פ,,,קונפ.פירות יער 70% פרי 450 גר,גרמים,450.00,100 גרם,false,1,12.90,2.8667,true,1,17821
8697659225179,false,מטהר אויר עלי נענע פ,אטקה,TR,מטהר אויר עלי נענע פירות יער 250 מל,מיליליטרים,250.00,"100 מ""ל",false,12,12.90,5.1600,true,1,27739
8697826469092,false,טורטיה טורטילס קטנה,מוטלוקל,TR,טורטיה טורטילס קטנה 12 יח 540 גרם,גרמים,540.00,100 גרם,false,1,10.90,2.0185,true,1,9546
8699250035041,false,זית שחור יבש 700 גרם,,AT,זית שחור יבש 700 גרם,גרמים,700.00,100 גרם,false,1,19.90,2.8429,true,1,37230
8710103787402,false,סכין למכשיר עיצוב זי,,NL,סכין למכשיר עיצוב זיפים וואן בלייד,יחידה,1.00,יחידה,false,4,99.00,99.0000,true,1,52194
8710103797951,false,מכשיר לעיצוב זיפים ו,,NL,מכשיר לעיצוב זיפים וואן בלייד,יחידה,1.00,יחידה,false,3,199.00,199.0000,true,1,52193
8710243961533,false,גבינת אולד אמסטרדם ח,,,גבינת אולד אמסטרדם חטיף בשקית 90גר לבן,Unknown,0.00,Unknown,false,1,19.90,0.0000,true,1,52511
8710243962400,false,גבינת קרם אולד אמסטר,ווסטלנד,,גבינת קרם אולד אמסטרדם 125 גרם,גרמים,125.00,100 גרם,false,1,19.90,15.9200,true,1,27193
8710418111213,false,עוגיות חמאה ברינק ספ,CONTINENTAL BAKERIES,,עוגיות חמאה ברינק-ספריטס הולדי 400 גר,גרמים,400.00,100 גרם,false,1,10.00,2.5000,true,1,6946
8710447224311,false,מרכך טרזמה בוטניק  4,טריזמה,PL,מרכך טרזמה בוטניק  400מל,מיליליטרים,400.00,"100 מ""ל",false,6,17.90,4.4750,true,1,40247
8710447275306,false,קרם ידיים דאב  75 מל,יוניליוור,,קרם ידיים דאב  75 מל שמן אבוקדו,מיליליטרים,75.00,"100 מ""ל",false,1,10.90,14.5333,true,1,41584
8710447275313,false,קרם ידיים דאב  75 מל,יוניליוור,,קרם ידיים דאב  75 מל שמן קוקוס,מיליליטרים,75.00,"100 מ""ל",false,1,10.90,14.5333,true,1,41585
8710447331095,false,מסכת שיער טריזמה בוט,טריזמה,,מסכת שיער טריזמה בוטניק 300מל,מיליליטרים,300.00,"100 מ""ל",false,1,29.90,9.9667,true,1,40202
8710448530176,false,רוטב ברביקיו רמיה 25,,,רוטב ברביקיו רמיה 250 מל,גרמים,250.00,100 גרם,false,1,8.90,3.5600,true,1,41222
8710448569879,false,מיונז הולנדי לחיץ750,רמייה,,מיונז הולנדי צנצנת 750 מל,מיליליטרים,750.00,"100 מ""ל",false,1,20.00,2.6667,true,1,23829
8710448580089,false,מיונז הולנדי רמייה ל,רמייה,,מיונז הולנדי רמייה לחיץ 500 גר,גרמים,480.00,100 גרם,false,1,14.00,2.9167,true,1,23830
8710448583561,false,רוטב מיו ציפס רמייה,רמייה,,רוטב מיו ציפס רמייה הולנדי 500 מל,מיליליטרים,500.00,"100 מ""ל",false,1,12.90,2.5800,true,1,33099
8710448595182,false,רוטב ברביקיו רמייה ד,רמייה,,רוטב ברביקיו רמייה דבש מעושן 450 מל,מיליליטרים,450.00,"100 מ""ל",false,1,17.90,3.9778,true,1,43644
8710448595199,false,רוטב ברביקיו רמייה צ,רמייה,,רוטב ברביקיו רמייה צילי חריף 450 גר,גרמים,450.00,100 גרם,false,1,17.90,3.9778,true,1,21504
8710448634744,false,רוטב תאילנדי סרירצה,,NL,רוטב תאילנדי סרירצה 265 מל ילדריז,מיליליטרים,265.00,"100 מ""ל",false,6,12.90,4.8679,true,1,49634
8710449922086,false,חטיפי נאגטס צאדר חלפ,,NL,חטיפי נאגטס צאדר חלפינו אביקו 1 קג,קילוגרמים,1.00,"ק""ג",false,5,69.90,69.9000,true,1,54133
8710449985067,false,חטיפי אצבעות מוצרלה,,NL,חטיפי אצבעות מוצרלה אביקו 1 קג,קילוגרמים,1.00,"ק""ג",false,5,69.90,69.9000,true,1,54135
8710502064814,false,עוגיות שוקוציפס מרבה,Merba BV,,עוגיות שוקוציפס מרבה רכות 175גר,גרמים,175.00,100 גרם,false,1,10.90,6.2286,true,1,19794
8710502139017,false,עוגיות שוקוציפס מרבה,Merba BV,,עוגיות שוקוציפס מרבה טריפל 180 גר,גרמים,180.00,100 גרם,false,1,10.90,6.0556,true,1,7975
8710502194801,false,עוגיות שוקוציפס מרבה,Merba BV,,עוגיות שוקוציפס מרבה פירות יער 175 גר,גרמים,175.00,100 גרם,false,1,10.90,6.2286,true,1,24627
8710502279010,false,עוגיות שוקוציפס מרבה,Merba BV,NL,עוגיות שוקוציפס מרבה מצופות 175 גר,גרמים,175.00,100 גרם,false,22,10.90,6.2286,true,1,49865
8710502285509,false,עוגיות שוקוציפס מרבה,Merba BV,NL,עוגיות שוקוציפס מרבה לימון 175 גר,גרמים,175.00,100 גרם,false,22,10.90,6.2286,true,1,55819
8710502405204,false,עוגיות שוקוציפס מרבה,Merba BV,,עוגיות שוקוציפס מרבה קרם שוקולד175 גר,גרמים,175.00,100 גרם,false,1,10.90,6.2286,true,1,11931
8710502470028,false,עוגיות שוקוציפס מרבה,Merba BV,,עוגיות שוקוציפס מרבה נוגטלי 160 גר,גרמים,160.00,100 גרם,false,1,10.90,6.8125,true,1,10023
8710552274614,false,קצף לניקוי שטיחים וא,RB בריטניה,NL,קצף לניקוי שטיחים ואריגים וניש גולד600מל,מיליליטרים,600.00,"100 מ""ל",false,6,18.90,3.1500,true,1,38561
8710676220122,false,וופל סטרופ הולנדי חמ,,,וופל סטרופ הולנדי חמאה 250 גרם,גרמים,250.00,100 גרם,false,1,11.90,4.7600,true,1,49668
8710800961310,false,מארז 4 יח סוכריות מנ,פרפטי ואן מלה,,מארז 4 יח סוכריות מנטוס תות,יחידה,4.00,יחידה,false,1,11.50,2.8750,true,1,2011
8710812001844,false,ריבת מיקס פירות ביתי,,,ריבת מיקס פירות ביתית 450 גר,גרמים,450.00,100 גרם,false,1,12.00,2.6667,true,1,53492
8710812011102,false,ריבת תות שדה ביתית 4,,,ריבת תות שדה ביתית 450 גר,גרמים,450.00,100 גרם,false,1,12.00,2.6667,true,1,15396
8710812011126,false,ריבת דובדבנים ביתית,,,ריבת דובדבנים ביתית 450 גר,גרמים,450.00,100 גרם,false,1,12.00,2.6667,true,1,16043
8710812011164,false,ריבת אוכמניות ביתית,,,ריבת אוכמניות ביתית 450 גר,גרמים,450.00,100 גרם,false,1,13.90,3.0889,true,1,15398
8710847973970,false,סבון נוזלי דאב 750מל,יוניליוור,,סבון נוזלי דאב 750מל אלוורה ועץ שדר,מיליליטרים,750.00,"100 מ""ל",false,1,17.90,2.3867,true,1,50131
8710908326691,false,סבון נוזלי דאב אדמונ,יוניליוור,,סבון נוזלי דאב אדמונית 750 מל,מיליליטרים,750.00,"100 מ""ל",false,1,17.90,2.3867,true,1,23875
8710908404184,false,דאו. דאב ספריי ללא א,יוניליוור,,דאו. דאב ספריי ללא אלומיניום אורגינל 150,מיליליטרים,150.00,"100 מ""ל",false,1,16.90,11.2667,true,1,45275
8711000360606,false,קפסולות אספרסו לור7ר,,FR,קפסולות אספרסו לור7אינטנסיטי 10 יח,יחידה,10.00,יחידה,false,10,19.90,1.9900,true,1,49428
8711000362556,false,קפסולות אספרסו לור 8,,FR,קפסולות אספרסו לור 9 מאוזן 10 יח,יחידה,10.00,יחידה,false,10,19.90,1.9900,true,1,42308
8711000362570,false,קפסולות אספרסו לור 9,,FR,קפסולות אספרסו לור 9 מלא 10 יח,יחידה,10.00,יחידה,false,10,19.90,1.9900,true,1,42307
8711000362617,false,קפסולות אספרסו לור 8,,FR,קפסולות אספרסו לור 8 עוצמתי 10 יח,יחידה,10.00,יחידה,false,10,19.90,1.9900,true,1,42309
8711000362631,false,קפסולות אספרסו לור 1,,FR,קפסולות אספרסו לור 12 מריר 10 יח,יחידה,10.00,יחידה,false,10,19.90,1.9900,true,1,42305
8711000362655,false,קפסולות אספרסו לור9א,,FR,קפסולות אספרסו לור9אינטנסיטי 10 יח,יחידה,10.00,יחידה,false,10,19.90,1.9900,true,1,49427
8711000362679,false,קפסולות אספרסו לור ק,,FR,קפסולות אספרסו לור קולומביה 10 יח,יחידה,10.00,יחידה,false,10,19.90,1.9900,true,1,42329
8711000362747,false,קפסולות אספרסו לור 1,,FR,קפסולות אספרסו לור 11 אגוזי 10 יח,יחידה,10.00,יחידה,false,10,19.90,1.9900,true,1,42306
8711000431108,false,קפסולות אספרסו לור ה,,FR,קפסולות אספרסו לור הודו 10 יח,יחידה,10.00,יחידה,false,10,19.90,1.9900,true,1,42331
8711000471296,false,קפסולות אספרסו לור13,,FR,קפסולות אספרסו לור13אולטימו 10 יח,יחידה,10.00,יחידה,false,10,19.90,1.9900,true,1,46679
8711000481936,false,קפסולות אספרסו לור א,,FR,קפסולות אספרסו לור אורגני 10 יח,יחידה,10.00,יחידה,false,10,19.90,1.9900,true,1,53143
8711200426034,false,חמאת בוטנים קאלווה ק,,,חמאת בוטנים קאלווה קראנצי 350 גר,גרמים,350.00,100 גרם,false,1,15.90,4.5429,true,1,43177
8711200443789,false,חרדל מאילי דיזון לחי,מיילי,FR,חרדל מאילי דיזון לחיץ גרגירים235 מל,מיליליטרים,235.00,"100 מ""ל",false,8,15.90,6.7660,true,1,40324
8711200443802,false,חרדל מאילי דיזון לחי,מיילי,FR,חרדל מאילי דיזון לחיץ 235 מל,מיליליטרים,235.00,"100 מ""ל",false,8,15.90,6.7660,true,1,40323
8711271101595,false,בצלי אמסטרדם קשבאק 3,,NL,בצלי אמסטרדם קשבאק 370 מל,מיליליטרים,370.00,"100 מ""ל",false,6,14.90,4.0270,true,1,52926
8711281013345,false,חרדל הולנדי הוייסמן,,,חרדל הולנדי גרגרים 335 גר,גרמים,335.00,100 גרם,false,1,11.90,3.5522,true,1,32827
8711281023344,false,חרדל הולנדי הוייסמן,,,חרדל הולנדי חלק קרמי 335 גר,גרמים,335.00,100 גרם,false,1,11.90,3.5522,true,1,32828
8711327475618,false,גלידה מגנום פיינט ונ,"גלידת שטראוס בע""מ",IL,גלידה מגנום פיינט וניל קלאסיק 260גר,גרמים,260.00,100 גרם,false,8,21.90,8.4231,true,1,50283
8711327475663,false,גלידה מגנום פיינט ונ,"גלידת שטראוס בע""מ",IL,גלידה מגנום פיינט וניל שוקולד לבן 260גר,גרמים,260.00,100 גרם,false,8,21.90,8.4231,true,1,50282
8711327475717,false,גלידה מגנום פיינט ונ,"גלידת שטראוס בע""מ",IL,גלידה מגנום פיינט וניל שקדים 260גר,גרמים,260.00,100 גרם,false,8,21.90,8.4231,true,1,50284
8711327475762,false,גלידה מגנום פיינט שו,"גלידת שטראוס בע""מ",IL,גלידה מגנום פיינט שוקולד לבן עוגיות260גר,גרמים,260.00,100 גרם,false,8,21.90,8.4231,true,1,50285
8711528211138,false,גבינת גאודה עיזים במ,הנרי בליך,,גבינת גאודה עיזים במשקל,קילוגרמים,1.00,"ק""ג",true,,169.00,169.0000,true,1,2313
8711528211145,false,גבינת גאודה במשקל כש,הנרי בליך,,גבינת גאודה במשקל כשרה,קילוגרמים,1.00,"ק""ג",true,,69.00,69.0000,true,1,5337
8711600452459,false,מסכת שיער דאב לטיפוח,יוניליוור,,מסכת שיער דאב לטיפוח והזנת שיער 200 מל,מיליליטרים,200.00,"100 מ""ל",false,1,18.90,9.4500,true,1,20542
8711700665834,false,סבון מוצק דאב מלפפון,יוניליוור,,סבון מוצק דאב מלפפון 6 יח 100 גר,גרמים,600.00,100 גרם,false,1,19.90,3.3167,true,1,12191
8712000051099,false,מארז 6יח בירה היינקן,,IL,מארז 6יח בירה היינקן 0% 330מל בק.פקדון,ליטרים,1.98,ליטר,false,4,32.90,16.6162,true,1,41606
8712400802499,false,תחליף חלב נוטרלין של,נוטרישה-נוטרילון,,תחליף חלב נוטרלין שלב 1 800 גר,גרמים,800.00,100 גרם,false,1,65.90,8.2375,true,1,11512
8712400802512,false,תחליף חלב נוטרלין של,נוטרישה-נוטרילון,,תחליף חלב נוטרלין שלב 2 800 גר,גרמים,800.00,100 גרם,false,1,65.90,8.2375,true,1,11513
8712400802536,false,תחליף חלב נוטרלין של,נוטרישה-נוטרילון,,תחליף חלב נוטרלין שלב 3 800 גר,גרמים,800.00,100 גרם,false,1,65.90,8.2375,true,1,11514
8712561594608,false,סבון נוזלי דאב הזנה,יוניליוור,,סבון נוזלי דאב הזנה עמוקה 750 מל,מיליליטרים,750.00,"100 מ""ל",false,1,17.90,2.3867,true,1,19444
8712561611411,false,סבון נוזלי דאב מלפפו,יוניליוור,,סבון נוזלי דאב מלפפונים 750 מל,מיליליטרים,750.00,"100 מ""ל",false,1,17.90,2.3867,true,1,19445
8712561631570,false,תחליב רחצה דאב חלב ק,יוניליוור,,תחליב רחצה דאב חלב קוקוס 750 מל,מיליליטרים,750.00,"100 מ""ל",false,1,17.90,2.3867,true,1,19447
8712561679503,false,ספריי מלח ים טריזמה,טריזמה,,ספריי מלח ים טריזמה פרפקטלי 200מל,מיליליטרים,200.00,"100 מ""ל",false,1,29.90,14.9500,true,1,25924
8713323093490,false,גבינת אדם הולנדי 150,ווסטלנד,NL,גבינת אדם הולנדי 150גר פרוס ירוק,גרמים,150.00,100 גרם,false,1,14.90,9.9333,true,1,50783
8713323093506,false,גבינת מאסדאם הולנדי,ווסטלנד,NL,גבינת מאסדאם הולנדי 150גר פרוס כחול,גרמים,150.00,100 גרם,false,1,14.90,9.9333,true,1,50785
8714599410530,false,קפה נמס גקובס 200גר,מונדליז,RU,קפה נמס גקובס קרונונג מיובש 200גר שקית,גרמים,200.00,100 גרם,false,10,19.90,9.9500,true,1,32375
8714599410806,false,קפה נמס גקובס בשקית,מונדליז,RU,קפה נמס גקובס בשקית 160 גרם,גרמים,160.00,100 גרם,false,9,17.90,11.1875,true,1,49088
8714599412336,false,קפה נמס גקובס בריסטה,מונדליז,,קפה נמס גקובס בריסטה אמריקנו 160 גרם,גרמים,160.00,100 גרם,false,1,28.90,18.0625,true,1,56132
8714599513781,false,קפה גקובס קרנט זהב מ,מונדליז,,קפה גקובס קרנט זהב מיובש 200 גר,גרמים,200.00,100 גרם,false,1,28.90,14.4500,true,1,22216
8714599513835,false,קפה נמס גקובס נטול ק,מונדליז,,קפה נמס גקובס נטול קפאין 200 גר,גרמים,200.00,100 גרם,false,1,35.90,17.9500,true,1,24487
8714599513866,false,קפה נמס גקובס קרונונ,מונדליז,,קפה נמס גקובס קרונונג מיובש 200 גרם,גרמים,200.00,100 גרם,false,1,28.90,14.4500,true,1,22215
8714789177229,false,מארז 4 מב.שיניים אקס,CP- China-SH,,מארז 4 מב.שיניים אקסטרא קלין,Unknown,0.00,Unknown,false,1,13.90,0.0000,true,1,6896
8714789218465,false,זוג מב.שיניים קולגיי,CP- China-SH,,זוג מב.שיניים קולגייט 360 יום סמול,יחידה,2.00,יחידה,false,1,25.90,12.9500,true,1,6066
8714789303925,false,זוג מב.שיניים קולגיי,CP- China-SH,,זוג מב.שיניים קולגייט 360 יום סנסטיב,Unknown,0.00,Unknown,false,1,25.90,0.0000,true,1,7767
8714789402918,false,נוזל לניקוי כללי אגק,Colgate - Greece,,נוזל לניקוי כללי אגקס אדום פרחים 1.5 ל,ליטרים,1.50,ליטר,false,1,21.90,14.6000,true,1,7959
8714789402932,false,נוזל לניקוי כללי אגק,Colgate - Greece,,נוזל לניקוי כללי אגקס ורוד פרחים 1.5 ל,ליטרים,1.50,ליטר,false,1,21.90,14.6000,true,1,7960
8714789402970,false,נוזל לניקוי כללי אגק,Colgate - Greece,,נוזל לניקוי כללי אגקס ירוק פרחים 1.5 ל,ליטרים,1.50,ליטר,false,1,21.90,14.6000,true,1,7961
8714789582764,false,מרסס אגקס חלונות טרי,Colgate - Greece,,מרסס אגקס חלונות טריגרם 750מל,מיליליטרים,750.00,"100 מ""ל",false,1,16.90,2.2533,true,1,17386
8714789740058,false,זוג מב.שיניים קולגיי,CP-Vietnam,,זוג מב.שיניים קולגייט טוויסטר סופט,Unknown,0.00,Unknown,false,1,22.50,0.0000,true,1,12839
8714789797786,false,נוזל כלים פלמוליב גר,Colgate - Greece,,נוזל כלים פלמוליב גרייס בלאסטר750מל,מיליליטרים,750.00,"100 מ""ל",false,1,11.90,1.5867,true,1,12833
8714789831275,false,זוג מב.שיניים קולגיי,CP- China-SH,,זוג מב.שיניים קולגייט 360 אופטיק וויט,יחידה,2.00,יחידה,false,1,25.90,12.9500,true,1,13111
8714789835112,false,מברשת שיניים קולגייט,קולגייט,IT,מברשת שיניים קולגייט 360 אופטיק וייט חשמ,יחידה,1.00,יחידה,false,12,59.90,59.9000,true,1,37860
8714789930848,false,מש.שיניים אופטיק ווי,CP-Poland swidnica,,מש.שיניים אופטיק וויט אינסטנט 75 מל,מיליליטרים,75.00,"100 מ""ל",false,1,21.90,29.2000,true,1,16961
8714800004114,false,בירה בווריה 8.6 אורג,בווריה,,בירה בווריה 8.6 אורגינל 500מל פקדון,מיליליטרים,500.00,"100 מ""ל",false,1,10.00,2.0000,true,1,12970
8714800007191,false,בירה בווריה פרימיום,בווריה,,בירה בווריה פרימיום 500מל פקדון,מיליליטרים,500.00,"100 מ""ל",false,1,8.90,1.7800,true,1,12972
8714800014182,false,בירה בווריה 8.6 אדום,בווריה,,בירה בווריה 8.6 אדום 500מל פקדון,מיליליטרים,500.00,"100 מ""ל",false,1,10.00,2.0000,true,1,13588
8714800017480,false,מארז 6יח משקה מאלט ב,,,מארז 6יח משקה מאלט בוואריה תפוח 330מל,מיליליטרים,1980.00,"100 מ""ל",false,1,27.90,1.4091,true,1,15386
8714800021395,false,בירה בווריה 8.6 גולד,בווריה,,בירה בווריה 8.6 גולד 500מל פקדון,מיליליטרים,500.00,"100 מ""ל",false,1,10.00,2.0000,true,1,12971
8714800024136,false,בירה הולנדיה 5% 500,בווריה,,בירה הולנדיה 5% 500 מל,מיליליטרים,500.00,"100 מ""ל",false,24,7.90,1.5800,true,1,22734
8714800025348,false,בירה הולנדיה 12% 500,בווריה,,בירה הולנדיה 12% 500מל פקדון,מיליליטרים,500.00,"100 מ""ל",false,1,10.00,2.0000,true,1,21018
8714800025898,false,בירה בווריה 8.6בלק 7,בווריה,,"בירה בווריה 8.6בלק 7.9% 500 מ""ל",מיליליטרים,500.00,"100 מ""ל",false,1,10.00,2.0000,true,1,17000
8714800026949,false,בירה בווריה 8.6 אקסט,בווריה,,"בירה בווריה 8.6 אקסטרים 10.5% 500 מ""ל",מיליליטרים,500.00,"100 מ""ל",false,1,10.00,2.0000,true,1,17001
8714800036214,false,בירה איי פי אל 500מל,בווריה,,בירה איי פי אל 500מל 8.6% פחית פקדון,מיליליטרים,500.00,"100 מ""ל",false,1,8.90,1.7800,true,1,42158
8714800041645,false,בירה בווריה 500 מל 8,בווריה,,בירה בווריה 500 מל 8.6 אקסטרים 10.5%,מיליליטרים,500.00,"100 מ""ל",false,1,10.00,2.0000,true,1,51084
8714800043182,false,בירה איי פי אל 500מל,בווריה,,בירה איי פי אל 500מל 8.6% פחית פקדון,מיליליטרים,500.00,"100 מ""ל",false,1,10.00,2.0000,true,1,58741
8715035130500,false,רוטב סויה קיקומן מופ,,,רוטב סויה קיקומן מופחת נתרן 500 מל,מיליליטרים,500.00,"100 מ""ל",false,1,20.90,4.1800,true,1,49891
8715035150300,false,רוטב סויה קיקומן ללא,,,רוטב סויה קיקומן ללא גלוטן 250 מל,מיליליטרים,250.00,"100 מ""ל",false,1,19.90,7.9600,true,1,50075
8715035520301,false,רוטב פונזו קיקומן סו,,,רוטב פונזו קיקומן סויה ולימון 250 מל,מיליליטרים,250.00,"100 מ""ל",false,1,19.90,7.9600,true,1,42263
8715700110141,false,מיונז אמיתי היינץ 46,היינץ,,מיונז היינץ אמיתי 460 גרם,גרמים,460.00,100 גרם,false,1,11.90,2.5870,true,1,33169
8715700110158,false,מיונז היינץ לייט 490,היינץ,,מיונז היינץ לייט 490 גרם,גרמים,490.00,100 גרם,false,1,11.90,2.4286,true,1,33170
8715700115344,false,היינץ מתבל עגבניות ל,ה.י. היינץ,,היינץ מתבל עגבניות לחיץ 460 גרם כשלפ,גרמים,460.00,100 גרם,false,1,7.90,1.7174,true,1,26578
8715700115641,false,מיונז היינץ לייט לחי,,,מיונז היינץ לייט לחיץ395 גר ל.חומר משמר,גרמים,395.00,100 גרם,false,1,15.90,4.0253,true,1,30833
8715700117805,false,קטשופ היינץ ללא מלח,ה.י. היינץ,,קטשופ היינץ ללא מלח וסוכר 400 מל,מיליליטרים,400.00,"100 מ""ל",false,1,11.90,2.9750,true,1,45832
8715700118789,false,ממרח היינץ טבעוני 39,היינץ,NL,מיונז טבעוני 400 מל היינץ,גרמים,390.00,100 גרם,false,10,19.90,5.1026,true,1,56992
8715700120874,false,קטשופ היינץ עם שום 4,ה.י. היינץ,NL,קטשופ היינץ עם שום 460 גרם,גרמים,460.00,100 גרם,false,10,11.90,2.5870,true,1,56089
8715700419695,false,רוטב היינץ ברביקיו מ,היינץ,NL,רוטב היינץ ברביקיו מתוק 500 גר,גרמים,500.00,100 גרם,false,10,16.90,3.3800,true,1,33168
8715700419732,false,קטשופ היינץ לחיץ 700,ה.י. היינץ,,קטשופ היינץ לחיץ 700 גרם,גרמים,700.00,100 גרם,false,1,11.90,1.7000,true,1,16846
8715700421032,false,ממרח סנדויץ טבעי היי,,,ממרח סנדויץ טבעי היינץ 300 גר,גרמים,300.00,100 גרם,false,1,15.90,5.3000,true,1,20353
8715700421322,false,רוטב היינץ ברביקיו צ,היינץ,NL,רוטב היינץ ברביקיו צילי 490 גר,גרמים,490.00,100 גרם,false,10,16.90,3.4490,true,1,33167
8715700422381,false,מיונז אמיתי היינץ 42,,,מיונז אמיתי היינץ 420 גרם,גרמים,420.00,100 גרם,false,1,8.90,2.1190,true,1,24372
8715700422473,false,מיונז היינץ לחיץ395,,,מיונז היינץ לחיץ395 גר ל.חומר משמר,גרמים,395.00,100 גרם,false,1,15.90,4.0253,true,1,26274
8715700423906,false,מתבל עגבניות היינץ מ,ה.י. היינץ,,מתבל עגבניות היינץ מופחת סוכר ונתרן555גר,גרמים,555.00,100 גרם,false,1,11.90,2.1441,true,1,35458
8716695882877,false,רסק תפוחי עץ ל.ס. אמ,,,רסק תפוחי עץ ל.ס. אמהא360גר,גרמים,360.00,100 גרם,false,1,7.90,2.1944,true,1,48141
8717163628812,false,מסכת שיער טרזמה להחל,טריזמה,,מסכת שיער טרזמה להחלקה וצבע 300מל,מיליליטרים,300.00,"100 מ""ל",false,1,29.90,9.9667,true,1,45684
8717163630105,false,שמפו טרזמה להחלקה וצ,טריזמה,PL,שמפו טרזמה להחלקה וצבע 400מל,מיליליטרים,400.00,"100 מ""ל",false,6,24.90,6.2250,true,1,45686
8717163647226,false,דאודורנט אקס בלאק ספ,יוניליוור,,דאודורנט אקס בלאק ספריי לגבר 150מל,מיליליטרים,150.00,"100 מ""ל",false,1,19.90,13.2667,true,1,41278
8717163647233,false,דאודורנט אקס בלאק ני,יוניליוור,,דאודורנט אקס בלאק נייט ספריי לגבר 150מל,מיליליטרים,150.00,"100 מ""ל",false,1,19.90,13.2667,true,1,41277
8717163647240,false,דאודורנט אקס שוקולד,יוניליוור,,דאודורנט אקס שוקולד ספריי לגבר 150מל,מיליליטרים,150.00,"100 מ""ל",false,1,19.90,13.2667,true,1,41276
8717163647257,false,דאודורנט אקס גולד ספ,יוניליוור,,דאודורנט אקס גולד ספריי 150מל,מיליליטרים,150.00,"100 מ""ל",false,1,19.90,13.2667,true,1,41274
8717163647264,false,דאודורנט אקס ספריי ג,יוניליוור,,דאודורנט אקס ספריי גוף אייס ציל לגבר150מ,מיליליטרים,150.00,"100 מ""ל",false,1,19.90,13.2667,true,1,41272
8717163655764,false,דאודורנט רקסונה ספרי,יוניליוור,GB,דאודורנט רקסונה ספריי שאוור פרש 150מל,מיליליטרים,150.00,"100 מ""ל",false,6,19.90,13.2667,true,1,43698
8717163658314,false,סבון נוזלי דאב 500מל,יוניליוור,,סבון נוזלי דאב 500מל מים מיסלריים סנסטיב,מיליליטרים,500.00,"100 מ""ל",false,1,15.90,3.1800,true,1,41255
8717163842669,false,סבון נוזלי דאב 500מל,יוניליוור,,סבון נוזלי דאב 500מל חמר ירוק,מיליליטרים,500.00,"100 מ""ל",false,1,15.90,3.1800,true,1,44307
8717163842676,false,סבון נוזלי דאב 500מל,יוניליוור,,סבון נוזלי דאב 500מל חימר ורוד,מיליליטרים,500.00,"100 מ""ל",false,1,15.90,3.1800,true,1,44308
8717545620236,false,גבינת אולד אמסטרדם 1,,,גבינת אולד אמסטרדם 150 גרם פרוסות,גרמים,150.00,100 גרם,false,1,24.90,16.6000,true,1,27174
8717545623077,false,גבינת אולד אמסטרדם 1,ווסטלנד,,גבינת אולד אמסטרדם 150 גרם אדום,גרמים,150.00,100 גרם,false,1,22.90,15.2667,true,1,33581
8717545810019,false,וופל סטרופ הולנד 175,,,וופל סטרופ הולנד דלמנס 175 גר,גרמים,175.00,100 גרם,false,1,10.90,6.2286,true,1,34847
8717644390566,false,סבון דאב מוצק 4 יח י,יוניליוור,,סבון דאב מוצק 4 יח ירוק,גרמים,400.00,100 גרם,false,1,14.90,3.7250,true,1,7881
8717677336593,false,שוקולד טוניס חלב 180,,NL,שוקולד טוניס 32% חלב 180 גרם,גרמים,180.00,100 גרם,false,15,18.90,10.5000,true,1,51253
8717677336630,false,שוקולד טוניס שקד דבש,,NL,שוקולד טוניס שקד דבש נוגט 180 גרם,גרמים,180.00,100 גרם,false,15,18.90,10.5000,true,1,51255
8717677336654,false,שוקולד טוניס קרמל מל,,NL,שוקולד טוניס קרמל מלח ים 180 גרם,גרמים,180.00,100 גרם,false,15,18.90,10.5000,true,1,51256
8717677336661,false,שוקולד טוניס 70% מרי,,NL,שוקולד טוניס 70% מריר 180 גרם,גרמים,180.00,100 גרם,false,15,18.90,10.5000,true,1,51257
8717677338436,false,שוקולד טוניס חלב אגו,,NL,שוקולד טוניס חלב אגוזי לוז 180 גרם,גרמים,180.00,100 גרם,false,15,18.90,10.5000,true,1,51258
8718053512112,false,גבינת גאודה עיזים הו,ווסטלנד,NL,גבינת גאודה עיזים הולנדי 150גר פרוס כתום,גרמים,150.00,100 גרם,false,1,24.90,16.6000,true,1,50781
8718114734484,false,מיונז מאילי 320 גר צ,מיילי,,מיונז מאילי דיזון 320 גר צנצנת,גרמים,320.00,100 גרם,false,1,12.90,4.0313,true,1,10422
8718692610835,false,שלישיית בקבוקים סודה,סודה סטרים,,שלישיית בקבוקים סודה סטרים,Unknown,0.00,Unknown,false,1,59.90,0.0000,true,1,24047
8718692619456,false,מכשיר סודה ספיריט לב,סודה סטרים,,מכשיר סודה ספיריט לבן,יחידה,1.00,יחידה,false,1,499.00,499.0000,true,1,32447
8718951001589,false,מרסס אגקס מסיר שומני,,,מרסס אגקס מסיר שומנים למטבח 600מל,מיליליטרים,600.00,"100 מ""ל",false,1,14.90,2.4833,true,1,20268
8718951001596,false,מרסס אגקס אמבטיה 600,,,מרסס אגקס אמבטיה 600מל,מיליליטרים,600.00,"100 מ""ל",false,1,14.90,2.4833,true,1,20269
8718951001602,false,מרסס אגקס רב פעולות,,,מרסס אגקס רב פעולות 600מל,מיליליטרים,600.00,"100 מ""ל",false,1,14.90,2.4833,true,1,20270
8718951030169,false,מש.שיניים קולגייט סנ,CP-Poland swidnica,PL,מש.שיניים קולגייט סנסטייב הלבנה 75מל,מיליליטרים,75.00,"100 מ""ל",false,48,17.90,23.8667,true,1,45778
8718951030206,false,מש.שיניים קולגייט סנ,CP-Poland swidnica,PL,מש.שיניים קולגייט סנסטייב ש.רגישות 75מל,מיליליטרים,75.00,"100 מ""ל",false,48,17.90,23.8667,true,1,45777
8718951166288,false,מש.שיניים קולגייט מק,CP-Poland swidnica,PL,מש.שיניים קולגייט מקס וייט 125 מל,מיליליטרים,125.00,"100 מ""ל",false,12,17.90,14.3200,true,1,39181
8718951166561,false,מש.שיניים קולגייט מק,CP-Poland swidnica,PL,מש.שיניים קולגייט מקס פרש כחול 125 מל,מיליליטרים,125.00,"100 מ""ל",false,12,17.90,14.3200,true,1,39180
8718951236790,false,משחת שיניים קולגייט,CP-Poland swidnica,PL,משחת שיניים קולגייט טוטל קלין מינט100חדש,מיליליטרים,100.00,"100 מ""ל",false,48,16.90,16.9000,true,1,39861
8718951236806,false,משחת שיניים קולגייט,CP-Poland swidnica,PL,משחת שיניים קולגייט טוטל הלבנה 100מל חדש,מיליליטרים,100.00,"100 מ""ל",false,48,16.90,16.9000,true,1,39860
8718951236813,false,משחת שיניים קולגיט ט,CP-Poland swidnica,PL,משחת שיניים קולגיט טוטל ניקוי מתקדם חדש,מיליליטרים,100.00,"100 מ""ל",false,48,16.90,16.9000,true,1,39859
8718951240742,false,משחת שיניים קולגייט,CP-Poland swidnica,PL,משחת שיניים קולגייט טוטל פסים 100מל חדש,מיליליטרים,100.00,"100 מ""ל",false,48,16.90,16.9000,true,1,39862
8718951247871,false,מרסס אגקס שירותים טר,,GR,מרסס אגקס שירותים טריגר 500מל,מיליליטרים,500.00,"100 מ""ל",false,12,14.90,2.9800,true,1,44605
8718951286733,false,משחת שיניים קולגייט,CP-Poland swidnica,,משחת שיניים קולגייט אופטיק לסטינג ויט 75,Unknown,0.00,Unknown,false,48,27.90,0.0000,true,1,55254
8718951289833,false,מארז סבון פלמוליב מו,CP - Turkey+60,TR,מארז סבון פלמוליב מוצק לומינוס 4יח 90גר,גרמים,360.00,100 גרם,false,18,16.90,4.6944,true,1,43982
8718951314009,false,אלסבון פלמוליב משאבה,CP - Turkey+60,,אלסבון פלמוליב משאבה פטל שחור 750 מל,מיליליטרים,750.00,"100 מ""ל",false,1,17.90,2.3867,true,1,56637
8718951315303,false,משחת שיניים קולגייט,CP-Poland swidnica,,משחת שיניים קולגייט אדומה 100מל 2 יח,מיליליטרים,200.00,"100 מ""ל",false,24,19.90,9.9500,true,1,46665
8718951334069,false,מרסס אגקס שירותים טר,,GR,מרסס אגקס שירותים טריגר 500מל,מיליליטרים,500.00,"100 מ""ל",false,12,14.90,2.9800,true,1,60182
8718951334120,false,מרכך כביסה סופלין מר,,,מרכך כביסה סופלין מרוכז לבנדר 650מל,מיליליטרים,650.00,"100 מ""ל",false,12,10.90,1.6769,true,1,45791
8718951334151,false,מרכך כביסה סופלין מר,,,מרכך כביסה סופלין מרוכז היפואלרגי 650מל,מיליליטרים,650.00,"100 מ""ל",false,12,10.90,1.6769,true,1,59756
8718951334274,false,מרכך כביסה סופלין מר,,,מרכך כביסה סופלין מרוכז וניל 1.3ליטר,מיליליטרים,1300.00,"100 מ""ל",false,12,18.90,1.4538,true,1,45787
8718951338128,false,דאו. ליידי ספיד סטיק,,,דאו. ליידי ספיד סטיק רול און שאור פרש 50,Unknown,0.00,Unknown,false,1,14.90,0.0000,true,1,53125
8718951345119,false,נוזל אגקס ניקוי כללי,Colgate - Greece,,נוזל אגקס ניקוי כללי עוצמת ה7 היביסקוס2ל,ליטרים,2.00,ליטר,false,1,23.90,11.9500,true,1,49840
8718951354807,false,נוזל ניקוי כללי אגקס,Colgate - Greece,,נוזל ניקוי כללי אגקס יסמין ח. פרחים 1.5ל,ליטרים,1.50,ליטר,false,1,21.90,14.6000,true,1,48670
8718951365865,false,מברשת שיניים קולגייט,,,מברשת שיניים קולגייט סיבי פחם זוג,יחידה,2.00,יחידה,false,1,32.90,16.4500,true,1,52539
8718951366015,false,משחת שיניים קולגייט,CP-Poland swidnica,PL,משחת שיניים קולגייט אופטיק וויט אקספרט,מיליליטרים,75.00,"100 מ""ל",false,24,49.90,66.5333,true,1,61554
8718951381292,false,משחת שיניים קולגייט,CP-Poland swidnica,PL,משחת שיניים קולגייט מקס דיטוקס פואם125מל,מיליליטרים,125.00,"100 מ""ל",false,12,17.90,14.3200,true,1,49843
8718951382640,false,גל רחצה פלמוליב חימר,CP - Turkey+60,,גל רחצה פלמוליב חימר דיטוקס 750מל,מיליליטרים,750.00,"100 מ""ל",false,1,17.90,2.3867,true,1,47868
8718951382718,false,גל רחצה פלמוליב חימר,CP - Turkey+60,,גל רחצה פלמוליב חימר התחדשות 750מל,מיליליטרים,750.00,"100 מ""ל",false,1,17.90,2.3867,true,1,47869
8718951385290,false,נוזל לניקוי כללי אגק,Colgate - Greece,,נוזל לניקוי כללי אגקס כחול 2 ל,ליטרים,2.00,ליטר,false,1,23.90,11.9500,true,1,50651
8718951391253,false,נוזל אגקס 1.5ליטר אנ,,GR,נוזל אגקס 1.5ליטר אנטיבקטריאלי מרענן כחו,מיליליטרים,1500.00,"100 מ""ל",false,8,21.90,1.4600,true,1,50907
8718951391314,false,מרסס אגקס אנט בקטריא,קולגייט פלמוליב,,מרסס אגקס אנט בקטריאלי 500מל,מיליליטרים,500.00,"100 מ""ל",false,1,14.90,2.9800,true,1,50910
8718951409798,false,מברשת שיניים קולגייט,קולגייט,CN,מברשת שיניים קולגייט מקס וויט פחם זוג,יחידה,2.00,יחידה,false,12,24.90,12.4500,true,1,52126
8718951412378,false,משחת שיניים מרידול נ,קולגייט,,משחת שיניים מרידול נשימה רעננה 75מל,מיליליטרים,75.00,"100 מ""ל",false,1,25.90,34.5333,true,1,60181
8718951415836,false,מי פה קולגייט פלקס פ,Colgate - Brazil,,מי פה קולגייט פלקס פחם 500מל,מיליליטרים,500.00,"100 מ""ל",false,1,25.90,5.1800,true,1,52540
8718951428492,false,אלסבון פלמוליב משאבה,CP - Turkey+60,,אלסבון פלמוליב משאבה פחם 4ב1 לגבר 750מל,מיליליטרים,750.00,"100 מ""ל",false,1,17.90,2.3867,true,1,58102
8718951428522,false,אלסבון פלמוליב משאבה,CP - Turkey+60,,אלסבון פלמוליב משאבה המפ 4ב1 לגבר 750מל,מיליליטרים,750.00,"100 מ""ל",false,1,17.90,2.3867,true,1,56362
8718951431614,false,אלסבון פלמוליב משאבה,CP - Turkey+60,,אלסבון פלמוליב משאבה סו פירם מינרלים 750,מיליליטרים,750.00,"100 מ""ל",false,1,17.90,2.3867,true,1,55255
8718951433120,false,משחת שיניים קולגייט,CP-Poland swidnica,PL,משחת שיניים קולגייט טוטל גוניור 50מל,Unknown,0.00,Unknown,false,12,16.90,0.0000,true,1,60704
8718951466371,false,משחת שיניים מרידול ח,CP-Poland swidnica,,משחת שיניים מרידול חניכיים רגישות 75 מל,מיליליטרים,75.00,"100 מ""ל",false,48,19.90,26.5333,true,1,60860
8718951477384,false,משחת שיניים קולגייט,קולגייט,MX,משחת שיניים קולגייט טוטל גל 75מל,מיליליטרים,75.00,"100 מ""ל",false,48,19.90,26.5333,true,1,57823
8719128110325,false,סירופ סודה סטרים לימ,סודה סטרים,IL,סירופ סודה סטרים לימונדה 500מל,מיליליטרים,500.00,"100 מ""ל",false,1,22.90,4.5800,true,1,34072
8719128117256,false,סירופ  סבנאפ 440 מל,סודה סטרים,,סירופ  סבנאפ 440 מל סודה סטרים,מיליליטרים,440.00,"100 מ""ל",false,1,22.90,5.2045,true,1,51512
8719128117263,false,סירופ מירנדה 440 מל,סודה סטרים,,סירופ מירנדה 440 מל סודה סטרים,מיליליטרים,440.00,"100 מ""ל",false,1,22.90,5.2045,true,1,51514
8719128117294,false,סירופ סבנאפ דיאט 440,סודה סטרים,,סירופ סבנאפ דיאט 440מל סודה סטרים,מיליליטרים,440.00,"100 מ""ל",false,1,22.90,5.2045,true,1,51513
8719128118734,false,מילוי מיכל גז עד 60,,,מילוי מיכל גז עד 60 ליטר חיבור מהיר,יחידה,1.00,יחידה,false,1,62.90,62.9000,true,1,60739
8719200998001,false,מרגרינה בלי מלח 200,יוניליוור,IL,מרגרינה בלי מלח 200 גרם בלו בנד,גרמים,200.00,100 גרם,false,60,5.10,2.5500,true,1,44545
8719200998018,false,מחמאה בלו בנד 200 גר,יוניליוור,,מחמאה בלו בנד 200 גר,גרמים,200.00,100 גרם,false,1,5.50,2.7500,true,1,44554
8719200998032,false,מרגרינה מזולה גלורי,יוניליוור,IL,מרגרינה מזולה גלורי טעם חמאה 250 גרם,גרמים,250.00,100 גרם,false,48,10.90,4.3600,true,1,44551
8719200998049,false,מרגרינה מזולה רגילה,יוניליוור,IL,מרגרינה מזולה רגילה 250 גרם,גרמים,250.00,100 גרם,false,48,10.90,4.3600,true,1,44548
8719200998094,false,מרגרינה מזולה ללא מל,יוניליוור,,מרגרינה מזולה ללא מלח 200 גר,גרמים,200.00,100 גרם,false,1,7.10,3.5500,true,1,44553
8719200998100,false,מרגרינה מזולה טעם חמ,יוניליוור,,מרגרינה מזולה טעם חמאה 200 גר,גרמים,200.00,100 גרם,false,1,7.10,3.5500,true,1,44552
8719956492709,false,שוקולד טוניס לבן עם,,NL,שוקולד טוניס לבן עם פטל 180 גרם,גרמים,180.00,100 גרם,false,15,18.90,10.5000,true,1,51259
8720181045905,false,דאודורנט אקס ספריי א,יוניליוור,,דאודורנט אקס ספריי אפריקה אנטיפרספ 150מל,מיליליטרים,150.00,"100 מ""ל",false,1,19.90,13.2667,true,1,48768
8720181045912,false,דאודורנט אקס ספריי א,יוניליוור,,דאודורנט אקס ספריי אפריקה 150מל,מיליליטרים,150.00,"100 מ""ל",false,1,19.90,13.2667,true,1,48767
8720181046605,false,דאו. דאב ספריי אורגי,יוניליוור,,דאו. דאב ספריי אורגינל 150 מל,מיליליטרים,150.00,"100 מ""ל",false,1,16.90,11.2667,true,1,49743
8720181046612,false,דאב דאו.רולאון אורגי,יוניליוור,,דאב דאו.רולאון אורגינל 50 מל,Unknown,0.00,Unknown,false,1,16.90,0.0000,true,1,52367
8720181123955,false,גל רחצה אקס 400מל רי,יוניליוור,,גל רחצה אקס 400מל ריצארג,מיליליטרים,400.00,"100 מ""ל",false,1,12.90,3.2250,true,1,57364
8720181204111,false,גל רחצה אקס 400 מל א,יוניליוור,,גל רחצה אקס 400 מל אפיק פרש,מיליליטרים,400.00,"100 מ""ל",false,1,12.90,3.2250,true,1,60315
8720608014958,false,תה ליפטון ילו לייבל,יוניליוור,,תה ליפטון ילו לייבל 100 יח 1.5 גרם,יחידה,1.00,יחידה,false,1,12.90,12.9000,true,1,61180
8721200060107,false,וופל בקרסלנד סטרופ ה,VAN DER BREGGEN,,וופל בקרסלנד סטרופ הולנדי 250 ג המלט,גרמים,250.00,100 גרם,false,1,12.90,5.1600,true,1,6140
8722700202325,false,מלפפון מאילי מיני קו,מיילי,,מלפפון מאילי מיני קורנישון 400 גר,גרמים,400.00,100 גרם,false,1,25.90,6.4750,true,1,23878
8723400756552,false,מארז 4 יח סוכריות מנ,פרפטי ואן מלה,,מארז 4 יח סוכריות מנטוס רינבוא,יחידה,4.00,יחידה,false,1,11.50,2.8750,true,1,12688
8723400793922,false,מארז 4 יח סוכריות מנ,פרפטי ואן מלה,,מארז 4 יח סוכריות מנטוס דובדבן,יחידה,4.00,יחידה,false,1,11.50,2.8750,true,1,51715
8727500033094,false,קקאו הולנדי בלוקר 25,Van houten,,קקאו הולנדי בלוקר 250 גרם,גרמים,250.00,100 גרם,false,1,13.90,5.5600,true,1,35095
8801055706440,false,קפה נמס טסטר צויס טו,נסטלה קוריאה - קפה,,קפה נמס טסטר צויס טו גו 1.8/20גר,יחידה,20.00,יחידה,false,1,12.00,0.6000,true,1,9351
8801055706952,false,נסקפה קפוצינו קרמל 1,נסטלה קוריאה - קפה,,נסקפה קפוצינו קרמל 10 יח 17 גר,גרמים,170.00,100 גרם,false,1,19.90,11.7059,true,1,12727
8801055707966,false,נסקפה בריסטה טסטר צו,נסטלה קוריאה - קפה,,נסקפה טסטר צויס בריסטה 180 גר,גרמים,180.00,100 גרם,false,1,32.90,18.2778,true,1,23965
8801055708772,false,מארז נסקפה טסטר צויס,נסטלה קוריאה - קפה,,מארז נסקפה טסטר צויס 200 גרם+50גרם בשקית,גרמים,200.00,100 גרם,false,1,32.90,16.4500,true,1,37858
8801055709427,false,נסקפה טסטר צויס אלטה,,,נסקפה טסטר צויס אלטה ריקה 100 גרם,גרמים,100.00,100 גרם,false,,26.90,26.9000,true,1,56432
8801055709434,false,נסקפה טסטר צויס קולו,,,נסקפה טסטר צויס קולומביה 100 גרם,גרמים,100.00,100 גרם,false,,26.90,26.9000,true,1,56430
8801055709441,false,נסקפה טסטר צויס סומט,,,נסקפה טסטר צויס סומטרה 100 גרם,גרמים,100.00,100 גרם,false,,26.90,26.9000,true,1,56434
8801055709458,false,נסקפה קפוצינו קרמל 1,נסטלה קוריאה - קפה,,נסקפה קפוצינו קרמל 10 יח 17 גר,גרמים,170.00,100 גרם,false,1,19.90,11.7059,true,1,58367
8801055709465,false,נסקפה קפוצינו וניל 1,נסטלה קוריאה - קפה,,נסקפה קפוצינו וניל 10 יח 17 גר,גרמים,170.00,100 גרם,false,1,19.90,11.7059,true,1,58368
8801055709472,false,נסקפה קפוצינו קלאסי,נסטלה קוריאה - קפה,,נסקפה קפוצינו קלאסי 10 יח 17 גר,גרמים,170.00,100 גרם,false,1,19.90,11.7059,true,1,58369
8801055709489,false,נסקפה קפוצינו אגוזים,נסטלה קוריאה - קפה,,נסקפה קפוצינו אגוזים 10 יח 17 גר,גרמים,170.00,100 גרם,false,1,19.90,11.7059,true,1,58370
8801055709526,false,נסקפה קפוצינו שוקולד,נסטלה קוריאה - קפה,,נסקפה קפוצינו שוקולד לבן 10 יח 17 גר,גרמים,170.00,100 גרם,false,1,19.90,11.7059,true,1,59265
8801085020301,false,אטריות נאמה אודון 20,Alpha international,,אטריות נאמה אודון 200 גר,גרמים,200.00,100 גרם,false,1,8.50,4.2500,true,1,8958
8802241131664,false,מארז 9 יח חטיף אצות,"מאן-גון פוד בע""מ",KR,מארז 9 יח חטיף אצות 40 גר,Unknown,0.00,Unknown,false,1,26.90,0.0000,true,1,33058
8802241131671,false,מארז 9 יח חטיף אצות,"מאן-גון פוד בע""מ",KR,מארז 9 יח חטיף אצות וואסבי 4.5 גר,Unknown,0.00,Unknown,false,1,35.90,0.0000,true,1,58702
8802241132821,false,מארז 3 יח חטיף אצות,"מאן-גון פוד בע""מ",,מארז 3 יח חטיף אצות 13.50 גר,Unknown,0.00,Unknown,false,1,13.90,0.0000,true,1,35652
8809168840471,false,מארז 9 יח חטיף אצות,,KR,מארז 9 יח חטיף אצות מיובשות 40.50 גר,Unknown,0.00,Unknown,false,12,24.90,0.0000,true,1,51039
8809168840488,false,מארז 3 יח חטיף אצות,,KR,מארז 3 יח חטיף אצות מיובשות 40.50 גר,Unknown,0.00,Unknown,false,12,11.90,0.0000,true,1,49083
8850006331699,false,מברשת שיניים קולגייט,CP-Poland swidnica,CN,מברשת שיניים קולגייט סלים סופט שלישייה,יחידה,3.00,יחידה,false,12,32.90,10.9667,true,1,37832
8850038400073,false,רוטב צדפות קטן מאקור,צ'או הוואד,,רוטב צדפות קטן מאקורה 300 מל,מיליליטרים,300.00,"100 מ""ל",false,1,16.90,5.6333,true,1,14832
8850058000710,false,מחית צילי בשמן 227 ג,Super J Internationa,,מחית צילי בשמן 227 גר,גרמים,22700.00,100 גרם,false,1,18.00,0.0793,true,1,7880
8850161161247,false,משקה מי קוקוס 1ליטר,,TH,משקה מי קוקוס 1ליטר קוקו מקס,ליטרים,1.00,ליטר,false,12,15.90,15.9000,true,1,42351
8850161163081,false,מי קוקוס קוקו עם שבב,ASIATIC AGRO INDUSTR,TH,מי קוקוס קוקו עם שבבים 310 מל,מיליליטרים,310.00,"100 מ""ל",false,12,5.90,1.9032,true,1,57525
8850161166204,false,קרם קוקוס 17-19% אמפ,אמפווה קוקונט פרודקט,TH,קרם קוקוס 17-19% אמפאוה 500 מל בקבוק,מיליליטרים,500.00,"100 מ""ל",false,24,12.90,2.5800,true,1,40758
8850161167041,false,משקה חלב קוקוס 270מל,,TH,משקה חלב קוקוס 270מל קוקו וואי,מיליליטרים,270.00,"100 מ""ל",false,24,9.20,3.4074,true,1,42350
8850180040028,false,קמח טמפורה 500 גר גו,Malinee Food Product,,קמח טמפורה 500 גר גוגי,מיליליטרים,500.00,"100 מ""ל",false,1,10.90,2.1800,true,1,16221
8850206250592,false,רוטב צילי סיראצה 530,Yan Wal Yun Corpora,,רוטב צילי סיראצה 530 גרם,גרמים,530.00,100 גרם,false,1,19.90,3.7547,true,1,33746
8850206280049,false,רוטב צילי חריף מיו 2,Yan Wal Yun Corpora,TH,רוטב צילי חריף מיו 250 גרם,גרמים,250.00,100 גרם,false,12,17.90,7.1600,true,1,58475
8850344000103,false,רוטב פאד טאי 295 מל,,TH,רוטב פאד פתאי תאילנדי 384,מיליליטרים,295.00,"100 מ""ל",false,12,10.90,3.6949,true,1,30288
8850344001155,false,רוטב צילי מתוק 690 מ,,TH,רוטב צילי מתוק 690 מל,מיליליטרים,690.00,"100 מ""ל",false,12,9.90,1.4348,true,1,30602
8850367300266,false,תערובת חמשת התבלינים,Theppadungporn cocon,,תערובת חמשת התבלינים 50 גר,גרמים,50.00,100 גרם,false,1,11.90,23.8000,true,1,16218
8850367990443,false,רוטב לסלט סגנון אסיא,Theppadungporn cocon,,רוטב לבלט סגנון אסיאתי 285 מל,מיליליטרים,285.00,"100 מ""ל",false,1,11.90,4.1754,true,1,18912
8850367992164,false,קרם קוקוס22%ללא חומר,Theppadungporn cocon,,קרם קוקוס22%ללא חומר משמר 250 מל,מיליליטרים,250.00,"100 מ""ל",false,1,7.90,3.1600,true,1,18478
8850367992171,false,קרם קוקוס22%ללא חומר,Theppadungporn cocon,,קרם קוקוס22%ללא חומר משמר1 ל,ליטרים,1.00,ליטר,false,1,24.90,24.9000,true,1,18479
8850367992898,false,רוטב טי.סי.סי לסלט ל,Theppadungporn cocon,,רוטב טי.סי.סי לסלט למון גראס 285 מל,מיליליטרים,285.00,"100 מ""ל",false,1,11.90,4.1754,true,1,25594
8850367994021,false,רוטב צילי ללא סוכר ט,Theppadungporn cocon,,רוטב צילי ללא סוכר טי.סי.סי 280 מל,מיליליטרים,280.00,"100 מ""ל",false,1,11.90,4.2500,true,1,59143
8850367994427,false,חלב קוקוס מרוכז וממו,Theppadungporn cocon,TH,חלב קוקוס מרוכז וממותק 330 גרם,גרמים,330.00,100 גרם,false,24,12.90,3.9091,true,1,50098
8850367994779,false,מחית קארי ירוקה טי.ס,Theppadungporn cocon,TH,מחית קארי ירוקה טי.סי.סי 50 גרם,Unknown,0.00,Unknown,false,12,6.90,0.0000,true,1,52986
8850367994786,false,מחית קארי אדומה טי.ס,Theppadungporn cocon,TH,מחית קארי אדומה טי.סי.סי 50 גרם,Unknown,0.00,Unknown,false,12,6.90,0.0000,true,1,52985
8850372000380,false,מקלוני שעועית תאילנד,סיטינאן,,איטריות שעועית 10 יח 40 גר,גרמים,400.00,100 גרם,false,1,24.90,6.2250,true,1,9352
8850372000472,false,מקלוני שעועית תאילנד,סיטינאן,TH,מקלוני שעועית תאילנדי 200 גרם,גרמים,200.00,100 גרם,false,1,11.90,5.9500,true,1,30059
8850389105825,false,משקה סאפה אלוורה ענב,SAPPE PUBLIC COMPANY,,משקה סאפה אלוורה ענבים 1 ל פיקדון,ליטרים,1.00,ליטר,false,1,15.90,15.9000,true,1,10174
8850389105832,false,משקה סאפה אלוורה תפו,SAPPE PUBLIC COMPANY,,משקה סאפה אלוורה תפוחים 1 ל פיקדון,ליטרים,1.00,ליטר,false,1,15.90,15.9000,true,1,10173
8850389105849,false,משקה סאפה אלוורה אפר,SAPPE PUBLIC COMPANY,,משקה סאפה אלוורה אפרסק 1 ל פיקדון,ליטרים,1.00,ליטר,false,1,15.90,15.9000,true,1,10175
8850389115312,false,משקה סאפה מלון 300 מ,SAPPE PUBLIC COMPANY,,משקה סאפה מלון 300 מל פיקדון,מיליליטרים,300.00,"100 מ""ל",false,1,8.90,2.9667,true,1,35913
8850389115336,false,משקה סאפה אלוורה מלו,SAPPE PUBLIC COMPANY,,משקה סאפה אלוורה מלון 1 ל פיקדון,ליטרים,1.00,ליטר,false,1,15.90,15.9000,true,1,35912
8850521151215,false,קמח אורז דביק 400 גר,Oriental food co. lt,,קמח אורז דביק 400 גרם,גרמים,400.00,100 גרם,false,1,10.00,2.5000,true,1,2729
8850632604259,false,מקלות גומי יוגטה תות,סאדאט,,מקלות גומי יוגטה תות 50 גר,Unknown,0.00,Unknown,false,1,4.50,0.0000,true,1,10038
8850632604266,false,מקלות גומי יוגטה קול,סאדאט,,מקלות גומי יוגטה קולה 50 גר,Unknown,0.00,Unknown,false,1,4.50,0.0000,true,1,10039
8850632604372,false,שטיח גומי יוגטה תות,סאדאט,,שטיח גומי יוגטה תות 50 גר,Unknown,0.00,Unknown,false,1,4.50,0.0000,true,1,10040
8850632604402,false,שטיח גומי יוגטה מעור,סאדאט,,שטיח גומי יוגטה מעורב 50 גר,Unknown,0.00,Unknown,false,1,4.50,0.0000,true,1,10041
8850632605201,false,שטיח גומי יוגטה חיספ,סאדאט,,שטיח גומי יוגטה חיספוסים מעורב 50 גר,Unknown,0.00,Unknown,false,1,4.50,0.0000,true,1,10185
8850632606390,false,שטיח גומי יוגטה אבטי,ג'נרל קנדי,,שטיח גומי יוגטה אבטיח 50 גר,Unknown,0.00,Unknown,false,1,4.50,0.0000,true,1,15091
8850999112107,false,בירה סינגה 330 מל בק,,,בירה סינגה 330 מל בק. פיקדון,מיליליטרים,330.00,"100 מ""ל",false,1,7.90,2.3939,true,1,44560
8851613101378,false,חלב קוקוס ארוי די250,,,מי קוקוס בקרטון 250 מל,מיליליטרים,250.00,"100 מ""ל",false,1,9.90,3.9600,true,1,16915
8851613106106,false,חלב קוקוס ארוי די150,תאי וורלד,,מי קוקוס 150 מל ארוי די,מיליליטרים,150.00,"100 מ""ל",false,1,7.90,5.2667,true,1,23942
8852072212018,false,ערמוני מים סילביה,Super J Internationa,,ערמוני מים סילביה,גרמים,565.00,100 גרם,false,1,14.90,2.6372,true,1,3203
8852511010076,false,מיונז יפני 520 גר קי,KEWPIE (THAILAND)CO.,,מיונז יפני 520 גר קיו-פי,גרמים,500.00,100 גרם,false,1,60.00,12.0000,true,1,14953
8852633020403,false,פניני טפיוקה 500 ג,Super J Internationa,,פניני טפיוקה 500 ג,גרמים,500.00,100 גרם,false,1,11.90,2.3800,true,1,7056
8852633119077,false,רוטב דגים ירוק טעמי,,,רוטב דגים ירוק טעמי אסיה 700 מל,מיליליטרים,700.00,"100 מ""ל",false,1,13.90,1.9857,true,1,35218
8852633520408,false,סוכר דקלים 400 גר,Super J Internationa,,סוכר דקלים 400 גר,גרמים,400.00,100 גרם,false,1,15.00,3.7500,true,1,21887
8854404000126,false,קרם קוקוס 18% בלו אל,"בלו ספייס קו. בע""מ",TH,קרם קוקוס 18% בלו אלפנט 400 גרם,מיליליטרים,400.00,"100 מ""ל",false,6,14.90,3.7250,true,1,40595
8854404000225,false,מחית קארי צהוב בלו א,"בלו ספייס קו. בע""מ",TH,מחית קארי צהוב בלו אלפנט 70 גרם,Unknown,0.00,Unknown,false,6,14.90,0.0000,true,1,40569
8854404000522,false,אטריות אורז בלו אלפנ,"בלו ספייס קו. בע""מ",TH,אטריות אורז בלו אלפנט 500 גרם,גרמים,500.00,100 גרם,false,6,10.90,2.1800,true,1,40594
8854404000621,false,מחית קארי ירוק בלו א,"בלו ספייס קו. בע""מ",TH,מחית קארי ירוק בלו אלפנט 70 גרם,Unknown,0.00,Unknown,false,6,14.90,0.0000,true,1,40567
8854404000829,false,מחית קארי מסמאן בלו,"בלו ספייס קו. בע""מ",TH,מחית קארי מסמאן בלו אלפנט 70 גרם,Unknown,0.00,Unknown,false,6,14.90,0.0000,true,1,40570
8854404000928,false,מחית למרק טום ים בלו,"בלו ספייס קו. בע""מ",TH,מחית למרק טום ים בלו אלפנט 70 גרם,Unknown,0.00,Unknown,false,6,14.90,0.0000,true,1,40571
8854404001154,false,רוטב דגים בלו אלפנט,"בלו ספייס קו. בע""מ",TH,רוטב דגים בלו אלפנט 200 מל,מיליליטרים,200.00,"100 מ""ל",false,6,8.90,4.4500,true,1,40593
8854404002571,false,רוטב בוטנים בלו אלפנ,"בלו ספייס קו. בע""מ",TH,רוטב בוטנים בלו אלפנט 190 מל,מיליליטרים,190.00,"100 מ""ל",false,6,13.90,7.3158,true,1,56537
8854404002625,false,מחית למרק טום קה בלו,"בלו ספייס קו. בע""מ",TH,מחית למרק טום קה בלו אלפנט 70 גרם,Unknown,0.00,Unknown,false,6,14.90,0.0000,true,1,40572
8854404005213,false,רוטב קארי צהוב בלו א,"בלו ספייס קו. בע""מ",TH,רוטב קארי צהוב בלו אלפנט 300 גרם,גרמים,300.00,100 גרם,false,6,27.90,9.3000,true,1,56603
8854404005237,false,רוטב קארי ירוק בלו א,"בלו ספייס קו. בע""מ",TH,רוטב קארי ירוק בלו אלפנט 300 גרם,גרמים,300.00,100 גרם,false,6,27.90,9.3000,true,1,40565
8854404005664,false,ערכה להכנת פאד תאי ב,"בלו ספייס קו. בע""מ",TH,ערכה להכנת פאד תאי בלו אלפנט300 גרם,גרמים,300.00,100 גרם,false,6,27.90,9.3000,true,1,40576
8854404007071,false,רוטב פאד תאי בלו אלפ,"בלו ספייס קו. בע""מ",TH,רוטב פאד תאי בלו אלפנט 190 מל,גרמים,190.00,100 גרם,false,6,13.90,7.3158,true,1,57934
8854404007224,false,אורז יסמין לבן בלו א,"בלו ספייס קו. בע""מ",TH,אורז יסמין לבן בלו אלפנט 1 קג,קילוגרמים,1.00,"ק""ג",false,6,17.90,17.9000,true,1,56536
8857122559198,false,רוטב סיאם למון גראס,,TH,רוטב סיאם למון גראס ובזיליקום 250 מל,מיליליטרים,250.00,"100 מ""ל",false,6,15.90,6.3600,true,1,60940
8857122559556,false,רוטב סאטה סיאם בוטני,,TH,רוטב סאטה סיאם בוטנים וקוקס 250 מל,מיליליטרים,250.00,"100 מ""ל",false,6,15.90,6.3600,true,1,60942
8858271002870,false,רוטב פאד תאי 250 מל,Yan Wal Yun Corpora,,רוטב פאד תאי 250 מל מקסצאפ,מיליליטרים,250.00,"100 מ""ל",false,1,11.90,4.7600,true,1,11045
8858271002887,false,רוטב טרייאקי 250 מל,Yan Wal Yun Corpora,,רוטב טרייאקי 250 מל מקסצאפ,מיליליטרים,250.00,"100 מ""ל",false,1,11.90,4.7600,true,1,11047
8858271003020,false,רוטב סויה פורמולה 1,Yan Wal Yun Corpora,,רוטב סויה פורמולה 1 700 מל מקסצאפ,מיליליטרים,700.00,"100 מ""ל",false,1,16.90,2.4143,true,1,11040
8858271003044,false,רוטב סויה כהה פורמול,Yan Wal Yun Corpora,,רוטב סויה כהה פורמולה 5 700 מל מקסצאפ,מיליליטרים,700.00,"100 מ""ל",false,1,16.90,2.4143,true,1,11042
8858271003068,false,רוטב סויה מתוקה כהה,Yan Wal Yun Corpora,,רוטב סויה מתוקה כהה 250 מל מקסצאפ,מיליליטרים,250.00,"100 מ""ל",false,1,11.90,4.7600,true,1,11046
8858271003136,false,רוטב פטריות צמחוני 2,Yan Wal Yun Corpora,,רוטב פטריות צמחוני 250 מל מקסצאפ,מיליליטרים,250.00,"100 מ""ל",false,1,11.90,4.7600,true,1,11048
8858271003174,false,רוטב שזיפים 700 מל מ,Yan Wal Yun Corpora,,רוטב שזיפים 700 מל מקסצאפ,מיליליטרים,700.00,"100 מ""ל",false,1,16.90,2.4143,true,1,11038
8858271003921,false,רוטב קארי אדום 250 מ,Yan Wal Yun Corpora,,רוטב קארי אדום 250 מל מקסצאפ,מיליליטרים,250.00,"100 מ""ל",false,1,11.90,4.7600,true,1,11044
8858271003938,false,רוטב קארי ירוק 250 מ,Yan Wal Yun Corpora,,רוטב קארי ירוק 250 מל מקסצאפ,מיליליטרים,250.00,"100 מ""ל",false,1,11.90,4.7600,true,1,11043
8858271004034,false,רוטב צילי חריף 700 מ,Yan Wal Yun Corpora,,רוטב צילי חריף 700 מל מקסצאפ,מיליליטרים,700.00,"100 מ""ל",false,1,16.90,2.4143,true,1,11041
8858271004126,false,רוטב חמוץ מתוק 700 מ,Yan Wal Yun Corpora,,רוטב חמוץ מתוק 700 מל מקסצאפ,מיליליטרים,700.00,"100 מ""ל",false,1,16.90,2.4143,true,1,11039
8858271004300,false,רוטב טריאקי 700 מל מ,Yan Wal Yun Corpora,,רוטב טריאקי 700 מל מקסצאפ,מיליליטרים,700.00,"100 מ""ל",false,1,21.90,3.1286,true,1,12127
8858271004423,false,רוטב טום יאם 250 מל,Yan Wal Yun Corpora,,רוטב טום יאם 250 מל מקסצאפ,מיליליטרים,250.00,"100 מ""ל",false,1,11.90,4.7600,true,1,12428
8858271004461,false,מחית תמרינד מאקסצאפ,Yan Wal Yun Corpora,,מחית תמרינד מאקסצאפ 454 גר,גרמים,454.00,100 גרם,false,1,24.00,5.2863,true,1,21874
8858271004522,false,רוטב צילי ירוק תיבול,Yan Wal Yun Corpora,,רוטב צילי ירוק תיבול דגים250מל מקסצאפ,מיליליטרים,250.00,"100 מ""ל",false,1,11.90,4.7600,true,1,13401
8858271004799,false,רוטב צילי מתוק 700 מ,Yan Wal Yun Corpora,,רוטב צילי מתוק 700 מל מקסצאפ כשלפ,מיליליטרים,700.00,"100 מ""ל",false,1,12.90,1.8429,true,1,16045
8858271005451,false,רוטב סויה  250 מל מק,Yan Wal Yun Corpora,,רוטב סויה  250 מל מקסצאפ,מיליליטרים,250.00,"100 מ""ל",false,1,11.90,4.7600,true,1,18913
8858271005499,false,רוטב ברביקיו 250 מל,Yan Wal Yun Corpora,,רוטב בקביקיו 250 מל מקסצאפ,מיליליטרים,250.00,"100 מ""ל",false,1,11.90,4.7600,true,1,18914
8858271005772,false,רוטב סויה תמרי ללא ג,,,רוטב סויה תמרי ללא גלוטן 300 מל,מיליליטרים,300.00,"100 מ""ל",false,1,16.90,5.6333,true,1,40621
8858359000255,false,עלי קפיר ליים יבשים,,TH,עלי קפיר ליים יבשים 30 גרם,Unknown,0.00,Unknown,false,60,10.90,0.0000,true,1,43472
8888021200256,false,סוללות אנרגייזר שמינ,אנרג'ייזר,,סוללות אנרגייזר שמינייה AA,יחידה,8.00,יחידה,false,1,24.90,3.1125,true,1,4874
8888021200720,false,סוללות אנרגייזר AAA,אנרג'ייזר,,סוללות אנרגייזר AAA שמינייה,יחידה,8.00,יחידה,false,1,24.90,3.1125,true,1,3814
8888757101506,false,שמן שומשום טהור 150,אוך אייק גואן פוד אי,,שמן שומשום טהור 150 מל,מיליליטרים,150.00,"100 מ""ל",false,1,12.00,8.0000,true,1,3321
8901537024014,false,אורז בסמטי דאוואט 1,lt foods,,אורז בסמטי מובחר 1 קג דאוואט,קילוגרמים,1.00,"ק""ג",false,1,13.90,13.9000,true,1,8675
8901537076679,false,אורז בסמטי דאוואט מל,אל.טי.פודס לימיטד,IN,אורז בסמטי דאוואט מלא 1 קג,קילוגרמים,1.00,"ק""ג",false,20,14.90,14.9000,true,1,37063
8904004402810,false,חטיף הודי פנצרטן ביס,,IN,חטיף הודי פנצרטן ביסי תפוא 150גרם,גרמים,150.00,100 גרם,false,40,12.90,8.6000,true,1,59891
8934878081736,false,אטריות אורז 3 ממ רחב,Chanh Khang Company,,אטריות אורז 3 ממ רחבות 454 ג,גרמים,400.00,100 גרם,false,1,10.90,2.7250,true,1,14368
8934878081798,false,דפי אורז עגול 16 סמ,Chanh Khang Company,,דפי אורז עגול 16 סמ 400 גרם,גרמים,400.00,100 גרם,false,1,13.90,3.4750,true,1,14049
8934878081811,false,דפי אורז עגול 22סמ 4,Chanh Khang Company,,דפי אורז עגול 22סמ 400 גרם,גרמים,400.00,100 גרם,false,1,13.90,3.4750,true,1,14048
8934878081866,false,דפי אורז מרובע 22סמ,Chanh Khang Company,,דפי אורז מרובע 22סמ 400 גרם,גרמים,400.00,100 גרם,false,1,13.90,3.4750,true,1,21873
9000101375268,false,מארז 3 יח סבון אסלה,,,מארז 3 יח סבון אסלה סוד ברף יסמין מתחלף,יחידה,3.00,יחידה,false,1,14.90,4.9667,true,1,61131
9000101375299,false,מארז 3 יח סבון אסלה,,,מארז 3 יח סבון אסלה סוד ברף מגנוליה מתחל,יחידה,3.00,יחידה,false,1,14.90,4.9667,true,1,61130
9000101417050,false,סבון אסלה סוד ברף דל,,,סבון אסלה סוד ברף דלקס מונפלאוור כדוריות,Unknown,0.00,Unknown,false,1,8.90,0.0000,true,1,48195
9000101417081,false,סבון אסלה סוד ברף דל,,,סבון אסלה סוד ברף דלקס מגנוליה כדוריות,Unknown,0.00,Unknown,false,1,8.90,0.0000,true,1,48197
9000101418163,false,מארז 3 יח סבון אסלה,,,מארז 3 יח סבון אסלה סוד ברף תפוח מתחלף,יחידה,3.00,יחידה,false,1,14.90,4.9667,true,1,59372
9000101504484,false,דפי קולור קאצר ניקיו,הנקל,,דפי קולור קאצר ניקיון היגייני 10שקיות,יחידה,10.00,יחידה,false,1,15.90,1.5900,true,1,52332
9000101511635,false,פרסיל דיסקס סנסיטיב,הנקל,HU,פרסיל דיסקס סנסיטיב 22יח,יחידה,22.00,יחידה,false,6,34.90,1.5864,true,1,59343
9000101515596,false,קפסולות פרסיל פאוור,הנקל,HU,קפסולות פרסיל פאוור צבעוני 56יח,יחידה,56.00,יחידה,false,3,49.90,0.8911,true,1,55829
9000101515817,false,קפסולות פרסיל פאוור,הנקל,HU,קפסולות פרסיל פאוור 56יח,יחידה,56.00,יחידה,false,3,49.90,0.8911,true,1,55828
9000101521436,false,סבון אסלה ברף ניחוח,הנקל סוד,RS,סבון אסלה ברף ניחוח מתחלף לוטוס במבו50גר,Unknown,0.00,Unknown,false,10,9.90,0.0000,true,1,55832
9000101537581,false,קפסולות גל כב. פרסיל,הנקל,HU,קפסולות גל כב. פרסיל פאוור 52יח,יחידה,52.00,יחידה,false,4,49.90,0.9596,true,1,60293
9000101548419,false,דפים למכונת כביסה למ,הנקל,IE,דפים למכונת כביסה למניעת מעבר צבעים 18דף,יחידה,18.00,יחידה,false,12,15.90,0.8833,true,1,61132
9001531947322,false,מרכך כביסה אקולוגי,ארדל רקס,,מרכך כביסה אקולוגי  750 מל לבנדר פרוש,מיליליטרים,750.00,"100 מ""ל",false,1,19.90,2.6533,true,1,39847
9002859018800,false,מיץ לימון טבעי צהוב,GUNZ WARENHANDELS,,מיץ לימון טבעי צהוב 200 מל,מיליליטרים,200.00,"100 מ""ל",false,1,4.50,2.2500,true,1,10961
9002859050671,false,לבבות שוקולד גונץ בר,GUNZ WARENHANDELS,DE,לבבות שוקולד גונץ ברשת 100 גרם,גרמים,100.00,100 גרם,false,24,11.00,11.0000,true,1,14752
9002859054099,false,בונ.מוצרט כדורים משו,GUNZ WARENHANDELS,,בונ.מוצרט כדורים משושה 297 גר גונץ,גרמים,300.00,100 גרם,false,1,32.90,10.9667,true,1,10454
9002859058172,false,חטיף בננה בציפוי שוק,GUNZ WARENHANDELS,,חטיף בננה בציפוי שוקולד מריר 300גר גונץ,גרמים,300.00,100 גרם,false,1,14.90,4.9667,true,1,11479
9002859061240,false,שבבי בצל מטוגן 250 ג,GUNZ WARENHANDELS,,שבבי בצל מטוגן 250 גר ניקו,גרמים,250.00,100 גרם,false,1,10.90,4.3600,true,1,12100
9002859067570,false,דפדפי שוקולד תפוז 20,GUNZ WARENHANDELS,,דפדפי שוקולדה תפוז גונץ 200 גר,גרמים,100.00,100 גרם,false,1,18.00,18.0000,true,1,13366
9002859100536,false,בונ.מוצרט אצבעות 200,GUNZ WARENHANDELS,,בונ.מוצרט אצבעות 200 גרם,גרמים,200.00,100 גרם,false,1,16.90,8.4500,true,1,35505
9002975393812,false,סוכריות גומי הריבו ה,,AT,סוכריות גומי הריבו הפי צירי 70 גרם,Unknown,0.00,Unknown,false,30,6.90,0.0000,true,1,51192
9002975393843,false,סוכריות גומי הריבו ג,,AT,סוכריות גומי הריבו גולדברס 70 גרם,Unknown,0.00,Unknown,false,30,6.90,0.0000,true,1,51191
9002975393850,false,סוכריות גומי הריבו ו,,AT,סוכריות גומי הריבו וורמס 70 גרם,Unknown,0.00,Unknown,false,30,6.90,0.0000,true,1,51195
9005835312718,false,מלח למדיח כלים קלרו,קלרו,AT,מלח למדיח כלים קלרו 1 קג,קילוגרמים,1.00,"ק""ג",false,5,14.90,14.9000,true,1,43582
9008700111546,false,נקטר דובדבן 1 ל ראוך,,,נקטר דובדבן 1 ל ראוך בקרטון,ליטרים,1.00,ליטר,false,1,11.90,11.9000,true,1,27890
9008700128971,false,מיץ קרנברי ראוך 100%,,,מיץ קרנברי ראוך 100% 1 ל בקרטון,ליטרים,1.00,ליטר,false,1,11.90,11.9000,true,1,7748
9044400822320,false,סוכריות פז  10יח +בו,PEZ,,סוכריות פז  10יח +בובה שקית,Unknown,0.00,Unknown,false,1,14.90,0.0000,true,1,52551
9044400841000,false,סוכריות דמויות פז,PEZ,,סוכריות דמויות פז,Unknown,0.00,Unknown,false,1,13.00,0.0000,true,1,5197
9044400851672,false,סוכריות דמויות פז,PEZ,,סוכריות דמויות פז,Unknown,0.00,Unknown,false,1,13.00,0.0000,true,1,59291
9120025839896,false,חטיף מילקה קפוא 128ג,,IT,חטיף מילקה קפוא 128גר,גרמים,128.00,100 גרם,false,14,14.90,11.6406,true,1,61208
9120097310583,false,חטיף שוקו בננה מיניו,,IT,חטיף שוקו בננה מיניונים 108גר קפוא,גרמים,108.00,100 גרם,false,14,14.90,13.7963,true,1,61040
9300752071718,false,יין נובל וואן בוטריט,,,יין נובל וואן בוטריטיס סמיו 375 מל,מיליליטרים,375.00,"100 מ""ל",false,1,165.00,44.0000,true,1,32262
9300752650111,false,יין די בי גוורץ 3 לי,דה ברוטולי,,יין די בי גוורץ 3 ליטר,ליטרים,3.00,ליטר,false,1,109.00,36.3333,true,1,26216
9310072028743,false,ביסקויט טים טם אורגי,ארנולטס,AU,ביסקויט טים טם אורגינל 200 ג,גרמים,200.00,100 גרם,false,24,20.90,10.4500,true,1,23500
9310072028750,false,ביסקויט טים טם דאבל,ארנולטס,AU,ביסקויט טים טם דאבל 200 ג,גרמים,200.00,100 גרם,false,24,20.90,10.4500,true,1,22937
9310088007015,false,תחבושות דיפנד אובר נ,KC Vietnam,,תחבושות דיפנד אובר נייט 8 יחידות,Unknown,0.00,Unknown,false,1,19.90,0.0000,true,1,13796
9311043023569,false,יין בנרוק סטיישן שיר,,GB,יין בנרוק סטיישן שיראז 750 מל,מיליליטרים,750.00,"100 מ""ל",false,6,40.00,5.3333,true,1,44863
9312931720300,false,סכיני גילוח שיק אינט,אדגוול,,סכיני גילוח שיק אינטואישן 3 יחידות,יחידה,3.00,יחידה,false,1,32.90,10.9667,true,1,36911
9314820024957,false,רוטב בלסמי קולויטה מ,COLAVITA SpA,IT,רוטב בלסמי קולויטה מצומצם 225 מל,מיליליטרים,225.00,"100 מ""ל",false,12,29.90,13.2889,true,1,60938
9322969000015,false,פרכיות תירס אורגינל,Algam Gil - Agent,,פרכיות תירס אורגינל 150 גר,גרמים,150.00,100 גרם,false,1,12.90,8.6000,true,1,2110
9322969000022,false,פרכיות תירס סויה וזר,Algam Gil - Agent,,פרכיות תירס סויה וזרעי פשתן 150 גר,גרמים,150.00,100 גרם,false,1,12.90,8.6000,true,1,2112
9322969000046,false,פרכיות תירס אורגני ש,Algam Gil - Agent,,פרכיות תירס אורגני שומשום 150 גר,גרמים,150.00,100 גרם,false,1,12.90,8.6000,true,1,2111
9322969000053,false,פרכיות אורז מלא 150,Algam Gil - Agent,,פרכיות אורז מלא 150 גר,גרמים,150.00,100 גרם,false,1,12.90,8.6000,true,1,57051
9324054906394,false,מגבוני כלורקס אקספרט,כלורקס,US,מגבוני כלורקס אקספרט 30יח פלופאק,יחידה,30.00,יחידה,false,30,11.90,0.3967,true,1,55813
9324054906400,false,מגבוני כלורקס אקספרט,כלורקס,US,מגבוני כלורקס אקספרט 30יח במיכל,יחידה,30.00,יחידה,false,30,18.90,0.6300,true,1,55812
9330344004473,false,סכיני גילוח שיק הייד,,CN,סכיני גילוח שיק היידרו סילק חד פעמי 2 יח,יחידה,2.00,יחידה,false,6,24.90,12.4500,true,1,44871
9414416305528,false,יין פרייבט בין סובינ,ניו זילנד - וילה מרי,,יין פרייבט בין סוביניון בלאן 750 מל פקדו,מיליליטרים,750.00,"100 מ""ל",false,1,70.00,9.3333,true,1,12249
9415305122011,false,יין ס. בלאן מטואה מר,יינות מטואה,,יין ס. בלאן מטואה מרלבוך 2015 750 מל,מיליליטרים,750.00,"100 מ""ל",false,1,80.00,10.6667,true,1,24299
9415305236053,false,יין פינו נואר מטואה,יינות מטואה,,יין פינו נואר מטואה מרלבוך 2015 750 מל,מיליליטרים,750.00,"100 מ""ל",false,1,100.00,13.3333,true,1,24300
9421018071492,false,יין מאד האוס סובניון,קראכר אילמיץ,,יין מאד האוס סובניון בלאן לבן 750מל,מיליליטרים,750.00,"100 מ""ל",false,1,60.00,8.0000,true,1,44659
9720006678751,false,כבד דג שיבוט במיץ טב,איטל איסלנד,IS,כבד דג שיבוט במיץ טבעי 115 גרם,גרמים,115.00,100 גרם,false,24,7.90,6.8696,true,1,38628
9720188050109,false,ממרח טופו 225 גרם,מחלבת משק צוריאל,,ממרח טופו 225 גרם,גרמים,225.00,100 גרם,false,1,19.90,8.8444,true,1,2021
9720188060108,false,שמנת טופו בגביע 340,מחלבת משק צוריאל,,שמנת טופו בגביע 340 גרם,גרמים,340.00,100 גרם,false,1,19.90,5.8529,true,1,2022
9771565039118,false,חוברת לאישה,,,חוברת לאישה,Unknown,0.00,Unknown,false,1,21.90,0.0000,true,1,2891
9771565039125,false,חוברת לאישה,,,חוברת לאישה,Unknown,0.00,Unknown,false,1,21.90,0.0000,true,1,3163
9771565051011,false,עיתון ידיעות אחרונות,,,עיתון ידיעות אחרונות ערב חג,Unknown,0.00,Unknown,false,1,20.00,0.0000,true,1,2028
9771565051035,false,עיתון ידיעות אחרונות,,,עיתון ידיעות אחרונות ערב חג,Unknown,0.00,Unknown,false,1,20.00,0.0000,true,1,2030
9771565051042,false,עיתון ידיעות אחרונות,,,עיתון ידיעות אחרונות ערב חג,Unknown,0.00,Unknown,false,1,20.00,0.0000,true,1,2031
9771565051059,false,עיתון ידיעות אחרונות,,,עיתון ידיעות אחרונות ערב חג,Unknown,0.00,Unknown,false,1,20.00,0.0000,true,1,2032
9771565051066,false,ידיעות שישי,,,ידיעות שישי,Unknown,0.00,Unknown,false,1,20.00,0.0000,true,1,3238
9771565192431,false,מנטה,,,מנטה,Unknown,0.00,Unknown,false,1,28.00,0.0000,true,1,2918
