code,internal_code,name,manufacturer_name,manufacture_country,manufacturer_item_description,unit_qty,quantity,unit_of_measure,weighted,qty_in_package,price,unit_of_measure_price,allow_discount,status,item_id
18389423,false,סינטה עגל,,,סינטה עגל,קילוגרמים,1.00,"ק""ג",true,,129.00,129.0000,true,1,245101
18389430,false,סינטה עגל,,,סינטה עגל,קילוגרמים,1.00,"ק""ג",true,,129.00,129.0000,true,1,245102
18389621,false,סינטה עגל,,,סינטה עגל,קילוגרמים,1.00,"ק""ג",true,,129.00,129.0000,true,1,245103
18389638,false,סינטה עגל,,,סינטה עגל,קילוגרמים,1.00,"ק""ג",true,,129.00,129.0000,true,1,245104
32147230,false,"מיץ לימון משומר 200מ""ל(לימונית אקסטרא)",ג'נרל מילס סאן אדריא,,מיץ לימון סיצילייה 2,,200.00,"100 מ""ל",false,,8.90,0.0445,true,1,206508
40052403,false,קיט קט 4 אצבעות שוקולד חלב,נסטלה Nestle,,קיט קאט אצבעות 36 גר,,36.00,100 גרם,false,,4.90,0.1361,true,1,214587
40084107,false,ביצת שוקולד הפתעה קינדר,פרדי קונדטוריה אס פי,,ביצת הפתעה קינדר 20ג,,20.00,100 גרם,false,,6.50,0.3250,true,1,213238
40099132,false,מסטיק הובה בובה Hubba Bubba בטעם תות,הובה בובה Hubba Bubba,,הובה בובה צאנק תות 3,,35.00,100 גרם,false,,3.50,0.1000,true,1,213026
54051140,false,מעדן סויה טעם וניל אלפרו רביעיה * 125 ג',הנסיך- מפעל לייצור ט,,אלפרו מעדן סויה וניל,,500.00,"100 מ""ל",false,,16.90,0.0338,true,1,185176
59016441,false,"רקסונה - דאודורנט רול און לאישה פרוט ספין 50 מ""ל","יוניליוור אנגליה, דרך קו",,רקסונה רול און פרוט,,50.00,"100 מ""ל",false,,14.90,0.2980,true,1,242540
59085645,false,דאב דאודורנט רול און בניחוח אסאי 50 מל,"יוניליוור אנגליה, דרך קו",,דאב רולאון אסאי 50,,50.00,"100 מ""ל",false,,14.90,0.2980,true,1,245907
72940754,false,"מילקי מעדן וניל עם קצפת שטראוס 133 מ""ל","שטראוס גרופ בע""\מ",,"מילקי וניל 170 מ""ל",,170.00,100 גרם,false,,2.90,0.0171,true,1,195022
72940761,false,"מילקי מעדן שוקולד עם קצפת שטראוס 133 מ""ל",מיוצר עי קונדיטוריית,,מילקי שוקולד מהדרין,,170.00,100 גרם,false,,2.90,0.0171,true,1,195023
72940952,false,מעדן מילקי בטעם שוקולד עם אקסטרה קצפת,"שטראוס גרופ בע""\מ",,מילקי פי 2 קצפת מהדר,,110.00,100 גרם,false,,3.90,0.0355,true,1,195025
72940976,false,סלט כרוב אדום אחלה 250 גרם,מיוצר עי קונדיטוריית,,כרוב אדום אחלה 250גר,,250.00,100 גרם,false,,8.50,0.0340,true,1,195027
72941041,false,מעדן מילקי מיני בטעם שוקולד עם קצפת,"שטראוס גרופ בע""\מ",,מיני מילקי שוקולד 70,,70.00,100 גרם,false,,2.30,0.0329,true,1,195029
72945308,false,קוביית שמרים טריים לאפיה שמרית 50 גרם,"פאקא תעשיות בע""\מ",,שמרית קוביות שמרים ל,,50.00,"100 מ""ל",false,,4.20,0.0840,true,1,195030
72961209,false,"שמנת חמוצה 15% 200מל בד""צ תנובה",תנובה מרכז שיתופי לש,,שמנת חמוצה 15% 200מל,,200.00,"100 מ""ל",false,,2.40,0.0120,true,1,188528
72961223,false,"גילה 3% תנובה 200 מ""ל",תנובה מרכז שיתופי לש,,"גילה 200 מ""ל",,200.00,"100 מ""ל",false,,1.51,0.0076,true,1,188530
72961506,false,יוגורט עם תות 1.5% שומן 125 ג' פרילי,מיוצר עי קונדיטוריית,,פרילי תות 1.5% 125גר,,125.00,100 גרם,false,,3.40,0.0272,true,1,188531
72961520,false,"פרילי יוגורט עם אננס 1.5% תנובה 125 מ""ל",מיוצר עי קונדיטוריית,,פרילי אננס 1.5% 125ג,,125.00,100 גרם,false,,3.40,0.0272,true,1,188533
72961544,false,"באדי יוגורט בטעם תות שדה 3% תנובה 125 מ""ל",מחלבת אלון תבור,,באדי תות 125מל,,125.00,"100 מ""ל",false,,2.90,0.0232,true,1,188534
72964132,false,פרילי טבע יוגורט עם גרנולה 200 גרם,מיוצר עי קונדיטוריית,,פרילי טבעי עם גרנולה,,150.00,100 גרם,false,,5.20,0.0347,true,1,188543
72964422,false,יוגורט פרחים 4.5% שומן 200 גרם,מחלבת תנובה,,יוגורט פרחים תנובה 4,,200.00,100 גרם,false,,3.00,0.0150,true,1,188545
72983997,false,קופסה גולף גולד ארוך בוקס,דובק,,גולף גולד ארוך,יחידה,0.00,יחידה,false,,30.00,0.0000,false,1,215936
72986233,false,באדי מעדן וניל גביע 1.5%שומן 125 גרם בדצ,מחלבת אלון תבור,,באדי וניל בדץ 125מל,,125.00,"100 מ""ל",false,,2.90,0.0232,true,1,188548
72986240,false,באדי מעדן חלב בטעם שוקולד תנובה 125 גרם,מחלבת אלון תבור,,באדי שוקו בדץ 125מל,,125.00,"100 מ""ל",false,,3.10,0.0248,true,1,188549
72986370,false,"גלידת בן & ג'ריס פיינטים וניל 500מ""ל",מוצרי איכות אמריקאיים,,בן&גריס גלידה פיינטי,,420.00,100 גרם,false,,19.90,0.0474,true,1,173981
72986424,false,"גלידת בן & ג'ריס פיינטים קרם עוגיות 500מ""ל",מוצרי איכות אמריקאיים בע,,בן&גריס גלידה פיינטי,יחידה,420.00,יחידה,false,,19.90,0.0474,true,1,173982
72986448,false,"גלידת בן & ג'ריס פיינטים טופי קראנץ 500מ""ל",מוצרי איכות אמריקאיים בע,,בן&גריס גלידה טופי ק,יחידה,420.00,יחידה,false,,19.90,0.0474,true,1,173983
72986455,false,"גלידה בן& ג'ריס ניו יורק סופר פאדג' צ'אנק 500 מ""ל",מוצרי איכות אמריקאיים בע,,בן&גריס גלידה פיינטי,,420.00,100 גרם,false,,19.90,0.0474,true,1,173984
72986479,false,"גלידה שוקולד אגוז עם בננות בן וג'ירי 500 מ""ל",מוצרי איכות אמריקאיים בע,,בן&גריס גלידה צאנקי,,420.00,"100 מ""ל",false,,19.90,0.0474,true,1,173985
72989425,false,"גלידת בן & ג'ריס פיינטים שוקולד בראוניז 500מ""ל",מוצרי איכות אמריקאיים בע,,בן&גריס גלידה פיינטי,יחידה,500.00,יחידה,false,,19.90,0.0398,true,1,173986
72991374,false,סיגריות טיים רד חפיס,דובק,,טיים קצר,יחידה,0.00,יחידה,false,,29.00,0.0000,false,1,215938
72991886,false,"גלידת דולצ'ה בטעם ריבת חלב עם פאדג' בן וג'ירי 500 מ""ל",מוצרי איכות אמריקאיים בע,,בן&גריס גלידה ריבת ח,,750.00,"100 מ""ל",false,,19.90,0.0265,true,1,173987
72993637,false,מעדן חלב בטעם שוקולד 125 ג' דני,"שטראוס גרופ בע""\מ",,דני מהדרין שוקו בודד,,125.00,100 גרם,false,,2.70,0.0216,true,1,195047
72993927,false,סיגריות נקסט (בודד),פיליפ מוריס,,נקסט ארוך,יחידה,0.00,יחידה,false,,30.00,0.0000,false,1,205187
72994061,false,חטיף פסק זמן GOOD גלילית לבן 40 גרם,שולן צ'\יקולטה גידה סאן.,,פסק זמן טו גוד 36גר,,36.00,100 גרם,false,,5.30,0.1472,true,1,207785
76106071,false,"סיציליה- מיץ ליים משומר 200מ""ל",Sicilia סיציליה,,מיץ לימון משומר 200מ,,200.00,"100 מ""ל",false,,8.90,0.0445,true,1,234319
80001287,false,וופל חטיף לואקר אגוז 38 גר',ליימן מותגים,,גרדנה חטיף אגוז 38גר,,38.00,100 גרם,false,,4.50,0.1184,true,1,228295
80001485,false,חטיף גרנדה קוקוס 38 גרם,קריניציה ויטמינה אס,,גרדנה חטיף קוקוס 38ג,,38.00,100 גרם,false,,4.50,0.1184,true,1,191458
80042556,false,POLPA עגבניות חתוכות דק 400 גרם MUTTI,"איי, בי, אינבוו",,עגבניות חתוכות מוטי,,400.00,100 גרם,false,,15.90,0.0398,true,1,213360
80042563,false,רסק עגבניות 700 ג' (צהוב) MUTTI,"איי, בי, אינבוו",,רסק עגבניות 700גר (צ,,700.00,"100 מ""ל",false,,13.90,0.0199,true,1,213879
80050025,false,סוכריות טיק טק תפוז 16 גרם,פררו - אלבה,,טיק טק תפוז 16גר,,16.00,100 גרם,false,,3.90,0.2437,true,1,213240
80050124,false,סוכריות טיק טק מנטה 16 גרם,פררו - אלבה,,טיק טק מנטה 16גר,,16.00,100 גרם,false,,3.90,0.2437,true,1,213241
80052760,false,קינדר בואנו Kinder Bueno עם חלב ואגוזי לוז,פררו - אלבה,,קינדר בואנו 43גר,,43.00,100 גרם,false,,4.90,0.1140,true,1,213248
80052883,false,סוכריות מנטה חזק 16 ג' טיק טק,פררו,,טיק טק מנטה חזק 16 ג,,16.00,100 גרם,false,,3.90,0.2437,true,1,243990
80136194,false,חטיפי הפי היפו Happy Hippo במילוי קרם חלבי ואגוזי לוז,קינדר Kinder,,הפי היפו אגוזי לוז 5,יחידה,0.00,יחידה,false,,14.90,0.0000,true,1,222423
80176800,false,נוטלה ממרח שוקולד 750 גרם,פררו תעשיות איטליה ס,,נוטלה ממרח 750גר,,750.00,100 גרם,false,,27.90,0.0372,true,1,213251
80177173,false,ממרח שוקולד נוטלה 350 גרם,פררו - אלבה,,נוטלה ממרח 350 גרם,,350.00,100 גרם,false,,14.90,0.0426,true,1,213253
80177609,false,אצבעות שוקולד קינדר Kinder ארבע יחידות,פררו - אלבה,,קינדר אצבעות שוקולד,,50.00,"100 מ""ל",false,,4.90,0.0980,true,1,213255
80177616,false,אצבעות שוקולד קינדר Kinder שמונה יחידות,פררו - אלבה,,קינדר אצבעות שוקולד,,100.00,100 גרם,false,,8.90,0.0890,true,1,213256
80310549,false,הפי היפו חטיף קינדר שוקולד לבן 20.5ג',קריות זול,,הפי היפו חטיף אגוזי,,20.00,100 גרם,false,,3.90,0.1950,true,1,222427
80310891,false,ג'וי ביצת הפתעה קינדר 20 גרם,קריות זול,,קינדר ג'וי 20 גרם,,20.00,"100 מ""ל",false,,6.50,0.3250,true,1,250018
80761761,false,קינדר בואנו לבן בודד 39 גרם,ליימן שליסל,,קינדר בואנו לבן 39גר,,39.00,100 גרם,false,,4.90,0.1256,true,1,213259
80768838,false,מסטיק מנטוס וויט ביג פירות ומנטה 105 ג',פרפטי ואן מלה,,מנטוס וויט ביג פירות,,70.00,100 גרם,false,,18.50,0.2643,true,1,191473
80769545,false,מסטיק מנטוס פיור פרש בבקבוק בינוני בטעם לימון 60 ג',"פרפטי ואן מלה ג'ידה,סאן",,מסטיק מנטוס פיור פרש,,60.00,100 גרם,false,,9.90,0.1650,true,1,224808
80773429,false,מנטוס בקבוק מעוגל - מסטיק ללא סוכר בטעם תות 60 גרם,"פרפטי ואן מלה ג'\ידה,סאן",,מסטיק מנטוס פיור פרש,,60.00,"100 מ""ל",false,,9.90,0.1650,true,1,222999
80773443,false,מנטוס בקבוק מעוגל - מסטיק ללא סוכר בטעם מנטה 60 גרם,"פרפטי ואן מלה ג'\ידה,סאן",,מסטיק מנטוס בקבוק מע,,60.00,"100 מ""ל",false,,9.90,0.1650,true,1,220822
80776307,false,מסטיק מנטוס ביג בבקבוק מעוגל טעם פירות מנטה 90 ג',פרפטי ואן מלה הולנד,,מנטוס מסטיק ביג בקבו,,90.00,100 גרם,false,,18.50,0.2056,true,1,220820
80780595,false,מסטיק מנטוס ביג בבקבוק מעוגל טעם מנטה-עדינה 90 ג',פרפטי ואן מלה הולנד,,מנטוס מסטיק ביג בקבו,,90.00,"100 מ""ל",false,,18.50,0.2056,true,1,220819
80790990,false,מסטיק מנטוס בבקבוק מעוגל בטעם פירות -מנטה 60 ג',"פרפטי ואן מלה ג'\ידה,סאן",,מסטיק מנטוס בקבוק מע,,60.00,"100 מ""ל",false,,9.90,0.1650,true,1,220823
80794233,false,מסטיק מנטוס ביג בבקבוק מעוגל טעם מנטה 90 ג',פרפטי ואן מלה הולנד,,מנטוס מסטיק ביג בקבו,,90.00,100 גרם,false,,18.50,0.2056,true,1,220821
80843184,false,מנטוס מסטיק פיור פרש בטעם ענבים 60גר,פרפטי ואן מלה הולנד,,מסטיק מנטוס פיור פרש,,60.00,"100 מ""ל",false,,9.90,0.1650,true,1,246212
80896081,false,מנטוס בקבוק מעוגל - מסטיק ללא סוכר בטעם אבטיח 60 גרם,"פרפטי ואן מלה ג'\ידה,סאן",,מנטוס מסטיק פיור פרש,,60.00,"100 מ""ל",false,,9.90,0.1650,true,1,223000
80913467,false,מנטוס בקבוק מעוגל - מסטיק ללא סוכר בטעם מנטה,פרפטי ואן מלה הולנד,,מסטיק מנטוס בבקבוק מ,,60.00,"100 מ""ל",false,,9.90,0.1650,true,1,220824
80926481,false,מסטיק מנטוס פיור פרש בבקבוק בינוני בטעם אבטיח 90ג',"פרפטי ואן מלה ג'ידה,סאן",,מסטיק מנטוס פיור פרש,,90.00,100 גרם,false,,18.50,0.2056,true,1,225766
80945468,false,סוכריות פיור וויט טעם מנטה מתוקה 60 ג' מנטוס,"פרפטי ואן מלה ג'ידה,סאן",,מנטוס פיור וויט מנטה,,60.00,100 גרם,false,,9.90,0.1650,true,1,246684
80974215,false,מסטיק מנטוס פיור פרש בבקבוק ביג בטעם תות 90ג',"פרפטי ואן מלה ג'ידה,סאן",,מסטיק מנטוס פיור פרש,,90.00,100 גרם,false,,18.50,0.2056,true,1,225767
80979128,false,מנטוס מסטיק בקבוק מעוגל בטעם דובדבן,פרפטי ואן מלה הולנד,,מסטיק מנטוס פיור פרש,,60.00,100 גרם,false,,9.90,0.1650,true,1,246211
80982470,false,מסטיק מנטוס פיור פרוסט בטעם מנטה חזק 60 גר',פרפטי ואן מלה ברדה,,מסטיק מנטוס פיור פרו,,60.00,100 גרם,false,,9.90,0.1650,true,1,245360
80986348,false,סוכריות פיור וויט טעם מנטה 60 ג' מנטוס,"פרפטי ואן מלה ג'ידה,סאן",,מנטוס פיור וויט מנטה,,60.00,"100 מ""ל",false,,9.90,0.1650,true,1,246682
80995128,false,מנטוס בקבוק עגול בטעם הדרים בתוספת ויטמינים 60 גרם,פרפטי ואן מלה הולנד,,מנטוס מסטיק בטעם הדר,,60.00,"100 מ""ל",false,,9.90,0.1650,true,1,250190
87108538,false,סוכריות בטעם תות מנטוס 37.5 גרם,הדקלאים אגודת שיתופי,,מנטוס תות בגליל בודד,,37.50,"100 מ""ל",false,,3.90,0.1040,true,1,191506
87108651,false,סוכריות בטעם מנטה מנטוס 4*37.5 גרם,הדקלאים אגודת שיתופי,,סוכריות מנטוס מנטה ר,,37.50,100 גרם,false,,12.90,0.3440,true,1,191507
87108712,false,סוכריות בטעם פירות מנטוס 4*37.5 גרם,פרפטי ואן מלה ברדה,,סוכריות מנטוס רביעיי,,37.50,100 גרם,false,,12.90,0.3440,true,1,191508
87342802,false,"אקס דאודורנט רול און גולד 50 מ""ל","יוניליוור אנגליה, דרך קו",,אקס דאודורנט רול און,,0.00,"100 מ""ל",false,,14.90,0.0000,true,1,242536
90087974,false,חומץ טבעי מתפוחים 750 מל,ראוך פרוכטסאפה,,חומץ תפוחים 5% 750מל,,750.00,100 גרם,false,,13.90,0.0185,true,1,174656
90087998,false,"מיץ לימון טבעי 250 מ""ל",Rauch fruchtsafte gm,,"מיץ לימון 250מ""ל",,250.00,"100 מ""ל",false,,5.90,0.0236,true,1,174657
101417613,false,מטאטא,,,מטאטא,יחידה,0.00,יחידה,false,,15.50,0.0000,true,1,217319
8112100298,false,"שמן שומשום טהור מזרח ומערב 185 מ""ל",Flavor full foods in,,שמן שומשום טהור 185מ,,185.00,"100 מ""ל",false,,14.90,0.0805,true,1,204930
9800800056,false,חטיף שוקולד עם מקלות לחם אנד גו,פררו - אלבה,,נוטלה&גו חטיף 52גר,,52.00,100 גרם,false,,6.50,0.1250,true,1,213263
11210006508,false,רוטב פלפל הבנרו חריף טבסקו 60 מל,מקאילהייני Mc.Ilhenn,,טבסקו הבנרו אקסטרא ח,,60.00,"100 מ""ל",false,,15.90,0.2650,true,1,221781
11210009387,false,"רוטב ""טבסקו"" על בסיס פלפל ירוק חריף 60 מ""ל",מקאילהייני אייבורי,,טבסקו ירוק 60מל,,60.00,"100 מ""ל",false,,10.90,0.1817,true,1,216486
11210607040,false,"רוטב ""טבסקו"" על בסיס פלפל צ'יפוטלי [בטעם מעושן] 60 מ""ל",מקאילהייני Mc.Ilhenn,,טבסקו מעושן ציפוטלי,,60.00,"100 מ""ל",false,,10.90,0.1817,true,1,213942
12300103138,false,סיגריות כאמל בוקס פק,Unknown,,כאמל בוקס פאקט,יחידה,0.00,יחידה,false,,310.00,0.0000,false,1,202521
12300119139,false,סיגריות וינסטון כחול בוקס 1/10,Unknown,,וינסטון כחול בוקס אר,יחידה,0.00,יחידה,false,,330.00,0.0000,false,1,202526
13300604410,false,פילסברי מיקס דוויל'ס 432 ג',,,פילסברי מיקס דוויל'ס,,432.00,100 גרם,false,,14.90,0.0345,true,1,246670
16000185517,false,דגני בוקר פייבר וואן עתירי סובין FIBRE1,בטר אנד דיפרנט,,*מבצע* דגני פייבר וו,,555.00,100 גרם,false,,20.00,0.0360,true,1,248182
16000281684,false,חטיפי גרנולה קראנצ'י עם פקאן נייצ'ר ואלי 5*42 גרם,ליימן מותגים,,ניטשר וואלי חטיף קרא,,210.00,100 גרם,false,,21.90,0.1043,true,1,191529
16000423534,false,חטיפי גרנולה קראנצ'י עם שיבולת שועל ושוקולד מריר נייצ'ר ואלי 5*42 גרם,ג'נרל מילס סאן אדריאן,,ניטשר וואלי חטיף שיב,,210.00,"100 מ""ל",false,,21.90,0.1043,true,1,191531
16000548404,false,חטיפי גרנולה קראנצ'י עם שיבולת שועל ודבש נייצ'ר ואלי 5*42 גרם,ג'נרל מילס סאן אדריאן,,ניטשר וואלי חטיף קרא,,210.00,"100 מ""ל",false,,21.90,0.1043,true,1,191541
16000548503,false,חטיפי גרנולה קראנצ'י עם מייפל וסוכר חום נייצ'ר ואלי 5*42 גרם,ג'נרל מילס סאן אדריאן,,ניטשר וואלי חטיף קרא,,210.00,100 גרם,false,,21.90,0.1043,true,1,191543
16000548909,false,חטיפי גרנולה קראנצ'י במגוון טעמים נייצ'ר ואלי 5*42 גרם,ג'נרל מילס סאן אדריאן,,ניטשר וואלי חטיף קרא,,210.00,100 גרם,false,,21.90,0.1043,true,1,191547
18000701223,false,"פילסברי, עוגה בטעם שוקולד, תערובת להכנת עוגה בטעם שוקולד. 500 גרם",הדקלאים אגודת שיתופי,,תערובת עוגת שוקולד פ,,550.00,"100 מ""ל",false,,19.50,0.0355,true,1,191549
18000703494,false,"פילסברי, עוגה בטעם וניל, תערובת להכנת עוגה בטעם וניל. 500 גרם.",הדקלאים אגודת שיתופי,,תערובת עוגת וניל 500,,500.00,100 גרם,false,,19.50,0.0390,true,1,191550
18000703517,false,"פילסברי, עוגה בטעם שוקולד וניל, תערובת להכנת עוגה בטעם וניל. 550 גרם.",הדקלאים אגודת שיתופי,,תערובת עוגת שיש 550ג,,550.00,100 גרם,false,,19.50,0.0355,true,1,191551
18000766413,false,"פילסברי, עוגה בטעם שוקולד, תערובת להכנת עוגה בטעם שוקולד. 550 גרם.",הדקלאים אגודת שיתופי,,תערובת עוגת בראוניס,,550.00,100 גרם,false,,19.50,0.0355,true,1,191552
22200956932,false,דאודורנט ספיד סטיק גל 24/7 כחול 85 גר,הנסיך- מפעל לייצור ט,,ספיד סטיק 24/7 ג'ל כ,,85.00,100 גרם,false,,19.90,0.2341,true,1,185183
22200956949,false,דאודורנט ג'ל כתום לגבר ספיד סטיק 85 גרם,קולגייט-פלמוליב,,ספיד סטיק 24/7 ג'ל כ,,85.00,100 גרם,false,,19.90,0.2341,true,1,185184
25675301092,false,פשקז חמצוצים מקלות צבעוני מיקס 50 גר,פאסין,,מקלות חמצוצים צבעוני,,50.00,"100 מ""ל",false,,5.90,0.1180,true,1,237312
25675301108,false,מקלות חמוצים חמצוצים תות 50 גרם,פאסין,,מקלות חמוצים תות 50,,50.00,100 גרם,false,,5.90,0.1180,true,1,231703
25675301184,false,חמצוצים מקלות חמוצים קולה 50 גרם,פשקז Paskesz,,מקלות חמוצים קולה 50,,50.00,100 גרם,false,,5.90,0.1180,true,1,199148
25675301207,false,מקלות חמוצים חמצוצים תפוח עץ 50 גרם,פשקז Paskesz,,מקלות חמוצים תפוחי ע,,50.00,100 גרם,false,,5.90,0.1180,true,1,199149
31200001597,false,חמוציות אושן ספריי קליית גת בשקית 170 גרם,ליימן מותגים,,חמוציות אושן ספריי 1,,170.00,100 גרם,false,,13.50,0.0794,true,1,191559
31290140176,false,שוקולוד מריר בתוספת שקדים שוקולד גודייבה פינגרס,"אולקר מקבוצת פלאדיס, ציק",,אצבעות שוקולד מריר ע,,90.00,100 גרם,false,,14.90,0.1656,true,1,242396
33617322616,false,פת פריכה מקמח שיפון ואזה 270 גרם,כלורוקס אוקלנד,,קרקר ואזה מקמח שיפון,,270.00,"100 מ""ל",false,,13.90,0.0515,true,1,192543
33617340610,false,קרקר ואזה 203-275 גרם מקמח שיפון 275,כלורוקס אוקלנד,,פת פריכה מקמח שיפון,,250.00,100 גרם,false,,13.90,0.0556,true,1,192544
34000446001,false,ריזס מיניאטורס- חטיף שוקולד במילוי חמאת בוטנים 150 גרם,ליימן מותגים,,חטיפי שוקולד חלב במי,,150.00,100 גרם,false,,10.90,0.0727,true,1,191564
34000544431,false,ממתקי הרשיז טוויזלרס טעם דובדבן 172 גרם,ליימן מותגים,,ממתק טוויזלרס בטעם ד,,172.00,100 גרם,false,,8.90,0.0517,true,1,249236
36000516876,false,ממחטות נייר קלינקס לושן 3 שכבות 75 דף,חוגלה קימברלי,,קלינקס לושן 75 יח,,75.00,גרם,false,,12.90,0.1720,true,1,240588
37600207188,false,חמאת בוטנים קלאסי סקיפי 462 גרם,חברת המזון אלגוד,,חמאת בוטנים קלאסי סק,,462.00,100 גרם,false,,24.90,0.0539,true,1,179035
38000202278,false,חטיף צ'יפס גלי בטעם אורגינל מלוח,פרינגלס מניופקצ'ורינ,,פרינגלס גלי בטעם אור,,130.00,100 גרם,false,,10.90,0.0838,true,1,243881
38000232152,false,פרינגלס חטיפי תפוח אדמה בטעם ברביקיו 158 גרם,פרינגלס מנופקצ'ורינג קומ,,פרינגלס ביג ברביקיו,,158.00,100 מ'ל,false,,10.90,0.0690,true,1,241099
38000232176,false,פרינגלס ביג שמנת בצל 158 גרם,פרינגלס מנופקצ'ורינג קונ,,פרינגלס ביג שמנת ובצ,,149.00,100 גרם,false,,10.90,0.0732,true,1,241098
38000232183,false,פרינגלס ביג אורגינל 149 גרם,פרינגלס מנופקצ'ורינג קונ,,פרינגלס ביג אורגינל,,149.00,"100 מ""ל",false,,10.90,0.0732,true,1,241097
38527591053,false,קואקר דגנים מרובעים שיבולת שועל וקינמון,קוואקר אוטס קומפני,,דגני בוקר קוואקר מרו,,412.00,100 גרם,false,,21.90,0.0532,true,1,183966
38527591060,false,דגני קוואקר מרובעים Quaker Squares עם סוכר חום,קוואקר אוטס קומפני,,דגני בוקר קוואקר מרו,,412.00,100 גרם,false,,21.90,0.0532,true,1,183967
41390010309,false,"רוטב טריאקי קיקומן 444 מ""ל",קיקומן פודז אינק,,רוטב טריאקי קיקומן 4,,444.00,"100 מ""ל",false,,29.90,0.0673,true,1,179067
41500000428,false,חרדל חום פרנצס חריף לחיץ 340 גרם,פרנצ'ס,,חרדל חום חריף פרנציס,,340.00,100 גרם,false,,19.90,0.0585,true,1,248978
41500013183,false,רוטב סויה וורצסטר פרנצס גדול,,,רוטב וורצ'סטר פרנצס,,443.00,"100 מ""ל",false,,24.90,0.0562,true,1,248973
41500818467,false,"פרנצ רוטב ווסטר מופחת נתרן 443 מ""ל",,,רוטב וורצ'סטר דל נתר,,443.00,"100 מ""ל",false,,24.90,0.0562,true,1,248974
42400108153,false,דגני בוקר צבעוניים בטעם פירות טוטי פרוטיס,פוסט ארצות הברית,,דגני פוסט טוטי פרוטי,,354.00,"100 מ""ל",false,,22.90,0.0647,true,1,244771
44164063914,false,פתיל צף מוכן שרגא יחי',,,פתיל צף מוכן לשימוש,יחידה,0.00,יחידה,false,,5.90,0.0000,true,1,247079
44600300580,false,כלורוקס קלין אפ פרש נוזל לניקוי רב תכלית,כלורוקס אוקלנד,,כלורקס קלין אפ פרש 9,,946.00,100 גרם,false,,19.90,0.0210,true,1,246119
46214382259,false,עוגיות בראוניס שוקולד 225 ג',בנקטבקריי מרבה בי.וי,,עוגיות בראוניס שוקול,,200.00,"100 מ""ל",false,,11.90,0.0595,true,1,185196
46214731552,false,עוגיות שוקולד צ'יפס 37% גודיס 225 גרם,קריניציה ויטמינה אס,,עוגיות שוקולד ציפס ע,,225.00,100 גרם,false,,11.90,0.0529,true,1,185197
50000100347,false,"פריסקיז - מעדני החתול מועשר בחלב 1.40 ק""ג",נסטלה פורינה USA מק,,פריסקיז מעדני החתול,קילוגרמים,1.40,"ק""ג",false,,39.90,28.5000,true,1,175993
50000168583,false,"מזון חתולים פריסקיז אקסטרא קראנץ 1.43 ק""ג","פורינה ארה""\ב",,פריסקיז אקסטרא קראנץ,,1430.00,100 גרם,false,,39.90,0.0279,true,1,245369
50000225224,false,מזול חתולים פריסקיז פילה הודו ברוטב 156 גרם,נסטלה פורינה USA קר,,פריסקיז פילה הודו בר,,156.00,100 גרם,false,,6.50,0.0417,true,1,175996
50000429448,false,פריסקיז פנסי פיסט פטה מוס סלמון 85 גרם,נסטלה פורינה USA סט,,פנסי פיסט מוס סלמון,,85.00,"100 מ""ל",false,,6.50,0.0765,true,1,176008
54881000048,false,תה במבחר פרי הדר 20 שקיקים אחמד,אחמד תה אנגליה,,תה אנגלי במבחר פרי ה,יחידה,0.00,יחידה,false,,9.90,0.0000,true,1,225470
54881000055,false,תה שחור מבחר פירות 20 שקיות אחמד,אחמד תה אנגליה,,תה אנגלי שחור מחר פי,יחידה,0.00,יחידה,false,,9.90,0.0000,true,1,225462
54881000208,false,תה שחור לימון וגינגיר 20 שקיות אחמד,אחמד תה אנגליה,,תה אנגלי שחור לימון,יחידה,0.00,יחידה,false,,9.90,0.0000,true,1,225464
54881003971,false,תה ירוק מבחר 20 שקיקים,אחמד תה אנגליה,,תה אנגלי ירוק מבחר 2,יחידה,0.00,יחידה,false,,9.90,0.0000,true,1,225472
54881004787,false,תה ירוק אחמד 100 שקיות,Sunshine tea (pvt) l,,תה ירוק אחמד 100יח,יחידה,0.00,יחידה,false,,15.90,0.0000,true,1,228022
54881006941,false,תה שחור תפוח 20 שקיקים אחמד,גיבונג אינדסקיאלס,,תה אנגלי שחור תפוח 2,יחידה,0.00,יחידה,false,,9.90,0.0000,true,1,225460
54881006958,false,תה שחור קינמון 20 שקיקים אחמד,אחמד תה אנגליה,,תה אנגלי שחור קינמון,יחידה,0.00,יחידה,false,,9.90,0.0000,true,1,225465
54881006996,false,תה אפרסק ופסיפלורה 20 שקיקים אחמד,אחמד תה אנגליה,,תה אנגלי אפרסק ופסיפ,יחידה,0.00,יחידה,false,,9.90,0.0000,true,1,225467
54881007108,false,תה שחור דומדמניות 20 שקיקים אחמד,תה אחמד Ahmad tea,,תה אנגלי שחור דומדמנ,יחידה,0.00,יחידה,false,,9.90,0.0000,true,1,225461
54881007511,false,תה ירוק בטעם מנטה 20 שקיקים 40 גר,אחמד תה אנגליה,,תה אנגלי ירוק בטעם מ,יחידה,0.00,יחידה,false,,9.90,0.0000,true,1,225474
54881007535,false,תה ירוק בטעם לימון 20 שקיקים 40 גרם,אחמד תה אנגליה,,תה אנגלי ירוק בטעם ל,יחידה,0.00,יחידה,false,,9.90,0.0000,true,1,225475
54881008167,false,תה אינגליש ברקפסט 100 שקיות AHMAD TEA,תה אחמד Ahmad tea,,תה אינגליש ברק אחמד,,200.00,100 גרם,false,,15.90,0.0795,true,1,174683
54881009522,false,תה שחור פטל 20 שקיקים אחמד,אחמד תה אנגליה,,תה אנגלי שחור פטל 20,יחידה,0.00,יחידה,false,,9.90,0.0000,true,1,225469
55369902557,false,אפלסנקס רביעיות רסק תפוחי עץ ממותק בסגנון ביתי עברית,ליייהי אורצ'רדס,,"רסק תפו""ע ביתי רביעי",,452.00,100 גרם,false,,15.50,0.0343,true,1,174443
70221011116,false,טובלרון - שוקולד חלב 100 גרם,טובלרון Toblerone,,טובלרון שוקולד חלב 1,,100.00,100 גרם,false,,9.90,0.0990,true,1,235085
73490129919,false,ביסקוויט ביס קסטה הדר 250 גרם,אפיפית נצרת,,ביסקוויט קסטה 250 גר,,250.00,100 גרם,false,,7.90,0.0316,true,1,237613
73490130359,false,קרקר קרם קרקר רגיל 2,אפיפית נצרת,,קרם קרקר 250גר,,250.00,"100 מ""ל",false,,6.90,0.0276,true,1,201987
73490130946,false,ביסקויט פתי בר בטעם וניל 500 גרם,אפיפית נצרת,,פתי בר וניל 500 גרם,,500.00,"100 מ""ל",false,,8.90,0.0178,true,1,201988
73490130953,false,ביסקויט בטעם שוקולד 500 גרם,אפיפית נצרת,,פתי בר שוקו 500 גרם,,500.00,100 גרם,false,,8.90,0.0178,true,1,201989
76840100156,false,"בן אנד גריס גלידת צרי גרסיה 500 מ""ל",מוצרי איכות אמריקאיים בע,,בן&גריס גלידה שמנת ע,,473.00,"100 מ""ל",false,,19.90,0.0421,true,1,173997
76840100583,false,"גלידת וניל עם בצק עוגיות בן וג'ירי 473 מ""ל",מוצרי איכות אמריקאיים בע,,בן&גריס גלידה וניל+ב,,473.00,100 מ'ל,false,,19.90,0.0421,true,1,174000
76840400218,false,"גלידה בן&ג'ריס תות שדה ועוגת גבינה 500מ""ל",מוצרי איכות אמריקאיים בע,,בן&גריס גלידה עוגת ג,יחידה,473.00,יחידה,false,,19.90,0.0421,true,1,174018
77245110610,false,סוכריות מאסט ללא סוכר בטעם מנטה 80 ג'עלית,MIESZKO S.A - MS. JO,,מאסט סוכריות ללא סוכ,,80.00,"100 מ""ל",false,,8.90,0.1113,true,1,207804
77343000233,false,נרות חימום אורה 50 יחי',"מנורה שי נר בע""מ",,להבונים 50יח,יחידה,0.00,יחידה,false,,9.90,0.0000,true,1,173416
77975036976,false,מטבל עגבניות בחריפות עדינה סניידרס 439 ג',סניידרס אוף האנובר,,מטבל עגבניות בחריפות,,439.00,"100 מ""ל",false,,18.90,0.0431,true,1,191596
77975094624,false,"סניידרס סנדוויץ בייגלה במילוי חמאת בוטנים , 226 ג'",סניידרס Snyder's,,שברי בייגל במילוי חמ,,283.50,100 גרם,false,,16.90,0.0596,true,1,243403
77975094631,false,סניידרס סנדוויץ' בייגלה במילוי קרם בטעם צ'דר 226 גרם,סניידרס לאנס,,בייגלה סניידרס גבינה,,266.00,"100 מ""ל",false,,16.90,0.0635,true,1,243402
77975094761,false,סניידרס חטיפים על בסיס קמח חיטה בטעם גבינת צ'דר,סניידרס אוף האנובר,,שברי בייגל בטעם גבינ,,340.00,"100 מ""ל",false,,16.90,0.0497,true,1,245144
77975094778,false,שברי בייגלה סניידרס בטעם דבש חרדל 340 גר,סניידרס אוף האנובר,,סניידרס בטעם דבש חרד,,340.00,"100 מ""ל",false,,16.90,0.0497,true,1,245620
80432402931,false,"וויסקי סקוטי, שיבאס ריגאל 12 שנה, 700 מ''ל",מזקקת האחים שיבאס,,*מבצע* וויסקי שיבאס,,700.00,100 גרם,false,,109.90,0.1570,true,1,172858
80518532743,false,חבילת בלונים (50 יח') פסטל בסטרים,NORTHERN,,בלוני גומי רמה 3,יחידה,0.00,יחידה,false,,11.90,0.0000,true,1,186426
89041081056,false,שמן סויה בתיבול צילי,Flavor full foods in,,שמן צ'ילי 185 מל,,185.00,"100 מ""ל",false,,11.90,0.0643,true,1,232093
628154383659,false,דגני בוקר פרוטי פבלס פוסט 311 גרם,פוסט ארצות הברית,,*מבצע* דגני פוסט פרו,,311.00,100 גרם,false,,20.00,0.0643,true,1,248959
634065859329,false,אוזניות שחור imx,,,אוזניות שחור IMX,יחידה,0.00,יחידה,false,,29.90,0.0000,true,1,242989
645173911038,false,קורנישון מלפפוןן מיני 720 גרם - תומר,קלמן אינדיה פי וי סי,,קורנישון מיני 720גר,,720.00,100 גרם,false,,11.90,0.0165,true,1,174695
651080161510,false,פלקרס פולסר לשיניים צפופות-מנטה 35 יחידו,מיוצר עי קונדיטוריית,,"פלקסר ""פלוסר"" חוט דנ",יחידה,0.00,יחידה,false,,10.90,0.0000,true,1,246272
651080647519,false,קיסמים עם חוט דנטלי פלאקרס מנטה 35 יחידות,"פלקרס רנור ארה""ב",,"פלאקרס ""פלוסר"" חוט ד",יחידה,0.00,יחידה,false,,10.90,0.0000,true,1,246273
710069055452,false,ביסקויט סנדוויץ שוקו הדר 150 גרם,אפיפית נצרת תעשיות ב,,ביסקויט סנדוויץ בטעם,,150.00,100 גרם,false,,3.90,0.0260,true,1,201992
729000662834,false,פילה דג נסיכת הנילוס פרוס מנות בינוני,,,פילה נסיכת הנילוס מנ,קילוגרמים,1.00,"ק""ג",true,,69.90,69.9000,true,1,250004
729011726254,false,דונאטס מצופה,,,דונאטס מצופה,יחידה,0.00,יחידה,false,,5.90,0.0000,true,1,250659
768404001640,false,"גלידה בן&ג'ריס קפה משפחתית 500מ""ל",מוצרי איכות אמריקאיים בע,,בן&גריס גלידה פיינטס,,473.00,100 גרם,false,,19.90,0.0421,true,1,174021
805278001847,false,אורז בסמטי תומר 1 קג,,,"אורז בסמטי 1 ק""ג תומ",,1000.00,"100 מ""ל",false,,10.90,0.0109,true,1,246054
835811005728,false,עלים לקרמשניט הנמל 400 גרם,"רונית מאפים בע""מ",,עלים לקרמשניט 2*200ג,,300.00,100 גרם,false,,19.90,0.0663,true,1,191103
835811006695,false,"קוקטים לאפייה 20 יחידות ""הנמל""",הנמל,,קוקטים לאפייה 20יח,,20.00,גרם,false,,9.90,0.4950,true,1,191142
835811006701,false,עטרות לאפייה הנמל 24 יח',שוורצקוף& הנקל דיסלד,,קוקטים לאפייה 24יח,,24.00,100 מ'ל,false,,9.90,0.4125,true,1,191143
835811006770,false,תבנית אולמניום עגול 5 יח',הנמל,,מגש הכסף תבנית עגול+,,5.00,גרם,false,,10.90,2.1800,true,1,191146
839762000641,false,משקה איילנד מנגו נקטר 1 ל',"פאראגאלה,דה אג'יפשן",,איילנד נקטר מנגו 1לי,,1000.00,"100 מ""ל",false,,13.90,0.0139,true,1,172871
850006036028,false,מאפה חיטה מקלונים בטעם סלק בצל 400 ג' עבאדי,עבאדי,,עבאדי מאפה חיטה מקלו,,400.00,100 גרם,false,,19.90,0.0497,true,1,249337
856591000055,false,עוגיות מזרחיות קריספי שרוף במיוחד,מאפיית יוסף ושמחה עבאדי,,עוגיות עבאדי מזרחיות,,400.00,100 גרם,false,,19.90,0.0497,true,1,190423
856591000062,false,עוגיות מזרחיות עם מלח עבאדי 400 גרם,מאפיית יוסף ושמחה עבאדי,,עוגיות עבאדי מזרחיות,,400.00,100 גרם,false,,19.90,0.0497,true,1,190424
856591000109,false,עוגיות מזרחיות פריך במיוחד עבאדי 400 גרם,מאפיית יוסף ושמחה עבאדי,,עוגיות עבאדי עוגיות,,400.00,100 גרם,false,,19.90,0.0497,true,1,190428
856591000512,false,עוגיות מזרחיות מקלונים עם שומשום עבאדי 400 גרם,מאפיית יוסף ושמחה עבאדי,,עוגיות מזרחיות מקלות,,400.00,100 גרם,false,,19.90,0.0497,true,1,190442
856591000970,false,מאפה חיטה עבאדי מקלונים בטעם חריף 400 גר,עבאדי,,עבאדי מאפה חיטה מקול,,400.00,100 גרם,false,,19.90,0.0497,true,1,249338
884912002372,false,דגני בוקר גרייט גריינס פוסט453 גרם,פוסט ארצות הברית,,פוסט סלקט קרנברי 396,,396.00,100 גרם,false,,25.90,0.0654,true,1,203042
884912102102,false,דגני בוקר פוסט סלקט אוכמניות 382 גר,הנסיך- מפעל לייצור ט,,דגני פוסט בלובלרי מו,,382.00,100 גרם,false,,25.90,0.0678,true,1,248961
884912126115,false,גרייט גריינס דגני בוקר עם פירות יבשים פוסט 453 גרם,הנסיך- מפעל לייצור ט,,דגני פוסט גרייט גריי,,453.00,100 גרם,false,,25.90,0.0572,true,1,203054
884912129512,false,דגני בוקר קוקו פוסט פלינסטונס 311 גרם,פוסט לקיוויל,,*מבצע* דגני פוסט קוק,,311.00,100 גרם,false,,20.00,0.0643,true,1,203055
884912342737,false,דגני בוקר קריספי וופל פוסט 326 גרם.,הנסיך- מפעל לייצור ט,,דגני פוסט וואפל קריס,,326.00,"100 מ""ל",false,,22.90,0.0702,true,1,248960
884912359155,false,דגני בוקר האני באנצ'ס האני רוסטד פוסט 340 גרם,פוסט ארצות הברית,,דגני פוסט האני בנצ'ס,,340.00,100 גרם,false,,23.90,0.0703,true,1,248952
884912359162,false,האני באנצ' דגני בוקר עם שקדים פוסט 411 גרם,פוסט ארצות הברית,,דגני פוסט האני בנצ'ס,,340.00,100 גרם,false,,23.90,0.0703,true,1,248953
884912359414,false,דגני בוקר האני באנצס קינמון 340 ג' POST,פוסט ארצות הברית,,*מבצע* דגני פוסט האנ,,340.00,100 גרם,false,,16.90,0.0497,true,1,248954
884912359421,false,דגני בוקר האני באנצ'ס מייפל ופקאן פוסט 340 גרם,פוסט ארצות הברית,,*מבצע* דגני פוסט האנ,,340.00,100 גרם,false,,16.90,0.0497,true,1,248955
884912365200,false,דגני בוקר אוראו שחור ולבן 311 גרם,פוסט ארצות הברית,,דגני בוקר אוראו 311,,311.00,100 גרם,false,,19.90,0.0640,true,1,249896
884912377142,false,דגני בוקר האני באנצ'ס וניל פוסט 340 גרם,פוסט ארצות הברית,,*מבצע* דגני פוסט האנ,,340.00,100 גרם,false,,16.90,0.0497,true,1,248957
887930383881,false,סוללה AA קודאק (12)א,,,סוללה AA קודאק (12)א,יחידה,0.00,יחידה,false,,19.90,0.0000,true,1,250062
887930415681,false,נורות לד קודאק A60 ו,,,נורות לד קודאק A60 ו,יחידה,0.00,יחידה,false,,21.90,0.0000,true,1,223488
887930951998,false,סוללות קודאק 4יח AAA,,,סוללות קודאק 4יח AAA,יחידה,0.00,יחידה,false,,7.90,0.0000,true,1,222344
887930952001,false,סוללה AAA קודאק 4+2,,,סוללה AAA קודאק 4+2,יחידה,0.00,יחידה,false,,14.90,0.0000,true,1,250064
887930952018,false,סוללות קודאק אקסטרא,,,סוללות קודאק אקסטרא,יחידה,0.00,יחידה,false,,11.90,0.0000,true,1,222345
3010470155299,false,פריסקיז Friskies פטה בקר וירקות,ניו פטפוד איטליה,,פריסקיז פטה בקר וירק,,400.00,100 גרם,false,,9.90,0.0248,true,1,243698
3014260214692,false,"ג'ל גילוח ג'ילט סירייס לעור רגיש 200 מ""ל",דיפלומט מפיצים (1986) בע`מ,,גילט גל גילוח רגיש ס,,200.00,"100 מ""ל",false,,19.90,0.0995,true,1,203202
3014260246693,false,סכיני גילוח חד פעמי ונוס סימפלי רביעייה,פארמה דיל (פ.א.ב.) שיווק והפצה,,וונוס סימפל סכיני גי,יחידה,0.00,יחידה,false,,9.90,0.0000,true,1,207609
3014260287030,false,ג`ילט סכיני גילוח חדפ לגבר יבוא מקביל,פארמה דיל (פ.א.ב.) שיווק והפצה,,גילט סכיני גילוח חד,יחידה,0.00,יחידה,false,,9.90,0.0000,true,1,207612
3014260289287,false,סכין גילוח גילט בלו 2 לנשים-חמישייה,דיפלומט מפיצים (1968) בעמ,,גילט בלו סכיני גילוח,יחידה,0.00,יחידה,false,,9.90,0.0000,true,1,203234
3045206312257,false,דזיטול מגבונים לכל משטח מחטא ומשמיד,יעקב יעקבי ובניו בעמ,,מגבונים לחיטוי כללי,יחידה,0.00,יחידה,false,,14.90,0.0000,true,1,183504
3046920028004,false,לינדט שוקולד אקסלנס מריר 70% 100 גר,לינדט ושפרונגלי קילשברג,,שוקולד לינדט אקסלנס,,100.00,100 גרם,false,,15.90,0.1590,true,1,190820
3046920028363,false,לינדט אקסלנס 85% מוצקי קקאו 100 גרם,לינדט ושפרונגלי קילשברג,,שוקולד לינדט אקסלנס,,100.00,100 גרם,false,,15.90,0.1590,true,1,190821
3046920029674,false,אקסלנס עם שבבי מלח לינדט (100 גרם),לינדט ושפרונגלי קילשברג,,שוקולד לינדט אקסלנס,,100.00,100 גרם,false,,15.90,0.1590,true,1,190824
3046920029759,false,אקסלנס שוקולד מריר 90% לינדט (100 גרם),לינדט ושפרונגלי קילשברג,,שוקולד לינדט אקסלנס,,100.00,100 גרם,false,,15.90,0.1590,true,1,190825
3059940007768,false,"מבשם אוויר אירוויק ספריי וניל אורכידאה 240 מ""ל",רקיט בנקיזר (ניר איסט) בעמ,,איירוויק ספריי וניל,,240.00,"100 מ""ל",false,,9.90,0.0413,true,1,199607
3059943015104,false,"אירוויק מבשם אויר נטול גז בניחוח פריסיה ויסמין 345 מ""ל",רקיט בנקיזר (ניר איסט) בעמ,,איירויק נטול גז פריס,,345.00,"100 מ""ל",false,,14.90,0.0432,true,1,199613
3059943015128,false,מבשם אוויר נטול גז אקווה מיסט בניחוח לבנדר פראי ואוויר הרים,רקיט בנקיזר (ניר איסט) בעמ,,איירוויק ספריי נטול,,345.00,"100 מ""ל",false,,14.90,0.0432,true,1,199614
3059943016507,false,"אירוויק ספריי בניחוח לבנדר וקמומיל 240 מ""ל",רקיט בנקיזר (ניר איסט) בעמ,,איירוויק ספריי לבנדר,,240.00,"100 מ""ל",false,,9.90,0.0413,true,1,199615
3059943016569,false,"מבשם אוויר אירוויק ספריי פרסיה ויסמין 240 מ""ל",רקיט בנקיזר (ניר איסט) בעמ,,איירוויק ספריי פריסי,,240.00,"100 מ""ל",false,,9.90,0.0413,true,1,199618
3141360054405,false,פיניש מפיץ ריח למדיח בניחוח לימון וליים,רקיט בנקיזר (ניר איסט) בעמ,,פיניש דאו ריח לימון,יחידה,0.00,יחידה,false,,21.90,0.0000,true,1,199624
3147697720204,false,ויסקי בלנדד סקוטי לייבל,לייבל 5 Label,,וויסקי סקוטי לייבל 7,,700.00,"100 מ""ל",false,,69.90,0.0999,true,1,200730
3387390320244,false,פיטנס דגני בוקר מחיטה מלאה עם פירות נסטלה 375 גרם,קבוצת אוסם סחר שותפות מוגבלת,,פיטנס פירות 375גר,,375.00,100 גרם,false,,23.90,0.0637,true,1,176019
3387390525960,false,קראנץ' דגני בוקר עם שוקולד חלב נסטלה 500 גרם,קבוצת אוסם סחר שותפות מוגבלת,,דגני קראנץ' נסטלה 50,,500.00,100 גרם,false,,26.90,0.0538,true,1,176024
3387390730852,false,פיטנס דגנים מחיטה מלאה ואורז נסטלה 375 גרם,קבוצת אוסם סחר-שות.מוגבלת,,פיטנס דגנים מחיטה מל,,375.00,100 גרם,false,,23.90,0.0637,true,1,176025
3574660389128,false,ליסטרין שטיפת פה קול מינט טעם מעודן 500,איינשטיין צור-יבוא-יצוא וסחר ב,,ליסטרין מי פה קול מי,,500.00,"100 מ""ל",false,,19.90,0.0398,true,1,250108
3574660389142,false,"ליסטרין מי פה ירוק פרש בורסט 500 מ""ל",,,ליסטרין מי פה פרש יר,,500.00,"100 מ""ל",false,,19.90,0.0398,true,1,250109
3574661352275,false,"מי פה ליסטרין קידס 250 מ""ל פירות יער",ג'\ונסון אנד ג'\ונסון,,*מבצע* ליסטרין קידס,,250.00,100 גרם,false,,10.90,0.0436,true,1,243840
3574661425696,false,גונסונס בייבי תחליב לתינוק 500 מל,ג'ונסונס Johnson's,,גונסון בייבי תחליב 5,,500.00,"100 מ""ל",false,,27.90,0.0558,true,1,227302
3574661487328,false,קרפרי מגני תחתון אורגינל פלוס 56 יח',הדקלאים אגודת שיתופי,,קרפרי תחתוניות רגיל,יחידה,0.00,יחידה,false,,14.90,0.0000,true,1,233605
3574661487335,false,מגן תחתון קרפרי מקסי לונג ריחני 40 יחידות,ש. שסטוביץ בע`מ,,קרפרי תחתוניות לונג,יחידה,0.00,יחידה,false,,14.90,0.0000,true,1,233606
3574661487618,false,קרפרי מגן תחתון מקסי לארג'' מבושם 48 יח'',ג'ויה מעבדות לקוסמטי,,קרפרי תחתוניות מקסי,יחידה,0.00,יחידה,false,,14.90,0.0000,true,1,233607
3574661487625,false,מגני תחתון פלוס לארג' בניחוח עדין L,הדקלאים אגודת שיתופי,,קרפרי תחתוניות מקסי,יחידה,0.00,יחידה,false,,14.90,0.0000,true,1,233608
3574661491721,false,"ליסטרין - מי פה הלבנה 500 מ""ל",,,ליסטרין מי פה לבן,,500.00,"100 מ""ל",false,,19.90,0.0398,true,1,250110
3574661520469,false,שמפו לתינוק גונסון 500 מל,,,"שמפו גונסון 500 מ""ל",,500.00,"100 מ""ל",false,,10.00,0.0200,true,1,247409
3574661520476,false,שמפו גונסון ירוק קמומיל 500 מל,,,שמפו גונסון קמומיל 5,,500.00,"100 מ""ל",false,,10.00,0.0200,true,1,247410
3574661552576,false,קרפרי מגן תחתון רגיל טנגה לבן 56 יח חדש,הדקלאים אגודת שיתופי,,קרפרי מגן תחתון רגיל,,56.00,100 מ'ל,false,,14.90,0.2661,true,1,242432
3574661552811,false,מגן תחתון קרפרי כותון אוורירי 56 יחידות,הדקלאים אגודת שיתופי,,קרפרי תחתוניות כותון,יחידה,0.00,יחידה,false,,14.90,0.0000,true,1,242433
3574661554877,false,מגן תחתון קרפרי כותון מבושם 56 יחידות,הנסיך- מפעל לייצור ט,,קרפרי מגן תחתון אוור,,56.00,גרם,false,,14.90,0.2661,true,1,242434
3574669907828,false,שמפו גונסון קמומיל 300 מל,,,ג'ונסון שמפו קמומיל,,300.00,"100 מ""ל",false,,7.90,0.0263,true,1,245964
3574669908443,false,ג'ונסון בייבי אל סבון וקצף אמבט 750 חדש,ש.שסטוביץ בעמ,,גונסון בייבי אל סבון,,750.00,"100 מ""ל",false,,19.90,0.0265,true,1,227296
3574669908665,false,גונסונס בייבי אל סבון לפני השינה 750 מל,גונסון אנד גונסון,,גונסון בייבי אל סבון,,750.00,"100 מ""ל",false,,19.90,0.0265,true,1,227294
3607343817547,false,"אדידס - דאודורנט ספריי לגבר קליימקול 150 מ""ל",דנשר (1963) בעמ,,אדידס דאודורנט ספריי,,150.00,"100 מ""ל",false,,13.90,0.0927,true,1,246261
3607345264356,false,"אדידס בודי ספריי לגבר דינמיק פולס, ללא אלומיניום, 150 מל",דנשר,,פיוז'ן ספריי גוף דינ,,150.00,"100 מ""ל",false,,14.90,0.0993,true,1,206596
3608580730279,false,מרמלדת תפוזים 370 גר BONNE MAMAN,ר.ב. מוצרי דגנים בעמ,,קונפיטורת מרמלדת תפו,,340.00,100 גרם,false,,19.90,0.0585,true,1,248970
3661163991344,false,"אדידס דאודורנט ספריי מקס פרו-קליר לאישה 150 מ""ל",מיוצר עי קונדיטוריית,,אדידס ספריי לאישה קל,,150.00,"100 מ""ל",false,,13.90,0.0927,true,1,213979
3661163991580,false,"אדידס - דאודורנט ספריי לאישה קול אנד קר 6 ב-1 150 מ""ל",מיוצר עי קונדיטוריית,,אדידס ספריי לאישה קו,,150.00,"100 מ""ל",false,,13.90,0.0927,true,1,213980
3665468301723,false,אירוויק באז מבשם ומנטרל ריחות בניחוח לילות לבנים 237 מ'ל,רקיט בנקיזר (ניר איסט) בעמ,,איירוויק מבשם אוויר,,237.00,"100 מ""ל",false,,14.90,0.0629,true,1,249895
3800020403631,false,קיט קט וופל פריך עם קרם בוטנים (19%) בציפוי שוקולד חלב (61.8%),קבוצת אוסם סחר-שות.מוגבלת,,קיט קט צ'אנקי חמאת ב,,42.00,"100 מ""ל",false,,4.90,0.1167,true,1,214592
3800020423578,false,קיט קט שוקולד אצבעות צ'אנקי אדום 40ג',קבוצת אוסם סחר שותפות מוגבלת,,קיט קאט צאנקי 40 גרם,,40.00,100 גרם,false,,4.90,0.1225,true,1,214594
3800020472569,false,חטיף קיט קאט צ`אנקי קרמל מלוח 42 גרם,קבוצת אוסם סחר שותפות מוגבלת,,קיט קט צ'אנקי קרמל 4,,43.50,100 גרם,false,,4.90,0.1126,true,1,249986
3838824127224,false,צבע לשיער פאלטה סמי קיט חום בינוני 4-0,שוורצקופף והנקל,,פאלטה-צבע לשיער חום,יחידה,0.00,יחידה,false,,19.90,0.0000,true,1,224639
3838824127248,false,פלטה סמי קיט חום בהיר 5-0 צבע שיער,שוורצקופף והנקל,,פאלטה-צבע לשיער חום,יחידה,0.00,יחידה,false,,19.90,0.0000,true,1,224640
3838824127286,false,צבע לשיער פלטה - 7-0 בלונד בינוני,שוורצקופף והנקל,,פאלטה-צבע לשיער בלונ,יחידה,0.00,יחידה,false,,19.90,0.0000,true,1,224642
3838824127644,false,צבע לשיער פלטה - 4-89 חציל זוהר,שוורצקופף והנקל,,פאלטה-צבע לשיער חציל,יחידה,0.00,יחידה,false,,19.90,0.0000,true,1,190010
3838824327099,false,פאלטה בלונד פודרה 10-46 סמי קיט,שוורצקופף והנקל,,פאלטה צבע לשיער בלונ,יחידה,0.00,יחידה,false,,19.90,0.0000,true,1,224649
3838824380902,false,צבעי שיער בלונד סופר בהיר 10-0 סמי קיט פאלטה,שוורצקופף והנקל,,פאלטה-צבע לשיער סמי,יחידה,0.00,יחידה,false,,19.90,0.0000,true,1,246721
3838824381022,false,צבעי שיער חום שוקולד כהה 3-65 סמי קיט פאלטה,שוורצקופף והנקל,,פאלטה-צבע לשיער סמי,יחידה,0.00,יחידה,false,,19.90,0.0000,true,1,246719
4000415039707,false,שוקולד שוגטן עוגיות וניל טבעי 100ג,לודוויג שוקולד,,שוגטן עוגיות וניל 10,יחידה,0.00,יחידה,false,,6.90,0.0000,true,1,232564
4000415111908,false,שוגטן שוקולד סטרציאטלה 100 גרם,לודוויג שוקולד,,שוגטן גלידה 100 ג,,100.00,100 גרם,false,,6.90,0.0690,true,1,230427
4000415749606,false,שוקולד שוגטן יום הולדת 100 גרם,לודוויג שוקולד,,שוגטן יום הולדת 100ג,,100.00,100 גרם,false,,6.90,0.0690,true,1,248913
4000417022004,false,ריטר ספורט שוקולד חלב מעולה עם צימוקים ואגוזי לוז 100 גרם,ריטר ספורט Ritter sport,,שוקולד קולד ריטר צימ,,100.00,100 גרם,false,,8.90,0.0890,true,1,191616
4000417025005,false,שוקולד מריר במילוי מרציפן ריטר ספורט 100 גרם,ריטר ספורט Ritter sport,,שוקולד ריטר ספורט מר,,100.00,100 גרם,false,,8.90,0.0890,true,1,191619
4000417026002,false,שוקולד ריטר ספורט פרלין 100 גרם חלב נוכרי,ריטר ספורט Ritter sport,,שוקולד ריטר ספורט פר,,100.00,"100 מ""ל",false,,8.90,0.0890,true,1,191620
4000417211002,false,שוקולד חלב מעולה ממולא קרם קרמל מוקצף ושברי שקדים מומלחים,ריטר ספורט Ritter sport,,שוקולד ריטר ספורט מו,,100.00,100 גרם,false,,8.90,0.0890,true,1,191621
4000417212009,false,ריטר ספורט שוקולד מריר מעולה עם שקדים קצוצים וקליפות תפוז מסוכרות,ריטר ספורט Ritter sport,,שוקולד ריטר ספורט מר,,100.00,"100 מ""ל",false,,8.90,0.0890,true,1,226591
4000417222008,false,שוקולד ריטר ספורט חלב+שברי אגוזים 100 גרם חלב נוכרי,ריטר ספורט Ritter sport,,שוקולד ריטר ספורט חל,,100.00,"100 מ""ל",false,,8.90,0.0890,true,1,191624
4000417294005,false,שוקולד ריטר מוס קקאו 100 גרם חלב נוכרי,ריטר ספורט Ritter sport,,שוקולד ריטר מוס קקאו,,100.00,"100 מ""ל",false,,8.90,0.0890,true,1,191634
4000417298003,false,שוקולד ריטר ספורט קוקוס 100 גרם חלב נוכרי,ריטר ספורט Ritter sport,,שוקולד ריטר ספורט קו,,100.00,100 גרם,false,,8.90,0.0890,true,1,191635
4000522009747,false,"מקלות בייגלה תפו""א צ'יו 80 גרם",טרופיקל דגיל תעשיות,,ציו חטיף תפוחי אדמה,,80.00,100 גרם,false,,4.90,0.0613,true,1,203069
4000522061752,false,בייגלה צ'יו מקלות מלוחים 100 גרם,ר.ב. מוצרי דגנים בעמ,,בייגלה צ'יו מקלות 10,,100.00,100 גרם,false,,4.90,0.0490,true,1,203070
4000539280726,false,שוקולד לינדט אקסלנס מילד 70% 100 גר`,משה סידס ובנו בעמ,,שוקולד לינדט אקסלנס,,100.00,100 גרם,false,,15.90,0.1590,true,1,249516
4000869032569,false,"הפי מבשם ומטהר אויר ורוד מוצק יעקבי 150 מ""ל","יעקב יעקבי ובניו בע""מ",,הפי פרש מבשם ומטהר א,,150.00,100 גרם,false,,8.90,0.0593,true,1,183507
4002448017684,false,"סיליט באנג ספריי ניקוי כללי מסיר אבנית 750 מ""ל",רקיט בנקיזר (ניר איסט) בעמ,,סיליט באנג ספריי רב,,750.00,"100 מ""ל",false,,12.90,0.0172,true,1,199628
4002448019480,false,"סיליט באנג מסיר שומנים רב שימושי 750 מ""ל",רקיט בנקיזר (ניר איסט) בעמ,,סיליט באנג ספריי מסי,,750.00,100 גרם,false,,12.90,0.0172,true,1,199630
4002590000022,false,סוכריות קלפני פירות יער אוכמניות 150 ג',ליימן שליסל בע`מ,,סוכריות קלפני פירות,,150.00,100 גרם,false,,10.90,0.0727,true,1,191641
4002590000046,false,סוכריות בטעם מנטה מרענן קלפני 150 גרם,ליימן שליסל בע`מ,,סוכריות קלפני מרענן,,150.00,100 גרם,false,,10.90,0.0727,true,1,191643
4002590703541,false,סוכריות קלפני תות בפחית 150גר,ליימן שליסל בע`מ,,סוכריות קלפני תות 15,,150.00,100 גרם,false,,10.90,0.0727,true,1,191654
4003754081000,false,מרציפן חטיף 100 גר CARSTENS ERASMI,Erasmi & Carstens Gm,,מרציפן 100גר,,100.00,100 גרם,false,,8.90,0.0890,true,1,194864
4004666042004,false,"מלרוד מרסס משמיד עובש יעקבי 500 מ""ל","יעקב יעקבי ובניו בע""מ",,מלרוד מרסס משמיד עוב,,500.00,"100 מ""ל",false,,29.90,0.0598,true,1,230962
4004715020755,false,קישוטים לעוגה 3 צילינדרים בקופסא,היינץ צפון אמריקה מק,,פרינס אנד פרינסס קיש,,75.00,100 גרם,false,,14.90,0.1987,true,1,191656
4005808128631,false,ניוואה ג`ל רחצה לגבר עם תמציות ליים 50,אלפא ב.ד.ף בעמ,,ניוואה ג'ל רחצה תמצי,,500.00,"100 מ""ל",false,,14.90,0.0298,true,1,242484
4005808366392,false,שפתון ליובש כחול קלאסי לבלו 48 גרם,טרופיקל דגיל תעשיות,,שפתון לבלו כחול בליס,יחידה,0.00,יחידה,false,,10.00,0.0000,true,1,216558
4005808588640,false,"ניוואה קרם גילוח לעור רגיש 100 מ""ל",אלפא ב.ד.ף בעמ,,ניוואה קרם גילוח לעו,,100.00,"100 מ""ל",false,,12.90,0.1290,true,1,242490
4005808698103,false,ניוואה תחליב גוף סמוד לעור יבש 500 מל,בטר אנד דיפרנט,,ניוואה תחליב גוף סמו,,500.00,"100 מ""ל",false,,19.90,0.0398,true,1,244358
4005808702107,false,ניוואה תחליב גוף לעור יבש מאד 500 מל,בטר אנד דיפרנט,,ניוואה תחליב גוף לעו,,500.00,"100 מ""ל",false,,19.90,0.0398,true,1,244359
4005808817726,false,ניוואה קרם גילוח לגבר100,אלפא ב.ד.ף בעמ,,ניוואה קרם גילוח פרו,יחידה,0.00,יחידה,false,,12.90,0.0000,true,1,242491
4005808850723,false,שפתון ליובש תות שדה לבלו,טרופיקל דגיל תעשיות,,שפתון לבלו תות בליסט,יחידה,0.00,יחידה,false,,10.00,0.0000,true,1,216573
4005808850907,false,שפתון ליובש הידרו קייר בליסטר,אלפא- ב.ד.ף בעמ,,שפתון לבלו הידרו קר,יחידה,0.00,יחידה,false,,10.00,0.0000,true,1,242492
4005808890507,false,ניוואה קרם סופט רב שימושי 200 מל יבוא,פארמה דיל (פ.א.ב.) שיווק והפצה,,ניוואה קרם סופט לחות,,200.00,"100 מ""ל",false,,24.90,0.1245,true,1,232859
4005808890576,false,"קרם ידיים סופט ניוואה 75 מ""ל",אלפא ב.ד.ף בעמ,,ניוואה קרם ידיים שפו,יחידה,0.00,יחידה,false,,11.90,0.0000,true,1,216575
4005900037909,false,"ניוואה - דאודורנט ספריי לאישה אינויזיבל פיור 150 מ""ל",אלפא ב.ד.ף בעמ,,ניוואה דאו ספריי אי,,150.00,100 מ'ל,false,,14.90,0.0993,true,1,242480
4005900138842,false,"ניוואה - תחליב רחצה סמוט 750 מ""ל",אלפא ב.ד.ף בעמ,,ניוואה תחליב רחצה סמ,,750.00,יח',false,,14.90,0.0199,true,1,246118
4005900513045,false,"ניוואה - דאודורנט ספריי לגבר דיפ 150 מ""ל",אלפא- ב.ד.ף בעמ,,ניוואה דאו ספריי דיפ,,150.00,גרם,false,,14.90,0.0993,true,1,242479
4005900555915,false,"ניוואה - תחליב רחצה קוקוס וחוחובה 750 מ""ל",אלפא- ב.ד.ף בעמ,,ניוואה תחליב רחצה קו,,750.00,יח',false,,14.90,0.0199,true,1,242577
4005900633125,false,"ניוואה - דאודורנט ספריי לגבר דיפ אספרסו 150 מ""ל",ביירסדורף,,ניוואה מן דאו ספריי,,150.00,גרם,false,,14.90,0.0993,true,1,248994
4005900648181,false,"ניוואה - תחליב רחצה אלוורה 750 מ""ל",אלפא- ב.ד.ף בעמ,,ניוואה תחליב רחצה אל,,750.00,יח',false,,14.90,0.0199,true,1,246117
4005900828088,false,"ניוואה - דאודורנט רול און לגבר פרש 50 מ""ל",טרופיקל דגיל תעשיות,,ניוואה דאו רול און פ,,50.00,100 מ'ל,false,,12.90,0.2580,true,1,229157
4005900833723,false,"ניוואה - פאוור פרש ג'ל רחצה לגבר 500 מ""ל",אלפא- ב.ד.ף בעמ,,ניוואה ג'ל רחצה לגב,,500.00,"100 מ""ל",false,,14.90,0.0298,true,1,246712
4005900978950,false,לבלו - דובדבן שפתון לחות מטפח מהדורת נסיכות דיסני,אלפא- ב.ד.ף בעמ,,לבלו דובדבן שפתון לח,יחידה,0.00,יחידה,false,,10.00,0.0000,true,1,250506
4005900978967,false,לבלו - וניל שפתון לחות מטפח מהדורת נסיכות דיסני,אלפא- ב.ד.ף בעמ,,לבלו וניל שפתון וניל,יחידה,0.00,יחידה,false,,10.00,0.0000,true,1,250498
4006529002170,false,גולדרינג עוגיות גורמה 400 גרם,יעד ממתקים בעמ,,עוגיות גולד רינג 400,,400.00,"100 מ""ל",false,,8.90,0.0223,true,1,173656
4008287058161,false,בירה קרומבאכר פילס 4.8% שישיה 6 * 330 מל,אגודת הכורמים -כרמל מזרחי,,שישיית בירת קרומבכר,,1980.00,100 גרם,false,,29.90,0.0151,true,1,246132
4009300528845,false,"פומפדור תה ירוק עם לימונית דבש 30 מ""ל",ש.שסטוביץ בעמ,,פומפדור תה ירוק לימו,,30.00,100 גרם,false,,17.90,0.5967,true,1,234207
4009900402965,false,אורביט וויט בטעם פירות בקבוקון 46מלבניות,"מרס ריגלי ישראל בע""מ",,אורביט ווייט בקבוקון,,65.00,"100 מ""ל",false,,10.90,0.1677,true,1,213126
4009900403023,false,אורביט וויט בטעם מנטה בקבוקון 46 מלבניות,"מרס ריגלי ישראל בע""מ",,אורביט ווייט בקבוקון,,64.00,"100 מ""ל",false,,10.90,0.1703,true,1,213127
4009900406918,false,מסטיק הובה בובה טייפ טריפל מיקס 56ג',מרס ריגלי קונפקשונרי,,הובה בובה טריפל מיקס,,56.00,100 גרם,false,,7.50,0.1339,true,1,213130
4009900420129,false,מסטיק אורביט פרופשנל פפרמינט בקבוקון 64 גר',"מרס ריגלי ישראל בע""מ",,אורביט פרופשיונל פפר,,64.00,100 גרם,false,,10.90,0.1703,true,1,226166
4009900479998,false,אורביט וויט אוכמניות בקבוקון 46 מלבניות,"מרס ריגלי ישראל בע""מ",,אורביט אוכמניות בקבו,יחידה,0.00,יחידה,false,,10.90,0.0000,true,1,213179
4009900482417,false,מסטיק אורביט פירות מנטה בקבוקון באבל מינט 45יח,"מרס ריגלי ישראל בע""מ",,אורביט באבל מינט בקב,יחידה,0.00,יחידה,false,,10.90,0.0000,true,1,213181
4009900484060,false,מסטיק אורביט פרופשיונל בטעם מנטה ללא סוכר,"מרס ריגלי ישראל בע""מ",,אורביט בקבוק בטעם מנ,,60.00,100 גרם,false,,14.50,0.2417,true,1,213183
4009900484091,false,מסטיק אורביט פרופשיונל בטעם מנטה ללא סוכר,"מרס ריגלי ישראל בע""מ",,אורביט בקבוק בטעם ספ,,84.00,100 גרם,false,,14.50,0.1726,true,1,213184
4009900484305,false,מסטיק אורביט פרופשיונל סוויטמינט ביגי לבן 60יח',"מרס ריגלי ישראל בע""מ",,אורביט בקבוק בטעם סו,,84.00,100 גרם,false,,14.50,0.1726,true,1,213185
4009900487283,false,מסטיק אורביט סטיקס מארז חמישייה ללס בטע,"מרס ריגלי ישראל בע""מ",,אורביט סטיקס בטעם פי,יחידה,0.00,יחידה,false,,9.90,0.0000,true,1,213186
4009900491044,false,מסטיק אירוויבז בטעם מנטה אוכמניות ללס,מרס ריגלי ישראל בעמ,,אירוובס בקבוק אוכמני,,84.00,100 גרם,false,,14.50,0.1726,true,1,226684
4009900500166,false,סוכריות פירות אדום סקיטלס בקבוקון 125ג',"מרס ריגלי ישראל בע""מ",,סקיטלס פירות בבקבוק,,125.00,"100 מ""ל",false,,9.90,0.0792,true,1,219864
4009900509770,false,מסטיק אורביט בטעם תות ללס אריזה מוגדלת,מרס ריגלי ישראל בעמ,,אורביט בקבוק בטעם תו,,60.00,גרם,false,,14.50,0.2417,true,1,213195
4009900531122,false,"מסטיק בטעם מנטה ספירמינט, 64 ג' פרופשיונל אורפיט","מרס ריגלי ישראל בע""מ",,אורביט פרופשיונל פפר,,64.00,100 גרם,false,,10.90,0.1703,true,1,226167
4009900532327,false,סוכריות סקיטלס סמודיס בטעמי יוגורט ופירות,"מרס ריגלי ישראל בע""מ",,סקיטלס סמודיס 38 גרם,,38.00,100 גרם,false,,3.50,0.0921,true,1,226685
4009900536257,false,מסטיק אורביט רפרשרס ספירמינט בקבוקון ללא סוכר 67 גר',מרס ריגלי קונפקשונרי,,אורביט רפרשרס ספירמי,,67.00,100 גרם,false,,11.90,0.1776,true,1,245373
4009900536288,false,מסטיק אורביט רפרשרס פפרמינט בקבוקון ללא סוכר 67 גר',מרס ריגלי קונפקשונרי,,אורביט רפרשרס פפרמינ,,67.00,100 גרם,false,,11.90,0.1776,true,1,245375
4009900536486,false,מסטיק אורביט רפרשרס באבלמינט בקבוקון ללא סוכר 67 גר',מרס ריגלי קונפקשונרי,,אורביט רפרשרס באבלמי,,67.00,100 גרם,false,,11.90,0.1776,true,1,245377
4009900539685,false,"מסטיק פייב באונס בטעם מנטה בקבוקון, 61.8 גרם","מרס ריגלי ישראל בע""מ",,מסטיק פייב באונס בטע,,61.80,100 גרם,false,,11.90,0.1926,true,1,249922
4009900539746,false,"מסטיק פייב באונס בטעם אבטיח בקבוקון, 61.8 גרם","מרס ריגלי ישראל בע""מ",,מסטיק פייב באונס בטע,,61.80,100 גרם,false,,11.90,0.1926,true,1,249924
4009900540551,false,מסטיק אורביט רפרשרס טרופיקל בקבוקון ללא סוכר,מרס ריגלי ישראל בעמ,,אורביט רפרשרס טרופיק,,67.00,100 גרם,false,,11.90,0.1776,true,1,248357
4011800528416,false,קורני חטיף דגנים עם בוטנים מתוק-מלוח*6,משה סידס ובנו בעמ,,קורני בייס סויט&סול,,150.00,100 גרם,false,,12.90,0.0860,true,1,243957
4011800568610,false,מארז רביעיית קורני בטעם קלאסי,שוורטאוור וורקה,,קורני סנדביץ במילוי,,120.00,100 גרם,false,,12.90,0.1075,true,1,206660
4011800628512,false,חטיף קורני שוקולד חלב 6 יח 150 גר,מיוצר עי קונדיטוריית,,קורני חטיף דגנים עם,,150.00,100 גרם,false,,12.90,0.0860,true,1,206666
4011800630515,false,חטיף קורני שוקולד חלב ובננה 6 יח 150 גר,מיוצר עי קונדיטוריית,,קורני חטיף דגנים עם,,150.00,100 גרם,false,,12.90,0.0860,true,1,206668
4011800632519,false,חטיף קורני שישייה שוקולד חלבי וקוקוס,מיוצר עי קונדיטוריית,,קורני חטיף דגנים עם,,150.00,100 גרם,false,,12.90,0.0860,true,1,206670
4011800635510,false,חטיף קורני Corny Free עם אגוזי לוז ללא תוספת סוכר,משה סידס ובנו בעמ,,קורני פרי חטיף דגנים,,120.00,100 גרם,false,,12.90,0.1075,true,1,206672
4011800636517,false,קורני פרי שוקולד חלב מעולה ללא סוכר 6*1,מיוצר עי קונדיטוריית,,קורני פרי חטיף דגנים,,120.00,100 גרם,false,,12.90,0.1075,true,1,206673
4011800637514,false,חטיף קורני Corny Free עם שוקולד לבן ללא תוספת סוכר,מ.סידס ובנו בעמ,,קורני פרי חטיף דגנים,,120.00,100 גרם,false,,12.90,0.1075,true,1,206674
4014400900217,false,בונבונריית מרסי מבחר ממתקי שוקולד 400 גרם,קריניציה ויטמינה אס,,בונבונירה מרסי 400גר,,400.00,100 גרם,false,,55.90,0.1397,true,1,191671
4014400901191,false,בונבונריית מרסי מבחר ממתקי שוקולד 250 גרם,ליימן שליסל בע`מ,,בונבונירה מרסי 250גר,,250.00,100 גרם,false,,27.90,0.1116,true,1,191674
4014400901412,false,מרסי בונבוניירה שוק`מריר 250 גר כשלפ,ליימן שליסל בע`מ,,מרסי מריר 250גר,,250.00,100 גרם,false,,27.90,0.1116,true,1,191676
4014400904277,false,סוכריות בטעם מנטה אייס פרש סטורק 425 גרם,ליימן שליסל בע`מ,,סוכריות אייס פרש 425,,425.00,100 גרם,false,,16.90,0.0398,true,1,191679
4014400904307,false,סוכריות בטעם פירות קליפורניה סטורק 425 גרם,קריניציה ויטמינה אס,,סוכריות קליפרניה 425,,425.00,100 גרם,false,,16.90,0.0398,true,1,191680
4014400904376,false,סוכריות טופי בטעם שוקולד סטורק 325 גרם,קריניציה ויטמינה אס,,סוכריות שוקולדן 325ג,,325.00,100 גרם,false,,16.90,0.0520,true,1,191682
4014400904390,false,סוכריות טופי ממולא חלב סטורק 325 גרם,קריניציה ויטמינה אס,,סוכריות וולמילש 325ג,,325.00,100 גרם,false,,16.90,0.0520,true,1,191683
4014400910063,false,סוכריות חמאה וורטרס אורגינל (135 גרם),ליימן שליסל בע`מ,,סוכריות וורטר שקית 1,,135.00,100 גרם,false,,9.90,0.0733,true,1,191691
4014400913910,false,וורטרס אורגינל סוכריות חמאה ממולאות קרם קרמל בשקית,ליימן שליסל בע`מ,,סוכריות וורטר ללא סו,,125.00,100 גרם,false,,9.90,0.0792,true,1,191697
4014400914696,false,וורטרס אורגינל סוכריות ללא סוכר 80 גרם,ליימן שליסל בע`מ,,סוכריות וורטר ללא סו,,80.00,100 גרם,false,,9.90,0.1238,true,1,191703
4014400914924,false,"סוכריות בטעם קפה וורטר אורגינל לל""ס 80 גרם",קריניציה ויטמינה אס,,סוכריות וורטר ללא סו,,80.00,100 גרם,false,,9.90,0.1238,true,1,191704
4014400920857,false,וורטר אורגינל ללא סוכר בטעם שוקולד-שקית 70 גרם,קריניציה ויטמינה אס,,סוכריות וורטר בטעם ש,,70.00,100 גרם,false,,9.90,0.1414,true,1,191708
4014400923711,false,בונבוניירה שוקולד אגוזים טופיפי 125 גרם,ליימן שליסל בע`מ,,טופיפי 125גרם,,125.00,100 גרם,false,,12.90,0.1032,true,1,191709
4014400925319,false,וורטרס אורגינל פופקורן קרמל 140 גרם,ליימן שליסל בע`מ,,פופקורן קרמל וורטרס,,140.00,"100 מ""ל",false,,14.90,0.1064,true,1,244039
4014400929010,false,וופל מיני קנופרס 200 גר 10 גר*20 יחידות,ליימן שליסל בע`מ,,וופל מיני קנופרס 200,,200.00,100 גרם,false,,19.90,0.0995,true,1,249888
4015000031394,false,"ספטיל - משחה להסרת כתמים 200 מ""ל",גורי שיווק בעמ,,ספטיל מסיר כתמים 200,,200.00,"100 מ""ל",false,,18.90,0.0945,true,1,210204
4015000519915,false,"פה - דאודורנט ספריי לאישה פינק פרדייס 200 מ""ל",שוורצקופף והנקל,,פה ספריי פינק פרדייס,,200.00,100 גרם,false,,15.90,0.0795,true,1,190048
4015000615884,false,"פה - דאודורנט ספריי לאישה קריביין לימון 200 מ""ל",שוורצקופף והנקל,,פה ספריי קריביין לימ,,200.00,"100 מ""ל",false,,15.90,0.0795,true,1,190080
4015000615921,false,"פה - דאודורנט ספריי לגבר ספורט 200 מ""ל",שוורצקופף והנקל,,פה ספריי ספורט 200מל,,200.00,"100 מ""ל",false,,15.90,0.0795,true,1,190083
4015400681670,false,תחבושות אולוויז וליו פק לילה בטוח 18 יחידות,דיפלומט מפיצים (1986) בע`מ,,אולוויז תחבושות לילה,יחידה,0.00,יחידה,false,,19.90,0.0000,true,1,203345
4015400731719,false,תחבושות היגייניות אולוויז יום ולילה Day & Night,דיפלומט מפיצים (1986) בע`מ,,אולוויז תחבושות דואו,יחידה,0.00,יחידה,false,,19.90,0.0000,true,1,203353
4015400755241,false,תחבושות היגייניות אולוויז אולטרה נורמל - 28 יח',דיפלומט מפיצים (1986) בע`מ,,אולוויז תחבושות דואו,יחידה,0.00,יחידה,false,,19.90,0.0000,true,1,203361
4015400755487,false,תחבושות היגייניות אולוויז אולטרה לונג - 24 יח',דיפלומט מפיצים (1986) בע`מ,,אולוויז תחבושות דואו,יחידה,0.00,יחידה,false,,19.90,0.0000,true,1,203363
4015400759263,false,אולוויז ירוק נורמאל בלאס אלתרא ירוק 28 יחידה,בית הצעצוע בעמ,,תחבושות אולוויז נורמ,יחידה,0.00,יחידה,false,,19.90,0.0000,true,1,245994
4015600762742,false,שמפו יומיומי למניעת קשקשים הנוסחה הקלאסית,דיפלומט מפיצים (1986) בע`מ,,הד&שולדרס שמפו קלאסי,,500.00,"100 מ""ל",false,,19.90,0.0398,true,1,203384
4015600762902,false,"שמפו האד אנד שולדרס מנטול 500 מ""ל",דיפלומט מפיצים (1986) בע`מ,,הד&שולדרס שמפו מנטול,,500.00,"100 מ""ל",false,,19.90,0.0398,true,1,203388
4015600766900,false,"שמפו ומרכ ך נגד קשקשים 500 מ""ל הד אנד שולדרס",דיפלומט מפיצים (1986) בע`מ,,הד&שולדרס שמפו 2ב1 מ,,500.00,"100 מ""ל",false,,19.90,0.0398,true,1,203397
4017100198151,false,בלזן היט ביסקוויט עם מלית קרם בטעם וניל (41%) 220 גרם,הדקלאים אגודת שיתופי,,בלזן עוגיות סנדוויץ,,220.00,"100 מ""ל",false,,8.90,0.0405,true,1,191718
4017100216800,false,בלזן וופל מיניס מצופה שוקולד חלב 100 גרם,ליימן שליסל,,וופל בלזן שוקו 100גר,,100.00,100 גרם,false,,7.90,0.0790,true,1,191725
4017100364112,false,בלזן היט בסקוויט סנדביץ עם מלית קרם בטעם שוקולד קקאו (41%) 220 גרם,הדקלאים אגודת שיתופי,,בלזן עוגיות סנדוויץ,,220.00,"100 מ""ל",false,,8.90,0.0405,true,1,191735
4017100366239,false,עוגיות ביסקוויט סנדוויץ ממולא קרם בטעם שוקולד,ליימן שליסל בעמ,,בלזן ליבניץ אנד קרים,,190.00,100 גרם,false,,7.90,0.0416,true,1,229636
4018344511188,false,סלמון פראי ברוטב שום לארסן 200 גרם,,,לרסן סלמון פראי ברוט,,200.00,100 גרם,false,,11.90,0.0595,true,1,250338
4018344564610,false,פילה הרינג ברוטב עגבניות לארסן 200 גרם,,,פילה הרינג ברוטב עגב,,200.00,100 גרם,false,,10.90,0.0545,true,1,250349
4018344564634,false,פילה הרינג ברוטב פלפל ומנגו לארסן 200 גר,,,פילה הרינג ברוטב פלפ,,200.00,100 גרם,false,,10.90,0.0545,true,1,250345
4022025261002,false,"בלו ווין גוורצטרמינר כשר 750 מ""ל",היכל היין שקד גולן בעמ,,בלו וויין גוורצטרמינ,,750.00,100 גרם,false,,54.90,0.0732,true,1,243477
4033100024146,false,סיגריות ווינסטון קוד בודד,גלוברנדס בעמ - שיווק סיגריות,,וינסטון קוד,יחידה,0.00,יחידה,false,,32.00,0.0000,false,1,202549
4033100024252,false,סיגריות ווינסטון אקווה בודד,גלוברנדס בעמ - שיווק סיגריות,,וינסטון קוד אקווה,יחידה,0.00,יחידה,false,,32.00,0.0000,false,1,202551
4052197000017,false,"בירה בנדיקטינר חיטה לא מסוננת 500 מ""ל",בנדיקטינר וויצבראו,,בירה בהירה בנדקטינר,,500.00,"100 מ""ל",false,,10.90,0.0218,true,1,215890
4052197000369,false,שישיית בירה בנדיקטינר חיטה 330 מל*6,בנדיקטינר וויצבראו,,בירה בנדקטינר בקבוק,,1980.00,"100 מ""ל",false,,49.90,0.0252,true,1,215891
4052197000925,false,"בירה בנדקטינר כהה בקבוק 500 מ""ל",בנדיקטינר וויצבראו,,בירה כהה בנדיקטינר 5,,500.00,"100 מ""ל",false,,10.90,0.0218,true,1,215892
4052197002806,false,"מארז בירה בנדיקטינר 4*500 מ""ל פחית",בנדיקטינר וויצבראו,,בירה בנדקטינר פחית ר,,3000.00,"100 מ""ל",false,,34.90,0.0116,true,1,215894
4066600601920,false,פאולנר ביתר חיטה מעוננת 500 מל,טמפו משקאות בע`מ,,בירה פאולנר פחית 500,,500.00,"100 מ""ל",false,,13.90,0.0278,true,1,244815
4067600001123,false,פילה הרינג מעושן בשמן לארסן 190 גר,,,לרסן פילה הרינג מעוש,,160.00,100 גרם,false,,11.90,0.0744,true,1,250343
4084500088917,false,נוזל לניקוי כלים לימון פיירי (650 מל),דיפלומט מפיצים (1986) בע`מ,,פיירי נוזל לכלים צהו,,650.00,100 גרם,false,,10.90,0.0168,true,1,203427
4084500853553,false,פיירי נוזל כלים קלאסי אורגינל 650 מל,דיפלומט מפיצים (1986) בע`מ,,פיירי נוזל לכלים ירו,,650.00,100 גרם,false,,10.90,0.0168,true,1,203438
4084500853898,false,"נוזל כלים פיירי אלוורה ומלפפונים 515 מ""ל בד""צ",דיפלומט מפיצים (1986) בע`מ,,פיירי לכלים אלוורה ו,,515.00,100 גרם,false,,10.90,0.0212,true,1,231240
4100130937163,false,בירה בקס שישייה 6*275 מל,הכרם -משקאות חריפים בע`מ,,בירה גרמנית בקס שישי,,1650.00,"100 מ""ל",false,,29.90,0.0181,true,1,241366
4260147890513,false,אטריות ביצים דקות ורמיצ'לי 500ג',דין שיווק וקליה 2021 בעמ,,אטריות ורמיצ'לי ביצי,,500.00,"100 מ""ל",false,,9.90,0.0198,true,1,200328
4260147890537,false,אטריות ביצים רצועות רחבות 500 גר,דין שיווק וקליה 2021 בעמ,,אטריות ביצים ברצועות,,500.00,100 גרם,false,,9.90,0.0198,true,1,200329
4260147890551,false,אטריות ביצים רצועות שקדיה 500 גרם,דין שיווק וקליה 2021 בעמ,,אטריות ביצים רצועות,,500.00,100 גרם,false,,9.90,0.0198,true,1,200330
4600659010854,false,וודקה סטוליצ`יניה (700 מל),הכרם -משקאות חריפים בע`מ,,*מבצע* וודקה סטולי 7,,700.00,"100 מ""ל",false,,60.00,0.0857,true,1,192458
4603928000976,false,"בלוגה נובל וודקה 700 מ""ל+כוס הייבול",מרינסקי ליקרו-וודאצ'\ני,,וודקה בלוגה 700 מל,,700.00,100 מ'ל,false,,119.00,0.1700,true,1,233763
4605362008716,false,גרעינים שחורים 300 גר בבקיני,או או או יקה.דה.וא.ק,,*מבצע* גרעיני חמניה,,300.00,100 גרם,false,,15.90,0.0530,true,1,245853
4605561010305,false,"חתיכות פילה הרינג עם שמיר בשמן 17.6 אונקיה, 500 גרם",דילר בי.אמ.די פורמולה בעמ,,פילה הרינג עם שמיר ב,,500.00,100 גרם,false,,27.90,0.0558,true,1,245832
4605561010343,false,פילה דג הרינג חתיכות בשמן 500 גרם,דילר בי.אמ.די פורמולה בעמ,,פילה דג הרינג בשמן ח,,500.00,100 גרם,false,,27.90,0.0558,true,1,245833
4605561011975,false,חתיכות פילה דג הרינג בשמן מצונן 150 גרם,דילר בי.אם.די. פורמולה בעמ,,חתיכות פילה הרינג בש,,150.00,100 גרם,false,,7.90,0.0527,true,1,243555
4605561012613,false,פילה דג הרינג קצוץ בשמן 400 גרם,דילר בי.אם.די. פורמולה בעמ,,פילה הרינג (קצוץ) בש,,400.00,100 גרם,false,,15.90,0.0398,true,1,243560
4605561013009,false,פילה דג הרינג בשמן 400 גרם,דילר בי.אם.די. פורמולה בעמ,,פילה הרינג בשמן 400,,400.00,100 גרם,false,,15.90,0.0398,true,1,243561
4607051158221,false,תה ארל גריי 20 שקיקים CURTIS,או א.או מאי קומפני,,תה שחור ארל גריי 20,יחידה,0.00,יחידה,false,,10.90,0.0000,true,1,234162
4607051158306,false,תה שחור איזבלה גראפ,או א.או מאי קומפני,,תה שחור איזבלה גראפ,יחידה,0.00,יחידה,false,,10.90,0.0000,true,1,234164
4607051158481,false,תה ירוק 20 שקיקים,או א.או מאי קומפני,,תה ירוק 20 שקיקים,יחידה,0.00,יחידה,false,,10.90,0.0000,true,1,234165
4607051159938,false,תה שחור ריצ'ארד צאיל,,,תה שחור ריצ'ארד צאיל,יחידה,0.00,יחידה,false,,10.90,0.0000,true,1,234172
4607054451718,false,גרעינים טמבובסקי וול,או.או.או אגרוסווז,,גרעינים שחורים 230 ג,,230.00,100 גרם,false,,10.90,0.0474,true,1,234160
4607054451831,false,גרעינים עם מלח 200 גר *VOLK*,או.או.או אגרוסווז,,גרעינים שחורים עם מל,,200.00,100 גרם,false,,10.90,0.0545,true,1,234161
4620015851877,false,תה שחור ריצירד רויאל צילון 20 שקיקים,או א.או מאי קומפני,,תה שחור ריצ'ארד 20 ש,יחידה,0.00,יחידה,false,,10.90,0.0000,true,1,234175
4620015852553,false,תה שחור כורטיס פירות יער כחול בלוז 20 שק,או א.או מאי קומפני,,תה שחור 20 שקיקים,יחידה,0.00,יחידה,false,,10.90,0.0000,true,1,234169
4620015858050,false,תה שחור דליקייט קרטי,,,תה שחור דליקייט קרטי,,20.00,100 מ'ל,false,,10.90,0.5450,true,1,247273
4710068001692,false,מאסטר קפה בטעם לאטה בפחית 240מ`ל,תאיט מרקטינג אנד דיסטריב,,מאסטר קפה לאטה 240 מ,,240.00,"100 מ""ל",false,,8.20,0.0342,true,1,172877
4710068001715,false,משקה בטעם טירמיסו מאסטר קפה (240 מל),יוני פרזינדנט אנטרפר,,מאסטר קפה טרמיסו 240,,240.00,100 גרם,false,,8.20,0.0342,true,1,172878
4710068001739,false,מאסטר קפה בטעם קולומביאני בפחית 240מ`ל,יוני פרזינדנט אנטרפר,,מאסטר קפה קולומביאני,,240.00,"100 מ""ל",false,,8.20,0.0342,true,1,172879
4751003924003,false,סלט טונה עם ירקות איטלקי 185 ג' לארסן,,,לרסן סלט טונה בסגנון,,185.00,100 גרם,false,,11.90,0.0643,true,1,250340
4751003924010,false,סלט טונה עם ירקות מקסיקני 185 ג' לארסן,,,לרסן סלט טונה בסגנון,,185.00,100 גרם,false,,11.90,0.0643,true,1,250341
4751007739917,false,נתחי דג סלמון במיץ טבעי תומר 185 גרם,,,סלמון ברובמיץ טבעי 1,,185.00,100 גרם,false,,10.90,0.0589,true,1,249401
4770179106976,false,שוקולד פרגלה מריר עם,,,שוקולד פרגלה מריר עם,,93.00,100 גרם,false,,5.90,0.0634,true,1,224572
4770179125076,false,שוקולד פרגלה מריר עם,PERGALE,,שוקולד פרגלה מריר עם,,100.00,100 גרם,false,,5.90,0.0590,true,1,224576
4770179125144,false,שוקולד פרגלה מריר עם,PERGALE,,שוקולד פרגלה מריר עם,,100.00,100 גרם,false,,5.90,0.0590,true,1,224578
4770237049443,false,גלידת שמנת בטעם קרמל- קרם ברולה פלומביר בגביע וופל אישי 70 גר' SVALIA,אייס דילר בי.אמ.די בעמ,,פלומביר גלידה קרם בר,יחידה,0.00,יחידה,false,,5.90,0.0000,true,1,219508
4770237049450,false,גלידת שמנת בטעם וניל בגביע וופל אישי פלומביר 70 גר' SVALIA,אייס דילר בי.אמ.די בעמ,,פלומביר גלידה בכוס 7,יחידה,0.00,יחידה,false,,5.90,0.0000,true,1,219509
4770237052092,false,גלידת שמנת בטעם וניל בציפוי צימקאו בגביע וופל אישי 85 גר' SVALIA,אייס דילר בי.אמ.די בעמ,,"גלידה סליבוצ""נאיה בג",יחידה,0.00,יחידה,false,,5.90,0.0000,true,1,219513
4770237055574,false,גלידת שמנת בטעם וניל בגביע וופל עם שקדים בציפוי צימקאו SVALYA גר 85,פיאנו זיואיגזדס,,גלידה SVALYA סליבוצ',,85.00,100 גרם,false,,5.90,0.0694,true,1,224969
4800888209368,false,רקסונה - דאודורנט סטיק לגבר אקסטרא קול 50 גרם,"יוניליוור ישראלשיווק בע""מ",,רקסונה מן סטיק אקסטר,,50.00,100 גרם,false,,14.90,0.2980,true,1,241797
4800888209429,false,רקסונה - דאודורנט סטיק לאישה כותנה נשים 50 גרם,יוניליוור ישראל שיווק בעמ,,רקסונה דאודורנט סטיק,,50.00,100 גרם,false,,14.90,0.2980,true,1,242107
4810168000011,false,פילה דג הרינג מלוח מצונן 250 גרם,דילר בי.אם.די. פורמולה בעמ,,פילה דג הרינג מלוח מ,,250.00,100 גרם,false,,14.90,0.0596,true,1,226252
4810168000998,false,פילה דג הרינג מלוח מצונן עם בצל בצנצנת חתיכות 260גרם,דילר בי.אם.די. פורמולה בעמ,,חתיכות פילה דג הרינג,,260.00,"100 מ""ל",false,,18.90,0.0727,true,1,226254
4810168001056,false,פילה דג הרינג מלוח מצונן בצנצנת חתיכות 260גרם,דילר בי.אם.די. פורמולה בעמ,,חתיכות פילה דג הרינג,,260.00,100 גרם,false,,18.90,0.0727,true,1,226255
4810168018795,false,חתיכות פילה דג הרינג מלוח מצונן 200גרם,דילר בי.אם.די. פורמולה בעמ,,חתיכות פילה דג הרינג,,200.00,100 גרם,false,,14.90,0.0745,true,1,226256
4810168019051,false,חתיכות פילה דג הרינג מלוח מצונן עם תבלין 200גרם,דילר בי.אם.די. פורמולה בעמ,,חתיכות פילה דג הרינג,,200.00,100 גרם,false,,14.90,0.0745,true,1,226257
4810168037888,false,גלידת שמנת וניל בציפוי צימקאו עם אגוזי לוז YUKKI,Santa Bremor,,גלידה YUKKI אגוזים א,,70.00,100 גרם,false,,5.90,0.0843,true,1,225084
4810168038267,false,גלידת שמנת בטעם וניל פלומביר בציפוי צימקאו אסקימו 65 גר YUKKI,אייס דילר בי.אמ.די בעמ,,גלידה YUKKI אסקימו,,70.00,100 גרם,false,,5.90,0.0843,true,1,225085
4810168038977,false,גלידת שמנת בטעם וניל בגביע וופל אישי פלומביר 75 גרם YUKKI,אייס דילר בי.אמ.די בעמ,,גלידה YUKKI פלומביר,,70.00,100 גרם,false,,5.90,0.0843,true,1,225086
4810168038991,false,גלידת שמנת בטעם שוקולד בגביע וופל אישי פלומביר 75 גר YUKKI,אייס דילר בי.אמ.די בעמ,,גלידה YUKKI שוקולד,,70.00,100 גרם,false,,5.90,0.0843,true,1,225088
4810168047351,false,בצק עלים מרודד מוקפא 450 גרם,דילר בי.אמ.די פורמולה בעמ,,בצק עלים מרודד 450גר,,450.00,100 גרם,false,,8.90,0.0198,true,1,246478
4810168049966,false,בלינצ'ס במילוי דובדבן מוקפא 360 גרם,דילר בי.אם.די. פורמולה בעמ,,בלינצ'ס במילוי דובדב,,360.00,"100 מ""ל",false,,13.90,0.0386,true,1,246472
4810168052270,false,עלי בלינצ'ס בבושקה אנה 320 גרם,דילר בי.אם.די. פורמולה בעמ,,עלי בלינצ'ס 320גר,,320.00,100 גרם,false,,9.90,0.0309,true,1,246476
4810168055004,false,כיסונים במילוי אוכמניות כחולות מוקפאים 450 גרם,דילר בי.אם.די. פורמולה בעמ,,כיסונים במילוי אוכמנ,,450.00,100 גרם,false,,19.90,0.0442,true,1,246462
4810168055028,false,כיסונים במילוי דובדבנים מוקפאים 450 גרם,דילר בי.אם.די. פורמולה בעמ,,כיסונים במילוי דובדב,,450.00,100 גרם,false,,19.90,0.0442,true,1,246463
4810168057435,false,חתיכות פילה דג XXLהרינג מלוח בשמן מצונן 400 גרם,דילר בי.אם.די. פורמולה בעמ,,חתיכות פילה דג הרינג,,400.00,100 גרם,false,,27.90,0.0697,true,1,247242
4810168057510,false,חתיכות פילה דג הרינג מתובל מלוח בשמן 400 גרם,דילר בי.אם.די. פורמולה בעמ,,חתיכות פילה דג הרינג,,400.00,100 גרם,false,,27.90,0.0697,true,1,248012
4810168058975,false,חתיכות פילה דג הרינג סקנדינבי מלוח מצונן 260 גר,דילר בי.אם.די. פורמולה בעמ,,חתיכות פילה דג הרינג,,260.00,100 גרם,false,,18.90,0.0727,true,1,249554
4810168058982,false,חתיכות פילה דג הרינג סקנדינבי מלוח בשמן 400 גר,דילר בי.אם.די. פורמולה בעמ,,חתיכות פילה דג הרינג,,400.00,100 גרם,false,,27.90,0.0697,true,1,249555
4810322005944,false,שמן קנולה מזוכך 850מ,,,שמן קנולה מזוכך 850מ,,850.00,100 גרם,false,,10.90,0.0128,true,1,247229
4820034925546,false,"בירה לאגר צאזז לייט בקבוק 500 מ""ל -בודד",בני פאוזי שמשום (2009) בעמ,,בירה לאגר צאזז לייט,,500.00,100 גרם,false,,4.90,0.0098,true,1,249719
4820154723275,false,גלידה בטעם וניל בציפוי שוקולד מריר בכוס אסקימוס 80 גרם,אייס דילר בי.אמ.די בעמ,,גלידת שמנת בטעם וניל,,80.00,100 גרם,false,,5.90,0.0738,true,1,245770
4820198873271,false,תה שחור עם קליפת תפוז בטעם ברגמוט ולימון דלאי 25 יח',דילר בי.אמ.די.אינטרנשיונל בעמ,,תה שחור עם קליפת תפו,יחידה,0.00,יחידה,false,,10.90,0.0000,true,1,250511
4820198873295,false,תה ירוק עם נענע למון גראס מליסה בטעם לימון דלהי 25 יח',,,תה ירוק 1.8עם נענע ב,יחידה,0.00,יחידה,false,,10.90,0.0000,true,1,250515
4820198873318,false,תה שחור עם נענע וקורנית בטעם אפרסק דלאי 25 יח',,,תה שחור עם נענע וקור,יחידה,0.00,יחידה,false,,10.90,0.0000,true,1,250513
4820198873325,false,חליטת פירות וצמחים בטעם פטל דלהי 25 יח',דילר בי.אמ.די.אינטרנשיונל בעמ,,חליטת פירות וצמחים ב,יחידה,0.00,יחידה,false,,10.90,0.0000,true,1,250516
4820198873332,false,תה שחור מיקס ארבע טעמים שונים דלהי 24 יח',דילר בי.אמ.די.אינטרנשיונל בעמ,,תה שחור מיקס ארבע טע,יחידה,0.00,יחידה,false,,10.90,0.0000,true,1,250517
4823077602863,false,רושן סוכריות ג'לי קרייזי פצ'ולקה 200 גרם,דילר בי.אמ.די.אינטרנשויונל בעמ,,"סוכריות ג'לי רושן ""ק",,200.00,100 גרם,false,,7.90,0.0395,true,1,245805
4823077613630,false,חטיף שוקולד רושן ממולה קרם בורלה 43 גרם,דילר בי.אמ.די.אינטרנשויונל בעמ,,חטיף שוקולד רושן ממו,,43.00,"100 מ""ל",false,,3.90,0.0907,true,1,245094
4823077614675,false,ביסקוויט לקפה רושן בטעם חלב 185 גרם,דילר בי.אמ.די.אינטרנשויונל בעמ,,ביסקוויט לקפה רושן18,,185.00,100 גרם,false,,3.90,0.0211,true,1,249862
4823077614699,false,ביסקוויט לקפה רושן בטעם חמאה וניל 185 גרם,דילר בי.אמ.די.אינטרנשויונל בעמ,,ביסקוויט לקפה רושן ב,,185.00,100 גרם,false,,3.90,0.0211,true,1,249863
4823077614804,false,שוקולד רושן חלב נוגט בטעם אוכמניות כחולות 90 גרם,דילר בי.אמ.די.אינטרנשויונל בעמ,,שוקולד חלב נוגט בטעם,,90.00,100 גרם,false,,6.90,0.0767,true,1,219495
4823077617041,false,חטיף שוקולד רושן ממולה קרם קרמל 43 גרם,דילר בי.אמ.די.אינטרנשויונל בעמ,,באטונציק קרמל 40גר,,40.00,100 גרם,false,,3.90,0.0975,true,1,219502
4823077621635,false,חטיף שוקולד רושן בטעם חלב 72 גרם,דילר בי.אמ.די.אינטרנשויונל בעמ,,וופל רושן בטעם חלב 7,,72.00,"100 מ""ל",false,,3.90,0.0542,true,1,246840
4823077621642,false,חטיף שוקולד רושן בטעם שוקולד 72 גר,דילר בי.אמ.די.אינטרנשויונל בעמ,,וופל רושן בטעם שוקול,,72.00,"100 מ""ל",false,,3.90,0.0542,true,1,246841
4823077621659,false,חטיף שוקולד רושן בטעם אגוז 72 גר,דילר בי.אמ.די.אינטרנשויונל בעמ,,וופל רושן בטעם אגוז,,72.00,"100 מ""ל",false,,3.90,0.0542,true,1,246842
4823077624223,false,"רושן ממתקי סוכריות ג'ילי ""בוני פרוט"" בטעמי פירות 200 גר",דילר בי.אמ.די.אינטרנשויונל בעמ,,סוכריות ג'לי בוני פר,,200.00,100 גרם,false,,7.90,0.0395,true,1,227604
4823077624391,false,רושן סוכריות טופי מינקי בינקי 185 גרם,דילר בי.אמ.די.אינטרנשויונל בעמ,,רושן סוכריות טופי מי,,185.00,100 גרם,false,,7.90,0.0427,true,1,246279
4823077625145,false,ממתקי שוקולד מריר עם דובדבן בליקר דובדבן,דילר בי.אמ.די.אינטרנשויונל בעמ,,בונבוניירה דובדבן+לי,,155.00,100 גרם,false,,12.90,0.0832,true,1,226629
4823077625589,false,וופל וואפרס חלב רושן 216 גר,דילר בי.אמ.די.אינטרנשויונל בעמ,,וופל רושן בטעם חלב 2,,216.00,"100 מ""ל",false,,6.90,0.0319,true,1,245787
4823077625602,false,וופל וואפרס שוקולד רושן 216 גר,דילר בי.אמ.די.אינטרנשויונל בעמ,,וופל רושן בטעם שוקול,,216.00,"100 מ""ל",false,,6.90,0.0319,true,1,245788
4823077625626,false,וופל וואפרס אגוז רושן 216 גר,דילר בי.אמ.די.אינטרנשויונל בעמ,,וופל רושן בטעם אגוז,,216.00,"100 מ""ל",false,,6.90,0.0319,true,1,245790
4823077626203,false,שוקולד רושן אורירי מריר 80 גרם,דילר בי.אמ.די.אינטרנשויונל בעמ,,שוקולד רושן אוורירי,,80.00,100 גרם,false,,6.90,0.0863,true,1,233336
4823077626227,false,שוקולד רושן אורירי חלב 80 גרם,דילר בי.אמ.די.אינטרנשויונל בעמ,,שוקולד רושן אוורירי,,80.00,100 גרם,false,,6.90,0.0863,true,1,233337
4823077626241,false,שוקולד רושן אורירי לבן קרמל 80 גרם,דילר בי.אמ.די.אינטרנשויונל בעמ,,שוקולד רושן אוורירי,,80.00,100 גרם,false,,6.90,0.0863,true,1,233338
4823077626364,false,שוקולד רושן אורירי לבן 80 גרם,דילר בי.אמ.די.אינטרנשויונל בעמ,,שוקולד רושן אוורירי,,80.00,100 גרם,false,,6.90,0.0863,true,1,233339
4823077629136,false,שוקולד רושן חלב lacmuי 90 גרם,דילר בי.אמ.די.אינטרנשויונל בעמ,,שוקולד רושן חלב 90 ג,,90.00,100 גרם,false,,6.90,0.0767,true,1,249664
4823077630422,false,"סנדוויץ' קרקר חלב וניל רושן 235 גרם "" 2 CRACK """,דילר בי.אמ.די.אינטרנשויונל בעמ,,סנדוויץ' קרקר חלב ונ,,235.00,100 גרם,false,,9.90,0.0421,true,1,246325
4823077630439,false,"סנדוויץ' קרקר שוקולד רושן 235 גרם "" 2 CRACK """,דילר בי.אמ.די.אינטרנשויונל בעמ,,סנדוויץ' קרקר שוקולד,,235.00,"100 מ""ל",false,,9.90,0.0421,true,1,246326
4823077630743,false,סוכריות מקל רושן קוקטייל 920 גרם,,,סוכריות מקל רושן קוק,,800.00,100 גרם,false,,24.90,0.0311,true,1,245809
4823077630996,false,"סנדוויץ' קרקר קקאו-אגוז רושן 235 גרם "" 2 CRACK """,דילר בי.אמ.די.אינטרנשויונל בעמ,,סנדוויץ' קרקר קקאו א,,235.00,100 גרם,false,,9.90,0.0421,true,1,246327
4823077631467,false,קרקר עם מלח ים רושן 168 גר HI DAY,דילר בי.אמ.די.אינטרנשויונל בעמ,,קרקר עם מלח ים רושן,,168.00,"100 מ""ל",false,,6.90,0.0411,true,1,246328
4823077631474,false,קרקר קלאסי רושן 168 גר HI DAY,דילר בי.אמ.די.אינטרנשויונל בעמ,,קרקר קלאסי רושן 168,,168.00,"100 מ""ל",false,,6.90,0.0411,true,1,246329
4823077632112,false,וופל רושן בטעם קקאו חלב 216 גרם,דילר בי.אמ.די.אינטרנשויונל בעמ,,וופל רושן בטעם קקאו,,216.00,100 גרם,false,,6.90,0.0319,true,1,245791
4823077632259,false,חטיף שוקולד רושן עם בוטנים 43 גרם,דילר בי.אמ.די.אינטרנשויונל בעמ,,חטיף שוקולד רושן עם,,43.00,100 גרם,false,,3.90,0.0907,true,1,245095
4823077632570,false,שוקולד רושן BRUT מריר 85 גרם,דילר בי.אמ.די.אינטרנשויונל בעמ,,שוקולד רושן מריר 85,,85.00,100 גרם,false,,6.90,0.0812,true,1,246275
4823077633317,false,עוגיות שוקוצ'יפס LOVITA שוקולד עם חתיכות שוקולד 150 גרם,דילר בי.אמ.די.אינטרנשויונל בעמ,,עוגיות לוויטה שוקולד,,150.00,"100 מ""ל",false,,7.90,0.0527,true,1,245797
4823077633324,false,עוגיות שוקוצ'יפס LOVITA עם חתיכות שוקולד 150 גרם,דילר בי.אמ.די.אינטרנשויונל בעמ,,עוגיות שוקוציפס לווי,,150.00,"100 מ""ל",false,,7.90,0.0527,true,1,245798
4823077633331,false,עוגיות שוקוצ'יפס LOVITA בטעם תפוז 150 גרם,דילר בי.אמ.די.אינטרנשויונל בעמ,,עוגיות רושן לוויטהבט,,150.00,"100 מ""ל",false,,7.90,0.0527,true,1,245793
4823077633348,false,עוגיות שוקוצ'יפס LOVITA עם חתיכות בוטנים 150 גרם,דילר בי.אמ.די.אינטרנשויונל בעמ,,עוגיות רושן לוויטה ע,,150.00,"100 מ""ל",false,,7.90,0.0527,true,1,245794
4823077633508,false,חטיף שוקולד רושן במילוי קרם קקאו מצופה 34 גרם,דילר בי.אמ.די.אינטרנשויונל בעמ,,רושן חטיף וופל במילו,,34.00,100 גרם,false,,3.90,0.1147,true,1,249860
4823077633690,false,בונבוניירה רושן שוטרס ויסקי 150 גרם,דילר בי.אמ.די.אינטרנשיונל בעמ,,בונבוניירה רושן שוטר,,150.00,100 גרם,false,,12.90,0.0860,true,1,246884
4823077634178,false,עוגיות רושן LOVITA במילוי תפוח קינמון 168 גרם,דילר בי.אמ.די.אינטרנשויונל בעמ,,עוגיות רושן לוויטה ב,,168.00,100 גרם,false,,7.90,0.0470,true,1,247217
4823077634192,false,עוגיות רושן LOVITA במילוי דובדבן וניל 168 גרם,דילר בי.אמ.די.אינטרנשויונל בעמ,,עוגיות רושן לוויטה ב,,168.00,100 גרם,false,,7.90,0.0470,true,1,247219
4823077634222,false,עוגיות Lovita ממולאות ג'לי תפוז מצופות צימקאו,דילר בי.אמ.די.אינטרנשויונל בעמ,,עוגיות תפוז לוויטה 1,,135.00,100 גרם,false,,7.90,0.0585,true,1,246889
4823077634246,false,עוגיות Lovita ממולאות ג'לי פטל מצופות צימקאו,דילר בי.אמ.די.אינטרנשויונל בעמ,,עוגיות פטל לוויטה 13,,135.00,100 גרם,false,,7.90,0.0585,true,1,246887
4823077634277,false,עוגיות Lovita ממולאות ג'לי תות שדה מצופות צימקאו,דילר בי.אמ.די.אינטרנשויונל בעמ,,עוגיות תות שדה לוויט,,135.00,"100 מ""ל",false,,7.90,0.0585,true,1,246888
4823077634369,false,שוקולד רושן חלב אוורירי ופצפוצי אורז 85 גר LACMI CRISP,דילר בי.אמ.די.אינטרנשויונל בעמ,,שוקולד רושן חלב אוור,,85.00,100 גרם,false,,6.90,0.0812,true,1,249665
4823077634376,false,שוקולד רושן חלב אוורירי קרם אגוזים lacmuי 85 גרם,דילר בי.אמ.די.אינטרנשויונל בעמ,,שוקולד רושן חלב אוור,,85.00,100 גרם,false,,6.90,0.0812,true,1,249666
4823077634741,false,עוגיות רושן LOVITA במילוי תות שדה 168 גרם,דילר בי.אמ.די.אינטרנשויונל בעמ,,עוגיות רושן לוויטה ב,,168.00,100 גרם,false,,7.90,0.0470,true,1,247218
4823077635489,false,חטיף וופל רושן קרם קקאו JOHNY KROCKERי 350 גרם,דילר בי.אמ.די.אינטרנשויונל בעמ,,*מבצע* חטיף וופל רוש,,350.00,100 גרם,false,,14.90,0.0426,true,1,248069
4823077635533,false,חטיף וופל רושן קרם חלב JOHNY KROCKERי 350 גרם,דילר בי.אמ.די.אינטרנשויונל בעמ,,*מבצע* חטיף וופל רוש,,350.00,100 גרם,false,,14.90,0.0426,true,1,248070
4823077635793,false,"וופלים דקיקים רושן ""THINS"" בטעם חלב וניל 55 גר",דילר בי.אמ.די.אינטרנשיונל בעמ,,וופלים דקיקים רושן,,55.00,100 גרם,false,,4.90,0.0891,true,1,250507
4823077635809,false,"וופלים דקיקים רושן ""THINS"" בטעם קקאו 55 גר",דילר בי.אמ.די.אינטרנשיונל בעמ,,וופלים דקיקים רושן ט,,55.00,100 גרם,false,,4.90,0.0891,true,1,250508
4823077636004,false,עוגיות Lovita ממולאות ג'לי דובדבן מצופות צימקאו,דילר בי.אמ.די.אינטרנשויונל בעמ,,עוגיות קקאו דובדבן ל,,135.00,100 גרם,false,,7.90,0.0585,true,1,247886
4823077636172,false,וופל רושן בטעם לימון 216 גרם,דילר בי.אמ.די.אינטרנשויונל בעמ,,וופל רושן בטעם לימון,,216.00,"100 מ""ל",false,,6.90,0.0319,true,1,249203
4823077636547,false,סוכריות ממולאות בטעם פירות בים בום 468 גרם,דילר בי.אמ.די.אינטרנשויונל בעמ,,סוכריות ממולאות בטעם,,468.00,100 גרם,false,,11.90,0.0254,true,1,248866
4823077636578,false,סוכריות טופי כוס חלב מילקי ספלאש 325 גרם,דילר בי.אמ.די.אינטרנשויונל בעמ,,סוכריות טופי כוס חלב,,325.00,100 גרם,false,,11.90,0.0366,true,1,248870
4903001904192,false,רוטב סויה יאמאסה פרימיום 500מ`ל,הדקלאים אגודת שיתופי,,רוטב סויה יאמסה 500מ,,500.00,"100 מ""ל",false,,19.90,0.0398,true,1,191742
4903001925784,false,"רוטב סויה יאמאסה דל מלח 500מ""ל פרימיום",הדקלאים אגודת שיתופי,,רוטב סויה יאמסה מופח,,500.00,100 מ'ל,false,,19.90,0.0398,true,1,213420
5000127533196,false,קלוגס וורייטי שמינייה 191 גרם,דיפלומט מפיצים (1968) בע`מ,,קלוגס מנות אישיות וו,,191.00,100 גרם,false,,22.90,0.1199,true,1,225647
5000146057710,false,ספריי רב שימושי לחלונות ומשטחים ווינדולין Windolene,רקיט בנקיזר (ניר איסט) בעמ,,*מבצע* וינדולין ספרי,,750.00,"100 מ""ל",false,,7.90,0.0105,true,1,199639
5000146401568,false,וולייט דפים למניעת העברת צבע 10 דפים,רקיט בנקיזר (ניר איסט) בעמ,,ווליט לכביסה שומרי צ,יחידה,0.00,יחידה,false,,16.90,0.0000,true,1,199645
5000157143365,false,מתבל בטעם מיונז וקטשופ היינץ 425 גרם,דיפלומט מפיצים (1968) בעמ**,,מתבל בטעם מיונז וקטש,,425.00,100 מ'ל,false,,14.90,0.0351,true,1,241030
5000189974579,false,מארז מיני חטיפי קיט קט Kit Kat,קבוצת אוסם סחר שותפות מוגבלת,,קיט קט מיני 200 גרם,,200.00,100 גרם,false,,10.90,0.0545,true,1,224840
5000204114980,false,גלייד אורוסול בניחוח אודיסאה הכחולה,דנשר (1963) בעמ,,גלייד מטהר אוויר איר,,300.00,"100 מ""ל",false,,9.90,0.0330,true,1,240437
5000204115048,false,גלייד ארוסול מבשם אוויר בניחוח לבנדר,"אס.סי ג'\ונסון,מידרכט, ה",,גלייד מטהר אוויר איר,,300.00,"100 מ""ל",false,,9.90,0.0330,true,1,240438
5000204156218,false,מבשם אויר אוטומטי בניחוח לבנדר גלייד 269,יצרן אירוסול: קוסטור איר,,גלייד מטהר אויר אוטו,,269.00,100 גרם,false,,39.90,0.1483,true,1,243392
5000204657883,false,"קיווי משחת נעליים בקופסא חום 50מ""ל",ג' אל ראיה בוגור ג'א,,קיווי משחת נעליים בק,יחידה,0.00,יחידה,false,,8.90,0.0000,true,1,206700
5000204657913,false,קיווי משחת נעליים בקופסא שחור 50 מ`ל,ג' אל ראיה בוגור,,קיווי משחת נעליים בק,יחידה,0.00,יחידה,false,,8.90,0.0000,true,1,206701
5000204658064,false,"ספוגית הברקה קיווי אקספרס שחור 6 מ""ל",המאפיה של הרמן,,קיווי אקספרס ספוגית,יחידה,0.00,יחידה,false,,18.90,0.0000,true,1,206702
5000204658187,false,משחת נעליים קראון שחור קיווי (75 מל),אס' סי' ג'ונסון במה,,קיווי נוזל נעליים שח,יחידה,0.00,יחידה,false,,18.90,0.0000,true,1,206704
5000219009295,false,פאל מאל אדום ארוך האוס עשירייה,גלוברנדס בעמ,,פאל מאל אדום ארוך פא,יחידה,0.00,יחידה,false,,280.00,0.0000,false,1,202564
5000219120112,false,פאל מאל כחול ארוך סטרים פילטר עשירייה,גלוברנדס בעמ - שיווק סיגריות,,פאל מאל כחול ארוך פק,,10.00,100 מ'ל,false,,280.00,28.0000,false,1,202567
5000267014234,false,וויסקי ג'וני ווקר רד לייבל Red label,החברה המרכזית להפצת משקאות בעמ,,וויסקי ג'וני ווקר רד,,700.00,100 גרם,false,,89.90,0.1284,true,1,173353
5000267024233,false,"וויסקי ג'וני בלאק לייבל עם פורר 700מ""ל",החברה המרכזית להפצת משקאות בעמ,,*מבצע* גוני ווקר שחו,,700.00,100 גרם,false,,119.90,0.1713,true,1,173355
5010182997253,false,רייד תרסיס קוטל ג'וקים/תיקנים 300 מל,אס.סי.ג'ונסון מידרכט,,רייד קוטל ג'וקים 400,,400.00,"100 מ""ל",false,,13.90,0.0348,true,1,206727
5010182997338,false,דאק ג'ל לניקוי אסלות בניחוח רענן 55 מל,"איטיליאן פוד, אס.פי.",,טואלט דאק ג'ל אסלה ב,,55.00,"100 מ""ל",false,,9.90,0.1800,true,1,206728
5010182997918,false,דאק ג'ל לניקוי אסלות בניחוח ים 55 מל,"איטיליאן פוד, אס.פי.",,טואלט דאק ג'ל אסלה ב,,55.00,"100 מ""ל",false,,9.90,0.1800,true,1,206734
5010182998847,false,דאק נוזל לניקוי אסלות בניחוח ים 750 מל,מיוצר עי קונדיטוריית,,טואלט דאק נוזל לאסלה,,750.00,"100 מ""ל",false,,9.90,0.0132,true,1,206738
5010677850100,false,"וודקה צרפתית גריי גוס 700מ""ל",בקרדי מרטיני,,וודקה גריי גוס 700 מ,,700.00,"100 מ""ל",false,,119.90,0.1713,true,1,226848
5011157730271,false,אורז יסמין לבן ארוך טילדה,ש.שסטוביץ בעמ,,טילדה אורז יסמין 1 ק,,1000.00,100 גרם,false,,19.90,0.0199,true,1,250129
5029053002408,false,קלינקס - נייר טואולט קליניקס לבן 9 גלילים,קימברלי קלארק ישראל שיווק בעמ,,קלינקס נייר טואלט לב,,1184.00,100 גרם,false,,39.90,0.0337,true,1,181235
5029053002439,false,קלינקס - נייר טואולט קליניקס צהוב 9 גלילים,קימברלי קלארק ישראל שיווק בעמ,,קלינקס נייר טואולט צ,,1184.00,"100 מ""ל",false,,39.90,0.0337,true,1,181236
5029053510811,false,תחבושות נורמל פלוס עם כנפיים קוטקס 28 יחידות,קימברלי קלארק ישראל שיווק בעמ,,קוטקס תחבושות אולטרה,,28.00,100 גרם,false,,18.90,0.6750,true,1,181240
5029053510828,false,תחבושות סופר פלוס עם כנפיים קוטקס 22יחידות,קימברלי קלארק ישראל שיווק בעמ,,קוטקס תחבושות אולטרה,,24.00,100 גרם,false,,18.90,0.7875,true,1,181241
5029053523446,false,קוטקס - תחבושות אולטרה נייט + כנפיים 20 יח',קימברלי קלארק ישראל שיווק בעמ,,קוטקס תחבושות אולטרה,,20.00,100 גרם,false,,18.90,0.9450,true,1,181245
5029053527574,false,האגיס תחתון ספיגה 4-7 בנים דריי נייטס 10 יחידות,קימברלי קלארק ישראל שיווק בעמ,,האגיס פרידום דריי ני,יחידה,0.00,יחידה,false,,35.90,0.0000,true,1,181246
5029053527581,false,האגיס תחתון ספיגה 4-7 בנות דריי נייטס 10 יחידות,קימברלי קלארק ישראל שיווק בעמ,,האגיס פרידום דריי ני,,10.00,100 מ'ל,false,,35.90,3.5900,true,1,181247
5029053527604,false,האגיס תחתון ספיגה 15-8 בנות דריי נייטס 9 יחידות,קימברלי קלארק ישראל שיווק בעמ,,האגיס פרידום דריי ני,,9.00,גרם,false,,35.90,3.9889,true,1,181249
5029053535227,false,קוטקס טמפון עם מוליך נורמל 16 יחידות,קימברלי קלארק ישראל שיווק בעמ,,קוטקס טמפון+מוליך נו,יחידה,0.00,יחידה,false,,26.90,0.0000,true,1,181261
5029053535234,false,טמפונים סופר עם מוליך קוטקס) (16,קימברלי קלארק ישראל שיווק בעמ,,קוטקס טמפון+מוליך ספ,יחידה,0.00,יחידה,false,,26.90,0.0000,true,1,181262
5029053578309,false,קופסת ממחטות אולטרה סופט 48 דף קלינקס,קימברלי קלארק ישראל שיווק בעמ,,קלינקס טישו אולטרה ס,,48.00,גרם,false,,7.90,0.1646,true,1,247116
5050083559761,false,דגני בוקר קלוגס קוקו פופס שוקוס 500 גרם,קלוגס מניופקטורינג אספנה,,דגני קלוגס קוקו פופס,,500.00,100 גרם,false,,21.90,0.0438,true,1,179299
5053827193368,false,דגני בוקר קלוגס ברנפלקס 500 גרם,קלוגס קומפני אוף גרייט ב,,דגני אול ברנפלקס 500,,500.00,100 גרם,false,,23.90,0.0478,true,1,225648
5060250343741,false,הרשיז ראונדס קוקיס אנד קרים 96ג',הרשיז,,הרשיז ראונדס קוקיס א,,96.00,100 גרם,false,,9.90,0.1031,true,1,249746
5060517886486,false,"משקה אנרגיה מונסטר אנרג'י בפחית 500 מ""ל",החברה המרכזית להפצת משקאות בעמ,,מונסטר אנרגי פח 500מ,,500.00,"100 מ""ל",false,,7.90,0.0158,true,1,241078
5060517886516,false,"משקה אנרגיה מונסטר אנרג'י זירו בפחית 500 מ""ל",החברה המרכזית להפצת משקאות בעמ,,מונסטר אנרגי זירו פח,,500.00,"100 מ""ל",false,,7.90,0.0158,true,1,241079
5060639128051,false,"משקה אנרגיה מונסטר אולטרה בפחית 500 מ""ל",החברה המרכזית להפצת משקאות בעמ,,מונסטר אולטרה פחית 5,,500.00,"100 מ""ל",false,,7.90,0.0158,true,1,242836
5060639129102,false,"משקה אנרגיה מונסטר אנרג'י מנגו בפחית 500 מ""ל",החברה המרכזית להפצת משקאות בעמ,,מונסטר אנרגי פח 500,,500.00,100 גרם,false,,7.90,0.0158,true,1,244459
5060751218173,false,"משקה אנרגיה מונסטר אנרג'י piplin punch בפחית 500 מ""ל",החברה המרכזית להפצת משקאות בעמ,,מונסטר פונצ פח 500מל,,500.00,"100 מ""ל",false,,7.90,0.0158,true,1,248904
5060751219033,false,"משקה אנרגיה מונסטר אנרג'י זירו paradise בפחית 500 מ""ל",החברה המרכזית להפצת משקאות בעמ,,מונסטר אולטרה פרדייס,,500.00,"100 מ""ל",false,,7.90,0.0158,true,1,249277
5200133120476,false,גלילות וופלים ממולאים קרם אגוזים וקקאו 400 ג',דיפלומט מפיצים (1968) בעמ**,,גליליות וופלים ממולא,,400.00,"100 מ""ל",false,,17.90,0.0447,true,1,223548
5201178801054,false,"קרם רב שימושי ניוואה 250 מ""ל",טרופיקל דגיל תעשיות,,ניוואה קרם רב שימוש,,250.00,"100 מ""ל",false,,24.90,0.0996,true,1,232860
5201184066508,false,נר מספר ממותג,שמחה זה אנחנו בעמ,,נרות מספרים,יחידה,0.00,יחידה,false,,3.90,0.0000,true,1,186462
5201347400545,false,רצועות שעווה מוכנות לשימוש לפנים ולאזורים רגישים,רקיט בנקיזר (ניר איסט) בעמ,,ויט רצועות שעווה לפנ,יחידה,0.00,יחידה,false,,29.90,0.0000,true,1,199681
5201940010110,false,זיתים שחורים קלמטה וילי פוד 250 גרם,ג. וילי-פוד אינטרנשיונל בע`מ,,זית קלמטה ויליפוד 45,,454.00,"100 מ""ל",false,,16.90,0.0372,true,1,178427
5206759020701,false,סוכריות ג'לי פירות אקזוטי 700 גר',יעד ממתקים בעמ,,סוכריות ג'לי אקזוטי,,700.00,100 גרם,false,,15.90,0.0227,true,1,173668
5391523057929,false,סימילאק גולד שלב 1 תרכובת מזון על בסיס חלב,אבוט מעבדות רפואיות,,סימילאק גולד 700 גרם,,700.00,100 גרם,false,,72.90,0.1041,true,1,224445
5391523057936,false,סימילאק גולד שלב 2 תרכובת מזון על בסיס חלב,אבוט מעבדות רפואיות,,סימילאק גולד 700 גרם,,700.00,100 גרם,false,,72.90,0.1041,true,1,224446
5391523057943,false,סימילאק גולד שלב 3 תרכובת מזון על בסיס חלב,אבוט מעבדות רפואיות,,סימילאק גולד 700 גרם,,700.00,100 גרם,false,,72.90,0.1041,true,1,224447
5391523058063,false,סימילאק אדבנס פלוס 1 תרכובת מזון על בסיס חלב,טרופיקל דגיל תעשיות,,סימילאק אדוונס פלוס,,700.00,"100 מ""ל",false,,64.90,0.0927,true,1,224811
5391523058070,false,סימילאק אדבנס פלוס 3 תרכובת מזון על בסיס חלב,טרופיקל דגיל תעשיות,,סימילאק אדוונס פלוס,,700.00,100 גרם,false,,64.90,0.0927,true,1,224812
5391523058087,false,סימילאק אדבנס פלוס 2 תרכובת מזון על בסיס חלב,טרופיקל דגיל תעשיות,,סימילאק אדוונס פלוס,,700.00,100 מ'ל,false,,64.90,0.0927,true,1,224813
5400265024349,false,המלט מאפה מבצק עלים מסוכר 250 גר,HAMLET NV,,מאפה מסוכר בייגלה המ,,250.00,100 גרם,false,,10.90,0.0436,true,1,205979
5400265032993,false,המלט- נשיקות מרנג לבן 100 גרם,HAMLET NV,,נשיקות מרנג לבן המלט,,100.00,100 גרם,false,,9.90,0.0990,true,1,205988
5410126006360,false,לוטוס עוגיות סנדוויץ' במילוי לוטוס 150 גר',דיפלומט מפיצים (1968) בעמ**,,לוטוס עוגיות סנדוויץ,,150.00,"100 מ""ל",false,,9.90,0.0660,true,1,249965
5410126006377,false,לוטוס עוגיות סנדוויץ' במילוי וניל 150 גר',דיפלומט מפיצים (1968) בעמ**,,לוטוס עוגיות סנדוויץ,,150.00,100 גרם,false,,9.90,0.0660,true,1,249966
5410126106022,false,לוטוס ביסקויט מארז חג 2*250ג.,דיפלומט מפיצים (1968) בעמ**,,לוטוס מארז חגים 2*25,,500.00,"100 מ""ל",false,,17.90,0.0358,true,1,250003
5410126116953,false,ממרח ביסקוויט קרמל לוטוס (400 גרם),דיפלומט מפיצים (1968) בעמ**,,ממרח ביסקוויט לוטוס,,400.00,100 גרם,false,,22.90,0.0572,true,1,179340
5410126726947,false,ממרח ביסקוויט קרמל קראנץ' לוטוס 380 גרם,דיפלומט מפיצים (1968) בעמ**,,ממרח עוגיות לוטוס קר,,380.00,"100 מ""ל",false,,22.90,0.0603,true,1,179342
5410228144755,false,"בירה סטלה ארטואה שישייה בקבוק 330 מ""ל",מבשלות בירה בינלאומיות ב,,*מבצע* בירה סטלה ארט,,1980.00,100 גרם,false,,29.90,0.0151,true,1,209447
5410291021991,false,ממרח אגוזי לוז עם קקאו צ`וקטה (700 גרם),ש. שסטוביץ בע`מ,,ממרח אגוזי לוז עם קק,,700.00,100 גרם,false,,19.90,0.0284,true,1,191750
5410316994019,false,וודקה סמירנוף אדום (700 מל),החברה המרכזית להפצת משקאות-אלכ,,*מבצע* וודקה סמירנוף,,700.00,100 גרם,false,,50.00,0.0714,true,1,173366
5411188080268,false,משקה סויה אלפרו אורגני אלפרו (1 ליטר),הנסיך- מפעל לייצור ט,,אלפרו שקה משקה סויה,,1000.00,"100 מ""ל",false,,13.90,0.0139,true,1,185333
5411188081852,false,אלפרו משקה סויה בטעם וניל 1 ליטר,הנסיך- מפעל לייצור ט,,אלפרו משקה משקה סויה,,1000.00,"100 מ""ל",false,,13.90,0.0139,true,1,185334
5411188094159,false,רביעיית מעדן סויה שוקו מריר אלפרו 125 גרם,הנסיך- מפעל לייצור ט,,אלפרו מעדן סויה שוקו,,500.00,"100 מ""ל",false,,16.90,0.0338,true,1,185336
5411188106159,false,אלפרו סויה לייט מופחת שומן 1.2% 1 ליטר,הנסיך- מפעל לייצור ט,,אלפרו משקה סויה טבעי,,1000.00,"100 מ""ל",false,,13.90,0.0139,true,1,185342
5411188110835,false,אלפרו חלב סויה שקדים וניל 1ל',הנסיך- מפעל לייצור ט,,אלפרו משקה משקה שקדי,,1000.00,100 גרם,false,,13.90,0.0139,true,1,185345
5411188112549,false,משקה קוקוס אלפרו 1 ליטר משקה אורז 1 ליטר,הנסיך- מפעל לייצור ט,,אלפרו משקה אורז 1 לי,,1000.00,"100 מ""ל",false,,13.90,0.0139,true,1,185348
5411188112709,false,"משקה קוקוס אלפרו 1 ליטר משקה שקדים לל""ס",הנסיך- מפעל לייצור ט,,אלפרו משקה שקדים ללא,,1000.00,100 גרם,false,,13.90,0.0139,true,1,185349
5411188115366,false,משקה קוקוס אלפרו 1 ליטר משקה שיבולת שועל 1 ליטר,הנסיך- מפעל לייצור ט,,אלפרו משקה שיבולת שו,,1000.00,"100 מ""ל",false,,13.90,0.0139,true,1,185352
5411188115434,false,משקה אלפרו בריסטה סויה 1 ליטר,"שטראוס גרופ בע""מ",,אלפרו משקה בריסטה סו,,1000.00,"100 מ""ל",false,,13.90,0.0139,true,1,247987
5411188115472,false,משקה סויה אלפרו 1 ליטר,הנסיך- מפעל לייצור ט,,אלפרו משקה סויה 1 לי,,1000.00,100 גרם,false,,13.90,0.0139,true,1,243469
5411188118732,false,משקה קוקוס ושקדים אלפרו (1 ליטר),הנסיך- מפעל לייצור ט,,אלפרו משקה קוקוס שקד,,1000.00,"100 מ""ל",false,,13.90,0.0139,true,1,231248
5411188120742,false,משקה קוקוס אלפרו 1 ליטר שקדים וניל 1 ל',הנסיך- מפעל לייצור ט,,אלפרו משקה שקדים טעם,,1000.00,"100 מ""ל",false,,13.90,0.0139,true,1,232519
5411188121923,false,"משקה סויה מועשר סידן אלפרו 3*250 מ""ל",הנסיך- מפעל לייצור ט,,אלפרו משקה סויה 3*25,,750.00,"100 מ""ל",false,,16.90,0.0225,true,1,222924
5411188121978,false,אלפרו משקה סויה עמיד מועשר בסידן 3*250,שטראוס גרופ בע`מ,,אלפרו משקה סויה סידן,,750.00,"100 מ""ל",false,,16.90,0.0225,true,1,222698
5411188122661,false,אלפרו משקה שקדים לא קלויים ללא תוספת סוכר 1 ל',הנסיך- מפעל לייצור ט,,אלפרו משקה שקדים לא,,1000.00,"100 מ""ל",false,,13.90,0.0139,true,1,240910
5411188124689,false,משקה אלפרו שיבולת שועל ללא סוכר 1 ליטר,שטראוס גרופ בע`מ,,אלפרו משקה שיבולת שו,,1000.00,"100 מ""ל",false,,13.90,0.0139,true,1,243818
5411188127697,false,אלפרו משקה בריסטה שיבולת שועל 1 ליטר,הנסיך- מפעל לייצור ט,,אלפרו בריסטה שיבולת,,1000.00,100 גרם,false,,13.90,0.0139,true,1,243467
5411188129899,false,משקה אלפרו בריסטה שקדים 1 ליטר,הנסיך- מפעל לייצור ט,,אלפרו בריסטה שקדים 1,,1000.00,"100 מ""ל",false,,13.90,0.0139,true,1,243468
5411188133476,false,אלפרו משקה סויה שוקו+חלבון 250 גרם בית יוסף,שטראוס גרופ בעמ/מצונן,,אלפרו משקה סויה שוקו,,250.00,100 גרם,false,,7.90,0.0316,true,1,247381
5411188133490,false,אלפרו משקה סויה קפה קרמל+חלבון 250 גרם בית יוסף,שטראוס גרופ בעמ/מצונן,,אלפרו משקה סויה קפה,,250.00,100 גרם,false,,7.90,0.0316,true,1,247382
5411188134985,false,אלפרו 3.5% NOT M*LK שיבולת שועל 1 ליטר בית יוסף,שטראוס גרופ בעמ/מצונן,,אלפרו נוט מילק 3.5%,,1000.00,100 גרם,false,,14.90,0.0149,true,1,247385
5411188135005,false,אלפרו 1.8% NOT M*LK שיבולת שועל 1 ליטר בית יוסף,שטראוס גרופ בעמ/מצונן,,אלפרו נוט מילק 1.8%,,1000.00,100 גרם,false,,14.90,0.0149,true,1,247384
5411188300328,false,אלפרו משקה סויה עמיד בטעם שוקו 1 ליטר,הנסיך- מפעל לייצור ט,,אלפרו משקה סויה שוקו,,1000.00,"100 מ""ל",false,,13.90,0.0139,true,1,185358
5411188543398,false,משקה סויה ללא סוכר אלפרו 1 ליטר,הנסיך- מפעל לייצור ט,,אלפרו משקה סויה ללא,,1000.00,100 גרם,false,,13.90,0.0139,true,1,243470
5413149922907,false,"אבקת כביסה קולור וסטייל 5 ק""ג אריאל",דיפלומט מפיצים (1986) בע`מ,,אריאל אבקת כביסה קול,קילוגרמים,5.00,"ק""ג",false,,44.90,8.9800,true,1,203670
5413548280189,false,קינדר שוקו בון 1 יחידות 125 גרם,פרימיום-חברה לדברי מתיקה ולמסח,,קינדר שוקובון 125גר,,125.00,100 גרם,false,,13.90,0.1112,true,1,213269
5601008200451,false,עוגיות גודיס טבעות מצופות שוקולד מריר מרבה 150 גרם,ש. שסטוביץ בע`מ,,עוגיות טבעת גודיס מצ,,150.00,"100 מ""ל",false,,9.90,0.0660,true,1,185362
5701932026964,false,"הוטפופ גרעיני תירס להכנת פופקורן במיקרוגל בטעם טבעי, בתוספת מלח, 600 גרם",ליימן שליסל בע`מ,,הוטפופ פופקורן בתוספ,,600.00,"100 מ""ל",false,,16.90,0.0282,true,1,191759
5701932026971,false,הוטפופ גרעיני תירס להכנת פופקורן במיקרוגל בטעם חמאה 600 גרם,ליימן שליסל בע`מ,,הוטפופ פופקורן בטעם,,600.00,"100 מ""ל",false,,16.90,0.0282,true,1,191760
5701932026995,false,"הוטפופ גרעיני תירס להכנת פופקורן במיקרוגל בטעם טבעי מופחת שומן, 510 גרם",קריניציה ויטמינה אס,,הוטפופ פופקורן לייט,,510.00,"100 מ""ל",false,,16.90,0.0331,true,1,191761
5711953106583,false,גבינת שמנת בטעם טבעי 200 גרם ארלה,שטראוס גרופ בעמ/מצונן,,גבינת שמנת טבעי ארלה,,200.00,"100 מ""ל",false,,15.90,0.0795,true,1,233463
5711953106590,false,גבינת שמנת ארלה שמנת שום 200 גרם,שטראוס גרופ בעמ/מצונן,,גבינת שמנת שום ארלה,,200.00,100 גרם,false,,15.90,0.0795,true,1,233461
5711953106606,false,גבינת שמנת עם תבלינים ועשבי תיבול 23.5%,שטראוס גרופ בעמ/מצונן,,גבינת שמנת עשבי תיבו,,200.00,100 גרם,false,,15.90,0.0795,true,1,233462
5740900403215,false,ממרח חמאה דנית לורפק עם מלח 250 גרם,שטראוס גרופ בעמ/מצונן,,לורפק ממרח עם מלח 25,,250.00,"100 מ""ל",false,,17.90,0.0716,true,1,225662
5740900403222,false,ממרח לורפק חמאה עם מלח מופחת שומן 250 ג,שטראוס גרופ בעמ/מצונן,,לורפק ממרח עם מלח מו,,250.00,"100 מ""ל",false,,17.90,0.0716,true,1,225663
5740900403239,false,ממרח חמאה דנית לורפק ללא מלח 250 גרם,שטראוס גרופ בעמ/מצונן,,לורפק ממרח ללא מלח 2,,250.00,"100 מ""ל",false,,17.90,0.0716,true,1,225666
5740900403246,false,ממרח לורפק ללא תוספת מלח 500 גר,שטראוס גרופ בעמ/מצונן,,לורפק ממרח ללא מלח 5,,500.00,"100 מ""ל",false,,28.90,0.0578,true,1,225664
5740900403253,false,ממרח מחמאת לורפק עם מלח 500 ג',שטראוס גרופ בעמ/מצונן,,לורפק ממרח עם מלח 50,,500.00,"100 מ""ל",false,,28.90,0.0578,true,1,225665
5740900403260,false,ממרח מחמאת לורפק ללא מלח 27% פחות שומן,שטראוס גרופ בעמ/מצונן,,לורפק ממרח עם מלח מו,,250.00,"100 מ""ל",false,,17.90,0.0716,true,1,225667
5740900403864,false,חמאה +מלח 200 גרם לורפק כשרות או קיי,שטראוס גרופ בעמ/מצונן,,לורפק חמאה עם מלח 20,,200.00,100 גרם,false,,12.50,0.0625,true,1,246356
5900020012814,false,דגנים תפוחים בטעם שוקולד נסקוויק נסטלה 500 גרם,קבוצת אוסם סחר שותפות מוגבלת,,דגני בוקר נסקוויק נס,,500.00,100 גרם,false,,26.90,0.0538,true,1,176029
5900020015174,false,פיטנס חטיפי אנרגיה דגנים בטעם שוקולד נסטלה 6*23.5 גרם,קבוצת אוסם סחר-שות.מוגבלת,,פיטנס חטיף דגנים שוק,,141.00,100 גרם,false,,16.90,0.1199,true,1,176030
5900020018908,false,פיטנס חטיפי אנרגיה דגנים בטעם קרם עוגיות נסטלה 6*23.5 גרם,קבוצת אוסם סחר-שות.מוגבלת,,פיטנס חטיף דגנים עוג,,141.00,"100 מ""ל",false,,16.90,0.1199,true,1,176037
5900020020710,false,מארז חטיף דגנים קראנץ' בטעם שוקו וניל נסטלה,קבוצת אוסם סחר שותפות מוגבלת,,חטיף דגנים קראנץ בר,,150.00,100 גרם,false,,16.90,0.1127,true,1,176038
5900020022325,false,חטיף סיני מיניס Cini Minis בטעם קינמון - 6 במארז,קבוצת אוסם סחר שותפות מוגבלת,,חטיף דגנים סיני מיני,,150.00,100 גרם,false,,16.90,0.1127,true,1,176041
5900020024770,false,פיטנס - דליס חטיף דגנים שוקולד אגוז 22.50 גרם * 6,קבוצת אוסם סחר שותפות מוגבלת,,פיטנס בר דליס שוקולד,,135.00,100 גרם,false,,16.90,0.1252,true,1,176042
5900020024817,false,פיטנס דליס Fitness Delice חטיף דגנים עם שוקולד לבן,קבוצת אוסם סחר שותפות מוגבלת,,פיטנס בר דליס שוקולד,,135.00,100 גרם,false,,16.90,0.1252,true,1,176043
5900020025647,false,חטיף דגנים פיטנס שוקולד חלב 135 גרם מארז 6 יחידות,קבוצת אוסם סחר שותפות מוגבלת,,פיטנס בר דליס שוקולד,,135.00,100 גרם,false,,16.90,0.1252,true,1,176045
5900020025807,false,נסטלה - דגני סיני מיניס 375 גרם,קבוצת אוסם סחר שותפות מוגבלת,,דגני סיני מיניס נסטל,,375.00,"100 מ""ל",false,,12.90,0.0344,true,1,176048
5900020026552,false,דגני בוקר האני נאט צ'יריוס בטעם דבש ושקדים,קבוצת אוסם סחר שותפות מוגבלת,,דגני האני נאט צ'יריו,,625.00,100 מ'ל,false,,26.90,0.0430,true,1,176052
5900020026859,false,צ'ריוס האני נאט 375 גרם,קבוצת אסם סחר,,דגני האני נאט צ'יריו,,375.00,100 גרם,false,,12.90,0.0344,true,1,176053
5900020029669,false,פיטנס - חטיף דגנים פירות יער 23.50 גרם * 6,קבוצת אוסם סחר שותפות מוגבלת,,פיטנס חטיף דגני פירו,,141.00,100 גרם,false,,16.90,0.1199,true,1,221511
5900020032454,false,מארז חטיף פיטנס עוגיות 8 X 23.5 גרם,קבוצת אוסם סחר שותפות מוגבלת,,פיטנס מארז חטיפי דגנ,,188.00,100 גרם,false,,16.90,0.0899,true,1,243704
5900020032539,false,מארז חטיף פיטנס שוקולד 8 X 23.5 גרם,קבוצת אוסם סחר שותפות מוגבלת,,פיטנס מארז חטיפי דגנ,,188.00,100 גרם,false,,16.90,0.0899,true,1,243705
5900020034021,false,פיטנס חטיף דגנים שוקו בננה נסטלה (23.5x6,קבוצת אוסם סחר שותפות מוגבלת,,פיטנס חטיף דגנים שוק,,141.00,100 גרם,false,,16.90,0.1199,true,1,227272
5900020036407,false,ליון דגני בוקר שוקולד וקרמל נסטלה 480 גרם,קבוצת אוסם סחר שותפות מוגבלת,,ליון דגני בוקר שוקול,,480.00,100 מ'ל,false,,26.90,0.0560,true,1,242446
5900020039590,false,פיטנס חטיף דגנים קלאסי 6.8*23.5גר פרווה,קבוצת אוסם סחר-שות.מוגבלת,,פיטנס חטיף דגנים קלא,,141.00,100 גרם,false,,16.90,0.1199,true,1,246036
5900020039620,false,פיטנס חטיף דגנים שקדים ודבש פרווה 8 6*23 ג,קבוצת אוסם סחר שותפות מוגבלת,,פיטנס חטיף דגנים שק,,141.00,100 גרם,false,,16.90,0.1199,true,1,246037
5900020041371,false,פיטנס מארז חטיף שוקולד מריר ושקדים 6*8,קבוצת אוסם סחר שותפות מוגבלת,,פיטנס חטיף שוקולד מר,,141.00,100 גרם,false,,16.90,0.1199,true,1,249981
5900352001814,false,שוקולד גלרטקה תפוז מלה 190 גרם,יעד ממתקים בעמ,,גלרטקה תפוז 190 ג,,190.00,100 גרם,false,,7.90,0.0416,true,1,173671
5900352001821,false,שוקולד חלב ממולא ג'לי לימון Mella,יעד ממתקים בעמ,,גלרטקה לימון 190 ג,,190.00,100 גרם,false,,7.90,0.0416,true,1,227000
5900352002361,false,עוגיות יזיקי קלאסיק 140 גרם,יעד ממתקים בעמ,,יזיקי קלאסיק 140 ג,,140.00,100 גרם,false,,7.90,0.0564,true,1,226984
5900352002866,false,חטיף אליבי שוקולד וקרמל 49 גרם,אליבי מקס Alibi Max,,חטיף אליבי 49 ג,יחידה,0.00,יחידה,false,,4.50,0.0000,true,1,173675
5900352014890,false,עוגיות יזיקי מריר תפוז 140 גרם,יעד ממתקים בעמ,,יזיקי מריר תפוז 140,,140.00,100 גרם,false,,7.90,0.0564,true,1,250295
5900627063233,false,טבליות למדיח הכל ב-1 פיניש מקס 50 יחידות,רקיט בנקיזר (ניר איסט) בעמ,,פיניש טבליות למדיח 5,,50.00,גרם,false,,34.90,0.6980,true,1,199698
5900915013230,false,שוקולד טראויטה חלב א,,,שוקולד טראויטה חלב א,,225.00,100 גרם,false,,10.90,0.0484,true,1,194902
5900915013254,false,שוקולד טראויטה חלב ב,,,שוקולד טראויטה חלב ב,,225.00,100 גרם,false,,10.90,0.0484,true,1,194903
5900915027558,false,שוקולד חלב טראויטה ע,,,שוקולד חלב טראויטה ע,,235.00,100 גרם,false,,10.90,0.0464,true,1,247747
5900915027572,false,שוקולד חלב טראויטה ע,,,שוקולד חלב טראויטה ע,,235.00,100 גרם,false,,10.90,0.0464,true,1,247748
5901677007611,false,שוקולד חלב 300 גר ברון,טעמן שווק מזון בעמ,,שוקולד ברון חלב 300ג,,300.00,100 גרם,false,,11.90,0.0397,true,1,248206
5902198160403,false,XL משקה אנרגיה מוגז ללא סוכר עד 10 קלוריות לפחית 250 מל,"טמפו משקאות בע""\מ",,אקסל משקה אנרגיה טן,,250.00,"100 מ""ל",false,,5.00,0.0200,true,1,220275
5902581683816,false,שוקולד חלב ממולא תות ברון 100 גרם,,,שוקולד חלב ממולא תות,,100.00,100 גרם,false,,4.90,0.0490,true,1,250060
5902808786696,false,"טורטילאב-דפי טורטייה 25 ס""מ 360 גר1/15",יושלם,,טורטילאב דפי טורטייה,,360.00,"100 מ""ל",false,,11.90,0.0331,true,1,241696
5904603190265,false,עגבניות צהובות בחומץ,דבורק,,עגבניות צהובות בחומץ,,850.00,100 גרם,false,,13.90,0.0164,true,1,249219
5904603191323,false,מלפפונים כבושים 850 גר DWOREK,דבורק,,מלפפונים כבושים דוור,,850.00,100 גרם,false,,13.90,0.0164,true,1,249211
5904941750312,false,"משקה אנרגיה BLU מוחיטו בודד 250 מ""ל",בני פאוזי שמשום (2009) בעמ,,בלו דיי משקה אנרגיה,,250.00,"100 מ""ל",false,,4.90,0.0196,true,1,172053
5904941751302,false,משקה אנרגיה בפחית בלו (250 מל),בני פאוזי שמשום (2009) בעמ,,בלו משקה אנרגיה 250מ,,250.00,100 גרם,false,,4.90,0.0196,true,1,172054
5904941751524,false,"משקה אנרגיה BLU DAY אבטיח בודד 250 מ""ל",בני פאוזי שמשום (2009) בעמ,,בלו דיי משקה אנרגיה,,250.00,"100 מ""ל",false,,4.90,0.0196,true,1,172058
5904941751715,false,משקה אנרגיה Blu פחיתבטעם חמוציות 250מל,בני פאוזי שמשום (2009) בעמ,,בלו משקה אנרגיה קרנב,,250.00,"100 מ""ל",false,,4.90,0.0196,true,1,172059
5904941751920,false,בלו משקה אנרגיה דיי חצי מכמות הקלו250 מל,בני פאוזי שמשום (2009) בעמ,,בלו דיי משקה אנרגיה,,250.00,"100 מ""ל",false,,4.90,0.0196,true,1,172063
5906485301012,false,משקה אנרגיה XL מוגז פחית 250 מל,טמפו משקאות בע`מ,,אקסל משקה אנרגיה 250,,250.00,100 גרם,false,,5.00,0.0200,true,1,172916
5941021000639,false,טבלת שוקולד חלב אגוז היידי גראנדור 100 ג',היידי שוקולד בירונטי,,שוקולד היידי גראנדור,,100.00,100 גרם,false,,10.90,0.1090,true,1,207713
5941021000899,false,טבלת שוקולד מריר אגוז היידי גראנדור 100 ג',היידי שוקולד בירונטי,,שוקולד היידי גראנדור,,100.00,100 גרם,false,,10.90,0.1090,true,1,207714
5941021001247,false,טבלת שוקולד בטעם קפה היידי גראנדור 80 ג',היידי שוקולד בירונטי,,שוקולד היידי גראנדור,,80.00,"100 מ""ל",false,,10.90,0.1363,true,1,207715
5941021001254,false,טבלת שוקולד בטעם תפוז היידי גראנדור 80 ג',,,שוקולד היידי גראנדור,,80.00,"100 מ""ל",false,,10.90,0.1363,true,1,207716
5941021001261,false,טבלת שוקולד היידי גראנדור 75% 80 ג',היידי שוקולד בירונטי,,שוקולד היידי גראנדור,,80.00,100 גרם,false,,10.90,0.1363,true,1,207717
5941021005122,false,טבלת שוקולד חמוציות היידי גראנדור 80 ג',היידי שוקולד בירונטי,,שוקולד היידי גראנדור,,80.00,100 גרם,false,,10.90,0.1363,true,1,207723
5941021005139,false,טבלת שוקולד חלב שקד היידי גראנדור 100 ג',,,שוקולד היידי שוקולד,,100.00,100 גרם,false,,10.90,0.1090,true,1,207724
5941021007577,false,טבלת שוקולד פיסטוק היידי גראנדור 80 ג',היידי שוקולד בירונטי,,שוקולד היידי גראנדור,,80.00,100 גרם,false,,10.90,0.1363,true,1,207727
5941021008208,false,טבלת שוקולד מלח שחור היידי גראנדור 80 ג',היידי שוקולד בירונטי,,שוקולד היידי גראנדור,,80.00,100 גרם,false,,10.90,0.1363,true,1,207728
5941021011147,false,טבלת שוקולד פלורנטין מריר היידי גראנדור 100 ג',היידי שוקולד בירונטי,,שוקולד היידי גראנדור,,100.00,100 גרם,false,,10.90,0.1090,true,1,207731
5941021015596,false,טבלת שוקולד בטעם מריר אוכמניות היידי גראנדור 80 ג',היידי שוקולד בירונטי,,טבלת היידי שוקולד מר,,80.00,100 גרם,false,,10.90,0.1363,true,1,233730
5941021016401,false,טבלת שוקולד מריר שקד היידי גראנדור 100 ג',היידי שוקולד בירונטי,,טבלת היידי שוקולד גר,,100.00,100 גרם,false,,10.90,0.1090,true,1,233731
5949152110821,false,"איירוויק מבשם אוויר ומנטרל ריחות – לילות לבנים 237 מ""ל",רקיט בנקיזר (ניר איסט) בעמ,,איירוויק מבשם אוויר,,237.00,"100 מ""ל",false,,14.90,0.0629,true,1,249893
6001067017523,false,מברשת שיניים קולגייט לילדים מגיל חמש 1 יחידה,יבואן ומשווק: ש. שסט,,קולגייט מברשת שיניים,יחידה,0.00,יחידה,false,,10.90,0.0000,true,1,185368
6001067017530,false,מברשת שיניים קולגייט לילדים מגיל שנתיים עד חמש 1 יחידה,יבואן ומשווק: ש. שסט,,קולגייט מברשת שיניים,יחידה,0.00,יחידה,false,,10.90,0.0000,true,1,185369
6001067024446,false,מברשת שיניים אקסטרא קלין קולגייט שלישיה,פארמה דיל (פ.א.ב.) שיווק והפצה,,קולגייט מברשת שיניים,יחידה,0.00,יחידה,false,,10.00,0.0000,true,1,207643
6008165274629,false,פאל מאל כחול ארוך סטרים פילטר חפיסה,גלוברנדס בעמ - שיווק סיגריות,,פאל מאל כחול ארוך,יחידה,0.00,יחידה,false,,28.00,0.0000,false,1,202583
6111094000198,false,קוסקוס דארי בינוני 350 גרם,דארי קוספאט אס. איי. או,,קוסקוס דארי דק 350 ג,יחידה,0.00,יחידה,false,,7.90,0.0000,true,1,243503
6111094000228,false,"קוסקוס דארי דק תומר 1 ק""ג",תומר ייבוא ושיווק מוצרי מזון [,,קוסקוס תומר דק 1 קג,,1000.00,100 גרם,false,,17.90,0.0179,true,1,174761
6111094000242,false,תומר קוסקוס דארי דק 500גר,תומר ייבוא ושיווק מוצרי מזון [,,קוסקוס דארי דק תומר,,500.00,100 גרם,false,,8.90,0.0178,true,1,250365
6111094000259,false,קוסקוס להכנה מהירה דארי (500 גרם),תומר ייבוא ושיווק מוצרי מזון [,,קוסקוס דארי בינוני ת,,500.00,100 גרם,false,,8.90,0.0178,true,1,250366
6111094000808,false,"קוסקוס דארי בינוני תומר 1 ק""ג + 10% תוספת",תומר יבוא ושיווק מוצרי מזון (1,,קוסקוס דארי 1.1קג,,1000.00,100 גרם,false,,17.90,0.0179,true,1,174762
6112012100075,false,קולפן פלסטיק יקר ע. הבית,עולם הבית שיווק והפצה בעמ,,קולפן פלסטיק יקר,יחידה,0.00,יחידה,false,,12.90,0.0000,true,1,212854
6112012100358,false,סט קולבים איכותי 6 יחידות ע. הבית,עולם הבית שיווק והפצה בעמ,,שישיית קולבי פלסטיק,יחידה,0.00,יחידה,false,,10.90,0.0000,true,1,212858
6112012100600,false,שלישיית קולבי קטיפה ע. הבית,עולם הבית,,שלישיית קולבי קטיפה,יחידה,0.00,יחידה,false,,11.90,0.0000,true,1,212866
6112012100655,false,מגב לשיש ע. הבית,עולם הבית שיווק והפצה בעמ,,מגבלשיש מהודר,יחידה,0.00,יחידה,false,,7.90,0.0000,true,1,227517
6112012100808,false,פינגן גדול 10 1 יחידה,עולם הבית,,פינג'ן גדול,יחידה,0.00,יחידה,false,,21.90,0.0000,true,1,229048
6112013100104,false,מותחן לסדין - רביעייה,עולם הבית,,מותחן למזרון חדש,יחידה,0.00,יחידה,false,,17.90,0.0000,true,1,212885
6112013100128,false,קולפן נירוסטה פשוט ע. הבית,עולם הבית,,קולפן נירוסטה פשוט,יחידה,0.00,יחידה,false,,7.90,0.0000,true,1,212887
6112013100180,false,סכין לפיצה,עולם הבית שיווק והפצה בעמ,,סכין לפיצה,יחידה,0.00,יחידה,false,,9.90,0.0000,true,1,229050
6112013100999,false,סוגרים לשקיות 8 יחידות,עולם הבית,,סוגרים לשקיות,יחידה,0.00,יחידה,false,,9.90,0.0000,true,1,212899
6112015100294,false,מגב מתכת 40 עם הברגה,עולם הבית שיווק והפצה בעמ,,"מגב מתכת 40 ס""מ",יחידה,0.00,יחידה,false,,21.90,0.0000,true,1,212920
6112015100454,false,מברשת ידנית דגם 3,,,מברשת ידנית דגם 3,יחידה,0.00,יחידה,false,,10.90,0.0000,true,1,233353
6112015100508,false,מברשת לאסלה דגם 17,עולם הבית שיווק והפצה בעמ,,מברשת לאסלה,יחידה,0.00,יחידה,false,,4.90,0.0000,true,1,212936
6112015100867,false,שלשיית מברשות ע. הבית.,עולם הבית שיווק והפצה בעמ,,שלישיית מברשת לניקוי,יחידה,0.00,יחידה,false,,8.90,0.0000,true,1,212946
6112016100514,false,"תחתית לסיר ברזל 20 ס""מ ע. הבית",עולם הבית,,תחתית לסיר מברזל 20,יחידה,0.00,יחידה,false,,10.90,0.0000,true,1,227410
6112016100712,false,סוגרים לשקיות 12 יח` ע. הבית,עולם הבית שיווק והפצה,,סוגרים לשקיות 12 יחי,יחידה,0.00,יחידה,false,,11.90,0.0000,true,1,227421
6112017101350,false,מצע לירקות ופירות מטורקיה,עולם הבית שיווק והפצה בעמ,,מצע לירקות ופירות מט,יחידה,0.00,יחידה,false,,9.90,0.0000,true,1,227459
6112017101534,false,מברשת לשירותים טורקיה,עולם הבית,,מברשת לאסלה,יחידה,0.00,יחידה,false,,21.90,0.0000,true,1,227498
6112017102784,false,מברשת ניקוי ע. הבית,עולם הבית,,מברשת ניקוי,יחידה,0.00,יחידה,false,,6.90,0.0000,true,1,227499
6112017102821,false,מברשת אסלה לשירותים ע. הבית,עולם הבית,,מברשת אסלה לשירותים,יחידה,0.00,יחידה,false,,12.90,0.0000,true,1,227751
6112017104566,false,מטאטא כסף אדום ע. הבית,עולם הבית שיווק והפצה,,מטאטא כסף אדום,יחידה,0.00,יחידה,false,,26.90,0.0000,true,1,233300
6112017104573,false,מטאטא לבן שחור ע. הבית,עולם הבית שיווק והפצה בעמ,,מטאטא שחור לבן,יחידה,0.00,יחידה,false,,24.90,0.0000,true,1,227753
6112017105778,false,"מגב לריצפה 40 ס""מ ע. הבית",עולם הבית שיווק והפצה בעמ,,"מגב לריצפה 40 ס""מ",יחידה,0.00,יחידה,false,,20.90,0.0000,true,1,233366
6112017105853,false,"מגב ריצפה 60 ס""מ ע. הבית",עולם הבית,,"מגב מתכת 60 ס""מ",יחידה,0.00,יחידה,false,,28.90,0.0000,true,1,240428
6118000061090,false,סרדינים מרוקאים בשמן סויה (125 גר`)טנגי,דין שיווק וקליה 2021 בעמ,,סרדין מרוקאי בשמן סו,,125.00,100 גרם,false,,6.90,0.0552,true,1,200344
6118000240501,false,סרדינים מרוקאים בשמן סויה עם פלפל חריף - 125 גרם,דין שיווק וקליה 2021 בעמ,,סרדין מרוקאי בשמן סו,,125.00,100 גרם,false,,6.90,0.0552,true,1,214086
6281001510390,false,מברשת שיניים לילדים אקסטרא סופט לגילאי 0-2,קולגייט-פלמוליב,,קולגייט מברשת שיניים,יחידה,0.00,יחידה,false,,10.90,0.0000,true,1,185374
6281031266380,false,פה דאו ספריי הוואי ל,שוורצקופף והנקל,,פה דאו ספריי הוואי ל,,200.00,"100 מ""ל",false,,15.90,0.0795,true,1,227270
6910191800287,false,אצות נורי בלו 10 דף (ננגטונג),מזרח ומערב יבוא ושיווק,,דפי סושי אצות נורי ב,,10.00,100 מ'ל,false,,12.90,1.2900,true,1,204967
6912977000140,false,אטריות שעועית 250 גר' ( Yantai)ללא גלוטן(כ),מזרח ומערב יבוא ושיווק,,אטריות שעועית 250גר,,250.00,"100 מ""ל",false,,9.90,0.0396,true,1,204968
6921052701001,false,אצות וואקמה 40 גרם (רונגצ'אנג)(כ),מזרח ומערב יבוא ושיווק,,אצות ים וואקמה 40גר,,40.00,"100 מ""ל",false,,11.90,0.2975,true,1,225676
6921850620504,false,לד 15W A60 לבן אור יום מארז שלישיה OMEGA E27,עולם הבית שיווק והפצה בעמ,,נורות לד3 יח A60-15W,יחידה,0.00,יחידה,false,,35.90,0.0000,true,1,227506
6922276100083,false,מחית וואסבי -חזרת 43 גרם (דליאן),מזרח ומערב יבוא ושיווק,,מחית וואסבי 43גר,,43.00,100 גרם,false,,10.90,0.2535,true,1,204970
6931191500649,false,רבעית סופר גלו ע. הבית,עולם הבית שיווק והפצה בעמ,,דבק סופר גלו רביעייה,יחידה,0.00,יחידה,false,,11.90,0.0000,true,1,212959
6934931267246,false,מצית גז להבה ארוך 26,עולם הבית שיווק והפצה בעמ,,מצת לכיריים,יחידה,0.00,יחידה,false,,9.90,0.0000,true,1,246377
6934931272028,false,יעה מתקפל שקוף ע. הבית,עולם הבית שיווק והפצה,,כף אשפה שקוף מתקפל,יחידה,0.00,יחידה,false,,19.90,0.0000,true,1,246374
6934931272196,false,מטאטא מליזה גב עץ ע. הבית,עולם הבית שיווק והפצה בעמ,,מטאטא מאלזיה גב עץ,יחידה,0.00,יחידה,false,,19.90,0.0000,true,1,246373
6934931272264,false,מטאטא גולד ע. הבית,,,מטאטא גולד,יחידה,0.00,יחידה,false,,19.90,0.0000,true,1,246372
6935487561246,false,מסיכה כירורגית שחורה מארז 50 יח',ביג פוד כחול לבן בעמ,,מסכות חד פעמי 50 יח,,50.00,גרם,false,,9.90,0.1980,true,1,244810
6935673035612,false,כפפות אלוורה להקלה על עור יבש - קטן S,מ.א.ייצור ויבוא מטליות בעמ,,כפפות אלוורה שאיני S,יחידה,0.00,יחידה,false,,7.90,0.0000,true,1,197470
6935673035629,false,כפפות אלוורה להקלה על עור יבש - בינוני M,מ.א.ייצור ויבוא מטליות בעמ,,כפפות אלוורה שאיני M,יחידה,0.00,יחידה,false,,7.90,0.0000,true,1,197471
6935673035636,false,כפפות אלוורה להקלה על עור יבש - גדול L,מ.א.ייצור ויבוא מטליות בעמ,,כפפות אלוורה שאיני L,יחידה,0.00,יחידה,false,,7.90,0.0000,true,1,197472
6936745600462,false,רוטב מירין לתיבול מז,מזרח ומערב יבוא ושיווק,,מירין דאניינג 500מל,,500.00,"100 מ""ל",false,,19.90,0.0398,true,1,204990
6936745600783,false,"חומץ אורז מזרח מערב 500 מ""ל",מזרח ומערב יבוא ושיווק,,חומץ אורז דאניינג 50,,500.00,100 גרם,false,,15.90,0.0318,true,1,204991
6952415521486,false,מאריך 3 מטר ע. הבית,עולם הבית,,כבל מאריך 3 מטר,יחידה,0.00,יחידה,false,,34.90,0.0000,true,1,212966
6985425120011,false,מסנן כיור פרפר ע . הבית,עולם הבית שיווק והפצה בעמ,,מסנן פרפר זוג,יחידה,0.00,יחידה,false,,8.90,0.0000,true,1,212972
6985425120035,false,פקק לאבטיה ע. הבית.,עולם הבית שיווק והפצה,,פקק פטנט לאמבטיה,יחידה,0.00,יחידה,false,,5.90,0.0000,true,1,212974
6985425120110,false,סלוטייפ נייר,,,דבק נייר,יחידה,0.00,יחידה,false,,14.90,0.0000,true,1,227476
6985425120301,false,אטבי כביסה 30 יחידות,עולם הבית שיווק והפצה בעמ,,אטבי כביסה 30 יחידות,יחידה,0.00,יחידה,false,,9.90,0.0000,true,1,227454
6985425120677,false,מסננת איכותית מאלומיניום,עולם הבית,,מסננת איכותית מאלומי,יחידה,0.00,יחידה,false,,16.90,0.0000,true,1,212978
7271730901261,false,ווקי מאק ארוחת אטריות עם גבינה 156 גרם,ניו וורלד פסטה קומפנ,,תערובת להכנת פסטה+גב,,156.00,"100 מ""ל",false,,12.90,0.0827,true,1,227977
7290000000070,false,פלפל שושקה ירוק/ אדו,,,סופגניה,יחידה,0.00,יחידה,false,,3.90,0.0000,true,1,250545
7290000013206,false,זנב בקר,,,זנב בקר,קילוגרמים,1.00,"ק""ג",true,,69.90,69.9000,true,1,198248
7290000013954,false,צוואר עע,,,צוואר עע,קילוגרמים,1.00,"ק""ג",true,,69.00,69.0000,true,1,219579
7290000013961,false,כתף עגל פריים עע,,,כתף עגל פריים עע,קילוגרמים,1.00,"ק""ג",true,,69.00,69.0000,true,1,229613
7290000016108,false,חצי בגט לבן מארז 5יח,,,חצי בגט לבן מארז 5יח,יחידה,0.00,יחידה,false,,13.00,0.0000,true,1,234086
7290000018461,false,דונטס בטעמים,,,דונטס בטעמים,יחידה,0.00,יחידה,false,,7.50,0.0000,true,1,242725
7290000018485,false,זית ירוק כהה/אדום,שקדיה,,דונאטס מצופה,יחידה,0.00,יחידה,false,,5.90,0.0000,true,1,244012
7290000023083,false,ערק אשקלון בקבוק 700,טמפו משקאות בע`מ,,ערק אשקלון 700 מל,,700.00,"100 מ""ל",false,,49.90,0.0713,true,1,172930
7290000023809,false,קלאסיק קברנה סובניון יקבי ברקן (750 מל),יקבי ברקן שיווק והפצה בע,,יין קלאסיק קברנה סוב,,750.00,"100 מ""ל",false,,39.90,0.0532,true,1,172955
7290000023977,false,קלאסיק מרלו יקבי ברקן (750 מל),יקבי ברקן שיווק והפצה בע,,יין קלאסיק מרלו 750מ,,750.00,"100 מ""ל",false,,39.90,0.0532,true,1,172962
7290000024523,false,"תירוש של סגל ,מיץ ענבים , 1 ליטר",כרמי צבי - האחים סגל,,מיץ ענבים של סגל 1 ל,,1000.00,"100 מ""ל",false,,13.90,0.0139,true,1,172974
7290000030012,false,כבד הודו לצליה טרי,,,כבד הודו לצליה טרי,קילוגרמים,1.00,"ק""ג",true,,19.90,19.9000,true,1,233255
7290000033976,false,כתף טלה טרי,,,כתף טלה טרי,קילוגרמים,1.00,"ק""ג",true,,109.00,109.0000,true,1,198249
7290000034256,false,ביסקוויט תירוש חצי מצופה 175 ג`הדר*,ח.כהן סוכנות מזון ומשקאות בע,,ביסקויט תירוש 175גרם,,175.00,"100 מ""ל",false,,7.90,0.0451,true,1,201995
7290000034973,false,חזה טלה ספרייס טרי,,,חזה טלה ספרייס טרי,קילוגרמים,1.00,"ק""ג",true,,79.00,79.0000,true,1,198251
7290000036977,false,צוואר כבש טרי,קצביית פרימיום,,צוואר כבש טרי,קילוגרמים,1.00,"ק""ג",true,,79.90,79.9000,true,1,194693
7290000037066,false,פרגית טרי,,,פרגית טרי,קילוגרמים,1.00,"ק""ג",true,,64.90,64.9000,true,1,210519
7290000040042,false,יופלה יוגורט תות %3 גביע 150 גרם,"תנובה בע""מ ***",,יופלה תות שובב 3% 15,,150.00,100 גרם,false,,4.90,0.0327,true,1,188554
7290000040066,false,יופלה יוגורט דובדבן %3 גביע 150 גרם,תנובה מרכז שיתופי לש,,יופלה דובדבן פראי 3%,,150.00,100 גרם,false,,4.90,0.0327,true,1,188556
7290000040080,false,יופלה יוגורט אפרסק %3 גביע 150 גרם,"תנובה בע""מ ***",,יופלה אפרסק מאוהב 3%,,150.00,100 גרם,false,,4.90,0.0327,true,1,188557
7290000040301,false,תנובה עין גדי קממבר מחלב בקר 24% שומן,תנובה מרכז שיתופי לש,,גבינה קממבר עין גדי,,125.00,100 גרם,false,,19.90,0.1592,true,1,188562
7290000040974,false,חלב 2% דל לקטוז בקרטון תנובה (1 ליטר),תנובה מרכז שיתופי לש,,חלב קרטון דל לקטוז ת,,1000.00,100 גרם,false,,7.50,0.0075,true,1,188566
7290000041407,false,"גיל קטן 3% תנובה 125 מ""ל בד""ץ",תנובה מרכז שיתופי לש,,גילה 125 מל,,125.00,"100 מ""ל",false,,0.94,0.0075,true,1,188567
7290000041445,false,קוטג תנובה גביע 250 גרם 5% בדצ,מיוצר עי קונדיטוריית,,קוטג 5% מהדרין 250גר,,250.00,100 גרם,false,,5.90,0.0236,true,1,188568
7290000041858,false,"שמנת חמוצה 15% מועשרת יטבתה 200 מ""ל",שטראוס גרופ בעמ/מצונן,,שמנת חמוצה 15% 200מל,,200.00,"100 מ""ל",false,,2.50,0.0125,true,1,195160
7290000041865,false,"לבן 4.5% שומן מהדרין ""יטבתה""",שטראוס גרופ בעמ/מצונן,,אשל 4.5% יטבתה 200מל,,200.00,"100 מ""ל",false,,2.00,0.0100,true,1,195161
7290000041872,false,"לבן 3% יטבתה 200מ""ל מהדרין",שטראוס גרופ בעמ/מצונן,,לבן 3% 200מל,,200.00,"100 מ""ל",false,,2.00,0.0100,true,1,195162
7290000042015,false,חלב 3% בשקית בדצ תנובה (1 ליטר)פיקוח,תנובה מרכז שיתופי לש,,חלב בשקית בדץ תנובה,,1000.00,"100 מ""ל",false,,5.43,0.0054,true,1,188572
7290000042404,false,חלב 3% מועשר מהדרין בשקית יטבתה (1 ליטר),שטראוס גרופ בעמ/מצונן,,חלב מועשר שקית יטבתה,,1000.00,"100 מ""ל",false,,5.90,0.0059,true,1,195163
7290000042435,false,חלב דל שומן 1% בקרטון תנובה (1 ליטר)פיק,תנובה מרכז שיתופי לש,,חלב בקרטון תנובה 1%,,1000.00,100 גרם,false,,5.86,0.0059,true,1,188581
7290000042640,false,"חלב תנובה עמיד 3% קרטון 250 מ""ל",תנובה מרכז שיתופי לש,,חלב עמיד תנובה 3% 25,,250.00,"100 מ""ל",false,,3.00,0.0120,true,1,188589
7290000042855,false,"שוקו בשקית 250 מ""ל ""יטבתה""",שטראוס גרופ בעמ/מצונן,,שוקו שקית 250,,250.00,"100 מ""ל",false,,3.00,0.0120,true,1,195165
7290000043012,false,"שוקו עמיד 2% בקרטון 250 מ""ל תנובה",תנובה מרכז שיתופי לש,,שוקו עמיד תנובה בקרט,,250.00,"100 מ""ל",false,,4.90,0.0196,true,1,188593
7290000043814,false,השף הלבן שמנת להקצפה 38% שומן 250 מל - מוצר בפיקוח,תנובה מרכז שיתופי לש,,שמנת להקצפה 38% 250מ,,250.00,"100 מ""ל",false,,6.47,0.0259,true,1,188596
7290000043890,false,תנובה רויון לבן מחלב מפסוטר 1.5%,תנובה מרכז שיתופי לש,,רויון תנובה 1.5% 1לי,,1000.00,"100 מ""ל",false,,11.50,0.0115,true,1,188598
7290000044712,false,יוגורט עם תות 1.5% שומן 500 ג' פרילי,מיוצר עי קונדיטוריית,,פרילי תות 1.5% 500מל,,500.00,"100 מ""ל",false,,10.90,0.0218,true,1,188606
7290000044880,false,יוגורט בטעם תות שדה 3% באדי (500 גרם),מיוצר עי קונדיטוריית,,באדי תות 3% 500מל,,500.00,"100 מ""ל",false,,9.30,0.0186,true,1,188608
7290000045580,false,גבינה מותכת נעמה חורש תנובה 240 גרם,תנובה מרכז שיתופי לש,,נעמה גבינת מותכת 240,,240.00,100 גרם,false,,17.70,0.0737,true,1,188611
7290000045917,false,תנובה פרומעז גבינה מותכת מחלב עיזים 23% שומן,תנובה בעמ ***,,גבינה פרומעז 23% קול,,200.00,100 גרם,false,,26.30,0.1315,true,1,188613
7290000046006,false,גבינה צהובה עמק בלוק,תנובה מרכז שיתופי לש,,עמק 28% תנובה,קילוגרמים,1.00,"ק""ג",true,,44.79,44.7900,true,1,188476
7290000046020,false,"גלבוע 22% שקילה}גבנ""צ{*.",תנובה מרכז שיתופי לש,,גלבוע 22% תנובה,קילוגרמים,1.00,"ק""ג",true,,42.58,42.5800,true,1,188477
7290000046136,false,גבינה קשה אחוזה,קריות זול,,גלבוע 22% תנובה,קילוגרמים,1.00,"ק""ג",true,,42.58,42.5800,true,1,241231
7290000046327,false,גלבוע גבינה צהובה פרוסה 22% תנובה 200 גרם,תנובה מרכז שיתופי לש,,גלבוע גבינה צהובה פר,,200.00,100 גרם,false,,13.50,0.0675,true,1,188616
7290000046501,false,"גב.טל העמק32% 1 ק""ג משקל",תנובה חלב,,טל העמק חריץ 32% תנו,קילוגרמים,1.00,"ק""ג",true,,58.00,58.0000,true,1,188482
7290000046563,false,קולאג 23% פרמזן חריץ תנובה,תנובה מרכז שיתופי לש,,פרמזן קולאז 23% תנוב,קילוגרמים,1.00,"ק""ג",true,,110.00,110.0000,true,1,188485
7290000046662,false,גב.קשה סקנדינבית31%משקל,תנובה מרכז שיתופי לש,,עמק דליקטס סקנדינבית,קילוגרמים,1.00,"ק""ג",true,,77.00,77.0000,true,1,188488
7290000047027,false,גב.קולאז' גלעד 27% במשקל,תנובה מרכז שיתופי לש,,קאשקבל 28% תנובה חלב,קילוגרמים,1.00,"ק""ג",true,,124.00,124.0000,true,1,188489
7290000047034,false,רוקפור (26% גליל) חריץ תנובה,תנובה מרכז שיתופי לש,,רוקפור 28% תנובה,קילוגרמים,1.00,"ק""ג",true,,126.00,126.0000,true,1,229936
7290000047485,false,גבינה בולגרית במשקל,תנובה מרכז שיתופי לש,,בולגרית 24% תנובה,קילוגרמים,1.00,"ק""ג",true,,55.00,55.0000,true,1,188492
7290000047546,false,השף הלבן כנען גבינה לבנה דלת נתרן 5% תנובה 500 גרם,תנובה מרכז שיתופי לש,,גבינה לבנה ללא תוספת,,500.00,100 גרם,false,,24.90,0.0498,true,1,188620
7290000047621,false,גבינה לבנה רכה 5% תנובה 250ג' מהדרין,תנובה מרכז שיתופי לש,,גבינה לבנה 5% מהדרין,,250.00,100 גרם,false,,4.98,0.0199,true,1,188622
7290000047942,false,**תנובה גבינה לבנה מהדרין 9% 250ג,תנובה מרכז שיתופי לש,,גבינה לבנה 9% מהדרין,,250.00,100 גרם,false,,4.90,0.0196,true,1,188626
7290000048185,false,גבינה לבנה 5% תנובה 250 גרם מהדרין,מיוצר עי קונדיטוריית,,גבינה לבנה 250גר 5%,,250.00,100 גרם,false,,4.98,0.0199,true,1,188627
7290000048192,false,גבינה לבנה 9% תנובה 250 גרם מהדרין,מחלבת אלון תבור,,גבינה לבנה רכה 9% 25,,250.00,100 גרם,false,,4.90,0.0196,true,1,188628
7290000048413,false,גבינה חמד (25016% גרם)פיראוס תנובה,תנובה מרכז שיתופי לש,,גבינת חמד פיראוס 16%,,250.00,100 גרם,false,,18.30,0.0732,true,1,188631
7290000048437,false,גבינת צפתית (2005% גרם)פיראוס תנובה,פארייפאבה אגרואינדוס,,צפתית 5% 200גר פיראו,,200.00,100 גרם,false,,15.20,0.0760,true,1,188632
7290000049458,false,גבינה בולגרית עיזים (25016% גרם)פיראוס,תנובה מרכז שיתופי לש,,פטה עיזים פיראוס 16,,250.00,100 גרם,false,,28.50,0.1140,true,1,188634
7290000050447,false,"יוגורט ביו בטעם תות YYY יופלה 500 מ""ל",מיוצר עי קונדיטוריית,,יופלה YYY תות 3% 500,,500.00,"100 מ""ל",false,,13.40,0.0268,true,1,188647
7290000050454,false,יוגורט יופלה אפרסק 3% שומן 500 גרם,מיוצר עי קונדיטוריית,,יופלה YYY אפרסק 3% 5,,500.00,"100 מ""ל",false,,13.40,0.0268,true,1,188648
7290000051307,false,"מארז הפסקת אוכל עם דגני עוגי ומשקה חלב עמיד בטעם וניל 150 מ""ל",תנובה מרכז שיתופי לש,,הפסקת אוכל עוגי +חלב,,150.00,"100 מ""ל",false,,9.50,0.0633,true,1,188675
7290000051352,false,חלב מלא בטעם של פעם 3.4% תנובה קרטון 1 ל',תנובה מרכז שיתופי לש,,חלב של פעם בקרטון 3.,,1000.00,"100 מ""ל",false,,7.60,0.0076,true,1,188676
7290000051376,false,יוגורט יופלה דיאט אננס 0% שומן 150 גרם,תנובה מרכז שיתופי לש,,יופלה דיאט אננס ספור,,150.00,100 גרם,false,,4.90,0.0327,true,1,188678
7290000051710,false,פיראוס גבינת לאבנה אסלית על בסיס יוגורט תנובה 263 גרם,"תנובה, מחלבת אלון תב",,לאבנה עם שמן זית וזע,,263.00,100 גרם,false,,14.50,0.0551,true,1,188685
7290000052311,false,גבינה צהובה עמק לייט 15% שומן 200 גרם,תנובה מרכז שיתופי לש,,עמק גבינה צהובה מהדר,,200.00,100 גרם,false,,16.50,0.0825,true,1,188704
7290000052649,false,לאבנה אסלית (5005% גרם)פיראוס תנובה,תנובה מרכז שיתופי לש,,לאבנה 5% 500גר פיראו,,500.00,100 גרם,false,,19.90,0.0398,true,1,188718
7290000055015,false,פיראוס גבינת פטה כבשים 5% תנובה 250 גרם,תנובה מרכז שיתופי לש,,פטה כבשים 5% שומן פי,,250.00,100 גרם,false,,27.50,0.1100,true,1,188814
7290000055336,false,"משקה יוגורט 1.5% בטעם בננה אפרסק יופלה 250 מ""ל",תנובה מרכז שיתופי לש,,יופלה משקה יוגורט בנ,,250.00,"100 מ""ל",false,,5.50,0.0220,true,1,188827
7290000055343,false,משקה יוגורט יופלה פירות טרופיים 250 גרם,תנובה מרכז שיתופי לש,,יופלה משקה יוגורט טר,,250.00,"100 מ""ל",false,,5.50,0.0220,true,1,188828
7290000055350,false,גבינה צהובה חריץ עמק 28% במשקל,תנובה מרכז שיתופי לש,,עמק 28% תנובה,קילוגרמים,1.00,"ק""ג",true,,44.79,44.7900,true,1,241747
7290000056753,false,עמק קלאסית 28% שומן 200 גרם פרוס בדצ בקופסא,תנובה - חלב,,עמק גבינה צהובה פרוס,,200.00,100 גרם,false,,16.50,0.0825,true,1,188868
7290000056845,false,תנובה חלב טרי 3% שומן 1.5 ליטר - מוצר בפיקוח,פארייפאבה אגרואינדוס,,חלב בקרטון תנובה 3%,,1500.00,100 גרם,false,,9.35,0.0062,true,1,188873
7290000056890,false,שמיניית דיאט יופלה 0% טעמים שונים 150 גרם,מיוצר עי קונדיטוריית,,יופלה מאגדת דיאט טעמ,יחידה,0.00,יחידה,false,,31.50,0.0000,true,1,188876
7290000056906,false,מאגדת לבן טבעי 1.5% שומן 8 יח' * 150 ג' יופלה,מחלבת אלון תבור,,יופלה לבן מאגדת שמינ,,1200.00,100 גרם,false,,17.90,0.0149,true,1,188877
7290000056951,false,"תנובה, השף הלבן, שמנת לבישול 15% שומן 500 מל",תנובה מרכז שיתופי לש,,שמנת לבישול 15% פקק,,500.00,"100 מ""ל",false,,17.30,0.0346,true,1,188880
7290000057088,false,עמק גבינה צהובה פרוסה דק דק 28% תנובה 200 גרם,תנובה מרכז שיתופי לש,,עמק גבינה צהובה דק ד,,200.00,100 גרם,false,,16.50,0.0825,true,1,188886
7290000057118,false,גבינה צהובה עמק 28% שומן ואקום 400 גרם,תנובה מרכז שיתופי לש,,*מבצע* המעדניה של עמ,,400.00,100 גרם,false,,19.90,0.0497,true,1,188888
7290000057132,false,יוגורט תנובה טבעי 1.5% גביע 200 גרם,מחלבת אלון תבור,,יוגורט טבעי 1.5%תנוב,,200.00,"100 מ""ל",false,,3.20,0.0160,true,1,188889
7290000057149,false,יוגורט תנובה טבעי 3% גביע 200 גרם,מיוצר עי קונדיטוריית,,יוגורט טבעי 3% תנובה,,200.00,100 גרם,false,,3.20,0.0160,true,1,188890
7290000057552,false,יופלה דיאט עוגת גבינה ותות 0% גביע 150ג',תנובה - חלב,,יופלה דיאט עוגת גבינ,,150.00,"100 מ""ל",false,,4.90,0.0327,true,1,188907
7290000058030,false,"שמיניית יופלה שטוזים משקה יוגורט תות 100 מ""ל",מיוצר עי קונדיטוריית,,יופלה שטוזים משקה יו,,800.00,100 גרם,false,,20.90,0.0261,true,1,188925
7290000058047,false,שמנת להקצפה 38% 500מל מהדרין עמיד השף הלבן,תנובה מרכז שיתופי לש,,שמנת להקצפה מהדרין 3,,500.00,100 גרם,false,,12.94,0.0259,true,1,188926
7290000058580,false,קוקילידה בטעם וניל עם עוגיות שוקולד גלידות נסטלה 80 גרם,נגה גלידות שותפות מוגבלת,,קוקילידה וניל,יחידה,0.00,יחידה,false,,10.90,0.0000,true,1,228124
7290000058979,false,גיל בטעם תות 3% שומן 125 ג' תנובה,תנובה מרכז שיתופי לש,,גיל בטעם תות 125גרם,,125.00,100 גרם,false,,1.40,0.0112,true,1,188955
7290000060071,false,אוסם - חטיפי פריכונים מאורז מלא קלוי 80גר,קבוצת אוסם סחר שותפות מוגבלת,,חטיפי פריכונים מאורז,,80.00,100 גרם,false,,8.90,0.1113,true,1,176093
7290000060088,false,בייגלה מקלות עם מלח אסם (400 גרם),קבוצת אוסם סחר שותפות מוגבלת,,בייגלה מקלות מלוחים,,300.00,"100 מ""ל",false,,11.90,0.0397,true,1,176094
7290000060200,false,פסטה אסם פתיתים אפויים קוסקוס 500גר,קבוצת אוסם סחר שותפות מוגבלת,,פתיתים אפויים קוסקוס,,500.00,100 גרם,false,,7.90,0.0158,true,1,176100
7290000060217,false,פסטה מקרוני מספר 7 אסם (500 גרם),קבוצת אוסם סחר שותפות מוגבלת,,פסטה מקרוני 7 אסם 50,,500.00,100 גרם,false,,6.50,0.0130,true,1,176101
7290000060248,false,פסטה אסם פתיתים תלתלים 500 גר',קבוצת אוסם סחר שותפות מוגבלת,,פסטה תלתלים אסם 500,,500.00,100 גרם,false,,6.50,0.0130,true,1,176102
7290000060316,false,פרפקטו ספגטי מס' 8 אסם 500 גרם,קבוצת אוסם סחר שותפות מוגבלת,,פסטה פרפקטו ספגטי אס,,500.00,100 גרם,false,,7.90,0.0158,true,1,176105
7290000060408,false,פסטה אסם פתיתים אפויים טבעות 500 גר,קבוצת אוסם סחר שותפות מוגבלת,,פתיתים אפויים טבעות,,500.00,100 גרם,false,,7.90,0.0158,true,1,176111
7290000060415,false,"פסטה פרפקטו לאזניה 500 ג' ""אסם""",קבוצת אוסם סחר שותפות מוגבלת,,לזניה פרפקטו 500גר,,500.00,100 גרם,false,,15.90,0.0318,true,1,176112
7290000060576,false,פתיתים אפויים כוכבים אסם (500 גרם),קבוצת אוסם סחר שותפות מוגבלת,,פתיתים אפויים כוכב א,,500.00,100 גרם,false,,7.90,0.0158,true,1,176122
7290000060781,false,פרומנטי פתיתים מסולסלים אוסם,קבוצת אוסם סחר שותפות מוגבלת,,פסטה מסולסלים אסם 50,,500.00,100 גרם,false,,6.50,0.0130,true,1,176125
7290000060811,false,טילון אקסטרים מטבע ענק שוקולד נסטלה 120 גרם,תות תעשיות מזון (201,,אקסטרים מטבע ענק פלי,,120.00,100 גרם,false,,10.90,0.0908,true,1,245901
7290000060828,false,פסטה קרניים בינוניות אסם (500 גרם),קבוצת אוסם סחר שותפות מוגבלת,,פסטה קרניים בינוניות,,500.00,100 גרם,false,,6.50,0.0130,true,1,176128
7290000060842,false,פסטה אסם פתיתים צדפים גדולים 500גר,קבוצת אוסם סחר שותפות מוגבלת,,פסטה צדפים גדולים אס,,500.00,100 גרם,false,,6.50,0.0130,true,1,176130
7290000060880,false,פסטה ספגטי מספר 8 אסם 500 גרם,קבוצת אוסם סחר שותפות מוגבלת,,פסטה ספגטי אסם 500גר,,500.00,100 גרם,false,,6.50,0.0130,true,1,176133
7290000060903,false,פסטה אסם פתיתים אפויים אורז 500גר,קבוצת אוסם סחר שותפות מוגבלת,,פתיתים אפויים אורז א,,500.00,100 גרם,false,,7.90,0.0158,true,1,176134
7290000060958,false,אטריות מובחרות בינוניות אסם (400 גרם),קבוצת אוסם סחר שותפות מוגבלת,,אטריות בינוניות אסם,,400.00,100 גרם,false,,6.90,0.0173,true,1,176137
7290000060965,false,פסטה אסם אטריות רחבות 400גר,קבוצת אוסם סחר שותפות מוגבלת,,אטריות רחבות אסם 400,,400.00,100 גרם,false,,6.90,0.0173,true,1,176138
7290000060972,false,פסטה אסם אטריות דקיקות 400 גרם,קבוצת אוסם סחר-שות.מוגבלת,,אטריות דקיקות אסם 40,,400.00,100 גרם,false,,6.90,0.0173,true,1,176139
7290000061061,false,קרקר חיטה עם בצל אסם,קבוצת אוסם סחר שותפות מוגבלת,,קרקר בצל אסם 250גר,,250.00,100 גרם,false,,11.90,0.0476,true,1,176140
7290000061085,false,"רוטב צילי מתוק 290 מ""ל-בקבוק",קבוצת אוסם סחר שותפות מוגבלת,,רוטב צילי מתוק אסם 2,,290.00,"100 מ""ל",false,,12.50,0.0431,true,1,176142
7290000061108,false,"רוטב טריאקי 290 מ""ל-בקבוק",קבוצת אוסם סחר שותפות מוגבלת,,רוטב טריאקי אסם 290מ,,290.00,"100 מ""ל",false,,12.50,0.0431,true,1,176143
7290000061214,false,פתיתים אפויים קוסקוס עם בצל אסם 500 גרם,קבוצת אסם סחר שות. מוגבלת,,פתיתים אפויים קוסקוס,,500.00,100 גרם,false,,7.90,0.0158,true,1,176145
7290000061764,false,קפה נמס מגורען רד מאג 200 גרם,קבוצת אוסם סחר שותפות מוגבלת,,רד מאג נסקפה 200גר,,200.00,100 גרם,false,,24.90,0.1245,true,1,176159
7290000062952,false,אוסם - מיני קרוטונים למרק ולסלט 250 גרם,קבוצת אוסם סחר שותפות מוגבלת,,מיני קרוטונים למרק ו,,250.00,100 גרם,false,,16.90,0.0676,true,1,176176
7290000063102,false,קמח עוגה תופח מאליו אסם 350 גרם,קבוצת אוסם סחר שותפות מוגבלת,,קמח תופח אסם 350גר,,350.00,"100 מ""ל",false,,4.90,0.0140,true,1,176181
7290000063133,false,אסם שקדי מרק רכיבים טבעיים 24*100גרם,קבוצת אוסם סחר שותפות מוגבלת,,שקדי מרק בשקית אסם 1,,100.00,100 גרם,false,,5.50,0.0550,true,1,176182
7290000063140,false,שקדי מרק רכיבים טבעיים בשקית 400 ג' אסם,קבוצת אוסם סחר שותפות מוגבלת,,שקדי מרק רכיבים טבעי,,400.00,100 גרם,false,,13.90,0.0348,true,1,176183
7290000063157,false,"קמח עוגה תופח מאליו אסם 1 ק""ג",קבוצת אוסם סחר שותפות מוגבלת,,קמח תופח מאליו אסם 1,,1000.00,100 גרם,false,,9.90,0.0099,true,1,176184
7290000064758,false,קוסקוס בינוני אמיתי אסם 350 ג',קבוצת אוסם סחר שותפות מוגבלת,,קוסקוס בינוני אסם 35,,350.00,100 גרם,false,,7.90,0.0226,true,1,176218
7290000064871,false,"אוסם - מנה חמה פירה תפו""א עם בצל 56 גרם",קבוצת אוסם סחר שותפות מוגבלת,,מנה חמה אסם פירה תפו,,56.00,100 גרם,false,,6.90,0.1232,true,1,176223
7290000065335,false,אוסם - מנה חמה פירה עם ירקות 55 גרם,קבוצת אוסם סחר שותפות מוגבלת,,מנה חמה אסם פירה עם,,55.00,"100 מ""ל",false,,6.90,0.1255,true,1,176229
7290000065540,false,אוסם - מנה חמה פסטה מוקרמת בטעם עוף 55 גרם,קבוצת אוסם סחר שותפות מוגבלת,,מנה חמה אסם פסטה מוק,,55.00,"100 מ""ל",false,,6.90,0.1255,true,1,176230
7290000065557,false,אוסם - מנה חמה קוסקוס עם ירקות 84 גרם,קבוצת אוסם סחר שותפות מוגבלת,,מנה חמה אסם קוסקוס ע,,84.00,100 גרם,false,,6.90,0.0821,true,1,176231
7290000066134,false,ביסלי חטיף בטעם פלאפל אסם (70 גרם),קבוצת אוסם סחר שותפות מוגבלת,,ביסלי בטעם פלאפל אסם,,70.00,100 גרם,false,,4.90,0.0700,true,1,176245
7290000066141,false,ביסלי חטיף בטעם גריל אסם (70 גרם),קבוצת אוסם סחר שותפות מוגבלת,,ביסלי בטעם גריל אסם,,70.00,100 גרם,false,,4.90,0.0700,true,1,176246
7290000066189,false,ביסלי חטיף בטעם פלאפל אסם (200 גרם),קבוצת אוסם סחר שותפות מוגבלת,,ביסלי גדול פלאפל אסם,,200.00,100 גרם,false,,8.90,0.0445,true,1,176250
7290000066196,false,ביסלי חטיף בטעם גריל אסם (200 גרם),קבוצת אוסם סחר שותפות מוגבלת,,ביסלי גדול טעם גריל,,200.00,100 גרם,false,,8.90,0.0445,true,1,176251
7290000066226,false,ביסלי חטיף בטעם פיצה אסם (200 גרם),קבוצת אוסם סחר שותפות מוגבלת,,ביסלי בטעם פיצה אסם,,200.00,100 גרם,false,,8.90,0.0445,true,1,176254
7290000066295,false,במבה מתוקה מחומרים טבעיים 30 גרם,קבוצת אוסם סחר שותפות מוגבלת,,במבה תות מחומרים טבע,,30.00,"100 מ""ל",false,,2.90,0.0967,true,1,176256
7290000066318,false,במבה חטיף בוטנים אסם 80 גרם,קבוצת אוסם סחר שותפות מוגבלת,,במבה אסם 80 גרם,,80.00,100 גרם,false,,4.90,0.0613,true,1,176258
7290000066332,false,אפרופו חטיף תירס אסם (50 גרם),קבוצת אוסם סחר שותפות מוגבלת,,אפרופו אסם 50גר,,50.00,100 גרם,false,,5.30,0.1060,true,1,176259
7290000066349,false,אפרופו חטיף תירס אסם (100 גרם),קבוצת אוסם סחר-שות.מוגבלת,,אפרופו אסם 100/200 ג,,100.00,100 גרם,false,,8.90,0.0890,true,1,176260
7290000066431,false,פופקו חטיף פופקורן בטעם חמאה ודבש אסם 80 גרם,קבוצת אוסם סחר שותפות מוגבלת,,פופקו חטיף אסם 80גר,,80.00,100 גרם,false,,5.50,0.0688,true,1,176262
7290000067407,false,פרורית מתובלת בשקית 200 גרם,קבוצת אוסם סחר שותפות מוגבלת,,פירורית מתובל שקית א,,200.00,100 גרם,false,,6.50,0.0325,true,1,176279
7290000067544,false,פירורית זהב פירורי לחם אסם 200 גרם,קבוצת אוסם סחר שותפות מוגבלת,,פירורית זהב שקית אסם,,200.00,100 גרם,false,,6.50,0.0325,true,1,176285
7290000067599,false,מנה חמה ספגטי ברוטב בולונז אסם 65 גרם,קבוצת אוסם סחר שותפות מוגבלת,,מנה חמה אסם ספגטי רו,,65.00,100 גרם,false,,6.90,0.1062,true,1,176289
7290000067735,false,פרפקטו ניוקי בצקיות תפוחי אדמה 500 ג' אסם,קבוצת אוסם סחר שותפות מוגבלת,,"ניוקי בצקיות מתפו""א",,500.00,100 גרם,false,,14.50,0.0290,true,1,176292
7290000068138,false,אינסטנט פודינג בטעם וניל אסם 80 גרם,קבוצת אוסם סחר שותפות מוגבלת,,פודינג וניל אסם 80גר,,80.00,100 גרם,false,,5.90,0.0738,true,1,176298
7290000068190,false,אסם ג'לי תות שדה צבעים טבעיים 90 גרם,קבוצת אוסם סחר שותפות מוגבלת,,ג'לי תות אסם 85 גר,,85.00,100 גרם,false,,6.90,0.0812,true,1,176302
7290000068237,false,אבקה להכנת ג`לי בטעם פטל אסם (85 גרם),קבוצת אוסם סחר שותפות מוגבלת,,ג'לי פטל אסם 85 גר,,85.00,100 גרם,false,,6.90,0.0812,true,1,176304
7290000068343,false,אסם פריכונים פרוסות קלויות מלא,קבוצת אוסם סחר שותפות מוגבלת,,פריכונים מאורז מלא א,,140.00,"100 מ""ל",false,,8.90,0.0636,true,1,176314
7290000068701,false,אסם שקדי מרק רכיבים טבע.מיכל 400 גרם,קבוצת אוסם סחר שותפות מוגבלת,,שקדי מרק במיכל אסם 4,,400.00,"100 מ""ל",false,,17.90,0.0447,true,1,228062
7290000068770,false,במבה יום הולדת חטיף בוטנים אסם 80 גרם,קבוצת אוסם סחר שותפות מוגבלת,,במבה יום הולדת אסם 8,,80.00,100 גרם,false,,4.90,0.0613,true,1,176321
7290000069258,false,פסטה פרפקטו פנה ריגאטה 500 ג' אסם,קבוצת אוסם סחר-שות.מוגבלת,,פסטה פרפקטו פנה ריגא,,500.00,100 גרם,false,,7.90,0.0158,true,1,176335
7290000069364,false,פריכונים מאורז מלא ללא תוספת סוכר אסם 140 גרם,קבוצת אוסם סחר שותפות מוגבלת,,פריכונים מאורז מלא ל,,140.00,100 גרם,false,,8.90,0.0636,true,1,176339
7290000070308,false,אבקת מרק עוף אמיתי בשרי אסם 400 גרם,קבוצת אוסם סחר שותפות מוגבלת,,מרק עוף אמיתי אסם 40,,400.00,100 גרם,false,,17.90,0.0447,true,1,176364
7290000070322,false,אבקת מרק פטריות רכיבים טבעיים אסם 400 גרם,קבוצת אוסם סחר שותפות מוגבלת,,מרק פטריות רכיבים טב,,400.00,100 גרם,false,,27.90,0.0697,true,1,176366
7290000070353,false,אבקת מרק בצל רכיבים טבעיים אסם 400 גרם,קבוצת אוסם סחר שותפות מוגבלת,,מרק בצל רכיבים טבעיי,,400.00,100 גרם,false,,27.90,0.0697,true,1,176367
7290000071008,false,בייגלה שטוחים טבעות עם מלח אסם (60 גרם),קבוצת אוסם סחר שותפות מוגבלת,,בייגלה שטוחים מלח אס,,60.00,100 גרם,false,,3.50,0.0583,true,1,176380
7290000072067,false,במבה חטיף בוטנים במילוי קרם חלבה 60 גרם,קבוצת אסם סחר שות. מוגבלת,,במבה במילוי קרם חלבה,,60.00,100 גרם,false,,4.90,0.0817,true,1,176392
7290000072241,false,"רוטב פיצה 290 מ""ל-בקבוק",קבוצת אוסם סחר שותפות מוגבלת,,רוטב פיצה-בקבוק 290מ,,290.00,"100 מ""ל",false,,12.50,0.0431,true,1,176396
7290000072623,false,קטשופ אסם בקבוק לחיץ 750 גרם,קבוצת אוסם סחר שותפות מוגבלת,,קטשופ אסם 750גר,,750.00,100 גרם,false,,9.90,0.0132,true,1,176399
7290000072630,false,קטשופ אסם חריף 750 גרם-בקבוק,קבוצת אוסם סחר שותפות מוגבלת,,קטשופ חריף אסם 750גר,,750.00,"100 מ""ל",false,,11.90,0.0159,true,1,176400
7290000072753,false,קפה נמס מגורען טסטרס צ'ויס 200 גרם-,קבוצת אוסם סחר שותפות מוגבלת,,טסטרס צויס 200 גרם,,200.00,100 מ'ל,false,,29.90,0.1495,true,1,176405
7290000072777,false,קפה נמס מגורען נטול קפאין טסטרס צ'ויס 200 גרם,קבוצת אוסם סחר שותפות מוגבלת,,טסטרס צויס נטול קפאי,,200.00,"100 מ""ל",false,,39.90,0.1995,true,1,176407
7290000072968,false,דגני בוקר סיני מיניס חיטה מלאה וקינמון נסטלה 500 גרם,קבוצת אוסם סחר-שות.מוגבלת,,דגני סיני מיניס נסטל,,500.00,100 גרם,false,,26.90,0.0538,true,1,176415
7290000073125,false,מנה חמה פסטה ברוטב עגבניות אסם (62 גרם),קבוצת אוסם סחר שותפות מוגבלת,,מנה חמה אסם פסטה עם,,62.00,100 גרם,false,,6.90,0.1113,true,1,176418
7290000073415,false,אוסם - מנה חמה פסטה ברוטב פיצה 61 גרם,קבוצת אוסם סחר שותפות מוגבלת,,מנה חמה אסם פסטה ברו,,61.00,"100 מ""ל",false,,6.90,0.1131,true,1,176424
7290000073750,false,מנה חמה נודלס אטר+ירקות טעם עוף 70 גרם,קבוצת אוסם סחר שותפות מוגבלת,,מנה חמה אסם נודלס טע,,70.00,100 גרם,false,,6.90,0.0986,true,1,176427
7290000073767,false,מנה חמה נודלס אטר.+ירקות טעם בקר 70 גרם,קבוצת אוסם סחר שותפות מוגבלת,,מנה חמה אסם נודלס טע,,70.00,100 גרם,false,,6.90,0.0986,true,1,176428
7290000073774,false,מנה חמה נודלס אטר+ירקות טעם צילי 70 גרם,קבוצת אוסם סחר שותפות מוגבלת,,מנה חמה אסם נודלס טע,,70.00,100 גרם,false,,6.90,0.0986,true,1,176429
7290000074153,false,ביסקוויט פתי בר שוקולד אסם (500 גרם),קבוצת אוסם סחר שותפות מוגבלת,,פתי בר שוקו אסם 500ג,,500.00,100 גרם,false,,14.90,0.0298,true,1,176436
7290000074184,false,ביסקוויט פתי בר אסם (500 גרם),קבוצת אוסם סחר שותפות מוגבלת,,פתי בר וניל אסם 500ג,,500.00,100 גרם,false,,11.90,0.0238,true,1,176438
7290000074245,false,אוסם - קרם קרקר אסם 250 גרם,קבוצת אוסם סחר שותפות מוגבלת,,קרם קרקר אסם 250גר,,250.00,100 גרם,false,,8.90,0.0356,true,1,176439
7290000074276,false,קרקר פיקנטי טבעון 250 ג' אסם,קבוצת אוסם סחר שותפות מוגבלת,,קרקר פיקנטי טבעון אס,,250.00,100 גרם,false,,11.90,0.0476,true,1,176441
7290000074375,false,אוסם - קרקר זהב 150 גרם,קבוצת אוסם סחר שותפות מוגבלת,,קרקר זהב אסם 150 גרם,,150.00,100 גרם,false,,7.90,0.0527,true,1,176446
7290000074481,false,קרקר לחמית אגוזים אסם (160 גרם),קבוצת אסם סחר שות. מוגבלת,,לחמית אגוזים אסם 160,,160.00,"100 מ""ל",false,,11.50,0.0719,true,1,176448
7290000074696,false,"קרם קרקר 1 ק""ג אוסם",קבוצת אוסם סחר שותפות מוגבלת,,קרם קרקר אסם 1קג,,1000.00,100 גרם,false,,29.90,0.0299,true,1,176451
7290000074764,false,קרקר זהב אסם (900 גרם),קבוצת אוסם סחר שותפות מוגבלת,,קרקר זהב אסם 900גר,,900.00,100 גרם,false,,29.90,0.0332,true,1,176455
7290000075204,false,קרקר לחמית חיטה מלאה אסם (250 גרם),קבוצת אוסם סחר שותפות מוגבלת,,לחמית חיטה מלאה אסם,,250.00,100 גרם,false,,9.90,0.0396,true,1,176465
7290000075693,false,עוגת הבית שמרים בריוש שוקולד אסם 360 גרם,קבוצת אסם סחר שות. מוגבלת,,עוגת הבית שמרים בריו,,360.00,100 גרם,false,,18.50,0.0514,true,1,176472
7290000076126,false,אוסם - בייגלה שמיניות קטנות 80 גרם,קבוצת אוסם סחר שותפות מוגבלת,,בייגלה שמיניות קטנות,,80.00,100 גרם,false,,3.50,0.0438,true,1,176473
7290000076133,false,בייגלה שמיניות קטנות עם מלח אסם 400 גרם,קבוצת אוסם סחר שותפות מוגבלת,,בייגלה שמיניות קטנות,,400.00,"100 מ""ל",false,,11.90,0.0298,true,1,176474
7290000076645,false,טוסטעים פת קלויה חיטה מלאה אסם 100 גרם,קבוצת אסם סחר שות. מוגבלת,,טוסטעים חיטה מלאה אס,,100.00,100 גרם,false,,10.90,0.1090,true,1,176486
7290000077017,false,עוגיות קרמוגית במילוי קרם שוקולד אסם 200 גרם,קבוצת אוסם סחר שותפות מוגבלת,,קרמוגית במילוי שוקול,,200.00,"100 מ""ל",false,,12.70,0.0635,true,1,176497
7290000077253,false,אוסם - לחמית כפרית עם דגנים מלאים 190 גרם,קבוצת אסם סחר שות. מוגבלת,,לחמית כפרית עם דגנים,,190.00,"100 מ""ל",false,,11.50,0.0605,true,1,176503
7290000078762,false,אוסם - חטיפי פריכונים מאורז מלא בטעם דבש 80גר,קבוצת אוסם סחר-שות.מוגבלת,,חטיפי פריכונים מאורז,,80.00,100 גרם,false,,8.90,0.1113,true,1,176520
7290000079233,false,קרם קרקר דיאטטי דל נתרן 250 גרם,קבוצת אוסם סחר שותפות מוגבלת,,קרם דל נתרן אסם 250ג,,250.00,100 גרם,false,,11.90,0.0476,true,1,176524
7290000080406,false,אסאדו עע,,,אסאדו עע,קילוגרמים,1.00,"ק""ג",true,,69.90,69.9000,true,1,198252
7290000080420,false,צלי כתף עגל,,,צלי כתף עגל,קילוגרמים,1.00,"ק""ג",true,,89.90,89.9000,true,1,198253
7290000080758,false,פת קלויה טוסטעים אסם (100 גרם),קבוצת אוסם סחר שותפות מוגבלת,,טוסטעים פת קלוי אסם,,100.00,100 גרם,false,,10.90,0.1090,true,1,176542
7290000080765,false,פת קלויה טוסטעים עם שומשום אסם (100 גרם),קבוצת אוסם סחר שותפות מוגבלת,,טוסטעים פת קלוי עם ש,,100.00,100 גרם,false,,10.90,0.1090,true,1,176543
7290000081663,false,"בייגלה טבעות שומשום אסם 300 גרם בד""ץ",קבוצת אוסם סחר שותפות מוגבלת,,בייגלה טבעות שומשום,,300.00,"100 מ""ל",false,,11.90,0.0397,true,1,176546
7290000100128,false,פירות קפואים תות 300 גר`סנפרוסט,תנובה ענף ב.ע.ד,,תות שדה מוקפא 300גר,,300.00,100 גרם,false,,15.90,0.0530,true,1,224952
7290000100135,false,פירות קפואים סנפרוסט דובדבן 300 גר,תנובה ענף ב.ע.ד,,דובדבן מתוק קפוא 300,,300.00,100 גרם,false,,15.90,0.0530,true,1,224960
7290000100197,false,לקט אפונה תירס וגזר סנפרוסט 700 גרם,תנובה ענף ב.ע.ד,,לקט אפונה תירס וגזר,,700.00,"100 מ""ל",false,,16.50,0.0236,true,1,222732
7290000100296,false,תערובת להכנת Smoothie ורוד תות ובננה,תנובה ענף ב.ע.ד,,סמוזי תערובת תות בננ,,300.00,100 גרם,false,,15.90,0.0530,true,1,227058
7290000100593,false,פרוסות אנטיפסטי לתנור סנפרוסט 600 גרם,תנובה ענף ב.ע.ד,,פרוסות אנטיפסטי לתנו,,600.00,100 גרם,false,,22.90,0.0382,true,1,241062
7290000100609,false,קוביות אנטיפסטי להקפצה סנפרוסט 600 גרם,תנובה ענף ב.ע.ד,,קוביות אנטי פסטי להק,,600.00,100 מ'ל,false,,22.90,0.0382,true,1,241063
7290000101132,false,לקט קטניות לחמין סנפרוסט 800 גר,תנובה ענף ב.ע.ד,,לקט קטניות לחמין סנפ,,800.00,100 גרם,false,,21.90,0.0274,true,1,188061
7290000101927,false,אוכמניות כחולות מוקפאות סנפרוסט 300 גרם,תנובה ענף ב.ע.ד,,אוכמניות כחולות מוקפ,,300.00,100 גרם,false,,15.90,0.0530,true,1,224953
7290000101934,false,מיקס פירות יער מוקפאים 300 גר סנפרוסט,תנובה ענף ב.ע.ד,,תערובת פירות יער מוק,,300.00,100 גרם,false,,15.90,0.0530,true,1,224954
7290000101941,false,אננס חתוך מוקפא סנפרוסט (300 גרם),תנובה ענף ב.ע.ד,,אננס חתוך מוקפא 300ג,,300.00,100 גרם,false,,15.90,0.0530,true,1,224956
7290000101958,false,מנגו חתוך מוקפא סנפרוסט (300 גרם),תנובה ענף ב.ע.ד,,מנגו חתוך מוקפא 300ג,,300.00,100 גרם,false,,15.90,0.0530,true,1,224957
7290000103433,false,"לקט ירקות לתנור 800 גרם ""סנפרוסט""",תנובה מרכז שיתופי לשיווק תוצרת,,לקט ירקות לתנור סנפר,,800.00,"100 מ""ל",false,,23.90,0.0299,true,1,188068
7290000103730,false,לקט להקפצה עם פסטה פוזילי סנפרוסט 800 גרם,תנובה מרכז שיתופי לשיווק תוצרת,,לקט להקפצה עם פסטה פ,,800.00,100 גרם,false,,23.90,0.0299,true,1,188081
7290000103815,false,לקט להקפצה בסגנון תאילנדי סנפרוסט 800 גרם,תנובה מרכז שיתופי לשיווק תוצרת,,לקט להקפצה תאילנדי ס,,800.00,100 גרם,false,,23.90,0.0299,true,1,188089
7290000103822,false,לקט מוקפא לעוף סנפרוסט (800 גרם),תנובה מרכז שיתופי לשיווק תוצרת,,לקט לעוף סנפרוסט 800,,800.00,100 גרם,false,,23.90,0.0299,true,1,188090
7290000103839,false,מרק כתום עשיר בירקות סנפרוסט (572 גרם),תנובה מרכז שיתופי לשיווק תוצרת,,מרק כתום קפוא סנפרוס,,570.00,100 גרם,false,,17.90,0.0314,true,1,188091
7290000103846,false,מרק אפונה עשיר בירקות סנפרוסט (572 גרם),תנובה מרכז שיתופי לשיווק תוצרת,,מרק אפונה קפוא סנפרו,,570.00,100 גרם,false,,17.90,0.0314,true,1,188092
7290000103877,false,מרק שעועית עשיר בירקות סנפרוסט 640 גרם,תנובה מרכז שיתופי לשיווק תוצרת,,מרק שעועית קפוא סנפר,,640.00,"100 מ""ל",false,,17.90,0.0280,true,1,188095
7290000104072,false,עדשים ירוקות מבושלות מוקפאות 800 ג' סנפרוסט,תנובה מרכז שיתופי לשיווק תוצרת,,עדשים ירוקות מבושלות,,800.00,100 גרם,false,,21.90,0.0274,true,1,188102
7290000104188,false,שעועית אדומה מוקפאת מבושלת מוכנה לאכילה,תנובה מרכז שיתופי לשיווק תוצרת,,שעועית אדומה מבושלת,,800.00,100 גרם,false,,19.90,0.0249,true,1,188104
7290000104218,false,סנפרוסט במיה 600 גרם,תנובה מרכז שיתופי לשיווק תוצרת,,במיה סנפרוסט 600גר,,600.00,100 גרם,false,,16.90,0.0282,true,1,188106
7290000104287,false,לקט לפשטידה סנפרוסט 800 גרם,תנובה מרכז שיתופי לשיווק תוצרת,,לקט לפשטידה סנפרוסט,,800.00,100 גרם,false,,23.90,0.0299,true,1,188108
7290000104676,false,אפונה קפואה סנפרוסט 800 גרם,תנובה מרכז שיתופי לשיווק תוצרת,,אפונה גינה סנפרוסט 8,,800.00,100 גרם,false,,16.90,0.0211,true,1,188109
7290000104690,false,גרעיני תירס מוקפאים סנפרוסט (800 גרם),תנובה מרכז שיתופי לשיווק תוצרת,,גרעיני תירס סנפרוסט,,800.00,"100 מ""ל",false,,17.90,0.0224,true,1,188111
7290000104706,false,גזר גמדי מוקפא סנפרוסט (800 גרם),תנובה מרכז שיתופי לשיווק תוצרת,,גזר גמדי סנפרוסט 800,,800.00,100 גרם,false,,17.90,0.0224,true,1,188112
7290000104713,false,פול ירוק קפוא סנפורסט 800 גרם,תנובה מרכז שיתופי לשיווק תוצרת,,פול ירוק סנפרוסט 800,,800.00,100 גרם,false,,26.90,0.0336,true,1,188113
7290000104720,false,שעועית ירוקה חתוכה סנפרוסט (800 גרם),תנובה מרכז שיתופי לשיווק תוצרת,,שעועית ירוקה חתוכה ס,,800.00,100 גרם,false,,18.90,0.0236,true,1,188114
7290000104737,false,שעועית צהובה חתוכה סנפרוסט 800 גרם,תנובה מרכז שיתופי לשיווק תוצרת,,שעועית צהובה חתוכה ס,,800.00,"100 מ""ל",false,,18.90,0.0236,true,1,188115
7290000104744,false,כרובית מוקפאת סנפרוסט (800 גרם),תנובה מרכז שיתופי לשיווק תוצרת,,כרובית סנפרוסט 800גר,,800.00,100 גרם,false,,25.90,0.0324,true,1,188116
7290000104751,false,כרוב ניצנים סנפרוסט (800 גרם),תנובה מרכז שיתופי לשיווק תוצרת,,כרוב ניצנים סנפרוסט,,800.00,100 גרם,false,,25.90,0.0324,true,1,188117
7290000104775,false,תרד מדליונים סנפרוסט 800 גרם,תנובה מרכז שיתופי לשיווק תוצרת,,תרד מדליונים סנפרוסט,,800.00,100 גרם,false,,26.90,0.0336,true,1,188119
7290000104799,false,שעועית לבנה מבושלת סנפרוסט (800 גרם),תנובה מרכז שיתופי לשיווק תוצרת,,שעועית לבנה מבושלת ס,,800.00,100 גרם,false,,19.90,0.0249,true,1,188120
7290000104805,false,גרגרי חומוס מבושלים סנפרוסט (800 גרם),תנובה מרכז שיתופי לשיווק תוצרת,,גרגירי חומוס קפוא סנ,,800.00,100 גרם,false,,19.90,0.0249,true,1,188121
7290000104836,false,שעועית ירוקה עדינה שלמה סנפרוסט 600 גרם,תנובה מרכז שיתופי לשיווק תוצרת,,שעועית עדינה שלמה סנ,,600.00,100 גרם,false,,23.90,0.0398,true,1,188123
7290000104874,false,לקט מוקפא לקוסקוס סנפרוסט (800 גרם),תנובה מרכז שיתופי לשיווק תוצרת,,לקט לקוסקוס סנפרוסט,,800.00,100 גרם,false,,23.90,0.0299,true,1,188126
7290000104881,false,לקט אפונה וגזר מוקפאים סנפרוסט (800 גרם),תנובה מרכז שיתופי לשיווק תוצרת,,אפונה וגזר סנפרוסט 8,,800.00,100 גרם,false,,17.90,0.0224,true,1,188127
7290000104904,false,לקט ירקות מעורבים סנפרוסט 800 גרם,תנובה מרכז שיתופי לשיווק תוצרת,,לקט ירקות מעורבים סנ,,800.00,100 גרם,false,,23.90,0.0299,true,1,188129
7290000104911,false,לקט נורמנדי מוקפא סנפרוסט (800 גרם),תנובה מרכז שיתופי לשיווק תוצרת,,לקט נורמנדי סנפרוסט,,800.00,100 גרם,false,,23.90,0.0299,true,1,188130
7290000106175,false,לקט כפרי מוקפא סנפרוסט (2 קג),תנובה קפואים,,לקט כפרי סנפרוסט 2קג,,2000.00,100 גרם,false,,39.90,0.0199,true,1,188134
7290000107165,false,חטיף סויה אדממה סנפרוסט (400 גרם),תנובה מרכז שיתופי לשיווק תוצרת,,פולי סויה קפוא סנפרו,,400.00,"100 מ""ל",false,,14.90,0.0373,true,1,188139
7290000107189,false,תחתיות ארטישוק סנפרוסט (400 גרם),תנובה מרכז שיתופי לשיווק תוצרת,,תחתיות ארטישוק 400גר,,400.00,"100 מ""ל",false,,23.90,0.0597,true,1,188140
7290000107295,false,תפרחות ברוקולי סנפרוסט 800 גרם,תנובה מרכז שיתופי לשיווק תוצרת,,תפרחות ברוקולי סנפרו,,800.00,100 גרם,false,,25.90,0.0324,true,1,188145
7290000107615,false,ירקות ואננס להקפצה מנה אסייתית צבעונית ועשירה,"איי, בי, אינבוו",,מנה אסייתית צבעונית,,800.00,100 גרם,false,,23.90,0.0299,true,1,229439
7290000110844,false,כיפלי בטעם גריל בד`צ 70 גרם .,יוניליוור ישראל שיווק בע`מ,,כיפלי גריל תלמה 70גר,,70.00,100 גרם,false,,5.70,0.0814,true,1,181925
7290000111384,false,חרדל אמיתי בצנצנת 550 ג' תלמה,יוניליוור ישראל שיווק בע`מ,,חרדל צנצנת תלמה 550ג,,550.00,100 גרם,false,,10.90,0.0198,true,1,181935
7290000112220,false,טחינה גולמית שומשום טהור בארכה 500 גרם,קבוצת אוסם סחר שותפות מוגבלת,,טחינה 100% שומשום בא,,500.00,100 גרם,false,,15.90,0.0318,true,1,176551
7290000112497,false,מרק עשיר עוף אטריות קנור 75 גרם - שקיות,יוניליוור ישראל שיווק בע`מ,,מרק עשיר עוף ואיטריו,,68.00,100 גרם,false,,10.90,0.1603,true,1,181947
7290000112503,false,מרק עשיר ירקות קנור 69 גרם - שקיות,יוניליוור ישראל שיווק בע`מ,,מרק עשיר ירקות קנור,,61.00,"100 מ""ל",false,,10.90,0.1787,true,1,181948
7290000112619,false,אבקת מרק עוף אמיתי קנור 400 ג' כשלפ,יוניליוור ישראל שיווק בע`מ,,מרק עוף אמיתי קנור 4,,400.00,100 גרם,false,,19.90,0.0497,true,1,181952
7290000114187,false,פנטסטיק תרכיז ניקוי כללי אורנים סיף 4 ליטר,יוניליוור ישראל שיווק בע`מ,,סיף פנטסטיק אורנים ת,,4000.00,"100 מ""ל",false,,22.90,0.0057,true,1,181976
7290000116204,false,"אבקת מרק דגש בטעם עוף 1ק""ג קנור","יוניליוור ישראל שיווק בע""מ",,מרק דגש קנור 1 קג,,1000.00,100 גרם,false,,17.90,0.0179,true,1,181995
7290000118277,false,כופתאות מצה להכנת מהירה 65 ג' קנור,"יוניליוור ישראל שיווק בע""מ",,קניידלך קנור 2*65 גר,,130.00,100 גרם,false,,10.90,0.0838,true,1,182015
7290000118352,false,לטקס אבקה להכנת לביבות תפוא 170גר כשלפ,יוניליוור ישראל שיווק בע`מ,,לטקס 2*85גר,,170.00,100 גרם,false,,10.90,0.0641,true,1,182017
7290000120874,false,מיונז הלמנס לייט מופחת קלוריות 424ג,"יוניליוור ישראלשיווק בע""מ",,מיונז הלמנס לייט 424,,424.00,100 גרם,false,,13.90,0.0328,true,1,182030
7290000122830,false,"רוטב מקסיקני סצ'ואן קנור 300 מ""ל",יוניליוור ישראל שיווק בע`מ,,רוטב סצ'ואן קנור 300,,300.00,"100 מ""ל",false,,14.90,0.0497,true,1,182058
7290000123363,false,"צימקאו לציפוי ואפיה אפיכל 500 גרם בד""צ","יוניליוור ישראל שיווק בע""מ",,צמקאו לאכילה ציפוי ו,,500.00,100 גרם,false,,16.90,0.0338,true,1,182066
7290000129457,false,אבקת רוטב פטריות קנור 28 ג' שקית,יוניליוור ישראל שיווק בע`מ,,רוטב פטריות קנור 28ג,,28.00,100 גרם,false,,5.90,0.2107,true,1,182129
7290000129785,false,מרכך כביסה ירוק בדין (4 ליטר),יוניליוור ישראל שיווק בע`מ,,בדין ירוק מרכך כביסה,ליטרים,4.00,ליטר,false,,19.90,4.9750,true,1,182139
7290000131023,false,"בצק עלים מרודד שחף 1 ק""ג",מאפיית אריאל,,בצק עלים שחף 1קג,,1000.00,100 גרם,false,,14.90,0.0149,true,1,202873
7290000133645,false,שלישיית משחת שיניים סודה אורביטול 145 גרם,טרופיקל דגיל תעשיות קוסמ,,אורביטול משחת שיניים,,435.00,100 גרם,false,,18.90,0.0434,true,1,179886
7290000133904,false,"מטהר אוויר דואופרש פסיפלורה תפוז סנו 300 מ""ל",החברה הדרומית לשיווק בעמ,,סנו דואופרש פסיפלורה,,300.00,"100 מ""ל",false,,13.90,0.0463,true,1,179891
7290000134147,false,טעם וריח מוסקט טחון מיכל 40גר,"תבליני טעם וריח בע""מ",,מוסקט טחון 40גר,,40.00,"100 מ""ל",false,,14.90,0.3725,true,1,198070
7290000134307,false,קינמון טחון 50 גרם טעם וריח,"תבליני טעם וריח בע""מ",,קינמון טחון 50גר,,50.00,100 גרם,false,,5.90,0.1180,true,1,198071
7290000134314,false,פיצה תערובת תיבול 120 גרם מיכל גדול,"תבליני טעם וריח בע""מ",,תיבול לפיצה 120גר,,120.00,100 גרם,false,,9.90,0.0825,true,1,198072
7290000134338,false,אבקת שום בקופ' 90 גר' טעם וריח,"תבליני טעם וריח בע""מ",,אבקת שום 90גר,,90.00,100 גרם,false,,11.90,0.1322,true,1,198073
7290000134352,false,קינמון טחון בקופ' 90 גר' טעם וריח,"תבליני טעם וריח בע""מ",,קימנון טחון 80 גר,,80.00,"100 מ""ל",false,,9.90,0.1238,true,1,198075
7290000134376,false,פפריקה בשמן בקופ' 90 גר' טעם וריח,"תבליני טעם וריח בע""מ",,פפריקה בשמן 100גר,,100.00,100 גרם,false,,9.90,0.0990,true,1,198076
7290000134550,false,עלי דפנה 20 גר' טעם וריח,"תבליני טעם וריח בע""מ",,עלי דפנה 20גר,,20.00,100 גרם,false,,4.90,0.2450,true,1,198081
7290000134666,false,רוזמרין 15 גר מיכל ק,תבליני טעם וריח בעמ,,רוזמרין 15גר,,15.00,100 גרם,false,,6.90,0.4600,true,1,198082
7290000134673,false,זנגויל טחון מיכל 30 גרם,"תבליני טעם וריח בע""מ",,זנגביל 30גר,,30.00,100 גרם,false,,6.90,0.2300,true,1,198083
7290000134758,false,"תיבול לתפו""א בקופ' 100 גר' טעם וריח","תבליני טעם וריח בע""מ",,"תיבול לתפו""א 100גר",,100.00,100 גרם,false,,10.90,0.1090,true,1,198086
7290000134826,false,זעתר מעורב בקופ' 100 גר' טעם וריח,"תבליני טעם וריח בע""מ",,זעתר מעורב במיכל 100,,100.00,"100 מ""ל",false,,9.90,0.0990,true,1,198089
7290000134833,false,כמון טחון בקופ' 100 גר' טעם וריח,"תבליני טעם וריח בע""מ",,כמון טחון במיכל 100ג,,100.00,"100 מ""ל",false,,9.90,0.0990,true,1,198090
7290000134840,false,כורכום טחון בקופ' 100 גר' טעם וריח,"תבליני טעם וריח בע""מ",,כורכום במיכל 100גר,,100.00,"100 מ""ל",false,,9.90,0.0990,true,1,198091
7290000134857,false,פפריקה מתוקה בקופ' 100 גר' טעם וריח,"תבליני טעם וריח בע""מ",,פפריקה מתוקה במיכל 1,,100.00,"100 מ""ל",false,,9.90,0.0990,true,1,198092
7290000134864,false,פפריקה חריפה בקופ' 100 גר' טעם וריח,"תבליני טעם וריח בע""\מ",,פפריקה חריפה במיכל 1,,100.00,100 גרם,false,,9.90,0.0990,true,1,198093
7290000134871,false,פלפל שחור טחון בקופ' 100 גר' טעם וריח,"תבליני טעם וריח בע""מ",,פלפל שחור טחון 100גר,,100.00,"100 מ""ל",false,,14.90,0.1490,true,1,198094
7290000134970,false,חוואיג' בקופ' 100 גר' טעם וריח,"תבליני טעם וריח בע""מ",,חוואייג 100גר,,100.00,100 גרם,false,,9.90,0.0990,true,1,198097
7290000134987,false,פלפל שחור גרוס בקופ' 90 גר' טעם וריח,"תבליני טעם וריח בע""מ",,פלפל שחור גרוס 90גר,,90.00,"100 מ""ל",false,,14.90,0.1656,true,1,198098
7290000134994,false,טימין 20 גר מיכל קטן,"תבליני טעם וריח בע""מ",,טימין 20גר,,20.00,100 גרם,false,,6.90,0.3450,true,1,198099
7290000135052,false,"XL TEN משקה אנרגיה מנגו ללא סוכר 250 מ""ל","טמפו משקאות בע""\מ",,אקס אל טן מנגו 250 מ,,250.00,100 מ'ל,false,,5.00,0.0200,true,1,233420
7290000135113,false,משקה אנרגיה אקסל נענע ליים ללס (250 מל,"טמפו משקאות בע""\מ",,אקסל פחית טן ליים 25,,250.00,"100 מ""ל",false,,5.00,0.0200,true,1,241031
7290000136141,false,פפסי קולה 1.5 ליטר פיקדון,"טמפו משקאות בע""\מ",,פפסי 1.5 ליטר,,1500.00,100 גרם,false,,7.90,0.0053,true,1,247512
7290000136158,false,פפסי מקס משקה מוגז דל קלוריות בטעם קולה,"טמפו משקאות בע""\מ",,פפסי מקס 1.5 ליטר,,1500.00,100 גרם,false,,7.90,0.0053,true,1,247513
7290000136165,false,מירינדה אורנג` 1.5 ליטר פיקדון,"טמפו משקאות בע""\מ",,טמפו מירינדה 1.5 ליט,,1500.00,100 גרם,false,,7.90,0.0053,true,1,247514
7290000136172,false,משקה 7UP בקבוק 1.5 ליטר פיקדון,"טמפו משקאות בע""\מ",,סבן אפ 1.5 ליטר,,1500.00,100 גרם,false,,7.90,0.0053,true,1,247515
7290000136240,false,סודה 1.5 ליטר שישייה בודד,"טמפו משקאות בע""\מ",,סודה טמפו 1.5ליטר,,1500.00,100 גרם,false,,3.90,0.0026,true,1,247511
7290000136295,false,"סירופ בטעם פטל ג'ויסר סיידר הגליל 330 מ""ל","טמפו משקאות בע""\מ",,סירופ בטעם פטל ג'ויס,,330.00,"100 מ""ל",false,,17.90,0.0542,true,1,250420
7290000136431,false,משקה בטעם אפרסק צלול תריסר 1.5 ל' ג'אמפ,"טמפו משקאות בע""\מ",,גאמפ אפרסק צלול 1.5ל,,1500.00,"100 מ""ל",false,,8.90,0.0059,true,1,247507
7290000136455,false,משקה בטעם אשכוליות תריסר 1.5 ל' ג'אמפ,"טמפו משקאות בע""\ם.",,גאמפ אשכוליות 1.5ליט,,1500.00,"100 מ""ל",false,,8.90,0.0059,true,1,247502
7290000136516,false,משקה בטעם מנגו פסיפלורה תריסר 1.5 ל' ג'אמפ,טמפו משקאות בע`מ,,גאמפ מנגו פסיפלורה 1,,1500.00,"100 מ""ל",false,,8.90,0.0059,true,1,247503
7290000136523,false,ג`אמפ משקה קל ענבים 1.5 ליטר פיקדון,"טמפו משקאות בע""\ם.",,גאמפ ענבים 1.5ליטר ת,,1500.00,100 גרם,false,,8.90,0.0059,true,1,247504
7290000136561,false,משקה בטעם תות בננה תריסר 1.5 ל' ג'אמפ,"טמפו משקאות בע""\מ",,גאמפ תות בננה 1.5 לי,,1500.00,"100 מ""ל",false,,8.90,0.0059,true,1,247505
7290000136585,false,משקה בטעם תפוזים תריסר 1.5 ל' ג'אמפ,"טמפו משקאות בע""\ם.",,גאמפ תפוזים 1.5 ליטר,,1500.00,"100 מ""ל",false,,8.90,0.0059,true,1,247506
7290000136608,false,משקה בטעם תפוח צלול תריסר 1.5 ל' ג'אמפ,"טמפו משקאות בע""\ם.",,גאמפ תפוח צלול 1.5לי,,1500.00,"100 מ""ל",false,,8.90,0.0059,true,1,247509
7290000136646,false,בירה שחורה נשר מאלט בקבוק 1.5 ליטר,"טמפו משקאות בע""\מ",,נשר מאלט 1.5ליטר תרי,,1500.00,100 גרם,false,,10.90,0.0073,true,1,247498
7290000136653,false,בירה שחורה נשר מאלט דיאט בקבוק 1.5ל`,"טמפו משקאות בע""\מ",,נשר מאלט דיאט 1.5ליט,,1500.00,"100 מ""ל",false,,10.90,0.0073,true,1,247499
7290000136677,false,פפסי קולה פיקדון 1.5 ליטר,טמפו,,פפסי 1.5 ליטר,,1500.00,100 גרם,false,,7.90,0.0053,true,1,248103
7290000136684,false,פפסי מקס משקה מוגז דל קלוריות בטעם קולה,טמפו משקאות בע`מ,,פפסי מקס 1.5 ליטר,,1500.00,100 גרם,false,,7.90,0.0053,true,1,247926
7290000136691,false,סבן אפ 1.5 ליטר שישיה טמפו,טמפו משקאות בע`מ,,סבן אפ 6*1.5ליטר,,9000.00,"100 מ""ל",false,,37.90,0.0042,true,1,247492
7290000136752,false,סבן אפ דיאט מארז שישייה 1.5 ל' FREE,"טמפו משקאות בע""\מ",,דיאט סבן אפ פרי 6*1.,,9000.00,"100 מ""ל",false,,37.90,0.0042,true,1,247493
7290000136769,false,מארז שישיה בטעם קולה 1.5 ל' פפסי,"טמפו משקאות בע""\מ",,פפסי 6*1.5ליטר,,9000.00,"100 מ""ל",false,,37.90,0.0042,true,1,247494
7290000136776,false,שישיית פפסי מקס דל קלוריות 1.5 ליטר,טמפו משקאות בע`מ,,פפסי מקס 6*1.5ליטר,,9000.00,100 גרם,false,,37.90,0.0042,true,1,247495
7290000136783,false,מירנדה 1.5 ליטר שישייה טמפו,"טמפו משקאות בע""\מ",,מירנדה 6*1.5ליטר,,9000.00,"100 מ""ל",false,,37.90,0.0042,true,1,247496
7290000136790,false,טמפו מי סודה 6*1.5 ליטר פיקדון,"טמפו משקאות בע""\מ",,סודה טמפו 6* 1.5 ליט,,9000.00,100 גרם,false,,18.90,0.0021,true,1,247487
7290000136813,false,סודה בטעם אננס מארז רביעייה 1.5 ל' טמפו,טמפו משקאות בע''מn\,,סודה אננס טמפו 4* 1.,,6000.00,"100 מ""ל",false,,12.90,0.0021,true,1,247489
7290000136820,false,סודה בטעם פירות יער מארז ריבעיה * 1.5 ל' טמפו,טמפו משקאות בע''מn\,,סודה פירות יער טמפו,,6000.00,"100 מ""ל",false,,12.90,0.0021,true,1,247490
7290000136837,false,רביעיית מי סודה נגיעות אפרסק טמפו 1.5 ליטר,טמפו משקאות בע''מn\,,סודה בנגיעות אפרסק ט,,6000.00,"100 מ""ל",false,,12.90,0.0021,true,1,247491
7290000136844,false,מארז מים מזוככים אקווה נובה שישיית 2 ליטר,"טמפו משקאות בע""\מ",,מי אקווה נובה 2 ליטר,,12000.00,100 גרם,false,,12.90,0.0011,true,1,247484
7290000136851,false,סבן אפ פיקדון 1.5 ליטר,טמפו משקאות בע`מ,,סבן אפ 1.5 ליטר,,1500.00,100 גרם,false,,7.90,0.0053,true,1,248827
7290000136868,false,סאן בנדטו - מים מינרלים - מארז שישיית 1.5 ליטר,אקווה מינרלה סאן בנדטו ב,,מים סאן בנדטו 6* 1.5,,9000.00,100 גרם,false,,21.90,0.0024,true,1,247485
7290000136875,false,שישיית מים מינרליים מוגזים סן בנדטו 1.5 ליטר,סאן בנדטו San Benedetto,,מים סאן בנדטו מוגז 6,,9000.00,100 גרם,false,,22.90,0.0025,true,1,247486
7290000136936,false,סבן אפ דיאט בקבוק 1.,טמפו,,סבן אפ 1.5 ליטר דיאט,,1500.00,"100 מ""ל",false,,7.90,0.0053,true,1,248421
7290000137513,false,גלידונית גלידה וניל בציפוי שוקולד 60 יח' קרמיסימו,"גלידת שטראוס בע""\מ, רחוב",,קרמיסימו גלידונית שו,,630.00,100 גרם,false,,46.90,0.0744,true,1,187388
7290000137643,false,שלגוני טעמקור בטעם שוקו וניל שטראוס 8*50 גרם,"גלידת שטראוס בע""\מ, רחוב",,שלגוני טעמקור 8יח,,8.00,יח',false,,39.90,4.9875,true,1,187389
7290000139180,false,שלווה חיטה מלאה תפוחה אשבול 140 גרם,אשבל מזון פונקציונלי,,חטיף שלווה נטו 140 ג,,140.00,100 גרם,false,,8.90,0.0636,true,1,205504
7290000144160,false,"שמן זית כתית מעולה ארומתי עץ הזית 750 מ""ל","מרקאולאו, ספרד.אבסה,",,שמן זית כתית מעולה א,,750.00,"100 מ""ל",false,,34.90,0.0465,true,1,198339
7290000146645,false,הוואי - סבון מוצק שחור מסתורי 100 גרם רביעייה,טרופיקל דגיל קוסמטיק,,הוואי סבון מוצק שחור,,400.00,100 גרם,false,,11.90,0.0298,true,1,190166
7290000146652,false,הוואי - סבון מוצק ורוד רומנטי 100 גרם רביעייה,טרופיקל דגיל קוסמטיק,,הוואי סבון מוצק ורוד,,400.00,100 גרם,false,,11.90,0.0298,true,1,190167
7290000146669,false,הוואי - סבון מוצק שמיים כחולים 100 גרם רביעייה,טרופיקל דגיל קוסמטיק,,הוואי סבון מוצק שמיי,,400.00,100 גרם,false,,11.90,0.0298,true,1,190168
7290000146683,false,הוואי - סבון מוצק אפקט דאודורנט 100 גרם רביעייה,טרופיקל דגיל קוסמטיק,,הוואי סבון מוצק אפקט,,400.00,100 גרם,false,,11.90,0.0298,true,1,190170
7290000146928,false,"משחת שיניים לילדים בטעם ענבים טום וג'רי 50 מ""ל",טרופיקל דגיל קוסמטיק,,טום וגרי משחת שיניים,,50.00,"100 מ""ל",false,,10.90,0.2180,true,1,190179
7290000146997,false,משחת שיניים לילדים מסטיק טום וג'רי 50 מל,טרופיקל דגיל קוסמטיק,,טום וגרי משחת שיניים,,50.00,"100 מ""ל",false,,10.90,0.2180,true,1,190181
7290000149615,false,רביעיית סבון מוצק קלאסי לתינוק נקה 7 4*100 גרם,החברה הדרומית לשיווק בעמ,,נקה 7 סבון מוצק לתינ,,400.00,"100 מ""ל",false,,11.90,0.0298,true,1,179899
7290000149851,false,סבון לניקוי והסרת כתמים סינטבון 460 גרם,החברה הדרומית לשיווק בעמ,,סינטבון כפול 460גר,,460.00,100 גרם,false,,14.90,0.0324,true,1,179902
7290000149905,false,טקסטיל שמפו נוזלי לאריגים עדינים1ליט,החברה הדרומית לשיווק בעמ,,טקסטיל שמפו 1ליטר,,1000.00,"100 מ""ל",false,,14.90,0.0149,true,1,179904
7290000150352,false,פסטרמה איטלקית במשקל,עיצובים 2020 (4.9),,פסטרמה איטלקית עוף -,קילוגרמים,1.00,"ק""ג",true,,85.00,85.0000,true,1,175781
7290000150468,false,פסטרמה רומנית הודו א,עיצובים 2020 (4.9),,פסטרמה רומנית עוף -ט,קילוגרמים,1.00,"ק""ג",true,,85.00,85.0000,true,1,175784
7290000150963,false,פסטרמה גמבו מעושן במ,עוף טוב,,פסטרמה ג'מבו עוף-טוב,קילוגרמים,1.00,"ק""ג",true,,85.00,85.0000,true,1,175787
7290000151052,false,פסטרמה בדבש עוף-טוב,עיצובים 2020 (4.9),,פסטרמה בדבש עוף-טוב,קילוגרמים,1.00,"ק""ג",true,,85.00,85.0000,true,1,175788
7290000151106,false,עוף טוב פסטרמה אמריקאית,קבוצת אוסם סחר-שות.מוגבלת,,פסטרמה אמריקאית עוף-,קילוגרמים,1.00,"ק""ג",true,,85.00,85.0000,true,1,175789
7290000152288,false,עוף טוב נקניקיות עוף מיס לוסי 400 גרם,קבוצת אוסם סחר-שות.מוגבלת,,נקניקיות עוף עוף טוב,,400.00,"100 מ""ל",false,,14.90,0.0373,true,1,176576
7290000152943,false,מארז פסטרמה כפרית וסלמי כפרי עוף טוב 2*350 גרם,מוצרי עוף טוב (2001) בע\,,סלמי+פסטרמה עוף טוב,,700.00,100 גרם,false,,29.90,0.0427,true,1,176579
7290000153445,false,קציצות בקר מתובלות 100% רכיבים טבעיים,מולינו ניקולי s.p.a,,קציצות בקר מתובלות ע,,500.00,100 גרם,false,,29.90,0.0598,true,1,176585
7290000153469,false,קציצות עוף קלאסיות 100% רכיבים טבעיים,קבוצת אסם סחר שות. מוגבלת,,קציצות עוף קלאסיות ע,,600.00,100 גרם,false,,29.90,0.0498,true,1,176586
7290000153698,false,כתף בקר מפולפל במשקל,עוף טוב,,כתף בקר מפולפל עוף ט,קילוגרמים,1.00,"ק""ג",true,,85.00,85.0000,true,1,175792
7290000155524,false,פסטרמה פולנית עוף טו,עיצובים 2020 (4.9),,פסטרמה פולנית עוף -ט,קילוגרמים,1.00,"ק""ג",true,,85.00,85.0000,true,1,175793
7290000158105,false,שניצל עוף מיני דינוזאור ללא אנטיביוטיקה מ100% ר.טבעי,קבוצת אסם סחר שות. מוגבלת,,שניצל מיני דינוזאור,,700.00,100 גרם,false,,37.90,0.0541,true,1,176613
7290000166605,false,סיף פנטסטיק ניקיון כללי יסמין 4ליטר,יוניליוור ישראל שיווק בע`מ,,סיף פנטסטיק יסמין 4ל,,4000.00,"100 מ""ל",false,,22.90,0.0057,true,1,182300
7290000168173,false,"ברנפלקס קרנצ'ים תלמה בד""ץ 375 גרם",יוניליוור ישראל שיווק בעמ,,ברנפלקס קראנצים 375,,375.00,100 מ'ל,false,,22.90,0.0611,true,1,182343
7290000169798,false,"עוגי מופחת סוכר 20% פצפוצי שוקו' 500ג' בד""צ",יוניליוור ישראל שיווק בע`מ,,עוגי מופחת סוכר 500ג,,500.00,100 מ'ל,false,,21.90,0.0438,true,1,182390
7290000174723,false,שוקולית אבקה להכנת משקה שוקו 500 גרם,הנסיך- מפעל לייצור ט,,שוקולית עלית 500גר,,500.00,100 גרם,false,,11.90,0.0238,true,1,207854
7290000176062,false,קפה טורקי בשקית 100 ג' עלית,שטראוס קפה בי.ויn\.,,קפה טורקי עלית 100גר,,100.00,100 גרם,false,,7.90,0.0790,true,1,207861
7290000176079,false,קפה טורקי עם הל עלית (100 גרם),הנסיך- מפעל לייצור ט,,קפה טורקי עם הל עלית,,100.00,100 גרם,false,,9.90,0.0990,true,1,207862
7290000176116,false,קפה טורקי בוואקום עלית (1 קג),הנסיך- מפעל לייצור ט,,קפה טורקי עלית 1קג,,1000.00,100 גרם,false,,69.90,0.0699,true,1,207865
7290000176413,false,קפה נמס עלית פחית 50 גרם,הנסיך- מפעל לייצור ט,,קפה נמס עלית 50גר,,50.00,100 גרם,false,,8.90,0.1780,true,1,207868
7290000176420,false,קפה נמס פחית עלית 200 גרם,פיקסל אם.גי.אם בעמ,,קפה נמס עלית 200גר,,200.00,100 גרם,false,,19.90,0.0995,true,1,207869
7290000176468,false,קפה נמס נטול קפאין 50 ג' קפה האג,שטראוס גרופ בע`מ,,האג קפה נטול קפאין 5,,50.00,100 גרם,false,,10.90,0.2180,true,1,207870
7290000176475,false,קפה נמס נטול קפאין האג עלית (200 גרם),שטראוס גרופ בע`מ,,האג קפה נטול קפאין 2,,200.00,100 גרם,false,,35.90,0.1795,true,1,207871
7290000178707,false,חטיף צ`יפס בטעם טבעי תפוצ`יפס (50 גרם),"שטראוס פריטו ליי בע""\מ )",,תפוציפס טבעי 50גר,,50.00,100 גרם,false,,3.90,0.0780,true,1,183971
7290000178721,false,חטיף צ`יפס בטעם טבעי תפוצ`יפס (200 גרם),"שטראוס פריטו ליי בע""\מ )",,תפוציפס טבעי 200גר,,200.00,100 גרם,false,,10.90,0.0545,true,1,183973
7290000185330,false,סילאן טבעי תמר כנרת 900 גר,תה ויסוצקי (ישראל) בעמ,,סילאן טבעי 900 גרם,,900.00,"100 מ""ל",false,,23.90,0.0266,true,1,250396
7290000185590,false,סילאן טבעי בבקבוק לחיץ 650 גרם,"טעמי הגליל בע""\מ עבור וי",,סילאן טבעי בבקבוק לח,,650.00,100 גרם,false,,19.90,0.0306,true,1,250389
7290000186535,false,נייר טואלט תלת שכבתי לבן לילי 32 יחידות,קימברלי קלארק ישראל שיווק בעמ,,לילי טריו לבן נייר ט,יחידה,0.00,יחידה,false,,49.90,0.0000,true,1,181271
7290000186931,false,ניקול כריות קרצוף חתוכות 12 יח',ניקול,,כריות קרצוף חתוכות א,יחידה,0.00,יחידה,false,,10.90,0.0000,true,1,181275
7290000187860,false,מגבוני טואלט לחים לילי דיספנסר 40יח',קימברלי קלארק ישראל שיווק בעמ,,לילי מגבוני נייר טוא,יחידה,0.00,יחידה,false,,8.90,0.0000,true,1,181281
7290000187952,false,נייר טואלט תלת שכבתי ורוד לילי 32 יחידות,קימברלי קלארק ישראל שיווק בעמ,,לילי טריו נייר טאולט,יחידה,0.00,יחידה,false,,49.90,0.0000,true,1,181288
7290000188355,false,ניקול מגבות נייר לבנות 6 גלילים,קימברלי קלארק ישראל שיווק בעמ,,מגבות מטבח שישייה ני,יחידה,0.00,יחידה,false,,12.90,0.0000,true,1,181295
7290000188553,false,קוטקס מגן תחתון יאנג ביג 60 יחידות,קימברלי קלארק ישראל שיווק בעמ,,קוטקס נורמל מגני תחת,,60.00,100 מ'ל,false,,18.90,0.3150,true,1,181300
7290000189192,false,סופר מטלית מטליות נייר רב פעמיות ניקול 64 יחידות,קימברלי קלארק ישראל שיווק בעמ,,סופר מגבת רב פעמית נ,,11.00,100 גרם,false,,22.90,2.0818,true,1,181311
7290000189215,false,מטלית הקסם לרצפה ניקול,חוגלה קימברלי,,מטלית הקסם לרצפה ניק,יחידה,0.00,יחידה,false,,12.90,0.0000,true,1,181313
7290000189277,false,תבניות מלבניות עבות וחזקות ניקול 3 יחידות,קימברלי קלארק ישראל שיווק בעמ,,תבנית מלבנית גדולה ח,יחידה,0.00,יחידה,false,,11.90,0.0000,true,1,181318
7290000189499,false,תבניות אפיה עגולות מקרטון ניקול 3 יחידות,קימברלי קלארק ישראל שיווק בעמ,,תבנית אפייה מקרטון ע,יחידה,0.00,יחידה,false,,11.90,0.0000,true,1,195206
7290000189550,false,"שקיות אשפה ענקיות עם שרוך 78 * 90 ס""מ ניקול 2 * 10 יחידות",קימברלי קלארק ישראל שיווק בעמ,,אשפתון זוג ענק 20 מת,,20.00,100 גרם,false,,25.90,1.2950,true,1,181324
7290000189598,false,מטליות לחות חד פעמיות לניקוי כללי 50 יח' ניקול,קימברלי קלארק ישראל שיווק בעמ,,מטליות לחות לניקוי כ,,50.00,100 מ'ל,false,,10.90,0.2180,true,1,181326
7290000189659,false,מטליות לחות לרצפה ניקול 10 יח'-מרכז,קימברלי קלארק ישראל שיווק בעמ,,מטליות לחות לרצפה ני,יחידה,0.00,יחידה,false,,10.90,0.0000,true,1,181328
7290000189871,false,"שקיות אשפה עם שרוך 52 * 65 ס""מ ניקול 55 שקיות",קימברלי קלארק ישראל שיווק בעמ,,אשפתון 60 שקיות מתכל,,60.00,100 גרם,false,,25.90,0.4317,true,1,181335
7290000190198,false,מטליות לחות לניקוי וחיטוי 99.9% ניקול 50 יחידה,קימברלי קלארק ישראל שיווק בעמ,,מטליות לחות לניקוי ש,יחידה,0.00,יחידה,false,,10.90,0.0000,true,1,181345
7290000190853,false,לילי פיור נייר טואלט דו שכבתי לבן 30 גלילים,קימברלי קלארק ישראל שיווק בעמ,,לילי לבן נייר טואלט,יחידה,0.00,יחידה,false,,38.90,0.0000,true,1,181359
7290000191225,false,חיתולים ליטל בייביז מידה 2 האגיס 46 יחידות,קימברלי קלארק ישראל שיווק בעמ,,האגיס ליטל בייביס ני,יחידה,0.00,יחידה,false,,35.90,0.0000,true,1,181362
7290000191539,false,חמישיית ממחטות טישו צבועני לילי 100 יחידות,קימברלי קלארק ישראל שיווק בעמ,,לילי צבעוני חמישיה 5,,593.00,100 גרם,false,,17.50,0.0295,true,1,181366
7290000191546,false,ממחטות טישו צבעוני 2 שכבות לילי מארז 100X3יח',קימברלי קלארק ישראל שיווק בעמ,,לילי מגבונים טישיו צ,,420.00,100 גרם,false,,11.90,0.0283,true,1,181367
7290000191645,false,"חיתולים האגיס ליטל בייביס ניו בורן שלב 1 עד 4 ק""ג",קימברלי קלארק ישראל שיווק בעמ,,האגיס פרידום רך נולד,,28.00,גרם,false,,35.90,1.2821,true,1,181371
7290000191652,false,שלישיית ממחטות אולטרה סופט קלינקס 90 יחידות,קימברלי קלארק ישראל שיווק בעמ,,קלינקס קלאסיק ניילון,יחידה,0.00,יחידה,false,,11.90,0.0000,true,1,181372
7290000192581,false,מגבת נייר גליל כפול ניקול 12=6 גליל,קימברלי קלארק ישראל שיווק בעמ,,מגבות נייר ניקול שיש,יחידה,0.00,יחידה,false,,21.90,0.0000,true,1,242843
7290000193014,false,מגן תחתון פדיות אינטרלוד לילי 50 יחידות,קימברלי קלארק ישראל שיווק בעמ,,לילי אינטרלוד מגני ת,,50.00,גרם,false,,10.90,0.2180,true,1,181379
7290000193076,false,"שלישיית מטליות לריצפה ""ניקול""",עופרטקס,,מטליות בד לרצפה ניקו,יחידה,0.00,יחידה,false,,8.90,0.0000,true,1,181381
7290000193083,false,נובה-לי תחבושות היגייניות לילי 28 יחידות,קימברלי קלארק ישראל שיווק בעמ,,נובה לי לילי תחבושות,,28.00,גרם,false,,10.90,0.3893,true,1,181382
7290000193205,false,תחבושות עם כנפיים ללילה נטורל לילי 20 יחידות,קימברלי קלארק ישראל שיווק בעמ,,לילי תחבושות נטורל ל,,20.00,גרם,false,,14.90,0.7450,true,1,181383
7290000193472,false,מגן תחתון נטורל נורמל לילי 60 יחידות,קימברלי קלארק ישראל שיווק בעמ,,לילי מגני תחתון נטור,,60.00,גרם,false,,14.90,0.2483,true,1,181385
7290000193540,false,מגן תחתון לונג נטורל לילי 52 יחידות,קימברלי קלארק ישראל שיווק בעמ,,לילי מגני תחתון נטור,,52.00,100 מ'ל,false,,14.90,0.2865,true,1,181386
7290000193618,false,לילי אינטימייט מגן תחתון נורמל 24 יח',קימברלי קלארק ישראל שיווק בעמ,,לילי מגני תחתון נטור,,62.00,יח',false,,14.90,0.2403,true,1,181388
7290000193649,false,תחבושות עם כנפיים נורמל פלוס לילי 24 יחידות,קימברלי קלארק ישראל שיווק בעמ,,לילי תחבושות נורמל א,יחידה,0.00,יחידה,false,,14.90,0.0000,true,1,181389
7290000193656,false,תחבושות עם כנפיים סופר פלוס לילי 24 יחידות,קימברלי קלארק ישראל שיווק בעמ,,לילי תחבושות נטורל א,יחידה,0.00,יחידה,false,,14.90,0.0000,true,1,181390
7290000193793,false,לילי תחבושות אינטימי נורמל אולט' 24 יח',קימברלי קלארק ישראל שיווק בעמ,,לילי תחבושות אולטרה,יחידה,0.00,יחידה,false,,14.90,0.0000,true,1,181395
7290000194837,false,ניקול - שקיות מזון + ידיות קשירה אקסטרה לארג' 200 יח',קימברלי קלארק ישראל שיווק בעמ,,ניקול שקיות מזון XL,יחידה,0.00,יחידה,false,,11.90,0.0000,true,1,228107
7290000195216,false,נייר אפייה בשקית ניקול 50 יחידות,קימברלי קלארק ישראל שיווק בעמ,,נייר אפיה 50יח ניקול,,50.00,"100 מ""ל",false,,11.90,0.2380,true,1,181406
7290000196763,false,"שקיות אשפה חזקות במיוחד עם שרוך 52 * 65 ס""מ ניקול 40 יחידות",קימברלי קלארק ישראל שיווק בעמ,,השקית החזקה ניקול,יחידה,0.00,יחידה,false,,25.90,0.0000,true,1,213771
7290000197012,false,שקיות ריצ'רץ' אחסון למזון ניקול 15 יחידות,קימברלי קלארק ישראל שיווק בעמ,,ניקול שקיות ניילון ר,יחידה,0.00,יחידה,false,,12.90,0.0000,true,1,181436
7290000197029,false,שקיות ריצ'רץ' רב תכליתיות ניקול 12 יחידות,קימברלי קלארק ישראל שיווק בעמ,,ניקול שקיות ניילון ר,יחידה,0.00,יחידה,false,,12.90,0.0000,true,1,181438
7290000197081,false,ניקול ניילון נצמד 150 מטר+מתקן לחיתוך קל,קימברלי קלארק ישראל שיווק בעמ,,ניילון נצמד 150 מטר,יחידה,150.00,יחידה,false,,26.90,0.1793,true,1,181439
7290000197326,false,רדיד אלומיניום ניקול זוגות 7.5*2קצר,קימברלי קלארק ישראל שיווק בעמ,,ניקול רדיד אלומיניום,,15.00,"100 מ""ל",false,,11.90,0.7933,true,1,181447
7290000197340,false,"רדיד אלומניום ארוך 45 ס""מ רוחב ניקול 7.5 מטר",קימברלי קלארק ישראל שיווק בעמ,,ניקול רדיד אלומיניום,,15.00,ק'ג,false,,16.90,1.1267,true,1,181448
7290000197425,false,חיתולים פרידום דריי שלב 3 האגיס 52 יחידות,קימברלי קלארק ישראל שיווק בעמ,,האגיס פרידום דריי של,יחידה,0.00,יחידה,false,,48.90,0.0000,true,1,181452
7290000197456,false,חיתולים פרידום דריי שלב 4 האגיס 44 יחידות,קימברלי קלארק ישראל שיווק בעמ,,האגיס פרידום דריי של,יחידה,0.00,יחידה,false,,48.90,0.0000,true,1,181454
7290000197463,false,חיתולים פרידום דריי שלב +4 האגיס 40 יחידות,קימברלי קלארק ישראל שיווק בעמ,,האגיס פרידום דריי של,יחידה,0.00,יחידה,false,,48.90,0.0000,true,1,181455
7290000197470,false,שקיות רב שימושיות מתכלות ניקול 250 יחידות,קימברלי קלארק ישראל שיווק בעמ,,"שקיות רב""ש להקפאה",,50.00,ק'ג,false,,14.90,0.2980,true,1,181456
7290000197548,false,חיתולים פרידום דריי שלב 5 האגיס 36 יחידות,קימברלי קלארק ישראל שיווק בעמ,,האגיס פרידום דריי של,יחידה,0.00,יחידה,false,,48.90,0.0000,true,1,181457
7290000197654,false,שקיות אשפה ענקיות נשלפות 75*90 ניקול 50 יחידות,קימברלי קלארק ישראל שיווק בעמ,,אשפתון שקיות אשפה ענ,,50.00,גרם,false,,19.90,0.3980,true,1,181458
7290000197678,false,חיתולי האגיס פרידום דריי שלב 6 30 יחידות,קימברלי קלארק ישראל שיווק בעמ,,האגיס פרידום דריי של,יחידה,0.00,יחידה,false,,48.90,0.0000,true,1,181459
7290000197753,false,ניילון נצמד אנטי בטקריאלי ניקול 30X2מ',קימברלי קלארק ישראל שיווק בעמ,,ניילונית זוג ניקול,,60.00,100 ליטר,false,,11.90,0.1983,true,1,181461
7290000197982,false,"רדיד אלומיניום עבה 45 ס""מ רוחב ניקול 2 יח' 7.5 מטר",קימברלי קלארק ישראל שיווק בעמ,,ניקול רדיד אלומיניום,,15.00,יח',false,,19.90,1.3267,true,1,181463
7290000197999,false,רדיד אלומיניום עבה ניקול זוגי 30X7.5מ',קימברלי קלארק ישראל שיווק בעמ,,ניקול רדיד אלומיניום,יחידה,0.00,יחידה,false,,14.90,0.0000,true,1,181464
7290000199313,false,תחבושות עם כנפיים נורמל פלוס קוטקס 30 יחידות,קימברלי קלארק ישראל שיווק בעמ,,קוטקס תחבושות נורמל,,28.00,100 מ'ל,false,,18.90,0.6750,true,1,181466
7290000200019,false,עוף שלם טרי ארוז,,,עוף שלם טרי ארוז,קילוגרמים,1.00,"ק""ג",true,,19.90,19.9000,true,1,200064
7290000200026,false,חזה עוף טרי ארוז,,,חזה עוף טרי ארוז,קילוגרמים,1.00,"ק""ג",true,,39.90,39.9000,true,1,200065
7290000200033,false,כרעיים עוף טרי ארוז,,,כרעיים עוף טרי ארוז,קילוגרמים,1.00,"ק""ג",true,,29.90,29.9000,true,1,200066
7290000200040,false,שוקיים עוף טרי ארוז,,,שוקיים עוף טרי ארוז,קילוגרמים,1.00,"ק""ג",true,,35.90,35.9000,true,1,200067
7290000200064,false,כנפיים עוף טרי ארוז,,,כנפיים עוף טרי ארוז,קילוגרמים,1.00,"ק""ג",true,,11.90,11.9000,true,1,200069
7290000200095,false,כבד עוף טרי ארוז לצל,,,כבד עוף טרי ארוז לצל,קילוגרמים,1.00,"ק""ג",true,,24.90,24.9000,true,1,200071
7290000200125,false,לב עוף טרי ארוז,,,לב עוף טרי ארוז,קילוגרמים,1.00,"ק""ג",true,,34.90,34.9000,true,1,200073
7290000201818,false,טיטולים פרימיום שלב 2 64 יחידות,קימברלי קלארק ישראל שיווק בעמ,,טיטולים פרימיום שלב,יחידה,0.00,יחידה,false,,34.90,0.0000,true,1,181470
7290000201832,false,חיתולי פרימיום שלב 3 טיטולים) (50,קימברלי קלארק ישראל שיווק בעמ,,טיטולים פרימיום פרימ,יחידה,0.00,יחידה,false,,34.90,0.0000,true,1,181472
7290000201849,false,חיתולי פרימיום שלב 4 טיטולים) (40,קימברלי קלארק ישראל שיווק בעמ,,טיטולים פרימיום שלב,יחידה,0.00,יחידה,false,,34.90,0.0000,true,1,181473
7290000201856,false,חיתולי פרימיום שלב 4+ טיטולים) (38,קימברלי קלארק ישראל שיווק בעמ,,טיטולים פרימיום שלב4,יחידה,0.00,יחידה,false,,34.90,0.0000,true,1,181474
7290000201863,false,חיתולי פרימיום שלב 5 טיטולים) (34,קימברלי קלארק ישראל שיווק בעמ,,טיטולים פרימיום שלב,יחידה,0.00,יחידה,false,,34.90,0.0000,true,1,181475
7290000201870,false,חיתולי פרימיום שלב 6 טיטולים) (30,קימברלי קלארק ישראל שיווק בעמ,,טיטולים פרימיום שלב,יחידה,0.00,יחידה,false,,34.90,0.0000,true,1,181476
7290000204086,false,ניקול כרית קרצוף מארז שלישייה,קימברלי קלארק ישראל שיווק בעמ,,כרית קרצוף ניקול 3 י,יחידה,0.00,יחידה,false,,12.90,0.0000,true,1,181497
7290000204147,false,רביעיית כרית יפנית עבה ניקול 4 יחידות,קימברלי קלארק ישראל שיווק בעמ,,כריות יפניות 2ב1 ניק,יחידה,0.00,יחידה,false,,12.90,0.0000,true,1,181498
7290000204215,false,שישיית כרית יפנית ניקול 6 יחידות,קימברלי קלארק ישראל שיווק בעמ,,כריות יפניות ניקול 6,,4.00,100 מ'ל,false,,12.90,3.2250,true,1,181500
7290000204253,false,מטליות רב שימושיות לניקיון ניקול 9 יחידות,קימברלי קלארק ישראל שיווק בעמ,,מטלית רב שימושית ניק,,9.00,גרם,false,,12.90,1.4333,true,1,181502
7290000204307,false,מטלית רב שימושית בגליל ניקול 40 יחידות,קימברלי קלארק ישראל שיווק בעמ,,מטליות רב שימושיות ב,,40.00,יח',false,,19.90,0.4975,true,1,181503
7290000204512,false,מטליות לחות לניקוי רצפה בריח לימון ניקול 10 יחידות,קימברלי קלארק ישראל שיווק בעמ,,מטליות לחות לרצפה בר,יחידה,0.00,יחידה,false,,10.90,0.0000,true,1,219672
7290000204611,false,שישיית ספוגית הקסם ניקול 6 יחידות,קימברלי קלארק ישראל שיווק בעמ,,ספוגית הקסם ניקול 6י,,6.00,100 מ'ל,false,,12.90,2.1500,true,1,181504
7290000205762,false,חיתולי האגיס אקסטרה קר מידה 3 48 יחידות,קימברלי קלארק ישראל שיווק בעמ,,האגיס אקסטרא קייר מי,יחידה,0.00,יחידה,false,,47.90,0.0000,true,1,230898
7290000205915,false,חיתולי האגיס אקסטרה קייר מידה 4 40 יחידות,קימברלי קלארק ישראל שיווק בעמ,,האגיס אקסטרא קייר מי,יחידה,0.00,יחידה,false,,47.90,0.0000,true,1,230899
7290000207063,false,רסק עגבניות פריכוז 28% 240 גרם יכין,היינץ צפון אמריקה מק,,רסק עגבניות פריכוז 2,,260.00,100 גרם,false,,4.90,0.0188,true,1,174208
7290000207162,false,רוטב עגבניות מרכיב טבעי 100 ג' יכין,זנלכול יכין,,רוטב עגבניות 22% 100,,100.00,100 גרם,false,,2.50,0.0250,true,1,174212
7290000207438,false,עגבניות מקולפות חתוכות לקוביות,זנלכול יכין,,עגבניות קוביות 800גר,,800.00,"100 מ""ל",false,,9.90,0.0124,true,1,174213
7290000208022,false,עגבניות 2.5 A מרוסקות 850 גרם יכין,זנלכול יכין,,עגבניות מרוסקות 800ג,,800.00,100 גרם,false,,9.90,0.0124,true,1,174216
7290000208077,false,אפונת גינה גדולה יכין (550 גרם),זנלכול יכין,,אפונה גדולה יכין 550,,550.00,100 גרם,false,,8.90,0.0162,true,1,174218
7290000208114,false,"אפונה וגזר יכין A2 פ""ק בית יוסף",זנלכול יכין,,אפונה וגזר יכין 550ג,,550.00,100 גרם,false,,8.90,0.0162,true,1,174221
7290000208138,false,סירופ דיאט בטעם ענבים יכין (1 ליטר),זנלכול יכין,,סירופ דייאט ענבים יכ,,1000.00,"100 מ""ל",false,,16.90,0.0169,true,1,174223
7290000208145,false,גרעיני תירס מתוק לייט 550 גרם יכין,זנלכול יכין,,תירס לייט יכין 550גר,,550.00,100 גרם,false,,9.90,0.0180,true,1,174224
7290000208213,false,שעועית לבנה אפויה A2 ברוטב עגבניות יכין 560ג',היינץ צפון אמריקה מק,,שעועית לבנה ברוטב עג,,580.00,100 גרם,false,,9.90,0.0171,true,1,174227
7290000208220,false,שעועית צ`ילי מקסיקני חריף יכין (550 גרם),היינץ צפון אמריקה מק,,שעועית צילי יכין 550,,550.00,100 גרם,false,,9.90,0.0180,true,1,174228
7290000208244,false,"בסיס לשקשוקה יכין A2 פ""ק בית יוסף",זנלכול יכין,,בסיס עגבניות לשקשוקה,,570.00,100 גרם,false,,9.90,0.0174,true,1,174230
7290000208312,false,גרעיני תירס מתוק בואקום יכין 400 גר',"זנלכל בע""\מ",,תירס מתוק ואקום יכין,,400.00,100 גרם,false,,6.90,0.0173,true,1,174234
7290000208329,false,גרעיני תירס מתוק יכין (550 גרם),זנלכול יכין,,תירס מתוק יכין 550גר,,550.00,100 גרם,false,,8.90,0.0162,true,1,174235
7290000208336,false,רסק יכין 240גר 22% יכין בית יוסף,"זנלכל בע""\מ",,רוטב עגבניות יכין 22,,240.00,100 גרם,false,,4.50,0.0188,true,1,174236
7290000208343,false,עגבניות מרוסקות שום יכין A2.5 בית יוסף,היינץ צפון אמריקה מק,,עגבניות מרוסקות עם ש,,800.00,100 גרם,false,,9.90,0.0124,true,1,174238
7290000208350,false,עגבניות מרוסקות עם בצל יכין (800 גרם),זנלכול יכין,,עגבניות מרוסקות עם ב,,800.00,100 גרם,false,,9.90,0.0124,true,1,174239
7290000208367,false,עגבניות מרוסקות בזיליקום יכין A2.5 בית יוסף,זנלכול יכין,,עגבניות מרוסקות בתוס,,800.00,100 גרם,false,,9.90,0.0124,true,1,174240
7290000208404,false,A2 פול מצרי 550 גרם יכין,זנלכול יכין,,פול מצרי יכין 550גר,,550.00,"100 מ""ל",false,,9.90,0.0180,true,1,174241
7290000208428,false,גרגרי חומוס שלם 550 גרם יכין,היינץ צפון אמריקה מק,,חומוס שלם יכין 550גר,,550.00,100 גרם,false,,9.90,0.0180,true,1,174242
7290000208800,false,תירס קיד גרעיני תירס מתוק יכין (400 גרם),זנלכול יכין,,תירס קיד יכין מתוק 2,,285.00,"100 מ""ל",false,,6.90,0.0242,true,1,174258
7290000208855,false,רוטב לפסטה קלאסי יכין (240 גרם),זנלכול יכין,,רוטב לפסטה קלאסי יכי,,240.00,100 גרם,false,,5.90,0.0246,true,1,174259
7290000208893,false,גרעיני תירס מתוק לייט 400 גרם יכין,היינץ צפון אמריקה מק,,תירס לייט ואקום 340,,340.00,100 גרם,false,,6.90,0.0203,true,1,174260
7290000208930,false,עגבניות מרוסקות בתוספת שום 240 גרם יכין,זנלכול יכין,,עגבניות מרוסקות ושום,,240.00,100 גרם,false,,5.90,0.0246,true,1,174262
7290000208947,false,עגבניות מרוסקות יכין (240 גרם),היינץ צפון אמריקה מק,,עגבניות מרוסקות יכין,,240.00,100 גרם,false,,5.90,0.0246,true,1,174263
7290000208978,false,רוטב עגבניות (10028% גרם)פריכוז יכין,זנלכול יכין,,רסק עגבניות פריכוז %,,100.00,"100 מ""ל",false,,2.90,0.0290,true,1,174264
7290000209012,false,חומץ 1ליטר יכין הדרים,"זנלכל בע""\מ",,חומץ הדרים יכין 1 לי,,1000.00,100 גרם,false,,5.90,0.0059,true,1,174266
7290000209043,false,מיץ לימון משומר לתיבול יכין (1 ליטר),היינץ צפון אמריקה מק,,מיץ לימון משומר 1ל,,1000.00,"100 מ""ל",false,,5.90,0.0059,true,1,174267
7290000209371,false,מארז גרעיני תירס מתוק יכין (200x3 גרם),היינץ צפון אמריקה מק,,תירס יכין שלישייה 3*,,495.00,100 גרם,false,,14.90,0.0301,true,1,174281
7290000209388,false,תירס מתוק לייט יכין 200 גרם מארז 3 יח',זנלכול יכין,,תירס ליייט שלישייה 3,,495.00,100 גרם,false,,14.90,0.0301,true,1,174282
7290000209517,false,סירופ דיאט בטעם לימון יכין (1 ליטר),היינץ צפון אמריקה מק,,סירופ דייאט לימון יכ,,1000.00,"100 מ""ל",false,,16.90,0.0169,true,1,174286
7290000209524,false,סירופ דיאט בטעם פטל יכין (1 ליטר),זנלכול יכין,,סירופ דיאט פטל יכין,,1000.00,"100 מ""ל",false,,16.90,0.0169,true,1,174287
7290000209555,false,סירופ דיאט בטעם תפוחים יכין 1 ליטר,זנלכול יכין,,"סירופ דייאט תפוח""ע י",,1000.00,100 גרם,false,,16.90,0.0169,true,1,174289
7290000209579,false,סירופ דיאט בטעם אננס יכין (1 ליטר),"זנלכל בע""\מ",,סירופ דייאט אננס יכי,,1000.00,"100 מ""ל",false,,16.90,0.0169,true,1,174291
7290000209708,false,עגבניות מרוסקות עם בזיליקום יכין 240 גרם,היינץ צפון אמריקה מק,,עגבניות מרוסקות בזיל,,240.00,100 גרם,false,,5.90,0.0246,true,1,174293
7290000209722,false,רוטב עגבניות 28% יכין (580 גרם)פריכוז,"זנלכל בע""\מ",,רסק עגבניות פריכוז 2,,580.00,100 גרם,false,,10.90,0.0188,true,1,174295
7290000209906,false,עגבניות מרוסקות בתוספת בצל 240 גרם יכין,זנלכול יכין,,עגבניות מרוסקות בצל,,240.00,"100 מ""ל",false,,5.90,0.0246,true,1,174296
7290000209913,false,עגבניות חתוכות לקוביות 240 גרם יכין,"זנלכל בע""\מ",,עגבניות קוביות יכין,,240.00,100 גרם,false,,5.90,0.0246,true,1,174297
7290000209944,false,רוטב לעגבניות בסיס לשקשוקה 240 ג' יכין,"זנלכל בע""\מ",,רוטב שקשוקה יכין 240,,240.00,100 גרם,false,,5.90,0.0246,true,1,174298
7290000209951,false,רוטב עגבניות לפיצה 260 גרם יכין,"זנלכל בע""\מ",,רוטב פיצה יכין 240 ג,,240.00,100 גרם,false,,5.90,0.0246,true,1,174299
7290000209968,false,רוטב עגבניות ללזניה יכין 240 גרם,זנלכול יכין,,רוטב לזניה יכין 240,,240.00,100 גרם,false,,5.90,0.0246,true,1,174300
7290000210469,false,עגבניות שלמות מקולפות יכין (800 גרם),זנלכול יכין,,עגבניות שלמות יכין 7,,700.00,100 גרם,false,,9.90,0.0141,true,1,174312
7290000210896,false,רוטב לפסטה בולונז 240 גרם יכין,זנלכול יכין,,רוטב בולונז יכין 240,,240.00,100 גרם,false,,5.90,0.0246,true,1,174324
7290000211169,false,"אורז תאילנדי אחד אחד סוגת 1 ק""ג",האי נאם סי או אל.טי.,,אורז תאילנדי סוגת 1ק,,1000.00,100 גרם,false,,8.90,0.0089,true,1,192155
7290000211312,false,סוגת אורז מלא פרסי אחד אחד 1 קג,האי נאם סי או אל.טי.,,אורז מלא פרסי סוגת 1,,1000.00,100 גרם,false,,9.90,0.0099,true,1,192156
7290000211374,false,"קמח חיטה מלא סוגת 1 ק""ג",טחנת קמח דגן-שטיבל,,קמח מלא סוגת 1קג,,1000.00,100 גרם,false,,7.90,0.0079,true,1,192157
7290000211381,false,"סוכר חום כהה בשקית סוגת 1 ק""ג","טונגט היולט שוגר בע""",,סוכר חום כהה בשקית ס,,1000.00,100 גרם,false,,10.90,0.0109,true,1,192158
7290000211442,false,אורז בסגנון פרסי קלאסי סוגת (1 קג),האי נאם סי או אל.טי.,,אורז פרסי קלאסי שקית,,1000.00,100 גרם,false,,10.90,0.0109,true,1,192160
7290000211503,false,סוכר לבן ארוז בשקית,"סוגת תעשיות בע""\מ",,"סוכר סוגת 1 ק""ג",,1000.00,"100 מ""ל",false,,3.90,0.0039,true,1,192161
7290000211626,false,חיש אורז אחד אחד 1 קג,"סוגת תעשיות בע""\מ",,אורז חיש סוגת 1קג,,1000.00,100 גרם,false,,10.90,0.0109,true,1,192163
7290000211985,false,אורז עגול ריזוטו אחד אחד 1 קג,"סוגת תעשיות בע""\מ",,אורז עגול סוגת 1קג,,1000.00,"100 מ""ל",false,,9.90,0.0099,true,1,192165
7290000212173,false,וופל מנעמים בטעם שוקו 500 גרם,ח.כהן סוכנות מזון ומשקאות,,וופל טעם שוקולד מנעמ,,200.00,100 גרם,false,,9.90,0.0495,true,1,190453
7290000212401,false,וופל שוקו מנעמים מצופית 400 גרם*,ח.כהן סוכנות מזון ומשקאות,,וופל מצופית מנעמים 4,,400.00,100 גרם,false,,10.90,0.0273,true,1,190455
7290000214115,false,מרק עוף בצנצנת ויטה 400 גרם,ויטה- פרי גליל (החדשה) בעמ,,מרק עוף ויטה 400 גר,,400.00,"100 מ""ל",false,,10.90,0.0273,true,1,200739
7290000218502,false,תערובת לחמין A-2 ויטה בדצ,ויטה- פרי גליל (החדשה) בעמ,,חמין ויטה 568 גרם,,568.00,"100 מ""ל",false,,9.90,0.0174,true,1,200748
7290000226514,false,עוגת דובוש טעם ריבת חלב קפולסקי 450 גרם,תופינים מקבוצת קפולסקי,,עוגת דובוש ריבת חלב,,450.00,100 גרם,false,,39.90,0.0887,true,1,212700
7290000226545,false,"עוגת טורט היער השחור קפולסקי 1 ק""ג",קפולסקי שיווק וקמעונ,,עוגת טורט היער השחור,,1000.00,100 גרם,false,,64.90,0.0649,true,1,212702
7290000226569,false,עוגת טורט קצפת שוקולד קפולסקי (1 קג),תופינים מקבוצת קפולסקי,,עוגת טורט קצפת שוקול,,1000.00,100 גרם,false,,64.90,0.0649,true,1,212704
7290000226576,false,"עוגת טורט מצופה שוקולד קפולסקי 1 ק""ג",תופינים מקבוצת קפולסקי,,עוגת טורט מצופה שוקו,,1000.00,100 גרם,false,,64.90,0.0649,true,1,212705
7290000226613,false,עוגת דובוש מצופה שוקולד קפולסקי 450 גרם,תופינים מקבוצת קפולסקי,,עוגת דובוש מצופה בטע,,450.00,100 גרם,false,,39.90,0.0887,true,1,212707
7290000238029,false,"בצק עלים צרפתי מרודד מעדנות 1 ק""ג",תנובה מרכז שיתופי לשיווק תוצרת,,*מבצע* בצק עלים מרוד,,1000.00,100 גרם,false,,15.90,0.0159,true,1,188150
7290000238036,false,מלאווח מעדנות 6 יח`700 גרם קפוא,תנובה מרכז שיתופי לשיווק תוצרת,,מלווח מעדנות קופסא 7,,700.00,100 גרם,false,,15.90,0.0227,true,1,188151
7290000238180,false,בורקס במילוי תפוא 800 גרם מעדנות,מיוצר עי קונדיטוריית,,"בורקס תפו""א מעדנות 8",,800.00,100 גרם,false,,17.90,0.0224,true,1,188153
7290000243566,false,שמן קנולה בריאות עץ הזית (750 מל),סוגת תעשיות בעמ,,שמן קנולה בריאות עץ,,750.00,100 גרם,false,,13.90,0.0185,true,1,198360
7290000244051,false,"הוואי שלישיית סבון נוזלי משב טרופי 500 מ""ל",טרופיקל דגיל,,הוואי אל סבון טרופי,,1500.00,100 גרם,false,,16.90,0.0113,true,1,190188
7290000244082,false,"הוואי שלישיית סבון נוזלי שמיים כחולים 500 מ""ל",טרופיקל דגיל,,הוואי אל סבון כחול ש,,1500.00,"100 מ""ל",false,,16.90,0.0113,true,1,190190
7290000244143,false,קרם הוואי לאחר גילוח+ לחות 120 מ``ל,טרופיקל דגיל קוסמטיק,,הוואי קרם לאחר גילוח,,120.00,100 גרם,false,,24.90,0.2075,true,1,190193
7290000244761,false,קרם ידיים ולוטה (80 גרם),טרופיקל דגיל קוסמטיק,,ולוטה קרם ידיים 80מל,,100.00,"100 מ""ל",false,,13.90,0.1390,true,1,190204
7290000245072,false,סוד מרכך כביסה בייבי סנסטיב 4 ליטר,גורי שיווק בעמ,,סוד מרכך כביסה בייבי,ליטרים,4.00,ליטר,false,,16.90,4.2250,true,1,210223
7290000245157,false,סוד סופט מרכך כביסה סנסיישן 4 ליטר,גורי שיווק בעמ,,סוד מרכך כביסה סנסיי,ליטרים,4.00,ליטר,false,,16.90,4.2250,true,1,210225
7290000245294,false,"פרסיל אבקת כביסה סופרא 2.5ק""ג",גורי שיווק בעמ,,פרסיל אבקת כביסה סופ,קילוגרמים,2.50,"ק""ג",false,,24.90,9.9600,true,1,210230
7290000245508,false,"אב.כביסה סוד פרפקט 1.25ק""ג-שקית כחולה",גורי שיווק בעמ,,סוד פרפקט אבקת כביסה,קילוגרמים,1.25,"ק""ג",false,,12.90,10.3200,true,1,210237
7290000245515,false,"א.כ סוד קומפקט ביואקטיב פרפריום 1.25 ק""ג",גורי שיווק בעמ,,סוד קומפורט פרפיום א,קילוגרמים,1.25,"ק""ג",false,,12.90,10.3200,true,1,210238
7290000245539,false,"קומפקט סוד 1.250 ק""ג קולור לכביסה צבעונית",גורי שיווק בעמ,,סוד קומפקט קולור אבק,קילוגרמים,1.25,"ק""ג",false,,12.90,10.3200,true,1,210239
7290000245782,false,סוד סופט מרכך כביסה ורוד 4 ליטר,גורי שיווק בעמ,,סוד מרכך כביסה ורדי,ליטרים,4.00,ליטר,false,,16.90,4.2250,true,1,210247
7290000245799,false,סוד סופט מרכך כביסה כחול 4 ליטר,גורי שיווק בעמ,,סוד מרכך כביסה פעמונ,ליטרים,4.00,ליטר,false,,16.90,4.2250,true,1,210248
7290000253220,false,שוקולדצ`יפס לאפייה 260 גר`אופנהיימר,תה ויסוצקי (ישראל) בעמ,,שוקולד ציפס 300גר,,300.00,100 גרם,false,,14.50,0.0483,true,1,190894
7290000253251,false,נטיפי שוקולד צ`יפס לבן לאפיה 250 גרם,תה ויסוצקי (ישראל) בעמ,,שוקולד ציפס לבן 250,,250.00,100 גרם,false,,14.50,0.0580,true,1,213772
7290000253459,false,נטיפי צ'יפס בטעם קרמל אופנהיימר 250 גרם,תה ויסוצקי (ישראל)בעמ,,נטיפי צ'יפס בטעם קרמ,,250.00,100 גרם,false,,14.50,0.0580,true,1,242634
7290000262031,false,נייר טואלט מולט לבבות 32 גלילים,קימברלי קלארק ישראל שיווק בעמ,,מולט לב נייר טואלט 3,,1850.00,"100 מ""ל",false,,29.90,0.0162,true,1,181508
7290000262413,false,חיתולי האגיס אקסטרה קייר מידה 5 34 יחידות,קימברלי קלארק ישראל שיווק בעמ,,האגיס אקסטרא קייר מי,יחידה,0.00,יחידה,false,,47.90,0.0000,true,1,230901
7290000263359,false,חיתולים ליטל בייביז מידה 1 האגיס 40 יחידות,קימברלי קלארק ישראל שיווק בעמ,,האגיס ליטל בייביס ני,יחידה,0.00,יחידה,false,,35.90,0.0000,true,1,181526
7290000267036,false,שקדים מולבנים משובבים השף 100 גרם,דין שיווק וקליה 2021 בעמ,,שקדים מולבנים שבבים,,100.00,100 גרם,false,,9.90,0.0990,true,1,200347
7290000267104,false,שקד מולבן גרוס 100 גר`דין שיוק,דין שיווק וקליה 2021 בעמ,,שקדים גרוסים טבעי 10,,100.00,100 גרם,false,,9.90,0.0990,true,1,200350
7290000267500,false,קליפות הדר מצופות שוקולד מריר שקדיה 200 גרם,"דין שיווק וקלייה בע""",,קליפות הדר מצופות בש,,200.00,100 גרם,false,,9.90,0.0495,true,1,200353
7290000267548,false,אגוזי מלך טחונים השף 100 גרם,דין שיווק וקליה 2021 בעמ,,אגוזי מלך גרוסים השף,,100.00,100 גרם,false,,12.90,0.1290,true,1,200354
7290000267586,false,גרעייני חמניה קלופים 150 גר,דין שיווק וקליה 2021 בעמ,,גרעייני חמניה קלופים,,150.00,100 גרם,false,,5.90,0.0393,true,1,200356
7290000272696,false,מיץ לימון טבעי משומר 1 ליטר עסיס כלפ,קבוצת אוסם סחר שותפות מוגבלת,,מיץ לימון טבעי משומר,,1000.00,"100 מ""ל",false,,11.90,0.0119,true,1,176646
7290000272726,false,חומץ רכיבים רכיבים טבעיים 5% עסיס 1 ליטר,קבוצת אוסם סחר שותפות מוגבלת,,חומץ טבעי 5% עסיס 1,,1000.00,"100 מ""ל",false,,7.90,0.0079,true,1,176648
7290000286228,false,ספוגיות לניקוי כללי סנו סושי 6 יחידות,החברה הדרומית לשיווק בעמ,,סנו סושי ספוגיות לני,יחידה,0.00,יחידה,false,,11.90,0.0000,true,1,179914
7290000286297,false,"אנטי קאלק מסיר אבנית מקומקום סנו 700 מ""ל",החברה הדרומית לשיווק בעמ,,אנטי קאלק מסיר אבן מ,,700.00,100 גרם,false,,10.90,0.0156,true,1,179915
7290000286549,false,מטליות לניקוי כללי סנו סושי 9 יחידות,החברה הדרומית לשיווק בעמ,,מטליות לכל סנו סושי,,9.00,גרם,false,,11.90,1.3222,true,1,179921
7290000286631,false,"אבקה לניקוי ומירוק בריח לימון סנו 600 מ""ל",החב. הדרומית לשיווק,,סנו X אבקה לניקוי לי,,600.00,100 גרם,false,,7.90,0.0132,true,1,179924
7290000286891,false,שמפו לרצפה מגן קריסטל סנו (1 ליטר),החברה הדרומית לשיווק בעמ,,סנו מגן קריסטל לרצפו,ליטרים,1.00,ליטר,false,,24.90,24.9000,true,1,179928
7290000286907,false,"ספריי מסיר כתמים באירוסול ""סנו""",סנו מפעלי ברונוס בעמ,,סנוקל מסיר כתמים 125,,125.00,"100 מ""ל",false,,26.90,0.2152,true,1,179929
7290000286921,false,סנוקל רסס וכבס תרסיס אקדח 750 מ``ל,החברה הדרומית לשיווק בעמ,,סנוקל רסס כבס להסרת,,750.00,"100 מ""ל",false,,17.90,0.0239,true,1,179931
7290000286945,false,סנו רהיט נוזלי תרסיס 500 סמק+אקדח,החברה הדרומית לשיווק בעמ,,סנו רהיט מרסס 500מל,,500.00,"100 מ""ל",false,,26.90,0.0538,true,1,179932
7290000287102,false,סנו שטיחים קצף לניקוי שטיחים 600 סמק,החברה הדרומית לשיווק בעמ,,סנו שמפו שטיחים 540מ,,540.00,"100 מ""ל",false,,21.90,0.0406,true,1,179935
7290000287492,false,"סנובון נוזל לניקוי אסלות בריח לימון סנו 750 מ""ל",החברה הדרומית לשיווק בעמ,,סנובון נוזלי לימון 7,,750.00,100 גרם,false,,10.90,0.0145,true,1,179947
7290000287607,false,"אקוה בלו סבון לניאגרה סנו 150 מ""ל",סנו מפעלי ברונוס בעמ,,סנו בלו לאסלה 150גר,,150.00,100 גרם,false,,19.90,0.1327,true,1,179949
7290000287621,false,"אנטי קאלק נוזל לניקוי אסלות סנו 750 מ""ל",החברה הדרומית לשיווק בעמ,,אנטי קאלק W.C מנקה א,,750.00,"100 מ""ל",false,,10.90,0.0145,true,1,179950
7290000288017,false,אקונומיקה בריח לימון סנו ז'אוול 1 ליטר,החברה הדרומית לשיווק בעמ,,אקונומיקה סנו ז'אוול,,1000.00,100 גרם,false,,8.90,0.0089,true,1,179958
7290000288024,false,סנו - ז'אוול אקונומיקה בריח לימון 4 ליטר,החברה הדרומית לשיווק בעמ,,אקונומיקה סנו ז'אוול,ליטרים,4.00,ליטר,false,,17.90,4.4750,true,1,179959
7290000288031,false,"אקונומיקה תו תקן 4 ליטר ""סנו""",החברה הדרומית לשיווק בעמ,,אקנומיקה סנו 4ליטר,ליטרים,4.00,ליטר,false,,11.90,2.9750,true,1,228101
7290000288048,false,ז`אוול מרסס לניקוי כללי לבנדר סנו (1 ליט,החברה הדרומית לשיווק בעמ,,סנו ז'אוול מרסס מונט,,1000.00,100 מ'ל,false,,19.90,0.0199,true,1,179961
7290000288086,false,אבקת ניקוי עם אקונומיקה בריח לימון סנו ז'אוול 600 ג',החברה הדרומית לשיווק בעמ,,סנו ז'אוול אבקת לניק,,600.00,100 גרם,false,,9.90,0.0165,true,1,179965
7290000288109,false,"אבקת כביסה מקסימה אפקט ג''אוול 1.25 ק""ג סנו",החברה הדרומית לשיווק בעמ,,סנו מקסימה אבקת כביס,קילוגרמים,1.25,"ק""ג",false,,14.90,11.9200,true,1,179966
7290000288253,false,"קוטל חרקים מעופפים K-400 סנו 630 מ""ל",החברה הדרומית לשיווק בעמ,,מדביר 400-K,יחידה,630.00,יחידה,false,,23.90,0.0379,true,1,179967
7290000288352,false,"קוטל חרקים וזוחלים K-300 סנו 630 מ""ל",החברה הדרומית לשיווק בעמ,,מדביר K - 300,,630.00,100 מ'ל,false,,23.90,0.0379,true,1,179971
7290000288383,false,"קוטל נמלים ותיקנים K-500 סנו 400 מ""ל",החברה הדרומית לשיווק בעמ,,נמלים K - 500,יחידה,0.00,יחידה,false,,23.90,0.0000,true,1,179972
7290000288642,false,מקסימה מרכך כביסה סנסיטיב בייבי סנו 4 ליטר,החברה הדרומית לשיווק בעמ,,סנו מקסימה מרכך כביס,ליטרים,4.00,ליטר,false,,22.90,5.7250,true,1,179979
7290000288727,false,סנו מקסימה אבקת כביסה מאסק מילוי 1.25,החברה הדרומית לשיווק בעמ,,סנו מקסימה מאסק אבקת,קילוגרמים,1.25,"ק""ג",false,,14.90,11.9200,true,1,179980
7290000289069,false,סנו - ז'אוול מרסס קצף ניקוי בתוספת אקונומיקה בריח לימון 1 ליטר,החברה הדרומית לשיווק בעמ,,סנו ז'אוול מרסס לימו,,1000.00,100 גרם,false,,19.90,0.0199,true,1,179985
7290000289380,false,"סנו - ז'אוול לניקוי אסלות לימון 750 מ""ל",החברה הדרומית לשיווק בעמ,,גל לאסלות סנו זאוול,,750.00,"100 מ""ל",false,,10.90,0.0145,true,1,179991
7290000289496,false,"סנו - ז'אוול ג'ל קרם לניקוי כללי לימון 750 מ""ל",החברה הדרומית לשיווק בעמ,,סנו ז'אוול ג'ל קרם מ,,750.00,100 גרם,false,,12.90,0.0172,true,1,179994
7290000289595,false,"אורביטול משחת שיניים לילדים בטעם תות שדה 145 מ""ל",טרופיקל דגיל תעשיות קוסמ,,אורביטול משחת שיניים,,145.00,"100 מ""ל",false,,8.90,0.0614,true,1,179997
7290000289748,false,"מסיר שומנים לתנורים פורטה פלוס סנו 750 מ""ל",החברה הדרומית לשיווק בעמ,,סנו פורטה פלוס לתנור,,750.00,100 גרם,false,,14.90,0.0199,true,1,180000
7290000289885,false,"מטהר אוויר ענק אושנבריז סנו פרש 375 מ""ל",החברה הדרומית לשיווק בעמ,,סנו פרש ענק אושן כחו,,375.00,100 גרם,false,,11.90,0.0317,true,1,180002
7290000292137,false,"נוזל לניקוי וטיפול מוצרי עור סנו 500 מ""ל",החברה הדרומית לשיווק בעמ,,סנו לניקוי עור 500מל,,500.00,"100 מ""ל",false,,29.90,0.0598,true,1,180015
7290000292533,false,סנו גל לניקוי כללי על בסיס שמן אורנים 1ל,החברה הדרומית לשיווק בעמ,,סנו ג'ל לניקוי 1ליטר,ליטרים,1.00,ליטר,false,,17.90,17.9000,true,1,231608
7290000292564,false,סנו K-2000 תרסיס מיקרו קפסולרי ללא ריח 750 מ”ל,החברה הדרומית לשיווק בעמ,,K 2000 סנו ללא ריח,יחידה,750.00,יחידה,false,,31.90,0.0425,true,1,180024
7290000292687,false,סנובון מוצק לניקוי אסלה קלאסיק כחול סנו 3 יחידות,החברה הדרומית לשיווק בעמ,,סנובון לאסלה כחול של,,165.00,100 גרם,false,,16.90,0.1024,true,1,180027
7290000292915,false,רסס ונגב לניקוי כללי תרסיס סנו (750 מל),החברה הדרומית לשיווק בעמ,,סנו רסס ונגב מרסס 75,,750.00,"100 מ""ל",false,,13.90,0.0185,true,1,180029
7290000292939,false,אקווה בלו למיכל אסלה100ג,סנו מפעלי ברונוס בעמ,,סנו אקווה בלו למיכל,,100.00,100 גרם,false,,12.90,0.1290,true,1,180030
7290000293073,false,מקסימה מרכך כביסה ביו לבן סנו 4 ליטר,החברה הדרומית לשיווק בעמ,,סנו מקסימה מרכך כביס,ליטרים,4.00,ליטר,false,,22.90,5.7250,true,1,180033
7290000293530,false,שקית מילוי לסנו סופג לחות ומונע עובש,החברה הדרומית לשיווק בעמ,,סופג לחות שקית מילוי,,340.00,100 גרם,false,,13.90,0.0409,true,1,180036
7290000293820,false,"קרמה מן שמפו וג'ל גל רחצה אקטיב בלוק 700מ""ל",החברה הדרומית לשיווק בעמ,,קרמה מן ג'ל רחצה אקט,,700.00,100 מ'ל,false,,17.90,0.0256,true,1,224482
7290000293943,false,"מרסס לבן מסיר אבנית 1 ליטר אנטי קאלק ""סנו""",החברה הדרומית לשיווק בעמ,,אנטי קאלק מרסס 1ליטר,,1000.00,100 גרם,false,,20.90,0.0209,true,1,180040
7290000294391,false,נוזל לניקוי כללי בניחוח סחלבים סנו ג'ט 4 ליטר,החברה הדרומית לשיווק בעמ,,סנו ג'ט יכול הכל סחל,,4000.00,"100 מ""ל",false,,19.90,0.0050,true,1,180041
7290000294575,false,סנו סושי רב מגבת 63 דפים בגליל,החברה הדרומית לשיווק בעמ,,סנו סושי רב מגבת 63ד,,200.00,100 גרם,false,,12.90,0.0645,true,1,180047
7290000294780,false,אקונומיקה סמיכה בריח לימון סנו ז'אוול 4 ליטר,החברה הדרומית לשיווק בעמ,,אקונומיקה סנו ז'אוול,ליטרים,4.00,ליטר,false,,17.90,4.4750,true,1,180049
7290000295121,false,מטליות זיגזג סנו סושי לניקוי רצפות 3יח',החברה הדרומית לשיווק בעמ,,מטלית זיגזג 3יח,,3.00,גרם,false,,11.90,3.9667,true,1,180051
7290000295299,false,סנו סושי כריות הפלא רב תכלתיות רביעייה,החברה הדרומית לשיווק בעמ,,סנו סושי כריות יפניו,,4.00,גרם,false,,11.90,2.9750,true,1,180053
7290000295336,false,סנו מקסימה אבקת כביסה סנסטיב מילוי1.25,החברה הדרומית לשיווק בעמ,,סנו מקסימה סנסיטיב א,קילוגרמים,1.25,"ק""ג",false,,14.90,11.9200,true,1,180055
7290000295343,false,"אבקת כביסה מקסימה ביו 1.25 ק""ג סנו",החברה הדרומית לשיווק בעמ,,סנו מקסימה ביו אבקת,קילוגרמים,1.25,"ק""ג",false,,14.90,11.9200,true,1,180056
7290000295367,false,"מקסימה אבקת כביסה אפקט ז'אוול סנו 2.5 ק""ג",החברה הדרומית לשיווק בעמ,,"אבקת מקסימה 2.5 ק""ג",קילוגרמים,2.50,"ק""ג",false,,25.90,10.3600,true,1,180057
7290000295404,false,שקיות אשפה עם שרוך 54 * 65 סנו סושי 60 יחידות,החברה הדרומית לשיווק בעמ,,שקיות אשפה 60 יח סנו,,60.00,100 מ'ל,false,,24.90,0.4150,true,1,180058
7290000295558,false,"רדיד אלומיניום רוחב 30 ס""מ סנו סושי 2 יח' 7.5 מטר",החברה הדרומית לשיווק בעמ,,סנו סושי צמד רדידי א,,0.30,100 מ'ל,false,,10.90,36.3333,true,1,180063
7290000295589,false,טלק לתינוק בייבי כיף 200 גרם,החברה הדרומית לשיווק בעמ,,בייבי כיף טלק 200גר,,200.00,100 גרם,false,,16.90,0.0845,true,1,180066
7290000295794,false,ספוגיות מתכת אל חלד לניקוי סנו 3 יחידות,החברה הדרומית לשיווק בעמ,,ספוגית מתכת סנו סושי,יחידה,0.00,יחידה,false,,9.90,0.0000,true,1,230750
7290000300016,false,פילה נסיכת הנילוס טר,,,פילה נסיכת הנילוס טר,קילוגרמים,1.00,"ק""ג",true,,69.90,69.9000,true,1,210678
7290000300054,false,פילה בס טרי,,,פילה בס טרי,קילוגרמים,1.00,"ק""ג",true,,51.90,51.9000,true,1,210681
7290000300092,false,פילה אדמונית טרי,,,פילה אדמונית טרי,קילוגרמים,1.00,"ק""ג",true,,69.90,69.9000,true,1,210685
7290000300108,false,דג בס טרי,,,דג בס טרי,קילוגרמים,1.00,"ק""ג",true,,49.90,49.9000,true,1,210686
7290000300153,false,ראש דג סלמון טרי,קריות זול,,ראש דג סלמון טרי,קילוגרמים,1.00,"ק""ג",true,,15.00,15.0000,true,1,210689
7290000300900,false,שניצל תירס מרכיבים טבעיים טבעול 750 גרם,קבוצת אוסם סחר שותפות מוגבלת,,שניצל תירס טבעול 750,,750.00,100 גרם,false,,28.90,0.0385,true,1,176662
7290000301910,false,לב עוף טרי ארוז,,,לב עוף טרי ארוז,קילוגרמים,1.00,"ק""ג",true,,34.90,34.9000,true,1,233385
7290000301920,false,כבד עוף טרי ארוז לצל,,,כבד עוף טרי ארוז לצל,קילוגרמים,1.00,"ק""ג",true,,24.90,24.9000,true,1,233386
7290000302027,false,סיגריות טיים אדום פא,"דובק בע""מ",,סיגריות טיים אדום פא,יחידה,0.00,יחידה,false,,290.00,0.0000,false,1,215949
7290000303581,false,פול מצרי פרי הגליל 560 גרם,ויטה- פרי גליל (החדשה) בעמ,,פול מיצרי 560גר,,560.00,"100 מ""ל",false,,7.90,0.0141,true,1,200776
7290000303598,false,שעועית לבנה ברוטב עגבניות פרי הגליל 570 גרם,ויטה- פרי גליל (החדשה) בעמ,,שעועית אפוייה 550גר,,550.00,"100 מ""ל",false,,7.90,0.0144,true,1,200777
7290000303604,false,חומוס גרגירים A2 פרי גליל 550ג',ויטה- פרי גליל (החדשה) בעמ,,חומוס גרגירים 550גר,,550.00,"100 מ""ל",false,,7.90,0.0144,true,1,200778
7290000305882,false,אס הרינג עם ירקות ברוטב עגבניות 120 גרם,דיפלומט מפיצים (1968) בעמ**,,אס ירקות עם דגים ברו,,120.00,"100 מ""ל",false,,5.90,0.0492,true,1,179373
7290000307015,false,אפונת גינה בינונית פרי הגליל 550 גרם,ויטה- פרי גליל (החדשה) בעמ,,אפונת גינה גדולה 550,,550.00,"100 מ""ל",false,,7.90,0.0144,true,1,200779
7290000307046,false,אפונת גינה וגזר פרי הגליל 550 גרם,ויטה- פרי גליל (החדשה) בעמ,,אפונה וגזר 550גר,,550.00,"100 מ""ל",false,,7.90,0.0144,true,1,200780
7290000307220,false,גרעיני תירס מתוק בואקום פרי הגליל 285 גרם,ויטה- פרי גליל (החדשה) בעמ,,תירס מתוק ואקום 340ג,,340.00,"100 מ""ל",false,,6.90,0.0203,true,1,200781
7290000307237,false,גרעיני תירס מתוק פרי הגליל 550 גרם,ויטה- פרי גליל (החדשה) בעמ,,תירס גרעינים 550 גר,,550.00,"100 מ""ל",false,,7.90,0.0144,true,1,200782
7290000307343,false,שעועית ירוקה חתוכה פרי הגליל 550 גרם,ויטה פרי גליל (החדשה) בע`מ,,שעועית ירוקה חתוכה 5,,550.00,100 גרם,false,,7.90,0.0144,true,1,200787
7290000307800,false,פול ירוק מוקפא פרי גליל 800ג',ויטה פרי גליל (החדשה) בע`מ,,פול ירוק 800גר,,800.00,100 גרם,false,,10.90,0.0136,true,1,200788
7290000307985,false,גרעיני תירס מתוק ללא למלח 325 גרם פרי הגליל,ויטה- פרי גליל (החדשה) בעמ,,תירס ללא תוספת סוכר,,340.00,100 גרם,false,,7.90,0.0232,true,1,200789
7290000311128,false,עוגיות מובחרות בטעם חמאה מן (300 גרם),רוקחמן בעמ מפעל לייצור ופלים ו,,עוגיות בטעם חמאה 300,,300.00,100 גרם,false,,7.90,0.0263,true,1,201268
7290000311172,false,פילה לברק טרי,,,פילה לברק טרי,קילוגרמים,1.00,"ק""ג",true,,110.00,110.0000,true,1,227716
7290000311234,false,וופל מן בטעם וניל 200 גרם,ח.כהן סוכנות מזון ומשקאות בע,,וופל מן וניל 200גר,,200.00,"100 מ""ל",false,,5.90,0.0295,true,1,215254
7290000311272,false,מן-וופלים במילוי חלווה 180 ג,מ.ד אטיאס סוכנויות מזון בע`מ,,וופל מן במילוי חלווה,,180.00,"100 מ""ל",false,,5.90,0.0328,true,1,215255
7290000311364,false,מן וופלים שוקולד טייק 1 מן 10*21 גרם,רוקחמן בעמ,,וופל מן בטעם שוקולד,,200.00,100 גרם,false,,8.90,0.0445,true,1,221418
7290000311425,false,ופל מצופה עשיריות מן 220 גרם מארז 10 יחידות,רוקחמן בעמ מפעל לייצור ופלים ו,,וופל מן מצופים עשירי,,220.00,"100 מ""ל",false,,8.90,0.0405,true,1,215259
7290000311708,false,מן עוגיות מחיטה מלאה 300 גרם*נ.ל.פ,רוקחמן בעמ מפעל לייצור ופלים ו,,עוגיות חיטה מלאה 300,,300.00,"100 מ""ל",false,,7.90,0.0263,true,1,201269
7290000311715,false,מן עוגיות כוכבים בטעם שוקולד 300 גרם*נ.ל.פ,רוקחמן בעמ מפעל לייצור ופלים ו,,עוגיות בטעם שוקולד 3,,300.00,100 גרם,false,,7.90,0.0263,true,1,201270
7290000311746,false,עוגיות בטעם קרמל מן (300 גרם),"רוקחמן בע""מ",,עוגיות בטעם קרמל 300,,300.00,"100 מ""ל",false,,7.90,0.0263,true,1,206224
7290000311753,false,עוגיות חיטה מלאה בטעם חלווה מן 250 גר',רוקחמן בעמ מפעל לייצור ופלים ו,,עוגיות חיטה מלאה בט,,250.00,100 גרם,false,,7.90,0.0316,true,1,240898
7290000311845,false,מן עוגיות חיטה מלאה ללא תוספת סוכר 200 ג,רוקחמן בעמ מפעל לייצור ופלים ו,,עוגיות קמח מלא ללא ס,,200.00,100 גרם,false,,10.90,0.0545,true,1,206225
7290000311869,false,מן-וופלים בטעם שוק ללא תוספת סוכר 180ג,רוקחמן בעמ מפעל לייצור ופלים ו,,וופל מן בטעם שוקולד,,180.00,100 גרם,false,,8.90,0.0494,true,1,206226
7290000311876,false,מן-וופלים בטעם וניל ללא תוספת סוכר 180ג,"רוקחמן בע""מ",,וופל מן בטעם וניל לל,,180.00,100 גרם,false,,8.90,0.0494,true,1,215263
7290000311883,false,עוגיות גרנולה ללא תוספת סוכר מן 200 גרם,רוקחמן בעמ מפעל לייצור ופלים ו,,עוגיות גרנולה ללא סו,,200.00,100 גרם,false,,10.90,0.0545,true,1,213773
7290000313160,false,זהבה ושלושת הדובים עוגיות בטעם שוקולד אסם 350 גרם,קבוצת אוסם סחר שותפות מוגבלת,,חברים זהבה ושלושת הד,,250.00,100 גרם,false,,8.90,0.0356,true,1,176672
7290000313184,false,עוגיות חברים גן חיות וניל אסם 250 גר',קבוצת אוסם סחר שותפות מוגבלת,,חברים ביסקויט גן חיו,,250.00,100 גרם,false,,8.90,0.0356,true,1,176673
7290000313290,false,אסם נודלס נודלס איטריות מסולסלות 200גר,קבוצת אוסם סחר שותפות מוגבלת,,נודלס איטריות מסולסל,,200.00,100 גרם,false,,10.90,0.0545,true,1,176675
7290000315133,false,קנור ציר בקר משחתי 300ג,יוניליוור ישראל שיווק בע`מ,,ציר בקר קנור 300גר,,300.00,100 גרם,false,,26.90,0.0897,true,1,182398
7290000318103,false,פסטרמה ברביקיו מעדניה,מעדני יחיעם ( 1993 ) בע`מ,,פסטרמה -ברביקיו יחיע,קילוגרמים,1.00,"ק""ג",true,,85.00,85.0000,true,1,172115
7290000318127,false,נקניקיות ביס יחיעם (380 גרם),מעדני יחיעם (1993) בעמ,,נקניקיות ביס יחיעם 3,,380.00,100 גרם,false,,11.90,0.0313,true,1,172155
7290000318165,false,פסטרמה אמיתית צלויה על גחלים מעדניה,מעדני יחיעם ( 1993 ) בע`מ,,פסטרמה אמיתית צלויה,קילוגרמים,1.00,"ק""ג",true,,85.00,85.0000,true,1,172117
7290000318349,false,פסטרמה בסגנון איטלקי,מעדני יחיעם 1993 בעמ,,פסטרמה בסגנון איטלק,קילוגרמים,1.00,"ק""ג",true,,79.00,79.0000,true,1,229915
7290000318387,false,פסטרמה הודו על האש{יחיעם},מעדני יחיעם 1993 בעמ,,פסטרמה הודו על האש י,קילוגרמים,1.00,"ק""ג",true,,79.00,79.0000,true,1,172121
7290000318493,false,כתף בקר מפולפל{מפולפל},מעדני יחיעם 1993 בעמ,,כתף בקר מפולפל יחיעם,קילוגרמים,1.00,"ק""ג",true,,139.00,139.0000,true,1,172123
7290000318677,false,נקניק סלמי סרוולט יחיעם 150 גרם,מעדני יחיעם (1993) בעמ,,סלמי סרוולט יחיעם 15,,150.00,100 גרם,false,,29.90,0.1993,true,1,172172
7290000318738,false,נקניק עוף אריזה אדומה 450 ג' יחיעם,מעדני יחיעם (1993) בעמ,,נקניק עוף יחיעם 450,,450.00,100 גרם,false,,11.90,0.0264,true,1,172176
7290000318745,false,*מבצע* סלמי תה יחיעם,קריות זול,,*מבצע* סלמי תה יחיעם,,400.00,100 גרם,false,,15.90,0.0398,true,1,172177
7290000318806,false,נקניק סרוולד סלמי מעדניה,מעדני יחיעם ( 1993 ) בע`מ,,סלמי סרוולד יחיעם,קילוגרמים,1.00,"ק""ג",true,,179.00,179.0000,true,1,172126
7290000318882,false,"מעושן איטלקי ק""ג{יחיעם}",מעדני יחיעם (1993) בעמ,,נקניק מעושן איטלקי י,קילוגרמים,1.00,"ק""ג",true,,99.00,99.0000,true,1,172130
7290000318929,false,סלמי צרפתי מובחר במשקל,מעדני יחיעם ( 1993 ) בע`מ,,סלמי צרפתי יחיעם,קילוגרמים,1.00,"ק""ג",true,,179.00,179.0000,true,1,172132
7290000318943,false,פסטרמה של פעם מעושן 1.5% יחיעם 200 גרם,מעדני יחיעם ( 1993 ) בע`מ,,פסטרמה של פעם יחיעם,,200.00,100 גרם,false,,23.90,0.1195,true,1,172183
7290000319049,false,פסטרמה מעודנת בפפריק,,,פסטרמה מעודנת בפפריק,קילוגרמים,1.00,"ק""ג",true,,55.00,55.0000,true,1,172136
7290000319124,false,סלמי סרוולט מאפ יחיעם 250 גרם,מעדני יחיעם ( 1993 ) בע`מ,,סלמי סרוולט 250 גרם,,250.00,100 גרם,false,,41.90,0.1676,true,1,172188
7290000319131,false,נקניקיות עוף יחיעם 400 גרם,מעדני יחיעם (1993) בעמ,,נקניקיות עוף יחיעם 4,,400.00,100 גרם,false,,11.90,0.0298,true,1,172189
7290000319704,false,כתף בקר מעושן יחיעם מעדניה,מעדני יחיעם ( 1993 ) בע`מ,,כתף בקר מעושן יחיעם,קילוגרמים,1.00,"ק""ג",true,,139.00,139.0000,true,1,172141
7290000319728,false,נקניק איטלקי מפולפל מעדניה,מעדני יחיעם ( 1993 ) בע`מ,,מעושן איטלקי מפולפל,קילוגרמים,1.00,"ק""ג",true,,79.00,79.0000,true,1,172142
7290000319803,false,קבנוס קלאסי יחיעם (125 גרם),מעדני יחיעם ( 1993 ) בע`מ,,קבנוס קלאסי יחיעם 12,,125.00,"100 מ""ל",false,,14.90,0.1192,true,1,172214
7290000319834,false,קבנוס פפרוני יחיעם (125 גרם),מעדני יחיעם ( 1993 ) בע`מ,,קבנוס פפרוני קלאסי י,,125.00,100 גרם,false,,14.90,0.1192,true,1,172216
7290000319841,false,פסטרמה מהמעשנה יחיעם,יחיעם,,פסטרמה מהמעשנה יחיעם,קילוגרמים,1.00,"ק""ג",true,,85.00,85.0000,true,1,249321
7290000319971,false,צלעות בקר על האש יחי,מעדני יחיעם,,צלעות בקר על האש יחי,קילוגרמים,1.00,"ק""ג",true,,149.00,149.0000,true,1,172144
7290000334325,false,ציפס למיקרו מארז שלישיה 125 ג' תפוגן,קבוצת אוסם סחר שותפות מוגבלת,,ציפס תפוגן למיקרו מא,,375.00,"100 מ""ל",false,,14.90,0.0397,true,1,176684
7290000334684,false,תפוגן טבעות בצל לתנור 700 גרם,קבוצת אוסם סחר שותפות מוגבלת,,טבעות בצל תפוגן 700ג,,700.00,"100 מ""ל",false,,18.90,0.0270,true,1,176690
7290000334745,false,"ציפס אמריקאי דקדק תפוגן 1.5 ק""ג",קבוצת אוסם סחר שותפות מוגבלת,,"ציפס אמריקאן 1.5ק""ג",,1500.00,100 גרם,false,,26.90,0.0179,true,1,176693
7290000339191,false,רן אבקת הלבנה לכביסה 350 גרם,יוניליוור ישראל שיווק בע`מ,,אבקת הלבנה רן 350גר,,350.00,100 גרם,false,,21.90,0.0626,true,1,182443
7290000339566,false,מרכך כביסה ורוד בדין (4 ליטר),יוניליוור ישראל שיווק בע`מ,,בדין ורוד מרכך כביסה,ליטרים,4.00,ליטר,false,,19.90,4.9750,true,1,182444
7290000342832,false,מרכך כביסה צהוב בדין (4 ליטר),יוניליוור ישראל שיווק בע`מ,,בדין צהוב מרכך כביסה,ליטרים,4.00,ליטר,false,,19.90,4.9750,true,1,182452
7290000345055,false,תה עלים ארל גריי ויסוצקי 100 גרם,תה ויסוצקי (ישראל) בעמ,,תה ארל גריי עלים ויס,,100.00,100 גרם,false,,14.90,0.1490,true,1,190463
7290000345116,false,תה ירוק עלים ויסוצקי (125 גרם),תה ויסוצקי (ישראל) בעמ,,תה ירוק ויסוצקי 125ג,,125.00,100 גרם,false,,15.90,0.1272,true,1,190466
7290000345215,false,תה כחול קלאסיק ויסוצקי 100 יחידות,תה ויסוצקי (ישראל) בעמ,,תה ויסוצקי קלאסיק כח,,100.00,100 גרם,false,,17.90,0.1790,true,1,190469
7290000345260,false,תה קלאסיק מעטפות ויסוצקי 25 יחידות,תה ויסוצקי (ישראל) בעמ,,תה ויסוצקי קלאסיק 25,,25.00,גרם,false,,7.90,0.3160,true,1,190470
7290000345284,false,תה ויסוצקי קלאסי אריזה ירוקה מרובעת (100 שקיקים),תה ויסוצקי (ישראל) בעמ,,תה ויסוצקי קלאסיק יר,,150.00,100 גרם,false,,17.90,0.1193,true,1,190472
7290000345291,false,תה ארל גרי 1.5/ 25 שקיקים ויסוצקי,תה ויסוצקי (ישראל) בעמ,,תה ארל גריי ויסוצקי,,25.00,יח',false,,16.90,0.6760,true,1,190473
7290000345307,false,תה ארל גרי 1.5/ 50 שקיקים ויסוצקי,תה ויסוצקי (ישראל) בעמ,,תה ארל גריי ויסוצקי,,75.00,100 גרם,false,,29.90,0.3987,true,1,190474
7290000345536,false,תה נענע 1.5/ 25 שקיקים ויסוצקי,תה ויסוצקי (ישראל) בעמ,,תה נענע 25יח,,37.50,100 גרם,false,,19.90,0.5307,true,1,190477
7290000346021,false,חליטת קמומיל הגן הקסום ויסוצקי 50 יחידות,תה ויסוצקי (ישראל) בעמ,,תה קמומיל ויסוצקי 50,,50.00,100 מ'ל,false,,36.90,0.7380,true,1,190482
7290000346120,false,חליטת קינמון הגן הקסום ויסוצקי 25 יחידות,תה ויסוצקי (ישראל) בעמ,,תה קסם הקנמון 25יח,,62.50,100 גרם,false,,19.90,0.3184,true,1,190483
7290000346137,false,חליטת הילולי פירות הגן הקסום ויסוצקי 25 יחידות,תה ויסוצקי (ישראל) בעמ,,תה הילולי פירות 25יח,,62.50,100 גרם,false,,19.90,0.3184,true,1,190484
7290000346168,false,חליטת שומר הגן הקסום ויסוצקי 25 יחידות,תה ויסוצקי (ישראל) בעמ,,תה חליטת שומר גן הקס,,37.50,100 גרם,false,,19.90,0.5307,true,1,190487
7290000346199,false,חליטת פירות יער הגן הקסום ויסוצקי 25 יחידות,תה ויסוצקי (ישראל) בעמ,,תה פירות יער גן הקסו,,67.50,100 גרם,false,,19.90,0.2948,true,1,190488
7290000346205,false,חליטת קמומיל הגן הקסום ויסוצקי 25 יחידות,תה ויסוצקי (ישראל) בעמ,,תה קמומיל גן הקסום 2,,37.50,100 גרם,false,,19.90,0.5307,true,1,190489
7290000346960,false,תה ויסוצקי נענע 1.7 גרם 50יח',תה ויסוצקי (ישראל) בעמ,,תה נענע ויסוצקי 50יח,,75.00,100 גרם,false,,34.90,0.4653,true,1,190496
7290000347738,false,תה ירוק בתוספת עלי נענע 25 שקיקים,תה ויסוצקי (ישראל) בעמ,,תה ירוק נענע 25יח,,37.50,"100 מ""ל",false,,25.90,0.6907,true,1,190501
7290000347752,false,תה ירוק לימונית ולואיזה 25 שקיקים *1.5 ג'' ויסוצקי,תה ויסוצקי (ישראל) בעמ,,תה ירוק לימונית ולוא,,37.50,"100 מ""ל",false,,25.90,0.6907,true,1,190503
7290000355498,false,רוטב עגבניות A2 BX28 טומטו 580ג',ויטה- פרי גליל (החדשה) בעמ,,רסק עגבניות 28% טומט,,580.00,100 גרם,false,,8.90,0.0153,true,1,229755
7290000355757,false,עגבניות מרוסקות טריות טל 800 גרם,ויטה- פרי גליל (החדשה) בעמ,,עגבניות מרוסקות 800ג,,800.00,100 גרם,false,,9.90,0.0124,true,1,200800
7290000363462,false,סלמי איטלקי מעושן ט.צבי,תנובה בשר,,נקניק סלמי מעושן איט,קילוגרמים,1.00,"ק""ג",true,,85.00,85.0000,true,1,226495
7290000363486,false,נקניק תה טירת צבי מע,תנובה בשר,,נקניק תה טירת צבי,קילוגרמים,1.00,"ק""ג",true,,54.00,54.0000,true,1,226496
7290000364131,false,סלמי פריזר כפרי טירת 400 ג' צבי,תנובה ענף ב.ע.ד,,סלמי פריזר כפרי טירת,,400.00,100 גרם,false,,18.90,0.0472,true,1,188163
7290000364261,false,"דקניקים, סלסולי פסטרמה כתף בקר מעושנת 120 גרם",תנובה מרכז שיתופי לשיווק תוצרת,,סלסולי פסטרמה כתף בק,,120.00,100 גרם,false,,15.90,0.1325,true,1,188164
7290000364278,false,דקניקים סלסולי סלמי איטלקי משובח טירת צבי 120 גרם,תנובה מרכז שיתופי לשיווק תוצרת,,סלסולי סלמי איטלקי מ,,120.00,100 גרם,false,,15.90,0.1325,true,1,188165
7290000364803,false,נקניקיות בקר אמריקאיות טירת צבי 500 גרם,הנסיך- מפעל לייצור ט,,נקניקיות בקר בסגנון,,500.00,100 גרם,false,,25.90,0.0518,true,1,188168
7290000364858,false,"נקניקיות עוף טרי טירת צבי 1 ק""ג",הנסיך- מפעל לייצור ט,,נקניקיות עוף טירת צב,,1000.00,"100 מ""ל",false,,25.90,0.0259,true,1,188169
7290000364872,false,נקניקיות עוף טירת צבי (400 גרם),טיב טירת צבי 2000,,נקניקיות עוף טירת צב,,400.00,"100 מ""ל",false,,14.90,0.0373,true,1,188170
7290000365046,false,פסטרמה כתף בקר מעושן,טירת- צבי,,פסטרמה כתף בקר מעושן,קילוגרמים,1.00,"ק""ג",true,,109.00,109.0000,true,1,226503
7290000365398,false,חזה הודו בדבשטירת צבי,תנובה בשר,,פסטרמה חזה הודו בדבש,קילוגרמים,1.00,"ק""ג",true,,85.00,85.0000,true,1,226504
7290000365954,false,פסטרמה גחלים טירת צבי,תנובה בשר,,פסטרמה הודו גחלים טי,קילוגרמים,1.00,"ק""ג",true,,85.00,85.0000,true,1,226507
7290000367590,false,פסטרמה כפרית וסלמי פריזר כפרי טירת צבי 2*400 גרם,תנובה מרכז שיתופי לשיווק תוצרת,,פסטרמה צמד סלמי 400ג,,800.00,"100 מ""ל",false,,29.90,0.0374,true,1,188172
7290000372204,false,דג ברמונדי בינוני נק,,,דג ברמונדי בינוני נק,קילוגרמים,1.00,"ק""ג",true,,49.90,49.9000,true,1,227650
7290000408316,false,יוגורט דנונה דל לקטוז 200 גרם,שטראוס גרופ בעמ/מצונן,,דנונה טבעי 3% 200גר,,200.00,"100 מ""ל",false,,3.70,0.0185,true,1,195240
7290000408354,false,יוגורט עם אורז מצופה שוקולד קקאו 175 ג' דנונה,שטראוס גרופ בעמ/מצונן,,דנונה בר פיצפוצים 17,,173.00,100 גרם,false,,4.70,0.0272,true,1,195241
7290000412481,false,נוזל לניקוי אסלות 00 סנו (1 ליטר),החברה הדרומית לשיווק בעמ,,מנקה אסלות 00 סנו 1ל,,1000.00,"100 מ""ל",false,,8.90,0.0089,true,1,180075
7290000412764,false,"פזטוקס קוטל חרקים סנו 630 מ""ל",החברה הדרומית לשיווק בעמ,,פזטוקס אירוסלים,,630.00,"100 מ""ל",false,,19.90,0.0316,true,1,180076
7290000416021,false,ממרח בטעם שוקולד השחר העולה (500 גרם),השחר העולה תעשית ממתקים בעמ,,ממרח השחר 500גר,,500.00,100 גרם,false,,13.90,0.0278,true,1,181201
7290000416045,false,ממרח בטעם שוקולד השחר העולה (1 קג),השחר העולה תעשית ממתקים בעמ,,"ממרח השחר חדש 1 ק""ג",,1000.00,100 גרם,false,,24.90,0.0249,true,1,181203
7290000416076,false,"צימקאו לאפייה וציפוי השחר 400 גרם כשל""פ",השחר העולה תעשית ממתקים בעמ,,צימקאו לבישול השחר 4,,400.00,"100 מ""ל",false,,13.90,0.0348,true,1,181204
7290000416618,false,"ממרח שוקולד פרווה השחר 400 גרם כשל""פ",השחר העולה תעשית ממתקים בעמ,,"ממרח השחר בד""צ 400גר",,400.00,100 גרם,false,,12.90,0.0323,true,1,181207
7290000416632,false,"ממרח שוקולד פרווה השחר 1 ק""ג כשל""פ",השחר העולה תעשית ממתקים בעמ,,ממרח השחר פרווה 1קג,,1000.00,100 גרם,false,,24.90,0.0249,true,1,181208
7290000418155,false,תחבושות טופ-פד סופר-פלוס 16 יחידות,מוצרי נייר עמיר,,תחבושות טופ פד סופר,יחידה,0.00,יחידה,false,,6.90,0.0000,true,1,171791
7290000419107,false,לנדוור קפה מקורי לבוקר טחון טורקי 100 גרם,קפה לנדוור בע''מ,,לנדוור קפה שחור 100ג,,100.00,100 גרם,false,,7.90,0.0790,true,1,176701
7290000419220,false,לנדוור כחול המקורי קפה טחון טורקי 3*100 גרם 16 יח',ש.שסטוביץ בעמ,,לנדוור קפה כחול מארז,,300.00,100 גרם,false,,17.90,0.0597,true,1,176703
7290000419374,false,לנדוור לבוקר קפה טחון טורקי 3*100 גרם 16 יח',ש.שסטוביץ בעמ,,לנדוור קפה טחון טורק,,300.00,"100 מ""ל",false,,17.90,0.0597,true,1,176705
7290000419893,false,לנדוור קפה שחור חזק טחון טורקי 100 גרם,מולינו ניקולי s.p.a,,לנדוור קפה שחור לבוק,,100.00,100 גרם,false,,7.90,0.0790,true,1,176713
7290000419909,false,לנדוור קפה שחור לבוקר טחון טורקי 100 גרם,מולינו ניקולי s.p.a,,לנדוור קפה שחור טעם,,100.00,"100 מ""ל",false,,7.90,0.0790,true,1,176714
7290000420325,false,"פופסטאר פופקורן למקירוגל בטעם טבעי 5 שקיות,500 גרם",פרסטון פארמס,,פופסטאר בטעם טבעי 5י,,500.00,100 גרם,false,,13.90,0.0278,true,1,206789
7290000420332,false,פופסטאר פופקורן למיקרוגל בטעם חמאה 5 יחידות 500 גרם,פרסטון פארמס,,פופסטאר בטעם חמאה 5י,,500.00,100 גרם,false,,13.90,0.0278,true,1,206790
7290000436203,false,עוגיות שוקו ציפ'ס בר-מן 200 גרם,ח.כהן סוכנות מזון ומשקאות בע,,עוגיות שוקו ציפס ברמ,,180.00,100 גרם,false,,5.90,0.0328,true,1,176716
7290000449128,false,סיף פנטסטיק לימון ניקוי רב תכליתי 4ל',יוניליוור ישראל שיווק בע`מ,,סיף פנטסטיק לניקוי כ,,4000.00,"100 מ""ל",false,,22.90,0.0057,true,1,182456
7290000453125,false,שמרית שמרים טריים לאפיה +משפר אפיה 100ג,שטראוס גרופ בעמ/מצונן,,שמרית + משפר אפיה 10,,100.00,100 גרם,false,,8.90,0.0890,true,1,195248
7290000453200,false,בלילה להכנת פנקייק עם רכיבים ביתיים,שטראוס גרופ בעמ/מצונן,,בלילה מצוננת פנקייק,,750.00,"100 מ""ל",false,,22.90,0.0305,true,1,247386
7290000453323,false,קמח תמי עמילן חיטה ללא גלוטן 500 גרם,י.איטליאנו אחזקות בעמ,,קמח תמי עמילן חיטה ל,,500.00,100 גרם,false,,18.90,0.0378,true,1,248681
7290000453408,false,בצק פיצה דק מצונן ומוכן לאפייה שמרית 415 גרם,שטראוס גרופ בעמ/מצונן,,בצק פיצה דק שמרית מצ,,415.00,100 גרם,false,,17.90,0.0431,true,1,233464
7290000453415,false,בצק עלים מצונן ומוכן לאפייה שמרית 300 גרם,שטראוס גרופ בעמ/מצונן,,בצק עלים שמרית מצונן,,300.00,100 גרם,false,,16.90,0.0563,true,1,233465
7290000453422,false,בצק פילו מצונן ומוכן לאפייה שמרית 300 גרם,שטראוס גרופ בעמ/מצונן,,בצק פילו שמרית מצונן,,300.00,100 גרם,false,,16.90,0.0563,true,1,233466
7290000453781,false,שמרים יבשים שמרית 125 גרם,"פאקא תעשיות בע""מ",,שמרים יבשים שמרית 12,,125.00,"100 מ""ל",false,,6.50,0.0520,true,1,225345
7290000453798,false,שמרית שמרים יבשים אקטיביים 500 גר',"גי' בי' רכיבים בע""מ",,שמרים יבשים אקטיביים,,500.00,"100 מ""ל",false,,14.90,0.0298,true,1,207900
7290000453866,false,נטורינה תחליף מרגרינה לבישול ואפיה קוקוס שמרית 200 גרם,שטראוס גרופ בעמ/מצונן,,שמרית תחליף מרגרינה,,200.00,"100 מ""ל",false,,8.90,0.0445,true,1,221857
7290000453880,false,מרגרינה ללא מלח לאפיה ובישול שמרית 200גר,שטראוס גרופ בעמ (ח),,מרגרינה ללא מלח לאפי,,200.00,100 גרם,false,,6.50,0.0325,true,1,195250
7290000453897,false,מרגרינה בטעם חמאה שמרית 200 גרם,גרונבאנג- גרונדנסק א,,מרגרינה בטעם חמאה 20,,200.00,100 גרם,false,,6.50,0.0325,true,1,195251
7290000454546,false,פיתה,,,פיתה,יחידה,0.00,יחידה,false,,1.50,0.0000,true,1,216993
7290000461625,false,בייגלה שמיניות מלח בייגל בייגל 400 ג',יוניליוור ישראל שיווק בע`מ,,בייגלה שמיניות מלוחו,,400.00,100 גרם,false,,10.90,0.0273,true,1,182461
7290000461656,false,בייגלה מקלות מלוחים בייגל בייגל 400 גרם,יוניליוור ישראל שיווק בע`מ,,בייגלה מקלות 400גר,,400.00,100 גרם,false,,10.90,0.0273,true,1,182463
7290000462103,false,סחוג תימני אדום חריף עדין זהבי הכרם 150 גרם,שטראוס גרופ בעמ/מצונן,,סחוג אדום חריף עדין,,150.00,"100 מ""ל",false,,10.90,0.0727,true,1,195252
7290000462141,false,סחוג אדום תימני מקורי חריף מאוד זהבי 150 גרם,שטראוס גרופ בעמ/מצונן,,סחוג אדום חריף מאוד,,150.00,"100 מ""ל",false,,10.90,0.0727,true,1,195254
7290000462172,false,סחוג זחוק ירוק תימני חריף זהבי (150 גרם),שטראוס גרופ בעמ/מצונן,,סחוג ירוק חריף מאוד,,150.00,100 גרם,false,,10.90,0.0727,true,1,195256
7290000462981,false,סחוג זחוק חריף אש זהבי (150 גרם),שטראוס גרופ בעמ/מצונן,,זחוק חריף אש 150 גרם,,150.00,100 גרם,false,,10.90,0.0727,true,1,242332
7290000467153,false,מלך החומוס סמיר הגדול 400 גרם צבר,קבוצת אוסם סחר שותפות מוגבלת,,חומוס סמיר הגדול צבר,,400.00,100 גרם,false,,14.50,0.0363,true,1,176777
7290000467320,false,מלך החומוס אבו מרוואן 400 גרם,קבוצת אוסם סחר שותפות מוגבלת,,חומוס אבו מרוואן צבר,,400.00,100 גרם,false,,14.50,0.0363,true,1,176782
7290000469638,false,"ספריי לגיהוץ קל מריטו 500 מ""ל",בולטון מניטובה,,מריטו ספריי גיהוץ 50,,500.00,"100 מ""ל",false,,24.90,0.0498,true,1,185379
7290000474090,false,"חלב בקרטון 1%- 1 ליטר בד""צ - מוצר בפיקוח",החברה המרכזית טלהפצת משקאות בע,,חלב בקרטון טרה 1% 1ל,,1000.00,100 גרם,false,,5.86,0.0059,true,1,184383
7290000474502,false,גבינה לבנה טרה 5% מרכיבים טבעיים,החברה המרכזית טלהפצת משקאות בע,,גבינה לבנה 5% 250גר,,250.00,100 גרם,false,,4.98,0.0199,true,1,184394
7290000474540,false,טוב טעם גבינה לבנה 3% טרה 250 גרם,החברה המרכזית טלהפצת משקאות בע,,גבינת 3% טוב טעם 250,,250.00,100 גרם,false,,11.90,0.0476,true,1,184396
7290000474830,false,נעם גבינה צהובה מגורדת 28% טרה 500 גרם,החברה המרכזית טלהפצת משקאות בע,,גבינה צהובה 28% מגור,,500.00,100 גרם,false,,35.90,0.0718,true,1,184398
7290000480107,false,קוואקר שיבולת שועל פחית 500 גרם,שטראוס פריטו ליי בעמ,,קוואקר מהיר אטוס פחי,,500.00,100 גרם,false,,14.90,0.0298,true,1,183975
7290000480442,false,קוואקר שיבולת שועל בשקית 500 גרם,שטראוס פריטו ליי בע`מ,,קואקר שבולת שועל שקי,,500.00,"100 מ""ל",false,,13.90,0.0278,true,1,183976
7290000481029,false,10 פיתות בטעם ביתי דגנית עין בר,דגנית עין בר תעשיות מזון ואפיה,,פיתות בטעם ביתי 10 י,,1000.00,"100 מ""ל",false,,10.90,0.0109,true,1,244420
7290000481043,false,10 פיתות מקמח כוסמין מלא דגנית,דגנית עין בר תעשיות מזון,,פיתות כוסמין מארז 10,,700.00,"100 מ""ל",false,,15.90,0.0227,true,1,244976
7290000481074,false,לחם משלושה קמחים מלאים 750 גר,דגנית עין בר תעשיות מזון ואפיה,,*מבצע* לחם טריו דגני,,750.00,100 גרם,false,,14.90,0.0199,true,1,249095
7290000481180,false,לחם מחמצת שאור 550 גרם דגנית,דגנית עין בר תעשיות מזון ואפיה,,לחם מחמצת שאור דגנית,,550.00,100 גרם,false,,17.90,0.0325,true,1,250642
7290000481197,false,לחם מחמצת גרעינים ושיבולת שועל 550 גרם דגנית,דגנית עין בר תעשיות מזון ואפיה,,לחם מחמצת גרעינים וש,,550.00,100 גרם,false,,17.90,0.0325,true,1,250643
7290000481203,false,לחם מחמצת מקמח מלא 550 גרם דגנית,דגנית עין בר תעשיות מזון ואפיה,,לחם מחמצת מקמח מלא ד,,550.00,100 גרם,false,,17.90,0.0325,true,1,250644
7290000481487,false,חלה רגילה 500גר,,,חלה רגילה 500גר,,500.00,100 גרם,false,,5.40,0.0108,true,1,194701
7290000481517,false,שתי פוקצ`ות עם שמן זית זעתר ושומשום,דגנית עין בר תעשיות מזון ואפיה,,פוקצות 2יח עם שמן זי,,320.00,100 גרם,false,,11.90,0.0372,true,1,250641
7290000482033,false,שקיות לצליה בתנור ובמיקרוגל קוקי 5 יחידות,הנסיך- מפעל לייצור ט,,קוקי שקיות ענק בתנור,,5.00,גרם,false,,10.90,2.1800,true,1,185382
7290000484747,false,"ארק עלית 700 מ""ל 40% יקב הגליל*",יקב הגליל יוסף גולד ובניו,,הארק עלית 40% 700מל,,700.00,100 גרם,false,,58.90,0.0841,true,1,215272
7290000490601,false,גלידל וניל פלדמן מארז שמינייה,הגלידות של פלדמן,,גלידל חלבי מאגדת בטע,,8.00,יח',false,,29.90,3.7375,true,1,234676
7290000490717,false,מאגדת גלית- שלגון חלבי בטעם וניל עם ציפו,הגלידות של פלדמן,,גלית שרבט בטעם תות 8,,8.00,100 מ'ל,false,,21.90,2.7375,true,1,244581
7290000490762,false,גלידל שוקו פלדמן מארז שמינייה,הגלידות של פלדמן,,גלידל חלבי מאגדת בטע,,8.00,100 מ'ל,false,,29.90,3.7375,true,1,234677
7290000493176,false,אסם אבקת רוטב צלי לבשר 22 ג',קבוצת אוסם סחר שותפות מוגבלת,,אבקת רוטב צלי אסם 22,,22.00,100 גרם,false,,4.90,0.2227,true,1,176800
7290000493183,false,אבקת רוטב פטריות לבשר-30 גרם,קבוצת אוסם סחר שותפות מוגבלת,,אבקת רוטב פטריות אסם,,30.00,100 גרם,false,,4.90,0.1633,true,1,176801
7290000497044,false,לחם אקטיב ברמן (750 גרם),מאפית י את א ברמן בע,,לחם אקטיב ברמן 750גר,,750.00,"100 מ""ל",false,,16.90,0.0225,true,1,199442
7290000497112,false,"לחם כהה פרוס וארוז ""ברמן""-מוצר בפיקוח",מאפית י את א ברמן בע,,לחם אחיד פרוס ברמן,,750.00,"100 מ""ל",false,,7.10,0.0095,true,1,199446
7290000497228,false,לחמניה רגילה בשקית ברמן 6יח',מאפית י את א ברמן בע,,לחמניות בשקית 6יח,,450.00,"100 מ""ל",false,,10.90,0.0242,true,1,199453
7290000497273,false,לחמניות אקטיב ברמן שישייה 450 גרם,מאפית י את א ברמן בע,,לחמניות אקטיב 6 יח',,450.00,100 גרם,false,,13.50,0.0300,true,1,199454
7290000497303,false,"שישיית לחמניות מקמח מלא ""ברמן""",מאפית י את א ברמן בע,,לחמניה מקמח מלא 6יח,,540.00,"100 מ""ל",false,,10.90,0.0202,true,1,199455
7290000497426,false,לחם ברמן לענין פלוס 500 גרם,מאפית י את א ברמן בע,,לחם ברמן לענין פלוס,,500.00,"100 מ""ל",false,,16.90,0.0338,true,1,199459
7290000497532,false,לחם ברמן לעניין פרוס ברמן (750 גרם),מאפית י את א ברמן בע,,לחם ברמן לעניין 750ג,,750.00,100 גרם,false,,14.90,0.0199,true,1,199465
7290000497570,false,לחם דגנים פלוס ברמן 500 גרם,מאפית י את א ברמן בע,,לחם דגנים פלוס ברמן,,500.00,"100 מ""ל",false,,16.90,0.0338,true,1,199467
7290000498003,false,לחם מקמח מלא 750 גר`E FREE ברמן,מאפית י את א ברמן בע,,לחם מקמח מלא ברמן 75,,750.00,"100 מ""ל",false,,16.90,0.0225,true,1,223604
7290000498034,false,לחם אי פרי קמח כוסמין מלא 750 גר',מאפית י את א ברמן בע,,לחם מקמח כוסמין מלא,,750.00,"100 מ""ל",false,,16.90,0.0225,true,1,233527
7290000498256,false,מארז 10 לחמניות בשקית ברמן,מאפית י את א ברמן בע,,מארז 10יח לחמניות בר,יחידה,0.00,יחידה,false,,13.90,0.0000,true,1,199503
7290000504025,false,ממתיק סוכרזית פטרייה עלית 300 גרם,אף.סי תבליני בגליל ב,,סוכרזית פטריה 300 טב,,300.00,גרם,false,,9.90,0.0330,true,1,207909
7290000504209,false,"סוכרזית דיאט טיפ נוזלי 220 מ""ל",אף.סי תבליני בגליל ב,,סוכרזית קלאסי נוזלי,,220.00,"100 מ""ל",false,,21.90,0.0995,true,1,207912
7290000504278,false,ממתיק סוכרזית אריזת פטנט 700 טבליות,אף.סי תבליני בגליל ב,,סוכרזית פטנט 700טבלי,,700.00,100 מ'ל,false,,18.90,0.0270,true,1,207914
7290000515014,false,קמח חיטה לבן בהיר באר שבע,טחנות קמח שטיבל בש בעמ,,קמח חיטה לבן בהיר שט,,1000.00,100 מ'ל,false,,5.40,0.0054,true,1,216482
7290000515106,false,סולת וחבילות באר שבע,טחנות קמח שטיבל בש בעמ,,"סולת באר שבע 1ק""ג",,1000.00,100 מ'ל,false,,5.40,0.0054,true,1,216483
7290000518114,false,מתוק וקל אבקה ללא סודיום 200 גרם,מתוק וקל בע`מ,,מתוק וקל אבקה 200 גר,,200.00,"100 מ""ל",false,,9.90,0.0495,true,1,206490
7290000518152,false,ממתיק זהב מתוק וקל 50 שקיות,מתוק וקל בע`מ,,מתוק וקל זהב 50 שקיו,,50.00,100 גרם,false,,6.90,0.1380,true,1,206493
7290000518176,false,מתוק וקל 250 שקיות 250 גרם,מתוק וקל בע`מ,,*מבצע* מתוק וקל ענק,,250.00,100 גרם,false,,18.90,0.0756,true,1,206495
7290000518190,false,מתוק וקל סטיביה 100 יחידות,מתוק וקל,,מתוק וקל סטיביה 100,יחידה,0.00,יחידה,false,,27.90,0.0000,true,1,220688
7290000518220,false,ממתיק סוכרה דיאט 100 יחידות,מתוק וקל בעמ,,סוכרה דיאט 100 שקיות,יחידה,0.00,יחידה,false,,27.90,0.0000,true,1,220689
7290000518251,false,ממתיק זהב מתוק וקל 100 יחידות,מתוק וקל בע`מ,,מתוק וקל זהב 100 שקי,,100.00,100 גרם,false,,14.90,0.1490,true,1,206496
7290000518336,false,ממתק צמר גפן מתוק מסיבים תזונתיים,מתוק וקל בעמ,,מווש צמר גפן מתוק 10,,10.00,100 ליטר,false,,4.90,0.4900,true,1,250044
7290000521008,false,יין אדום יבש של סגל (750 מל),"כרמי צבי - אחים סגל בע""\",,יין סגל אדום יבש 750,,750.00,"100 מ""ל",false,,24.90,0.0332,true,1,173034
7290000521015,false,יין לבן יבש של סגל (750 מל),"מיוצר ע""י כרמי צבי-",,יין סגל לבן יבש 750מ,,750.00,"100 מ""ל",false,,24.90,0.0332,true,1,173035
7290000523125,false,מלח הארץ הים האדום 250 ג' עדין,"חברת מלח הארץ אילת בע""\מ",,מלח הארץ ים יבש 250,,250.00,"100 מ""ל",false,,6.90,0.0276,true,1,190505
7290000523224,false,מלח הארץ הים האדום 500 ג' עדין,"חברת מלח הארץ אילת בע""\מ",,מלח הארץ ים יבש 500,,500.00,"100 מ""ל",false,,9.90,0.0198,true,1,190506
7290000523514,false,מלח ים יבש מופחת נתרן מלח הארץ (250 גרם),"חברת מלח הארץ אילת בע""\מ",,מלח הארץ 50% מכמות ה,,250.00,100 גרם,false,,11.90,0.0476,true,1,190507
7290000523521,false,מלח ים מלח הארץ 250 גרם מועשר ביוד,חברת מלח הארץ אילת ב,,מלח הארץ מעושר ביוד,,250.00,100 גרם,false,,7.70,0.0308,true,1,190508
7290000523804,false,"מלח עדין צנצנת 1 ק""ג מלח הארץ","חברת מלח הארץ אילת בע""\מ",,מלח הארץ עדין צנצנת,,1000.00,100 גרם,false,,8.90,0.0089,true,1,190509
7290000523811,false,"צנצנת מלח גס 1 ק""ג מלח הארץ","חברת מלח הארץ אילת בע""\מ",,מלח הארץ גס צנצנת 1ק,,1000.00,100 גרם,false,,8.90,0.0089,true,1,190510
7290000525969,false,מיץ תפוזים סחוט רכיבים טבעיים פרימור 1 ליטר,שטראוס גרופ בעמ/מצונן,,פרימור תפוזים 1ליטר,,1000.00,100 גרם,false,,16.90,0.0169,true,1,195258
7290000530024,false,נקניק תה מעושן רחב במשקל,נקניק זוגלובק נהריה,,תה מעושן זוגלובק,קילוגרמים,1.00,"ק""ג",true,,54.00,54.0000,true,1,211533
7290000530031,false,סלמי פיין צר זוגלובק,זוגלובק,,סלמי פיין צר זוגלובק,קילוגרמים,1.00,"ק""ג",true,,58.00,58.0000,true,1,211534
7290000530048,false,נקניק סלמי פפרוני במ,נקניק זוגלובק נהריה,,סלמי פפרוני זוגלובק,קילוגרמים,1.00,"ק""ג",true,,58.00,58.0000,true,1,211535
7290000530086,false,נקניק סלמי מעושן 7000 זוגלובק (600 גרם),נקניק נהריה כשר זוגל,,*מבצע* נקניק סלמי מע,,600.00,100 גרם,false,,26.90,0.0448,true,1,211584
7290000530109,false,קבנוס זוגי בואקום זוגלובק 180ג',נקניק נהריה כשר זוגל,,קבנוס זוגלובק זוג 18,,180.00,"100 מ""ל",false,,33.90,0.1883,true,1,211585
7290000530116,false,נקניק סלמי מעושן בשן 470 ג' זוגלובק,נקניק נהריה כשר זוגל,,*מבצע* נקניק בשן זוג,,470.00,100 גרם,false,,18.90,0.0402,true,1,211586
7290000530178,false,קוניאק זוגלובק שקילה,זוגלובק שיווק בעמ,,נקניק קוניאק זוגלובק,קילוגרמים,1.00,"ק""ג",true,,85.00,85.0000,true,1,211538
7290000530192,false,זוגלובק סרבלד נקניק מעדניה,נקניק זוגלובק נהריה,,נקניק סרבלד זוגלובק,קילוגרמים,1.00,"ק""ג",true,,129.00,129.0000,true,1,211539
7290000530260,false,נקניק מרטדלה רחב במשקל,זוגלובק שיווק בעמ,,מורטודלה זוגלובק,קילוגרמים,1.00,"ק""ג",true,,45.00,45.0000,true,1,211540
7290000530291,false,נקניק מבשר הודו קטן זוגלובק 750 גרם,נקניק נהריה כשר זוגל,,נקניק מבשר הודו קטן,,750.00,100 גרם,false,,19.90,0.0265,true,1,211587
7290000530444,false,כתף בקר מעושן אורלנדו מש,זוגלובק שיווק בעמ,,כתף בקר מעושן זוגלוב,קילוגרמים,1.00,"ק""ג",true,,109.00,109.0000,true,1,211543
7290000530598,false,נקניקיות עוף וינר זוגלובק 500 גרם,נקניק נהריה כשר זוגל,,נקניקיות וינר גוליבר,,500.00,100 גרם,false,,15.90,0.0318,true,1,211593
7290000530604,false,נקניקיות וינר חריפות גוליבר 500ג זוגלובק,נקניק נהריה כשר זוגל,,נקניקיות חריפות זוגל,,400.00,100 גרם,false,,15.90,0.0398,true,1,211594
7290000530703,false,פסטרמה חרמון כפרית ונקניק תה מעושן זוגלובק 2*400 גרם,נקניק נהריה כשר זוגל,,נקניק תה 400גר + חרמ,,800.00,100 גרם,false,,32.90,0.0411,true,1,211596
7290000531410,false,פסטרממיה בדבש טהור במשקל,נקניק זוגלובק נהריה,,פסטרממיה בדבש טהור,קילוגרמים,1.00,"ק""ג",true,,85.00,85.0000,true,1,211547
7290000532400,false,פסטרמה חזה הודו ברביקיו זוגלובק,נקניק זוגלובק נהריה,,פסטרמה ברביקיו זוגלו,קילוגרמים,1.00,"ק""ג",true,,85.00,85.0000,true,1,211549
7290000532585,false,רוסטביף חצוי זוגלובק,נקניק זוגלובק נהריה,,רוסטביף זוגלובק,קילוגרמים,1.00,"ק""ג",true,,109.00,109.0000,true,1,211550
7290000533636,false,פסטרמה צלויה על לבנים מעדניה,נקניק זוגלובק נהריה,,פסטרממיה צלויה על גח,קילוגרמים,1.00,"ק""ג",true,,85.00,85.0000,true,1,211554
7290000533681,false,פסטרמה הודו מעושנת הבית,זוגלובק שיווק בעמ,,פסטרממיה מעושנת זוגל,קילוגרמים,1.00,"ק""ג",true,,85.00,85.0000,true,1,211555
7290000534718,false,פסטרמה הודו תבור 1% שומן זוגלובק,נקניק זוגלובק נהריה,,פסטרמה חזה תבור זוגל,קילוגרמים,1.00,"ק""ג",true,,85.00,85.0000,true,1,211557
7290000534800,false,פסטרמה הודו רומני מעדניה,נקניק זוגלובק נהריה,,פסטרמה הודו רומני זו,קילוגרמים,1.00,"ק""ג",true,,85.00,85.0000,true,1,211558
7290000534824,false,פסטרמה חרמון-חזה הודו זוגלובק,נקניק זוגלובק נהריה,,חרמון הודו מעושן זוג,קילוגרמים,1.00,"ק""ג",true,,58.00,58.0000,true,1,211559
7290000536316,false,שניצל מן הצומח זוגלובק (1 קג),נקניק נהריה כשר זוגל,,שניצל מן הצומח זוגלו,,1000.00,100 גרם,false,,32.90,0.0329,true,1,211642
7290000536743,false,שניצלונים קריספי ט. תירס 500 גר' זוגלובק,נקניק נהריה כשר זוגל,,קריספי סטיקס תירס זו,,500.00,100 גרם,false,,21.90,0.0438,true,1,211645
7290000537566,false,נקניקיות עוף טרי 400 ג' זוגלובק,נקניק נהריה כשר זוגל,,נקניקיות עוף זוגלובק,,400.00,100 גרם,false,,14.90,0.0373,true,1,211654
7290000554006,false,גבינה קשקבלו משולשים,מחלבות גד,,קאשקבל מחלבות גד,קילוגרמים,1.00,"ק""ג",true,,120.00,120.0000,true,1,171517
7290000554402,false,מעדן חלב מלבי גד (160 גרם),מחלבות גד שיווק 1992 בעמ,,מלבי 160גר מחלבות גד,,160.00,100 גרם,false,,5.90,0.0369,true,1,171581
7290000554457,false,גבינה צפתית 5% 350 גרם - רבנות,מחלבות גד שיווק 1992 בעמ,,צפתית 5% 350גר מחלבו,,350.00,100 גרם,false,,22.90,0.0654,true,1,171582
7290000554532,false,גבינה צפתית מעודנת במלח ים 5% 200 ג' גד,מחלבות גד שיווק 1992 בעמ,,צפתית מעודנת במלח ים,,200.00,"100 מ""ל",false,,14.90,0.0745,true,1,171585
7290000554600,false,מוצרלה מגורדת 22 אחוז 300גרם גד מהדרין,מחלבות גד שיווק 1992 בעמ,,מוצרלה 22% מגורדת 30,,300.00,100 גרם,false,,27.90,0.0930,true,1,171586
7290000554624,false,ירח מתוק מעדן חלב עם אורז 3% גד 150 גרם,מחלבות גד שיווק 1992 בעמ,,ירח מתוק 150גר מחלבו,,150.00,100 גרם,false,,5.90,0.0393,true,1,171587
7290000554686,false,גבינת לאבנה בתוספת שמן זית וזעתר 5% גד 250 גרם,מחלבות גד שיווק 1992 בעמ,,לאבנה בשמן זית וזעתר,,250.00,100 גרם,false,,14.70,0.0588,true,1,171588
7290000554822,false,ריקוטה גבינה לבנה בסגנון איטלקי 5% גד 250 גרם,מחלבות גד שיווק 1992 בעמ,,ריקוטה טבעי 5% 250גר,,250.00,100 גרם,false,,15.70,0.0628,true,1,171589
7290000560533,false,אדג`פרו ג`ל לגילוח רגיל ירוק 220 מל,אס.סי ג'ונסון ובניו,,אדג גל גילוח ירוק עם,,200.00,"100 מ""ל",false,,17.90,0.0895,true,1,206798
7290000560540,false,אדג`פרו ג`ל לגילוח עור רגיש כתום220,המאפיה של הרמן,,אדג גל גילוח כתום לע,,200.00,"100 מ""ל",false,,17.90,0.0895,true,1,206799
7290000560557,false,אדג' ג'ל סגול כהה לעור יבש 198ג',אס.סי ג'ונסון ובניו,,אדג גל גילוח סגול לע,,200.00,"100 מ""ל",false,,17.90,0.0895,true,1,206800
7290000571126,false,גבינת גאודה+כמון בית,תנובה מרכז שיתופי לש,,גאודה כמון 30% תנובה,קילוגרמים,1.00,"ק""ג",true,,109.00,109.0000,true,1,229665
7290000572208,false,חלוה בטעם וניל אחווה 100 גרם,שוורצקוף& הנקל דיסלד,,חלבה אחווה 100גר,,100.00,"100 מ""ל",false,,3.90,0.0390,true,1,202947
7290000572222,false,חלווה בלוק וניל אחוה 500 גרם,שוורצקוף& הנקל דיסלד,,חלבה בבלוק אחווה 500,,500.00,"100 מ""ל",false,,11.90,0.0238,true,1,202948
7290000572536,false,אחווה חלווה ווניל במגש 400 גר,אחדות ביתחרושת לטחינה חלבה,,חלבה וניל אחווה 400,,400.00,100 גרם,false,,12.90,0.0323,true,1,202950
7290000572543,false,חלוה בטעם שוקו וניל אחווה 400 גרם,אחדות ביתחרושת לטחינה חלבה,,חלבה קקאו וניל 400 ג,,400.00,100 גרם,false,,12.90,0.0323,true,1,202951
7290000572628,false,חלבה חטיף לייט 25 ג* 11יח קופ`שי אחוה,שוורצקוף& הנקל דיסלד,,חטיף חלבה ללא סוכר 1,,275.00,100 גרם,false,,13.90,0.0505,true,1,202952
7290000572673,false,חלבה וניל קקאו ואגוזים אחוה (25x12 גרם),שוורצקוף& הנקל דיסלד,,חטיף חלבה אחווה 12*2,,300.00,"100 מ""ל",false,,13.90,0.0463,true,1,202954
7290000574011,false,מארז 8 לחמניות חיטה,,,מארז 8 לחמניות חיטה,,8.00,100 מ'ל,false,,11.90,1.4875,true,1,243821
7290000574028,false,לחם שחור מועשר בחומצה פולית וויטמינים דגנים 750 גרם,דגנית עין בר תעשיות מזון ואפיה,,לחם שחור מועשר פלוס,,750.00,"100 מ""ל",false,,8.90,0.0119,true,1,233728
7290000574035,false,לחם אחיד פרוס דגנית עין בר (750 גרם),דגנית עין בר תעשיות מזון ואפיה,,לחם אחיד פרוס 750גרם,,750.00,"100 מ""ל",false,,7.10,0.0095,true,1,194737
7290000574066,false,לחם מלא פלוס שיפון 750 ג' דגנית עין בר,דגנית עין בר תעשיות מזון ואפיה,,לחם חיטה מלאה עם שיפ,,750.00,100 גרם,false,,15.90,0.0212,true,1,194740
7290000574097,false,מארז לחמניות מיוחדות,,,מארז לחמניות מיוחדות,,8.00,100 מ'ל,false,,11.90,1.4875,true,1,243822
7290000574141,false,לחם חיטה מלא 750ג' דגנית עין בר,דגנית עין בר תעשיות מזון ואפיה,,לחם חיטה מלאה 750גר,,750.00,"100 מ""ל",false,,13.90,0.0185,true,1,194744
7290000574158,false,מארז 8 לחמניות לוסי,,,מארז 8 לחמניות לוסי,,8.00,100 מ'ל,false,,11.90,1.4875,true,1,243823
7290000574172,false,לחם קל מחיטה מלאה 750 ג' דגנית עין בר,דגנית עין בר תעשיות מזון ואפיה,,לחם קל חיטה מלאה 750,,750.00,"100 מ""ל",false,,16.90,0.0225,true,1,194746
7290000574189,false,מארז 6 לחמניות קלועו,,,מארז 6 לחמניות קלועו,,6.00,גרם,false,,11.90,1.9833,true,1,243824
7290000574226,false,לחמניות אצבע דגנית מ,,,לחמניות אצבע דגנית מ,יחידה,0.00,יחידה,false,,11.90,0.0000,true,1,243954
7290000574257,false,לחם אחיד פרוס קל דגנית 750 גרם,דגנית עין בר תעשיות מזון ואפיה,,*מבצע* לחם שחור פרוס,,750.00,100 גרם,false,,12.90,0.0172,true,1,194748
7290000574301,false,לחמניות 10יח חיטה מל,,,לחמניות 10יח חיטה מל,יחידה,0.00,יחידה,false,,11.90,0.0000,true,1,244419
7290000574370,false,לחם שיפון אמיתי קל 750 ג' דגנית עין בר,דגנית עין בר תעשיות מזון ואפיה,,לחם שיפון אמיתי קל 5,,500.00,100 גרם,false,,16.90,0.0338,true,1,194753
7290000574455,false,לחם חיטה מלא פלוס כוסמין 750 ג' דגנית עין בר,דגנית עין בר תעשיות מזון ואפיה,,לחם חיטה מלאה כוסמין,,750.00,"100 מ""ל",false,,16.90,0.0225,true,1,194757
7290000596044,false,"קרקר שומשום הדר 1ק""ג",אפיפית נצרת,,"קרקר שומשום הדר 1ק""ג",,1000.00,100 גרם,false,,17.90,0.0179,true,1,202001
7290000599571,false,צמר פלדה 200 גר`shiny,מ.א.ייצור ויבוא מטליות בעמ,,צמר פלדה 200גר,,200.00,100 גרם,false,,5.90,0.0295,true,1,197486
7290000599946,false,ספוג הפלא שייני 6 יחידות,מ.א.ייצור ויבוא מטליות בעמ,,ספוג הפלא 6יח,,6.00,100 מ'ל,false,,7.90,1.3167,true,1,197496
7290000599977,false,שייני כריות יפניות 9 יח',מ.א.ייצור ויבוא מטליות בעמ,,כרית יפנית 9יח,יחידה,0.00,יחידה,false,,10.90,0.0000,true,1,197498
7290000611099,false,כבד עוף לצליה בלבד,עוף עוז,,כבד עוף לצליה בלבד,קילוגרמים,1.00,"ק""ג",true,,24.90,24.9000,true,1,210532
7290000611136,false,כבד עוף קפוא ארוז,עוף עוז,,כבד עוף קפוא,קילוגרמים,1.00,"ק""ג",true,,9.90,9.9000,true,1,210534
7290000611143,false,טחול עוף טרי לקג,עוף עוז,,טחול עוף טרי,קילוגרמים,1.00,"ק""ג",true,,74.90,74.9000,true,1,210535
7290000611181,false,כנפיים עוף טרי תפ,עוף עוז,,כנפיים עוף טרי,קילוגרמים,1.00,"ק""ג",true,,11.90,11.9000,true,1,210538
7290000611242,false,פילה עוף טרי תפ,עוף עוז,,פילה עוף טרי,קילוגרמים,1.00,"ק""ג",true,,39.90,39.9000,true,1,210542
7290000611280,false,עוף שלם טרי ארוז,ח.י. מעדני גורמה בעמ,,עוף שלם טרי ארוז,קילוגרמים,1.00,"ק""ג",true,,19.90,19.9000,true,1,233121
7290000611419,false,קורקבן עוף טרי,,,קורקבן עוף טרי,קילוגרמים,1.00,"ק""ג",true,,10.90,10.9000,true,1,210549
7290000611761,false,כרעיים עוף קפוא כשר,עוף עוז,,כרעיים עוף קפוא,קילוגרמים,1.00,"ק""ג",true,,27.90,27.9000,true,1,210556
7290000611785,false,שוקיים עוף קפוא ארוז,,,שוקיים עוף קפוא,קילוגרמים,1.00,"ק""ג",true,,27.90,27.9000,true,1,210557
7290000611839,false,שוקיים עוף טרי ארוז,,,שוקיים עוף טרי ארוז,קילוגרמים,1.00,"ק""ג",true,,35.90,35.9000,true,1,233122
7290000611846,false,כרעיים עוף טרי ארוז.,ח.י. מעדני גורמה בעמ,,כרעיים עוף טרי ארוז,קילוגרמים,1.00,"ק""ג",true,,29.90,29.9000,true,1,233118
7290000611853,false,כנפיים עוף טרי ארוז,ח.י. מעדני גורמה בעמ,,כנפיים עוף טרי ארוז,קילוגרמים,1.00,"ק""ג",true,,11.90,11.9000,true,1,233123
7290000611860,false,חזה עוף שלם טרי ארוז,ח.י. מעדני גורמה בעמ,,חזה עוף טרי ארוז,קילוגרמים,1.00,"ק""ג",true,,39.90,39.9000,true,1,233124
7290000611884,false,כבד עוף טרי ארוז לצל,ח.י. מעדני גורמה בעמ,,כבד עוף טרי ארוז לצל,קילוגרמים,1.00,"ק""ג",true,,24.90,24.9000,true,1,233126
7290000611891,false,לבבות עוף טרי ארוז,ח.י. מעדני גורמה בעמ,,לב עוף טרי ארוז,קילוגרמים,1.00,"ק""ג",true,,34.90,34.9000,true,1,233127
7290000612027,false,שניצל עוף קפוא ארוז,,,שניצל עוף קפוא,קילוגרמים,1.00,"ק""ג",true,,35.90,35.9000,true,1,210562
7290000631059,false,כבד לצליה בלבד תפזור,תנובה,,כבד עוף לצליה בלבד,קילוגרמים,1.00,"ק""ג",true,,24.90,24.9000,true,1,210579
7290000643243,false,שווארמה הודו נקבה טר,תנובה בשר,,שווארמה הודו נקבה טר,קילוגרמים,1.00,"ק""ג",true,,74.90,74.9000,true,1,212816
7290000644356,false,גרון הודו נ. טרי,,,גרון הודו נ. טרי,קילוגרמים,1.00,"ק""ג",true,,29.90,29.9000,true,1,210581
7290000644783,false,נתחי פילה סלמון קפוא קג,תנובה קפואים,,מנות סלמון קפוא תנוב,קילוגרמים,1.00,"ק""ג",true,,89.90,89.9000,true,1,188050
7290000645278,false,זנב הודו מוכשר,,,זנב הודו מוכשר,קילוגרמים,1.00,"ק""ג",true,,6.90,6.9000,true,1,210582
7290000646299,false,פילה נסיכת הנילוס 100% דג קפוא תנובה,תנובה מרכז שיתופי לשיווק תוצרת,,פילה נסיכת הנילוס קפ,קילוגרמים,1.00,"ק""ג",true,,59.90,59.9000,true,1,241490
7290000658469,false,שריר מס' 8 צרכני מוכ,,,שריר הזרוע מס 8 חלק,קילוגרמים,1.00,"ק""ג",true,,29.90,29.9000,true,1,244995
7290000658926,false,"פילה מרלוזה קפוא 100% ""תנובה""",דגי תנובה,,פילה מרלוזה קפוא 100,קילוגרמים,1.00,"ק""ג",true,,34.90,34.9000,true,1,241494
7290000679631,false,"ד""ר פישר - קמיל בלו קלאסיק 500 מ""ל",פישר מעבדות פרמצבטיות בע,,קמיל בלו אל סבון קלא,,500.00,"100 מ""ל",false,,12.90,0.0258,true,1,203892
7290000688084,false,מי עדן פקק ספורטאים500מל,יפאורה שותפות מוגבלת לשיווק,,"מי עדן ספורט 500מ""ל",,500.00,"100 מ""ל",false,,3.00,0.0060,true,1,181604
7290000688176,false,מי עדן בייבי 330 מל בודד,יפאורה שותפות מוגבלת לשיווק,,"מי עדן 250מ""ל",,250.00,"100 מ""ל",false,,2.90,0.0116,true,1,181606
7290000688374,false,מים מינרלים סמיילי מי עדן (330X6מל),יפאורה שותפות מוגבלת לשיווק,,מי עדן בייבי שישיה 6,,1980.00,"100 מ""ל",false,,15.90,0.0080,true,1,181608
7290000688381,false,מים מינרלים פקק ספורט מי עדן (500x6 מל),יפאורה שותפות מוגבלת לשיווק,,מי עדן ספורט שישייה,,3000.00,100 גרם,false,,13.90,0.0046,true,1,181609
7290000688503,false,"מים מינרלים פקק ספורט מי עדן 6*750 מ""ל",יפאורה שותפות מוגבלת לשיווק,,מי עדן ג'ים שישייה 6,,4500.00,100 גרם,false,,19.90,0.0044,true,1,181611
7290000692135,false,ספיד סטיק דאו בסיסי ירוק א.פ פרש פאוור,קולגייט-פלמוליב,,ספיד סטיק ירוק פרש ל,,51.00,100 גרם,false,,19.90,0.3902,true,1,185384
7290000692203,false,נוזל לניקוי כללי ורצפות בניחוח לימון אג'קס 2 ליטר,הנסיך- מפעל לייצור ט,,אגקס לניקוי כללי ניח,,2000.00,"100 מ""ל",false,,24.90,0.0124,true,1,185385
7290000692227,false,נוזל לניקוי כלים קלאסי פלמוליב (1 ליטר),יבואן ומשווק: ש. שסט,,פלמוליב לכלים קלאסי,,1000.00,"100 מ""ל",false,,14.90,0.0149,true,1,185387
7290000739247,false,פסטרמה איטלקית זוגלו,,,פסטרמה איטלקית זוגלו,קילוגרמים,1.00,"ק""ג",true,,85.00,85.0000,true,1,211566
7290000803067,false,"משחת שיניים לילדים גילאים 6-2 אלמקס 75 מ""ל",הנסיך- מפעל לייצור ט,,אלמקס משחת שיניים יל,,75.00,"100 מ""ל",false,,16.90,0.2253,true,1,185397
7290000805917,false,"מזון חתולים לה קט כבד 2.85 ק""ג",דיפלומט מפיצים (1968) בעמ**,,לה קט כבד 2.85קג,קילוגרמים,2.85,"ק""ג",false,,79.90,28.0351,true,1,179397
7290000805924,false,"מזון חתולים לה קט דגים 2.85 ק""ג",דיפלומט מפיצים (1968) בעמ**,,לה קט דגים 2.85קג,קילוגרמים,2.85,"ק""ג",false,,79.90,28.0351,true,1,179398
7290000907970,false,פסטרמה כפרית טירת צב,טירת- צבי,,פסטרמה כפרית דבש טיר,קילוגרמים,1.00,"ק""ג",true,,85.00,85.0000,true,1,229911
7290000931673,false,סברס.,,,סברס,קילוגרמים,1.00,"ק""ג",true,,26.90,26.9000,true,1,211852
7290000932407,false,קוקוס,,,קוקוס,,1000.00,"100 מ""ל",false,,6.90,0.0069,true,1,211854
7290000976433,false,קשיו קלוי תפזורת,"דין שיווק וקלייה בע""",,קשיו קלוי במשקל,קילוגרמים,1.00,"ק""ג",true,,80.00,80.0000,true,1,222152
7290000976457,false,גרעין אבטיח קלוי תפז,"דין שיווק וקלייה בע""",,גרעין אבטיח קלוי במש,קילוגרמים,1.00,"ק""ג",true,,59.00,59.0000,true,1,222110
7290000976471,false,גרעיני דלעת קלופים ת,"דין שיווק וקלייה בע""",,גרעין דלעת מקולפת במ,קילוגרמים,1.00,"ק""ג",true,,59.00,59.0000,true,1,222177
7290000976501,false,צימוק חום תפזורת,"דין שיווק וקלייה בע""",,צימוק חום במשקל,קילוגרמים,1.00,"ק""ג",true,,28.00,28.0000,true,1,222158
7290000976532,false,חטיפים פיקנטיים בתפז,"דין שיווק וקלייה בע""",,חטיפים פיקנטיים בתפז,קילוגרמים,1.00,"ק""ג",true,,47.00,47.0000,true,1,222186
7290000976556,false,צנובר במשקל תפזורת,"דין שיווק וקלייה בע""",,צנובר במשקל.,קילוגרמים,1.00,"ק""ג",true,,193.00,193.0000,true,1,222143
7290000976600,false,משמש מיובש תפזורת,"דין שיווק וקלייה בע""",,משמש במשקל,קילוגרמים,1.00,"ק""ג",true,,54.00,54.0000,true,1,222159
7290000976662,false,'פקאן טבעי במשקל תפז,"דין שיווק וקלייה בע""",,פקאן טבעי במשקל,קילוגרמים,1.00,"ק""ג",true,,120.00,120.0000,true,1,222137
7290000976747,false,בונדוק קלוי תפזורת,"דין שיווק וקלייה בע""",,בונדוק קלוי במשקל,קילוגרמים,1.00,"ק""ג",true,,88.00,88.0000,true,1,222111
7290000976754,false,מנצ'ס תפזורת,"דין שיווק וקלייה בע""",,מנצס במשקל,קילוגרמים,1.00,"ק""ג",true,,47.00,47.0000,true,1,222138
7290000976761,false,אגוזים קלופים תפזורת,"דין שיווק וקלייה בע""",,אגוז קלוף במשקל,קילוגרמים,1.00,"ק""ג",true,,78.00,78.0000,true,1,222112
7290000976778,false,שקד שבבים במשקל,"דין שיווק וקלייה בע""",,שקד שבבים במשקל,קילוגרמים,1.00,"ק""ג",true,,115.00,115.0000,true,1,222153
7290000976785,false,קשיו מסוכר במשקל,"דין שיווק וקלייה בע""",,קשיו מסוכר במשקל,קילוגרמים,1.00,"ק""ג",true,,85.00,85.0000,true,1,222180
7290000976846,false,פיסטוק חלבי קלוף תפז,"דין שיווק וקלייה בע""",,פיסטוק מקולף במשקל,קילוגרמים,1.00,"ק""ג",true,,150.00,150.0000,true,1,222187
7290000976884,false,פקאן סיני תפזורת,"דין שיווק וקלייה בע""",,פקאן סיני במשקל.,קילוגרמים,1.00,"ק""ג",true,,118.00,118.0000,true,1,222139
7290000977010,false,קבוקים תפזורת,"דין שיווק וקלייה בע""",,קבוקים במשקל.,קילוגרמים,1.00,"ק""ג",true,,26.00,26.0000,true,1,222160
7290000977027,false,פיסטוק ענק קלוי תפזו,"דין שיווק וקלייה בע""",,פיסטוק ענק קלוי במשק,קילוגרמים,1.00,"ק""ג",true,,88.00,88.0000,true,1,222140
7290000977089,false,קשיו טבעי תפזורת,"דין שיווק וקלייה בע""",,קשיו טבעי במשקל,קילוגרמים,1.00,"ק""ג",true,,84.00,84.0000,true,1,222203
7290000977102,false,תערובת פיצוחים מיוחד,דין שיווק,,תערובת פיצוחים במשקל,קילוגרמים,1.00,"ק""ג",true,,85.00,85.0000,true,1,222127
7290000977324,false,בוטן מסוכר תפזורת,"דין שיווק וקלייה בע""",,בוטן מסוכר במשקל,קילוגרמים,1.00,"ק""ג",true,,45.00,45.0000,true,1,222113
7290000977454,false,גרעין שחור קלוי במשק,"דין שיווק וקלייה בע""",,גרעין שחור קלוי במשק,קילוגרמים,1.00,"ק""ג",true,,19.00,19.0000,true,1,222141
7290000977478,false,בוטנים קלויים תפזורת,"דין שיווק וקלייה בע""",,בוטן קלוי במשקל,קילוגרמים,1.00,"ק""ג",true,,35.00,35.0000,true,1,222114
7290000977485,false,גרעין לבן קלוי תפזור,"דין שיווק וקלייה בע""",,גרעין לבן קלוי במשקל,קילוגרמים,1.00,"ק""ג",true,,45.00,45.0000,true,1,222115
7290000977645,false,חטיפים יפני במשקל,"דין שיווק וקלייה בע""",,חטיפים יפני במשקל,קילוגרמים,1.00,"ק""ג",true,,65.00,65.0000,true,1,222162
7290000977676,false,שקד ספרדי קלוי במשקל,"דין שיווק וקלייה בע""",,שקד ספרדי קלוי במשקל,קילוגרמים,1.00,"ק""ג",true,,90.00,90.0000,true,1,222154
7290000977683,false,פקאן קלוף קלוי תפזור,"דין שיווק וקלייה בע""",,פקאן קלוי במשקל,קילוגרמים,1.00,"ק""ג",true,,130.00,130.0000,true,1,222317
7290000977706,false,אגוז ברזיל טבעי תפזו,,,אגוז ברזיל טבעי שקיל,קילוגרמים,1.00,"ק""ג",true,,99.00,99.0000,true,1,222117
7290000977744,false,חומוס קלוי במשקל,,,חומוס קלוי במשקל,קילוגרמים,1.00,"ק""ג",true,,40.00,40.0000,true,1,229311
7290000977751,false,צימוק לבן גדול תפזור,"דין שיווק וקלייה בע""",,צימוק לבן ענק במשקל,קילוגרמים,1.00,"ק""ג",true,,44.00,44.0000,true,1,222164
7290000977782,false,'תאנים יבשות גדולות,"דין שיווק וקלייה בע""",,תאנים גדולים במשקל,קילוגרמים,1.00,"ק""ג",true,,47.00,47.0000,true,1,222165
7290000977799,false,שזיפים ללא גלעין תפז,"דין שיווק וקלייה בע""",,שזיף ללא גרעין במשקל,קילוגרמים,1.00,"ק""ג",true,,45.00,45.0000,true,1,222166
7290000977850,false,צימוק לבן קטן תפזורת,"דין שיווק וקלייה בע""",,צימוק לבן במשקל,קילוגרמים,1.00,"ק""ג",true,,37.00,37.0000,true,1,222167
7290000978383,false,תמר מהגול ענק תפזורת,"דין שיווק וקלייה בע""",,תמר מג'הול ענק,קילוגרמים,1.00,"ק""ג",true,,55.00,55.0000,true,1,222275
7290000978406,false,אננס רצועות במשקל תפ,דין שיווק,,אננס רצועות שקיל,קילוגרמים,1.00,"ק""ג",true,,24.00,24.0000,true,1,222134
7290000978413,false,פאפיה רצועות תפזורת,"דין שיווק וקלייה בע""",,פפאיה רצועות במשקל,קילוגרמים,1.00,"ק""ג",true,,28.00,28.0000,true,1,222284
7290000978864,false,תבלינים קבוצה 5 שקיל,"דין שיווק וקלייה בע""",,תבלינים קבוצה 5 שקיל,קילוגרמים,1.00,"ק""ג",true,,200.00,200.0000,true,1,222144
7290000978888,false,תבלין מבצע במשקל,,,תבלין מבצע במשקל,קילוגרמים,1.00,"ק""ג",true,,25.00,25.0000,true,1,222156
7290000979427,false,עגבניות שרי כתום לבבות,צימן עגבניות *לא פעיל*,,שרי כתום ארוז בלב,,460.00,100 גרם,false,,9.90,0.0215,true,1,249334
7290000989761,false,שקד טחון בתפזורת,"דין שיווק וקלייה בע""",,שקד טחון במשקל,קילוגרמים,1.00,"ק""ג",true,,90.00,90.0000,true,1,222188
7290000991029,false,ערמונים,,,ערמונים,קילוגרמים,1.00,"ק""ג",true,,16.90,16.9000,true,1,211856
7290000991527,false,פטרוזיליה בגומי,,,פטרוזיליה בגומי,יחידה,0.00,יחידה,false,,3.90,0.0000,true,1,204671
7290000991528,false,כוסברה בגומי,,,כוסברה בגומי,יחידה,0.00,יחידה,false,,3.90,0.0000,true,1,204672
7290000991529,false,שמיר בגומי,,,שמיר בגומי,יחידה,0.00,יחידה,false,,3.90,0.0000,true,1,204673
7290000991530,false,נענע בגומי,,,נענע בגומי,יחידה,0.00,יחידה,false,,3.90,0.0000,true,1,204674
7290000991961,false,תפוח ברשת,,,תפוח ברשת,קילוגרמים,1.00,"ק""ג",true,,5.90,5.9000,true,1,211860
7290000992381,false,אפרסמון,,,אפרסמון,קילוגרמים,1.00,"ק""ג",true,,12.90,12.9000,true,1,211862
7290000993461,false,עגבניות שרי צהוב פרמיום ארוז,צימן עגבניות *לא פעיל*,,שרי צהוב ארוז בלב,,460.00,"100 מ""ל",false,,9.90,0.0215,true,1,249335
7290000995410,false,נבטים סיניים נבטי העמק,"בכורי השדה צפון1994 ג.ד. בע""מ",,נבטים סיניים נבטי הע,,1000.00,100 גרם,false,,7.90,0.0079,true,1,204695
7290000997719,false,אבטיח אישי,,,אבטיח אישי,קילוגרמים,1.00,"ק""ג",true,,6.90,6.9000,true,1,211866
7290000997850,false,פלפל צילי חריף,,,פלפל צילי חריף,יחידה,0.00,יחידה,false,,14.90,0.0000,true,1,211867
7290000999350,false,תפוז ארוז ברשת,,,תפוז ארוז ברשת,קילוגרמים,1.00,"ק""ג",true,,3.90,3.9000,true,1,211871
7290000999358,false,אשכולית אדומה,,,אשכולית אדומה,קילוגרמים,1.00,"ק""ג",true,,5.90,5.9000,true,1,211873
7290000999361,false,"תפו""ע פינק גולד",,,"תפו""ע פינק גולד",קילוגרמים,1.00,"ק""ג",true,,15.90,15.9000,true,1,211874
7290000999419,false,אבוקדו ארוז ברשת,,,אבוקדו ארוז ברשת,קילוגרמים,1.00,"ק""ג",true,,6.90,6.9000,true,1,211878
7290000999436,false,למון ליים,,,למון ליים,קילוגרמים,1.00,"ק""ג",true,,8.90,8.9000,true,1,211879
7290000999626,false,ברוקולי ארוז,,,ברוקולי ארוז,,1000.00,100 גרם,false,,7.90,0.0079,true,1,211884
7290000999748,false,גינגר תפזורת,,,גינגר תפזורת,קילוגרמים,1.00,"ק""ג",true,,19.90,19.9000,true,1,211892
7290000999752,false,רימון,,,רימון,קילוגרמים,1.00,"ק""ג",true,,7.90,7.9000,true,1,211893
7290000999753,false,קוסבייה(ארטישוק ירוש,,,קוסבייה(ארטישוק ירוש,קילוגרמים,1.00,"ק""ג",true,,14.90,14.9000,true,1,211894
7290000999818,false,אננס,,,אננס,יחידה,0.00,יחידה,false,,29.90,0.0000,true,1,211898
7290000999819,false,קלמנטינה/מנדרינה.,,,קלמנטינה/מנדרינה,קילוגרמים,1.00,"ק""ג",true,,6.90,6.9000,true,1,211899
7290000999821,false,קיווי,,,קיווי,קילוגרמים,1.00,"ק""ג",true,,19.90,19.9000,true,1,211900
7290000999823,false,חבושים,,,חבושים,קילוגרמים,1.00,"ק""ג",true,,14.90,14.9000,true,1,200087
7290000999825,false,עגבניה שרי מנומר,,,עגבניה שרי מנומר,קילוגרמים,1.00,"ק""ג",true,,19.90,19.9000,true,1,211901
7290000999832,false,גויבה,,,גויבה,קילוגרמים,1.00,"ק""ג",true,,18.90,18.9000,true,1,211904
7290000999833,false,ברוקולי,,,ברוקולי,,1000.00,100 גרם,false,,7.90,0.0079,true,1,211905
7290000999834,false,דלורית,,,דלורית,קילוגרמים,1.00,"ק""ג",true,,5.90,5.9000,true,1,211906
7290000999877,false,"תפו""א לאפיה קטן",,,"תפו""א לאפיה קטן",קילוגרמים,1.00,"ק""ג",true,,3.90,3.9000,true,1,211912
7290000999887,false,תפוזינה,,,תפוזינה,קילוגרמים,1.00,"ק""ג",true,,5.90,5.9000,true,1,172464
7290000999890,false,פלפל שושקה,,,פלפל שושקה,קילוגרמים,1.00,"ק""ג",true,,15.90,15.9000,true,1,211913
7290000999896,false,ענבים אדום,,,ענבים אדום,קילוגרמים,1.00,"ק""ג",true,,14.90,14.9000,true,1,211914
7290000999899,false,קישואים זוקיני,,,קישואים זוקיני,קילוגרמים,1.00,"ק""ג",true,,9.90,9.9000,true,1,211915
7290000999901,false,עגבניה אשכולות,,,עגבניה אשכולות,קילוגרמים,1.00,"ק""ג",true,,5.90,5.9000,true,1,211916
7290000999902,false,עגבניה שרי,,,עגבניה שרי,קילוגרמים,1.00,"ק""ג",true,,14.90,14.9000,true,1,211917
7290000999903,false,מלפפון,,,מלפפון,קילוגרמים,1.00,"ק""ג",true,,4.90,4.9000,true,1,211918
7290000999904,false,פלפל ירוק,,,פלפל ירוק,קילוגרמים,1.00,"ק""ג",true,,7.90,7.9000,true,1,211919
7290000999905,false,פלפל בהיר,,,פלפל בהיר,קילוגרמים,1.00,"ק""ג",true,,8.90,8.9000,true,1,211920
7290000999906,false,פלפל אדום,,,פלפל אדום,קילוגרמים,1.00,"ק""ג",true,,7.90,7.9000,true,1,211921
7290000999907,false,פלפל צהוב,,,פלפל צהוב,קילוגרמים,1.00,"ק""ג",true,,7.90,7.9000,true,1,211922
7290000999908,false,פלפל חריף,,,פלפל חריף,קילוגרמים,1.00,"ק""ג",true,,7.90,7.9000,true,1,211923
7290000999909,false,כרוב לבן,,,כרוב לבן,קילוגרמים,1.00,"ק""ג",true,,2.90,2.9000,true,1,211924
7290000999910,false,כרוב אדום,,,כרוב אדום,קילוגרמים,1.00,"ק""ג",true,,4.90,4.9000,true,1,211925
7290000999911,false,כרובית,,,כרובית,קילוגרמים,1.00,"ק""ג",true,,9.90,9.9000,true,1,211926
7290000999912,false,קישואים,,,קישואים,קילוגרמים,1.00,"ק""ג",true,,7.90,7.9000,true,1,211927
7290000999913,false,חציל,,,חציל,קילוגרמים,1.00,"ק""ג",true,,4.90,4.9000,true,1,211928
7290000999914,false,גזר ארוז,,,גזר ארוז,קילוגרמים,1.00,"ק""ג",true,,3.90,3.9000,true,1,211929
7290000999915,false,צנונית ארוזה,,,צנונית ארוזה,,1000.00,100 גרם,false,,5.90,0.0059,true,1,211930
7290000999916,false,סלק אדום,,,סלק,קילוגרמים,1.00,"ק""ג",true,,5.90,5.9000,true,1,211931
7290000999917,false,בטטה,,,בטטה,קילוגרמים,1.00,"ק""ג",true,,8.90,8.9000,true,1,211932
7290000999918,false,דלעת,,,דלעת,קילוגרמים,1.00,"ק""ג",true,,8.90,8.9000,true,1,211933
7290000999919,false,בצל יבש,,,בצל יבש,קילוגרמים,1.00,"ק""ג",true,,3.90,3.9000,true,1,211934
7290000999920,false,בצל אדום,,,בצל אדום,קילוגרמים,1.00,"ק""ג",true,,6.90,6.9000,true,1,211935
7290000999921,false,חסה ערבית,,,חסה ערבית,,1000.00,100 גרם,false,,4.90,0.0049,true,1,212569
7290000999922,false,חסה עגולה,,,חסה עגולה,,1000.00,100 גרם,false,,4.90,0.0049,true,1,212570
7290000999924,false,שום יבש,,,שום יבש,,1000.00,100 גרם,false,,7.90,0.0079,true,1,211936
7290000999925,false,"תפו""א לבן",,,"תפו""א לבן",קילוגרמים,1.00,"ק""ג",true,,3.90,3.9000,true,1,211937
7290000999926,false,"תפו""א אדום",,,"תפו""א אדום",קילוגרמים,1.00,"ק""ג",true,,4.90,4.9000,true,1,211938
7290000999934,false,עגבניה שרי תמר,,,עגבניה שרי תמר,קילוגרמים,1.00,"ק""ג",true,,19.90,19.9000,true,1,211939
7290000999936,false,תירס,,,תירס,קילוגרמים,1.00,"ק""ג",true,,9.90,9.9000,true,1,211940
7290000999942,false,תפו'ע זהוב,,,תפו'ע זהוב,קילוגרמים,1.00,"ק""ג",true,,9.90,9.9000,true,1,211942
7290000999943,false,תפו'ע סמיט,,,תפו'ע סמיט,קילוגרמים,1.00,"ק""ג",true,,9.90,9.9000,true,1,211943
7290000999944,false,תפו'ע חרמון/גלה,,,תפו'ע חרמון/גלה,קילוגרמים,1.00,"ק""ג",true,,9.90,9.9000,true,1,211944
7290000999945,false,אגס,,,אגס,קילוגרמים,1.00,"ק""ג",true,,12.90,12.9000,true,1,211945
7290000999947,false,שזיף אדום,,,שזיף אדום,קילוגרמים,1.00,"ק""ג",true,,19.90,19.9000,true,1,211946
7290000999948,false,נקטרינה,,,נקטרינה,קילוגרמים,1.00,"ק""ג",true,,9.90,9.9000,true,1,211947
7290000999949,false,בננה,,,בננה,קילוגרמים,1.00,"ק""ג",true,,4.90,4.9000,true,1,211948
7290000999950,false,מלון,,,מלון,קילוגרמים,1.00,"ק""ג",true,,7.90,7.9000,true,1,211949
7290000999951,false,אבטיח,,,אבטיח,קילוגרמים,1.00,"ק""ג",true,,6.90,6.9000,true,1,211950
7290000999952,false,ענבים לבנים,,,ענבים לבנים,קילוגרמים,1.00,"ק""ג",true,,19.90,19.9000,true,1,211951
7290000999953,false,לימון,,,לימון,קילוגרמים,1.00,"ק""ג",true,,5.90,5.9000,true,1,211952
7290000999954,false,מנגו,,,מנגו,קילוגרמים,1.00,"ק""ג",true,,14.90,14.9000,true,1,211953
7290000999955,false,קולורבי,,,קולורבי,קילוגרמים,1.00,"ק""ג",true,,6.90,6.9000,true,1,211954
7290000999956,false,פלפל כתום,,,פלפל כתום,קילוגרמים,1.00,"ק""ג",true,,9.90,9.9000,true,1,211955
7290000999957,false,אבוקדו,,,אבוקדו,קילוגרמים,1.00,"ק""ג",true,,9.90,9.9000,true,1,211956
7290000999959,false,תפו'ע יונתן,,,תפו'ע יונתן,קילוגרמים,1.00,"ק""ג",true,,9.90,9.9000,true,1,211958
7290000999961,false,שומר,,,שומר,קילוגרמים,1.00,"ק""ג",true,,5.90,5.9000,true,1,211959
7290000999967,false,פומלה,,,פומלה,קילוגרמים,1.00,"ק""ג",true,,8.90,8.9000,true,1,211961
7290000999972,false,לפת,,,לפת,קילוגרמים,1.00,"ק""ג",true,,7.90,7.9000,true,1,211963
7290000999974,false,תות שדה,,,תות שדה,יחידה,0.00,יחידה,false,,19.90,0.0000,true,1,212571
7290000999976,false,תפו'ע ענה,,,תפו'ע ענה,קילוגרמים,1.00,"ק""ג",true,,9.90,9.9000,true,1,211964
7290000999977,false,תפוז /לימון סיני,,,תפוז /לימון סיני,קילוגרמים,1.00,"ק""ג",true,,8.90,8.9000,true,1,211965
7290000999987,false,אשכולית צהובה,,,אשכולית צהובה,קילוגרמים,1.00,"ק""ג",true,,5.90,5.9000,true,1,211967
7290000999988,false,תפוז,,,תפוז,קילוגרמים,1.00,"ק""ג",true,,5.90,5.9000,true,1,211968
7290000999989,false,ארטישוק,,,ארטישוק,קילוגרמים,1.00,"ק""ג",true,,19.90,19.9000,true,1,211969
7290000999990,false,פומלית,,,פומלית,קילוגרמים,1.00,"ק""ג",true,,4.90,4.9000,true,1,211970
7290000999994,false,שום ירוק,,,שום ירוק,קילוגרמים,1.00,"ק""ג",true,,19.90,19.9000,true,1,211973
7290000999999,false,צנון,,,צנון,קילוגרמים,1.00,"ק""ג",true,,6.90,6.9000,true,1,211975
7290001041147,false,חומוס גדול יבש מיה 1 ק'ג,מיה תעשיות מזון מ.ת.מ. בעמ,,חומוס גדול 1קג,,1000.00,100 גרם,false,,12.90,0.0129,true,1,228616
7290001041161,false,"שעועית לבנה יבשה מיה 1 ק""ג",מיה תעשיות מזון מ.ת.מ. בעמ,,שעועית לבנה 1קג,,1000.00,100 גרם,false,,15.90,0.0159,true,1,202348
7290001041178,false,"אפונה ירוקה מיה 1 ק""ג",מיה תעשיות מזון מ.ת.מ. בעמ,,אפונה ירוקה מיה 1קג,,1000.00,100 גרם,false,,8.90,0.0089,true,1,228618
7290001041185,false,"פופקורן גרעינים מיה 1 ק""ג",מיה תעשיות מזון מ.ת.מ. בעמ,,פופקורן מיה 1קג,,1000.00,100 גרם,false,,10.90,0.0109,true,1,202350
7290001041192,false,"עדשים אדומים יבשים מיה 1 ק""ג",מיה תעשיות מזון מ.ת.מ. בעמ,,עדשים אדומות 1 קג,,1000.00,100 גרם,false,,12.90,0.0129,true,1,228619
7290001041208,false,"עדשים ירוקים יבשים מיה 1 ק""ג",מיה תעשיות מזון מ.ת.מ. בעמ,,עדשים ירוקות 1 קג,,1000.00,100 גרם,false,,12.90,0.0129,true,1,228620
7290001041215,false,"מיה חיטה 1 ק""ג",מיה תעשיות מזון מ.ת.מ. בעמ,,חיטה מיה 1קג,,1000.00,100 גרם,false,,7.90,0.0079,true,1,228621
7290001041222,false,"חומוס לבן ענק ק''ג מיה 1 ק""ג",מיה תעשיות מזון מ.ת.מ. בעמ,,חומוס לבן ענק 1קג,,1000.00,100 גרם,false,,18.90,0.0189,true,1,228622
7290001041260,false,שומשום מיה (400 גרם),מיה תעשיות מזון מ.ת.מ. בעמ,,שומשום 400 גרם,,400.00,"100 מ""ל",false,,11.90,0.0298,true,1,202355
7290001045169,false,מיץ תפוחי עץ צלול פרימור 1 ליטר,שטראוס גרופ בעמ/מצונן,,פרימור תפוחים צלול 1,,1000.00,"100 מ""ל",false,,16.90,0.0169,true,1,195273
7290001050019,false,קמח תפוחי אדמה פירמי,,,"קמח תפו""א פרימיום 50",,500.00,100 גרם,false,,5.90,0.0118,true,1,226527
7290001072011,false,"תרסיס דאודרנט נובו מאן 150 מ""ל BREEZE",,,דאודורנט נובו מאן 15,,150.00,"100 מ""ל",false,,9.90,0.0660,true,1,240905
7290001072028,false,"תרסיס דאודרנט נובו מאן 150 מ""ל FORCE",,,דאודורנט נובו מאן 15,,150.00,"100 מ""ל",false,,9.90,0.0660,true,1,240906
7290001072035,false,"תרסיס דאודרנט נובו מאן 150 מ""ל VICTORY",,,דאודורנט נובו מאן 15,,150.00,"100 מ""ל",false,,9.90,0.0660,true,1,240904
7290001072042,false,"תרסיס דאודרנט נובו מאן 150 מ""ל ENERGY",,,דאודורנט נובו מאן 15,,150.00,"100 מ""ל",false,,9.90,0.0660,true,1,240907
7290001072134,false,אל סבון סגול+משאבה 1ל נובו,,,סבון ידיים סגול+משאב,,1000.00,"100 מ""ל",false,,10.90,0.0109,true,1,202758
7290001072882,false,"נובו שמפו לסירוק קל 700 מ""ל",סאסאטק,,נובו שמפו לסירוק קל,,700.00,"100 מ""ל",false,,14.90,0.0213,true,1,242727
7290001072899,false,"נובו מרכך לסירוק קל 700 מ""ל",סאסאטק,,נובו מרכך לסירוק קל,,700.00,"100 מ""ל",false,,14.90,0.0213,true,1,242728
7290001121023,false,פסטרמה של פעם יחיעם,מעדני יחיעם,,פסטרמה של פעם יחיעם,קילוגרמים,1.00,"ק""ג",true,,85.00,85.0000,true,1,172145
7290001121054,false,צמד חמד פסטרמה וסלמי יחיעם 700 גרם,מעדני יחיעם ( 1993 ) בע`מ,,צמד חמד יחיעם 700 גר,,700.00,"100 מ""ל",false,,29.90,0.0427,true,1,172221
7290001121146,false,פסטרמה טבעית חזה הוד,מעדני יחיעם,,פסטרמה מעושנת יחיעם,קילוגרמים,1.00,"ק""ג",true,,85.00,85.0000,true,1,172147
7290001121238,false,קורנדביף 4% שומן יחיעם (180 גרם).,מעדני יחיעם ( 1993 ) בע`מ,,קורנדביף יחיעם 180גר,,180.00,100 גרם,false,,29.90,0.1661,true,1,172224
7290001121672,false,פסטרמה מעודנת בפפריקה 300 ג' יחיעם,מעדני יחיעם (1993) בעמ,,פסטרמה מעודנת בפפריק,,300.00,100 גרם,false,,25.90,0.0863,true,1,172225
7290001121849,false,פסטרמה ברביקיו יחיעם 250 גרם ר.טבעיים,מעדני יחיעם ( 1993 ) בע`מ,,פסטרמה הודו 100% חומ,,250.00,100 גרם,false,,26.90,0.1076,true,1,172236
7290001133484,false,"פילה סלמון פרימיום עד""ח 1.4-1.8 ק""ג",לאטי עזרא,,פילה סלמון נורבגי קפ,קילוגרמים,1.00,"ק""ג",true,,79.90,79.9000,true,1,225214
7290001133958,false,צוריסוס קפוא 500 ג' /16 יח',בלדי בעמ,,נקניקיות צוריסוס בלד,,500.00,100 גרם,false,,25.90,0.0518,true,1,198812
7290001135037,false,חזה עוף טרי ארוז,,,חזה עוף טרי ארוז,קילוגרמים,1.00,"ק""ג",true,,39.90,39.9000,true,1,246688
7290001136287,false,"שמפו לשיער רגיל בבושם פרחים נקה 7 750 מ""ל",החברה הדרומית לשיווק בעמ,,נקה 7 שמפו לשיער רגי,,750.00,"100 מ""ל",false,,12.90,0.0172,true,1,180083
7290001136294,false,"שמפו לשיער יבש בבישום פרחים נקה 7 750 מ""ל",החברה הדרומית לשיווק בעמ,,נקה 7 שמפו לשיער יבש,,750.00,100 גרם,false,,12.90,0.0172,true,1,180084
7290001136300,false,"נקה 7 שמפו ומרכך לסירוק קל 750 מ""ל",החברה הדרומית לשיווק בעמ,,נקה 7 שמפו לסירוק קל,,750.00,"100 מ""ל",false,,12.90,0.0172,true,1,180085
7290001136683,false,"מרכך לשיער רגיל בבושם פרחים נקה 7 750 מ""ל",החברה הדרומית לשיווק בעמ,,נקה 7 מרכך לשיער רגי,,750.00,"100 מ""ל",false,,12.90,0.0172,true,1,180091
7290001191033,false,דג פורל מעושן במשקל,ישראל מטרמן,,פורל מעושן שקיל,קילוגרמים,1.00,"ק""ג",true,,169.00,169.0000,true,1,246287
7290001209271,false,חזה חצוי טרי ארוז עט,נטו,,חזה חצוי טרי ארוז עט,קילוגרמים,1.00,"ק""ג",true,,34.90,34.9000,true,1,233764
7290001209349,false,עוף טרי שלם ארוז עטר,שונות,,עוף טרי שלם ארוז עטר,קילוגרמים,1.00,"ק""ג",true,,22.90,22.9000,true,1,223927
7290001209356,false,כרעיים עוף טרי ארוז עטרה,שונות,,כרעיים טרי ארוז עטרה,קילוגרמים,1.00,"ק""ג",true,,34.90,34.9000,true,1,223928
7290001209387,false,שוקיים עוף טרי ארוז עטרה,שונות,,שוקיים טרי ארוז עטרה,קילוגרמים,1.00,"ק""ג",true,,35.90,35.9000,true,1,223933
7290001209394,false,כנפיים עוף טרי ארוז עטרה,שונות,,כנפיים טרי ארוז עטרה,קילוגרמים,1.00,"ק""ג",true,,15.90,15.9000,true,1,223934
7290001216040,false,טחינה גולמית שומשום טהור אל ארז 500 גרם,אגס ירוק מסחר ושירותים,,טחינה אל ארז 500גר,,500.00,100 גרם,false,,16.90,0.0338,true,1,212851
7290001216231,false,טחינה גולמית שומשום מלא אל ארז 500 גרם,אגס ירוק מסחר ושירותים,,טחינה שומשום מלא אל,,500.00,100 גרם,false,,17.90,0.0358,true,1,212852
7290001230331,false,סיגריות כאמל בוקס חפ,Unknown,,כאמל בוקס,יחידה,0.00,יחידה,false,,32.00,0.0000,false,1,202491
7290001231932,false,ווינסטון כחול בוקס חפיסה,Unknown,,וינסטון כחול בוקס,יחידה,0.00,יחידה,false,,34.00,0.0000,false,1,202496
7290001245699,false,אקונומיקה סמיכה בניחוח לימון 4 ל' טאצ',סאסאטק אגשח בעמ,,אקונומיקה סמיכה 4 לי,ליטרים,4.00,ליטר,false,,10.90,2.7250,true,1,233870
7290001245705,false,אקונומיקה מבושמת טאצ' 4 ליטר,סאסאטק אגשח בעמ,,אקונומיקה מבושמת טאצ,,4000.00,100 גרם,false,,10.90,0.0027,true,1,241582
7290001245835,false,נוזל רצפות אורנים 4 ליטר טאצ,סאסאטק אגשח בעמ,,נוזל רצפות אורנים 4ל,,4000.00,100 גרם,false,,10.00,0.0025,true,1,233889
7290001245842,false,נוזל רצפות מאסק 4 ליטר טאצ,סאסאטק אגשח בעמ,,נוזל רצפות מאסק 4ל ט,,4000.00,"100 מ""ל",false,,10.00,0.0025,true,1,233890
7290001245897,false,נוזל רצפות יסמין 4 ליטר טאצ`,סאסאטק אגשח בעמ,,נוזל רצפות יסמין 4ל,,4000.00,"100 מ""ל",false,,10.00,0.0025,true,1,233891
7290001246061,false,מרכך מרוכז פרימיום פנטזי( 1 ליטר)טאצ`,סאסאטק אגשח בעמ,,מרכך פרימיום פנטזי 1,ליטרים,1.00,ליטר,false,,13.90,13.9000,true,1,233881
7290001246078,false,מרכך מרוכך פרפיום סנשואל( 1 ליטר)טאצ`,סאסאטק אגשח בעמ,,מרכך פרימיום סנשואל,ליטרים,1.00,ליטר,false,,13.90,13.9000,true,1,233882
7290001246092,false,תרסיס מסיר שומנים 750 מ``ל טאצ,סאסאטק אגשח בעמ,,תרסיס מסיר שומנים 75,,750.00,"100 מ""ל",false,,9.90,0.0132,true,1,233902
7290001246108,false,תרסיס מסיר אבנית 750 מ``ל טאצ,סאסאטק אגשח בעמ,,תרסיס מסיר אבנית 750,,750.00,"100 מ""ל",false,,9.90,0.0132,true,1,233895
7290001246115,false,תרסיס מסיר עובש 750 מ``ל טאצ,סאסאטק אגשח בעמ,,תרסיס מסיר עובש 750,,750.00,"100 מ""ל",false,,9.90,0.0132,true,1,233896
7290001246122,false,"תרסיס ניקוי כללי+ אקונומיקה 750 מ""ל טאצ",סאסאטק אגשח בעמ,,תרסיס ניקוי כללי 750,,750.00,"100 מ""ל",false,,9.90,0.0132,true,1,233897
7290001246153,false,"טאצ' מבשם נטול גז לבנדר 350 מ""ל",,,מבשם נטול גז ורוד 35,,350.00,"100 מ""ל",false,,7.90,0.0226,true,1,233898
7290001246177,false,מבשם נטול גז סגול 350 מ``ל טאצ,סאסאטק אגשח בעמ,,מבשם נטול גז סגול 35,,350.00,"100 מ""ל",false,,7.90,0.0226,true,1,233900
7290001246184,false,"מבשם נטול גז טרופיקל 350 מ""ל טאצ",,,מבשם נטול גז צהוב 35,,350.00,"100 מ""ל",false,,7.90,0.0226,true,1,233901
7290001246221,false,"טאצ' תרסיס מטהר אוויר לימון 300 מ""ל",,,תרסיס מטהר אוויר לימ,,300.00,"100 מ""ל",false,,4.90,0.0163,true,1,233905
7290001246238,false,"טאצ' תרסיס מטהר אוויר פריחה 300 מ""ל",סאסאטק אגשח בעמ,,תרסיס מטהר אוויר פרי,,300.00,"100 מ""ל",false,,4.90,0.0163,true,1,233906
7290001246276,false,"טאצ' תרסיס מטהר אוויר אורנים 300 מ""ל",,,תרסיס מטהר אוויר אור,,300.00,"100 מ""ל",false,,4.90,0.0163,true,1,233904
7290001246290,false,"תרסיס רסס נגב 750 סמ""ק טאצ",סאסאטק אגשח בעמ,,"תרסיס רסס נגב 750 מ""",,750.00,"100 מ""ל",false,,9.90,0.0132,true,1,233903
7290001246351,false,נוזל רצפות לבנדר 4 ליטר טאצ,סאסאטק אגשח בעמ,,נוזל רצפות לבנדר 4ל,,4000.00,"100 מ""ל",false,,10.00,0.0025,true,1,233892
7290001246528,false,מרכך כביסה מרוכז פרפיום מיסטרי טאצ' 1 ל',סאסאטק אגשח בעמ,,מרכך כביסה מרוכז פרי,ליטרים,1.00,ליטר,false,,13.90,13.9000,true,1,233883
7290001246542,false,"תרסיס מבריק רהיטים 400 מ""ל טא'צ",סאסאטק אגשח בעמ,,ת.מבריק רהיטים 400 מ,,400.00,"100 מ""ל",false,,14.90,0.0373,true,1,233909
7290001246825,false,ג'ל כביסה ירוק 5 ליטר שנ,,,ג'ל כביסה ירוק 5 ליט,ליטרים,5.00,ליטר,false,,25.90,5.1800,true,1,233912
7290001246832,false,ג'ל כביסה כחול 5 ליטר שנ,,,ג'ל כביסה כחול 5 ליט,ליטרים,5.00,ליטר,false,,25.90,5.1800,true,1,243972
7290001247068,false,קרטונית נקטר ספרינג תות בננה 1 ליטר,יפאורה שותפות מוגבלת לשיווק,,ספרינג תות בננה קרטו,,1000.00,"100 מ""ל",false,,7.90,0.0079,true,1,181626
7290001247099,false,קרטונית נקטר ספרינג מנגו 1 ליטר,יפאורה שותפות מוגבלת לשיווק,,ספרינג מנגו קרטונית,,1000.00,"100 מ""ל",false,,7.90,0.0079,true,1,181629
7290001247105,false,קרטונית נקטר ספרינג אפרסק 1 ליטר,יפאורה שותפות מוגבלת לשיווק,,ספרינג נקטר אפרסק 1,,1000.00,"100 מ""ל",false,,7.90,0.0079,true,1,181630
7290001247112,false,קרטונית נקטר ספרינג לימונענע 1 ליטר,יפאורה שותפות מוגבלת לשיווק,,ספרינג לימונענע קרטו,,1000.00,"100 מ""ל",false,,7.90,0.0079,true,1,181631
7290001247129,false,נקטר ספרינג תפוזים קרטונית 1 ל',יפאורה שותפות מוגבלת לשיווק,,ספרינג תפוז קרטונית,,1000.00,"100 מ""ל",false,,7.90,0.0079,true,1,181632
7290001247143,false,קרטונית נקטר ספרינג תפוחים 1 ליטר,יפאורה שותפות מוגבלת לשיווק,,ספרינג תפוח קרטונית,,1000.00,"100 מ""ל",false,,7.90,0.0079,true,1,181633
7290001265642,false,"מזון חתולים מעדני פטה 1.2 ק""ג מארז 3 יחידות",דיפלומט מפיצים (1968) בעמ**,,לה קט מולטי פק 3*400,,1200.00,100 גרם,false,,23.90,0.0199,true,1,179403
7290001274422,false,שלגונים ציפוי בננה מאגדת שמינייה 560 ג',פלקו בעמ חברה ישראלית,,מאגדת שלגונים ציפוי,,8.00,גרם,false,,22.90,2.8625,true,1,244576
7290001322789,false,לשון בקר חלק קפוא,,,לשון בקר חלק קפוא,קילוגרמים,1.00,"ק""ג",true,,39.90,39.9000,true,1,233961
7290001322949,false,צלעות מס`22 צרכני הרב בעדני פרגוואי,בלדי בע`מ,,צלעות מס'2 מוצפי קפו,קילוגרמים,1.00,"ק""ג",true,,39.90,39.9000,true,1,198572
7290001327180,false,שטראוס קרמיסימו וניל ציפ 1.33 ליטר,"גלידת שטראוס בע""\מ, רחוב",,קרמיסימו וניל ציפ 1.,,1330.00,100 גרם,false,,21.90,0.0165,true,1,187393
7290001327791,false,גלידה קרמיסימו וניל עוגיות 1.33 ליטר,"גלידת שטראוס בע""\מ, רחוב",,קרמיסימו עוגיות 1.33,,1330.00,"100 מ""ל",false,,21.90,0.0165,true,1,187397
7290001335086,false,רגל עגל פרוס ארוז נת,נתח אדום,,רגל בקר פרוס ארוז,קילוגרמים,1.00,"ק""ג",true,,39.90,39.9000,true,1,249788
7290001343845,false,תערובת מיזלי עם פירות מיובשים 1 קג,דין שיווק וקליה 2021 בעמ,,גרנולה מעורבת שקדיה,,1000.00,100 גרם,false,,19.90,0.0199,true,1,200361
7290001356203,false,הרינג ים תיכוני שקיל,ישראל מטרמן,,הרינג ים תיכוני שקיל,קילוגרמים,1.00,"ק""ג",true,,28.00,28.0000,true,1,248302
7290001356241,false,מקרל בעישון חם (פיקל,ישראל מטרמן,,מקרל בעישון חם (פיקל,קילוגרמים,1.00,"ק""ג",true,,115.00,115.0000,true,1,246247
7290001356258,false,דג מקרל מעושן קטן במ,ישראל מטרמן,,מקרל מעושן קטן שקיל,קילוגרמים,1.00,"ק""ג",true,,87.00,87.0000,true,1,246246
7290001356418,false,פילה הרינג בשמן שקיל,ישראל מטרמן,,פילה הרינג בשמן שקיל,קילוגרמים,1.00,"ק""ג",true,,55.00,55.0000,true,1,246239
7290001356425,false,פילה הרינג בסיגנון מ,ישראל מטרמן,,פילה הרינג בסיגנון מ,קילוגרמים,1.00,"ק""ג",true,,55.00,55.0000,true,1,246240
7290001356630,false,פילה הרינג כבוש שקיל,ישראל מטרמן,,פילה הרינג כבוש שקיל,קילוגרמים,1.00,"ק""ג",true,,55.00,55.0000,true,1,246241
7290001356982,false,פורל טראוט מעושן במש,ישראל מטרמן,,פורל טראוט מעושן (בי,קילוגרמים,1.00,"ק""ג",true,,169.00,169.0000,true,1,246250
7290001407134,false,בארכה פרוסות חלווה שוקו וניל+פ.קקאו 400גר,קבוצת אוסם סחר שותפות מוגבלת,,חלבה פרוסות שוקו וני,,400.00,100 גרם,false,,16.90,0.0422,true,1,176824
7290001407547,false,טחינה גולמית משומשום מלא פי 6 בארכה 500ג',קבוצת אוסם סחר שותפות מוגבלת,,טחינה משומשום מלא פי,,500.00,"100 מ""ל",false,,17.90,0.0358,true,1,176826
7290001407769,false,טחינה גולמית שומשום מלא בארכה 500 גרם,קבוצת אוסם סחר שותפות מוגבלת,,טחינה משומשום מלא בא,,500.00,100 גרם,false,,17.90,0.0358,true,1,176828
7290001407820,false,חלווה שאמית וניל קלאסית בארכה 350ג',קבוצת אוסם סחר שותפות מוגבלת,,חלבה שאמית קלאסית בא,,350.00,100 גרם,false,,17.90,0.0511,true,1,190516
7290001407936,false,בארכה-טחינה גולמית מעודנת בקבוק לחיץ 310 ג',קבוצת אוסם סחר שותפות מוגבלת,,טחינה מעודנת לחיץ בא,,310.00,"100 מ""ל",false,,14.90,0.0481,true,1,176829
7290001415214,false,עוגת סבתא שוקולד 500ג',פילסברי,,עוגת סבתא שוקולד,יחידה,0.00,יחידה,false,,21.90,0.0000,true,1,234062
7290001423321,false,כתף עגל פריים עע,,,כתף עגל פריים עע,קילוגרמים,1.00,"ק""ג",true,,69.00,69.0000,true,1,243673
7290001436790,false,נקנקיות מרגז מיני אקסטרה חריף ארוז בלדי 500 ג',יוליניבר,,נקניקיות מרגז מיני א,,500.00,100 גרם,false,,29.90,0.0598,true,1,198830
7290001455456,false,פילה נסיכת הנילוס פרוס בלדי,בלדי בעמ,,פילה נסיכת הנילוס פר,קילוגרמים,1.00,"ק""ג",true,,69.90,69.9000,true,1,230164
7290001455937,false,אנטריקוט עגל פריים,,,אנטריקוט עגל פריים,קילוגרמים,1.00,"ק""ג",true,,149.00,149.0000,true,1,245678
7290001461105,false,לחם מחמצת לבן (ברקוד,פילסברי,,לחם מחמצת לבן,יחידה,0.00,יחידה,false,,17.90,0.0000,true,1,233999
7290001461112,false,לחם רוסטיק עגול פילס,פילסברי,,לחם מחמצת דגנים,יחידה,0.00,יחידה,false,,17.90,0.0000,true,1,234000
7290001461204,false,סופגנייה מיוחדת,פילסברי,,דונטס,יחידה,0.00,יחידה,false,,5.00,0.0000,true,1,234081
7290001461457,false,בגט רוסטיק קמח מלא ו,פילסברי,,בגט רוסטיק עם קמח מל,יחידה,0.00,יחידה,false,,7.90,0.0000,true,1,233988
7290001461860,false,עשריית פיתות פילסברי,פילסברי,,פיתות עשיריית,יחידה,0.00,יחידה,false,,13.90,0.0000,true,1,234076
7290001476208,false,גבינת ברי פקאן במשקל,מחלבות גד,,ברי פקאן צאן 22% מחל,קילוגרמים,1.00,"ק""ג",true,,135.00,135.0000,true,1,171536
7290001482094,false,גבינה פרמז'נו משולשים ויליפוד 200ג',ג.וילי-פוד אינטרנשיונל **גבינו,,פרמז'נו וילי פוד 200,,200.00,"100 מ""ל",false,,22.90,0.1145,true,1,178473
7290001484708,false,טחון עגל אנגוס קפוא,,,טחון עגל אנגוס קפוא,,1000.00,100 גרם,false,,24.90,0.0249,true,1,198836
7290001485019,false,גבינת קרם שמנת טבעי 5% טרה 200 גרם,החברה המרכזית טלהפצת משקאות בע,,גבינת שמנת טבעי 5% 2,,200.00,100 גרם,false,,12.90,0.0645,true,1,184415
7290001491010,false,תה ירוק יסמין ויסוצקי 25 יחידות,תה ויסוצקי (ישראל) בעמ,,תה ירוק יסמין 25יח,,37.50,100 גרם,false,,25.90,0.6907,true,1,190519
7290001491096,false,תה ירוק בתוספת לימונית ולואיזה 50 שקיקים ויסוצקי,תה ויסוצקי (ישראל) בעמ,,תה ירוק בתוספת לימונ,,50.00,גרם,false,,45.90,0.9180,true,1,190520
7290001552025,false,קוסקוס של אמא פרבורגר 800 גרם,מטעמי פאר (א.מ.נ) בעמ,,קוסקוס של אמא קפוא 8,,800.00,100 גרם,false,,16.90,0.0211,true,1,224262
7290001552049,false,קוסקוס מרוקאי קפוא 800 גר,מטעמי פאר (א.מ.נ) בעמ,,קוסקוס מרוקאי קפוא 8,,800.00,100 גרם,false,,16.90,0.0211,true,1,224263
7290001567043,false,פסטרמה מעודנת על גחל,יחיעם,,פסטרמה מעודנת על גחל,קילוגרמים,1.00,"ק""ג",true,,55.00,55.0000,true,1,172151
7290001567555,false,פסטרמה מעודנת עם דבש 300 ג' יחיעם,מעדני יחיעם (1993) בעמ,,פסטרמה מעודנת עם דבש,,300.00,100 גרם,false,,25.90,0.0863,true,1,172245
7290001567708,false,נקניקיות וינר יחיעם 400 גרם,מעדני יחיעם ( 1993 ) בע`מ,,נקניקיות עוף ללא חומ,,400.00,100 גרם,false,,12.90,0.0323,true,1,172246
7290001567760,false,פסטרמה של פעם יחיעם 300 גרם,מעדני יחיעם ( 1993 ) בע`מ,,פסטרמה של פעם ללא חו,,300.00,100 גרם,false,,29.90,0.0997,true,1,172252
7290001567807,false,"כתף בקר מעושן לח""מ 250 גרם ""יחיעם""",מעדני יחיעם ( 1993 ) בע`מ,,כתף בקר מעושן ללא חו,,250.00,100 גרם,false,,33.90,0.1356,true,1,172256
7290001567814,false,סלמי מעושן בסגנון איטלקי 300 ג' יחיעם,מעדני יחיעם ( 1993 ) בע`מ,,סלמי מעושן בסגנון אי,,300.00,100 גרם,false,,25.90,0.0863,true,1,172257
7290001567906,false,פסטרמה מעודנת יחיעם 200 ג',מעדני יחיעם (1993) בעמ,,פסטרמה מעודנת יחיעם,,200.00,100 גרם,false,,12.90,0.0645,true,1,223786
7290001567920,false,סלמי תה יחיעם 200 גר,מעדני יחיעם,,סלמי תה יחיעם 200 גר,,200.00,100 גרם,false,,12.90,0.0645,true,1,223787
7290001567937,false,"סלמי איטלקי מפולפל 200 גרם ""יחיעם""",מעדני יחיעם (1993) בעמ,,איטלקי מפולפל יחיעם,,200.00,100 גרם,false,,12.90,0.0645,true,1,223788
7290001594230,false,קינלי סודה בבקבוק זכוכית,החברה המרכזית להפצת משקאות בעמ,,קינלי סודה קלאסי 250,,250.00,"100 מ""ל",false,,4.50,0.0180,true,1,209490
7290001594858,false,מארז שישייה בירה טובורג רד (330x6 מל),החברה המרכזית להפצת משקאות בעמ,,בירה טובורג בקבוק שי,,1980.00,"100 מ""ל",false,,39.90,0.0202,true,1,209512
7290001594865,false,"שישייה בירה קרלסברג בקבוק 330 מ""ל",החברה המרכזית להפצת משקאות בעמ,,בירה קרלסברג שישייה,,1980.00,100 גרם,false,,39.90,0.0202,true,1,209513
7290001648919,false,קפה כתר 3*70גר,,,קפה כתר 3*70גר,,210.00,100 מ'ל,false,,10.00,0.0476,true,1,198488
7290001648995,false,"מארז קפה טורקי ""רג'ואן"" 100X3 גרם",רוני רג'ואן ושות,,קפה טורקי רג'ואן 3*1,,300.00,100 גרם,false,,14.90,0.0497,true,1,225709
7290001670224,false,מלית פרג פוליבה 400 גרם,הנמל אריזות ושיווק (1984) בעמ,,מלית פרג 400 גר,,400.00,100 גרם,false,,13.90,0.0348,true,1,191266
7290001670514,false,מלית אוכמניות למילוי דברי מאפה 400 ג,הנמל אריזות ושיווק (1984) בעמ,,מלית אוכמניות 400 גר,,400.00,100 גרם,false,,13.90,0.0348,true,1,191278
7290001670521,false,מלית תפוחים וקינמון 400 גרם,הנמל אריזות ושיווק (1984) בעמ,,"מלית תפו""ע וקינמון 4",,400.00,100 גרם,false,,11.90,0.0298,true,1,191279
7290001670859,false,מלית דובדבנים פוליבה 400 ג',הנמל אריזות ושיווק (1984) בעמ,,מלית דובדבנים 400 גר,,400.00,100 גרם,false,,13.90,0.0348,true,1,191287
7290001713150,false,סנט מוריץ מתז אקונומיקה Bleach קצף לימון 1 ליטר,קומפלקס כימיקלים בעמ,,אקונומיקה קצף ניקוי,ליטרים,1.00,ליטר,false,,11.90,11.9000,true,1,226774
7290001713167,false,סנט מוריץ - מרסס קצף ניקוי 1 ליטר סניטרי אפור,קומפלקס כימיקלסבעמ ~~~,,קצף לניקוי כלים סניט,ליטרים,1.00,ליטר,false,,11.90,11.9000,true,1,226775
7290001713372,false,"תרסיס לניקוי מוצרי עור 400 מ""ל",קומפלקס כימיקלים,,תרסיס לניקוי מוצרי ע,,400.00,"100 מ""ל",false,,15.90,0.0398,true,1,225994
7290001713518,false,"סנט מוריץ נוזל לניקוי רהיטים 750 מ""ל",קומפלקס כימיקלים,,סנט מוריץ תרסיס לניק,,750.00,"100 מ""ל",false,,11.90,0.0159,true,1,216144
7290001713921,false,אקונומיקה bleach מבושמת 4 ל' סנט מוריץ,קומפלקס כימיקלים בעמ,,אקונומיקה מבושמת 4 ל,,4000.00,"100 מ""ל",false,,9.90,0.0025,true,1,244102
7290001714058,false,אנטריקוט עגל פריים,,,אנטריקוט עגל פריים,קילוגרמים,1.00,"ק""ג",true,,149.00,149.0000,true,1,198257
7290001714072,false,צלעות עגל,,,צלעות עגל,קילוגרמים,1.00,"ק""ג",true,,69.90,69.9000,true,1,198258
7290001714089,false,צוואר עגל,,,צוואר עגל,קילוגרמים,1.00,"ק""ג",true,,69.90,69.9000,true,1,198259
7290001714096,false,חזה עגל,,,חזה עגל,קילוגרמים,1.00,"ק""ג",true,,69.90,69.9000,true,1,198260
7290001714133,false,גולש עגל,,,גולש עגל,קילוגרמים,1.00,"ק""ג",true,,69.00,69.0000,true,1,244456
7290001714140,false,חזה עע עגל,,,חזה עע עגל,קילוגרמים,1.00,"ק""ג",true,,69.90,69.9000,true,1,244457
7290001780800,false,שלגון קראנץ שוקולד ליבת נוגט נסטלה 100 גרם,נגה גלידות שותפות מוגבלת,,קראנץ' שוקולד ליבת נ,יחידה,0.00,יחידה,false,,10.90,0.0000,true,1,228126
7290001791349,false,אקונומיקה פיסגה ריחנית סנו (4 ליטר),החברה הדרומית לשיווק בעמ,,אקונומיקה פיסגה ריחנ,ליטרים,4.00,ליטר,false,,12.90,3.2250,true,1,180110
7290001791356,false,"פרש מבשם אויר אוטומטי בניחוח לבנדר סנו 250 מ""ל",החברה הדרומית לשיווק בעמ,,מטהר אוויר סנו פרש א,,165.00,100 גרם,false,,15.90,0.0964,true,1,230755
7290001842652,false,בשר ראש חלק קפוא,,,בשר ראש חלק קפוא,קילוגרמים,1.00,"ק""ג",true,,59.90,59.9000,true,1,226431
7290001855935,false,"שמן חמניות מזוכך 900 מ""ל",בני פאוזי שמשום (2009) בעמ,,שמן חמניות מזוכך 900,,900.00,100 גרם,false,,10.90,0.0121,true,1,230171
7290001865439,false,פמילי אל סבון נוזלי בניחוח וניל 1 ליטר,אף.סי תבליני בגליל ב,,פמלי סבון נוזלי וניל,,1000.00,"100 מ""ל",false,,14.90,0.0149,true,1,206834
7290001867655,false,תפוא לבן פרמיום לאפי,אראל תוצרת חקלאית בע,,"תפו""א גורמה חוות גלי",קילוגרמים,1.00,"ק""ג",true,,5.90,5.9000,true,1,245417
7290001873052,false,צלי כתף טרי מוכשר ברזיל,אנסטסיו,,צלי כתף עגל,קילוגרמים,1.00,"ק""ג",true,,89.90,89.9000,true,1,244500
7290001893838,false,לברק נקי טרי,,,לברק נקי טרי,קילוגרמים,1.00,"ק""ג",true,,69.90,69.9000,true,1,197617
7290001893913,false,צלעות מס'2 חלק קפוא,,,צלעות מס'2 חלק קפוא,קילוגרמים,1.00,"ק""ג",true,,39.90,39.9000,true,1,228407
7290001970263,false,רחת לוקום במשקל,דין שיווק,,לוקום,קילוגרמים,1.00,"ק""ג",true,,85.00,85.0000,true,1,226082
7290001970478,false,אגוזי מלך קלופים חצא,"דין שיווק וקלייה בע""",,אגוזי מלך קלופים חצא,קילוגרמים,1.00,"ק""ג",true,,78.00,78.0000,true,1,222276
7290001970577,false,בוטן קלוי ענק פזורת,,,בוטן קלוי ענק פזורת,קילוגרמים,1.00,"ק""ג",true,,24.00,24.0000,true,1,250086
7290001989272,false,איקרה לבנה/אדומה במשקל,"סלטי שמיר 2006 בע""מ",,איקרא אדום\לבן במשקל,קילוגרמים,1.00,"ק""ג",true,,59.00,59.0000,true,1,197893
7290001990094,false,"סוכר חום כהה צנצנת קלאסי סוגת 1ק""ג",האי נאם סי או אל.טי.,,סוכר חום בצנצנת קלאס,,1000.00,100 גרם,false,,15.90,0.0159,true,1,192167
7290001990148,false,"סוכר גולדן קלאסי בצנצנת סוגת 1 ק""ג",האי נאם סי או אל.טי.,,סוכר גולדן קלאסי בצנ,,1000.00,100 גרם,false,,12.90,0.0129,true,1,192169
7290001990261,false,"סוגת חומוס 1 ק""ג","סוגת תעשיות בע""\מ",,חומוס סוגת 1קג,,1000.00,100 גרם,false,,15.90,0.0159,true,1,192170
7290001990278,false,"שעועית לבנה סוגת 1 ק""ג","סוגת תעשיות בע""\מ",,שעועית לבנה סוגת 1קג,,1000.00,100 גרם,false,,18.90,0.0189,true,1,192171
7290001990377,false,שעועית בובס 500 גרם סוגת,סוגת תעשיות בעמ,,שעועית בובס סוגת 500,,500.00,100 גרם,false,,12.90,0.0258,true,1,228315
7290001990391,false,אפונה יבשה 1קג סוגת,"סוגת תעשיות בע""\מ",,אפונה סוגת 1קג,,1000.00,"100 מ""ל",false,,11.90,0.0119,true,1,192175
7290001990407,false,"עדשים ירוקים 1 ק""ג סוגת","סוגת תעשיות בע""\מ",,עדשים ירוקים סוגת 1,,1000.00,100 גרם,false,,15.90,0.0159,true,1,192176
7290001990414,false,עדשים אדומות סוגת (1 קג),"סוגת תעשיות בע""\מ",,עדשים אדומים סוגת 1,,1000.00,100 גרם,false,,15.90,0.0159,true,1,192177
7290001990421,false,"פופקורן גרעינים סוגת 1 ק""ג","סוגת תעשיות בע""\מ",,פופקורן סוגת 1 קג,,1000.00,100 גרם,false,,10.90,0.0109,true,1,192178
7290002000136,false,מגע הדבש -שעווה להסרת שיער למיקרוגל 500 גרם,"ש. שוורץ )באר שבע( בע""\מ",,מגע המשי שעווה למיקר,,500.00,100 גרם,false,,19.90,0.0398,true,1,206841
7290002000266,false,שעווה מגע המשי הדבש תפוח למיקרו 500 גרם,המאפיה של הרמן,,מגע המשי שעווה תפוח,,500.00,100 גרם,false,,19.90,0.0398,true,1,206843
7290002007302,false,סוכריות לקישוט צבע אחיד 100 ג' הנמל,קריות זול,,סוכריות מזרה צבע אחי,,100.00,100 גרם,false,,5.90,0.0590,true,1,191309
7290002007357,false,שקיות צליה דליקטס מיקרוגל הנמל 10 יח',הנמל אריזות ושיווק (1984) בעמ,,שקיות לצליה דליקטס ק,,10.00,100 מ'ל,false,,4.90,0.4900,true,1,191311
7290002007487,false,צמר פלדה הנמל 100 גרם,הנמל אריזות ושיווק (1984) בעמ,,צמר פלדה 100גר,,100.00,100 גרם,false,,3.90,0.0390,true,1,191317
7290002007500,false,קיסמי שיניים הנמל במבוק 500 יחידות,הנמל אריזות ושיווק 1984 בע`מ,,קיסמי שיניים במבוק 5,,500.00,גרם,false,,3.90,0.0078,true,1,191318
7290002007746,false,"צבע מאכל כחול 55 מ""ל הנמל",הנמל אריזות ושיווק ב,,צבע מאכל כחול 50מל,,50.00,"100 מ""ל",false,,3.50,0.0700,true,1,191322
7290002008040,false,שיפודי במבוק הנמל 100 יחידות,הנמל אריזות ושיווק (1984) בעמ,,שיפודי עץ 100יח,יחידה,0.00,יחידה,false,,2.90,0.0000,true,1,191337
7290002008071,false,גביעי נייר מספר 2 הנמל 1 יחידה,הנמל אריזות ושיווק (1984) בעמ,,עטרות חום מס 2,יחידה,0.00,יחידה,false,,5.90,0.0000,true,1,191340
7290002008118,false,צמרוני עץ לאוזניים 100יח,שוורצקוף& הנקל דיסלד,,צמרונים עץ 100יח.,,100.00,גרם,false,,1.90,0.0190,true,1,191343
7290002008156,false,גביעי נייר מספר 5 הנמל 1 יחידה,הנמל אריזות ושיווק (1984) בעמ,,עטרות חום .5,יחידה,0.00,יחידה,false,,6.90,0.0000,true,1,191345
7290002008170,false,גביעי נייר מספר 3 הנמל 1 יחידה,הנמל אריזות ושיווק (1984) בעמ,,עטרות חום 3,יחידה,0.00,יחידה,false,,5.90,0.0000,true,1,191346
7290002008224,false,סוכריות לקישוט צבעונית הנמל 100 ג',הנמל אריזות ושיווק 1984 בע`מ,,קישוט לעוגה גליד 100,,100.00,100 גרם,false,,5.90,0.0590,true,1,191349
7290002008460,false,עטרות חום מספר 1.5 הנמל,הנמל אריזות ושיווק (1984) בעמ,,עטרות חום 1.5,יחידה,0.00,יחידה,false,,5.90,0.0000,true,1,191362
7290002008491,false,סוכריות לקישוט שוקולד 100 ג' הנמל,הנמל אריזות ושיווק 1984 בע`מ,,סוכריות מזרה שוקולד,,100.00,100 גרם,false,,5.90,0.0590,true,1,191364
7290002008507,false,נייר אפיה הנמל 50 יחידות,הנמל אריזות ושיווק (1984) בעמ,,נייר אפיה 50יח,,50.00,גרם,false,,9.90,0.1980,true,1,191365
7290002008620,false,"צבע מאכל ירוק 55 מ""ל הנמל",ממתקי עלה יצור שיווק,,צבע מאכל ירוק 55 מל,,55.00,"100 מ""ל",false,,3.50,0.0636,true,1,191369
7290002008750,false,אבקת אפיה עשירייה הנמל 100 גרם,הנמל אריזות ושיווק 1984 בע`מ,,אבקת אפיה 10 יח,,10.00,100 מ'ל,false,,2.00,0.2000,true,1,191373
7290002008828,false,סוכריות שוקולד לבן ג'מבו לקישוט הנמל 200ג' בדצ,הנמל אריזות ושיווק (1984) בעמ,,סוכריות לעוגה גמבו ש,,200.00,"100 מ""ל",false,,9.50,0.0475,true,1,191377
7290002008835,false,מגן כיריים הנמל 4 יח,מיוצר בסין.יבוא ושיו,,מגן כיריים 4יח,,4.00,גרם,false,,5.90,1.4750,true,1,191378
7290002008927,false,סוכריות לקישוט שוקו לבן 100 ג' הנמל,ממתקי עלה יצור שיווק,,סוכריות מזרה שוקו לב,,100.00,100 גרם,false,,5.90,0.0590,true,1,191379
7290002013006,false,פסטרמה מקסיקנית זוגלובג,נקניק זוגלובק נהריה,,פסטרמה מקסיקנית זוגל,קילוגרמים,1.00,"ק""ג",true,,85.00,85.0000,true,1,211567
7290002013037,false,פסטרמה פרגיות זוגלובג,נקניק זוגלובק נהריה,,פסטרמה פרגית זוגלובק,קילוגרמים,1.00,"ק""ג",true,,85.00,85.0000,true,1,211568
7290002013174,false,פסטרמה של פעם זוגלובג,נקניק זוגלובק נהריה,,פסטרמה של פעם זוגלוב,קילוגרמים,1.00,"ק""ג",true,,85.00,85.0000,true,1,211570
7290002014201,false,חומוס מעדני מיקי 200 גרם,"סלטי שמיר 2006 בע""\מ",,חומוס מיקי 200 גרם,,200.00,"100 מ""ל",false,,8.90,0.0445,true,1,187236
7290002014232,false,סלט טורקי 200 גרם מעדני מיקי,סלטי שמיר2006בעמ,,סלט טורקי 200 גר,,200.00,100 גרם,false,,8.90,0.0445,true,1,187239
7290002019183,false,"עגבניות מקולפות 800ג בד""ץ פריניר*",ח.כהן סוכנות מזון ומשקאות בע,,עגבניות שלמות פריניר,,800.00,"100 מ""ל",false,,7.90,0.0099,true,1,194592
7290002019763,false,עגבניות מרוסקות 800ג פריניר ה.מכירה *,ח.כהן סוכנות מזון ומשקאות בע,,עגבניות מרוסקות פרינ,,800.00,100 גרם,false,,7.90,0.0099,true,1,194594
7290002019787,false,רוטב עגבניות מרוכז מאוד 260 גרם פריניר,ח.כהן סוכנות מזון ומשקאות בע,,רסק עגבניות22% פריני,,260.00,100 גרם,false,,4.50,0.0173,true,1,194595
7290002019794,false,רוטב עגבניות מרוכז מאוד 100 גרם פריניר,ח.כהן סוכנות מזון ומשקאות בע,,רסק עגבניות 22% פרינ,,100.00,"100 מ""ל",false,,2.50,0.0250,true,1,194596
7290002026341,false,אריסטו קראנץ ציפס בטטה טוגנים 500גר,מוצרי איכות אמריקאיים בעמ,,צ'יפס אריסטו רגיל 50,,500.00,100 גרם,false,,17.90,0.0358,true,1,225059
7290002026358,false,אריסטו קראנץ צ`יפס בטטה זיגזג טוגנים 500,מוצרי איכות אמריקאיים בעמ,,צ'יפס בטטה זיג זג 50,,500.00,100 גרם,false,,17.90,0.0358,true,1,225060
7290002026365,false,טבעות בצל אריסטו קראנץ' 500 גרם,מוצרי איכות אמריקאיים בעמ,,טבעות בצל 500גר,,500.00,100 גרם,false,,10.90,0.0218,true,1,174025
7290002026402,false,בראנץ אנד קראנץ בלינצס גבינה 350 גרם,מוצרי איכות אמריקאיים בעמ,,בלינצס גבינה 350גר,,350.00,100 גרם,false,,14.90,0.0426,true,1,174026
7290002026587,false,וופל בלגי פרווה בראנץ אנד קראנץ 8 יח',מוצרי איכות אמריקאיים בעמ,,וופל בלגי קפוא 8יח ב,,280.00,100 גרם,false,,14.90,0.0532,true,1,241923
7290002037057,false,"לחם לבן פרוס ארוז ""ברמן"" - מוצר בפיקוח",מאפית י את א ברמן בע,,לחם לבן פרוס 500גר,,500.00,"100 מ""ל",false,,6.10,0.0122,true,1,199512
7290002037309,false,לחמניות המבורגר מאפיית ודש 8),מאפית י את א ברמן בע,,לחמניות המבורגר 8יח,,400.00,"100 מ""ל",false,,14.90,0.0373,true,1,199519
7290002037637,false,לחמניות הבית מתוקות מאפיית ודש) (4,מאפית י את א ברמן בע,,חליות מתוקות 4יח,,400.00,"100 מ""ל",false,,12.90,0.0323,true,1,199527
7290002053088,false,אטריות ביצים דקיקים מספר 8 אוריינט 200 גרם,גורי מוצרי צריכה (1991) בעמ,,אטריות ביצים מס`8 20,,200.00,100 גרם,false,,9.90,0.0495,true,1,192633
7290002053118,false,אטריות ביצים עבות מספר 14 אוריינט 200 גרם,האי נאם סי או אל.טי.,,אטריות ביצים מס 14 2,,200.00,"100 מ""ל",false,,9.90,0.0495,true,1,192636
7290002057017,false,זיתים ירוקים נובו קבוצת יבנה (540 גרם),קבוצת יבנה מוצרי מזון אגודה שי,,זית נובו יבנה 330גר,,330.00,100 גרם,false,,9.90,0.0300,true,1,210703
7290002057031,false,זיתים מבוקעים פיקנטי קבוצת יבנה 340 גרם,"קבוצת יבנה מוצרי מזון בע""מ",,זית מבוקע יבנה 540גר,,540.00,100 גרם,false,,9.90,0.0183,true,1,210704
7290002057048,false,זית סורי מתובל בשמן קבוצת יבנה 560 גרם,"קבוצת יבנה מוצרי מזון בע""מ",,זית סורי מבוקע 540גר,,540.00,100 גרם,false,,9.90,0.0183,true,1,210705
7290002057062,false,זיתים מנזנילו ירוק בינוני קבוצת יבנה 340 גרם,קבוצת יבנה מוצרי מזון בעמ,,זית מנזלינו בינוני י,,540.00,100 גרם,false,,7.80,0.0144,true,1,210707
7290002057086,false,זיתים מנזנילו גדול קבוצת יבנה 780 גרם,קבוצת יבנה מוצרי מזון בעמ,,זית מנזולינו גדול יב,,1250.00,100 גרם,false,,18.90,0.0151,true,1,210709
7290002057093,false,זיתים מנזנילו גדול קבוצת יבנה 340 גרם,קבוצת יבנה מוצרי מזון אגודה שי,,זית מנזלינו ירוק יבנ,,540.00,100 גרם,false,,8.90,0.0165,true,1,210710
7290002057109,false,זיתים יבנה ירוקים גדולים מאוד שום מנזלינ,קבוצת יבנה מוצרי מזון בעמ,,זית מנזולינו גדול מא,,540.00,100 גרם,false,,9.90,0.0183,true,1,210711
7290002057123,false,זיתים ירוקים מנזנילו קבוצת יבנה 560 גרם,קבוצת יבנה מוצרי מזון אגודה שי,,חרוזית ירוק 540 גר,,540.00,100 גרם,false,,9.90,0.0183,true,1,210713
7290002057130,false,זיתים חרוזית קבוצת יבנה 650 גרם,"קבוצת יבנה מוצרי מזון בע""מ",,חרוזית ירוק 1.250קג,,1250.00,100 גרם,false,,18.90,0.0151,true,1,210714
7290002057147,false,זית מושחר גדול 560 ג' יבנה,קבוצת יבנה מוצרי מזון בעמ,,זית מושחר גדול יבנה,,340.00,100 גרם,false,,9.90,0.0291,true,1,210715
7290002057154,false,"זיתים חרוזית קבוצת יבנה 1.5 ק""ג",קבוצת יבנה מוצרי מזון בעמ,,חרוזית פח 3קג,,3000.00,100 גרם,false,,39.90,0.0133,true,1,210716
7290002057161,false,זיתים מרינט ביין גדול מאד קבוצת יבנה 340 גרם,קבוצת יבנה מוצרי מזון בעמ,,זית מירנט חתוך ביין,,340.00,100 גרם,false,,9.90,0.0291,true,1,210717
7290002057178,false,זיתים שחורים גדולים מנזלינו קבוצת יבנה 3,קבוצת יבנה מוצרי מזון בעמ,,זית מנזולינו טבעי גד,,540.00,100 גרם,false,,9.90,0.0183,true,1,210718
7290002057185,false,טבעות זיתים ירוקים קבוצת יבנה 560 גרם,קבוצת יבנה מוצרי מזון אגודה שי,,טבעות זיתים ירוק 540,,540.00,100 גרם,false,,9.90,0.0183,true,1,210719
7290002057314,false,"מלפפון במלח ‏20‏-‏15‏ ‏‏ 1.3 ק""ג ‏‏ יבנה",קבוצת יבנה מוצרי מזון בעמ,,מלפפון 15-20 במלח 72,,725.00,100 גרם,false,,13.90,0.0192,true,1,210729
7290002057345,false,"מלפפונים במלח ‏36‏-‏30 קבוצת יבנה 1.75 ק""ג",קבוצת יבנה מוצרי מזון בעמ,,מלפפון 30-36 מלח 3קג,,3000.00,100 גרם,false,,22.90,0.0076,true,1,210731
7290002057352,false,מלפפונים במלח ‏9‏-‏7‏ קבוצת יבנה 320 גרם,"קבוצת יבנה מוצרי מזון בע""מ",,מלפפון 7-9 במלח 540ג,,540.00,100 גרם,false,,6.90,0.0128,true,1,210732
7290002057369,false,מלפפונים במלח ‏12‏-‏10‏ קבוצת יבנה 320 גרם,"קבוצת יבנה מוצרי מזון בע""מ",,מלפפון 10-12 במלח 54,,540.00,100 גרם,false,,7.90,0.0146,true,1,210733
7290002057376,false,מלפפונים במלח ‏17‏-‏13‏ קבוצת יבנה 320 גרם,"קבוצת יבנה מוצרי מזון בע""מ",,מלפפון 13-17 במלח 54,,540.00,100 גרם,false,,9.90,0.0183,true,1,210734
7290002057383,false,מלפפונים במלח ‏25‏-‏18‏ קבוצת יבנה 320 גרם,"קבוצת יבנה מוצרי מזון בע""מ",,מלפפון 18-25 במלח 54,,540.00,100 גרם,false,,12.90,0.0239,true,1,210735
7290002057451,false,מלפפונים בחומץ ‏9‏-‏7 קבוצת יבנה 290 גרם,קבוצת יבנה מוצרי מזון אגודה שי,,מלפפון 7-9 בחומץ 540,,540.00,100 גרם,false,,6.90,0.0128,true,1,210739
7290002057468,false,מלפפונים בחומץ בינוני קבוצת יבנה 560 גרם,"קבוצת יבנה מוצרי מזון בע""מ",,מלפפון 10-12 בחומץ 5,,540.00,"100 מ""ל",false,,7.90,0.0146,true,1,210740
7290002057475,false,מלפפונים בחומץ ‏17‏-‏13 קבוצת יבנה 290 גרם,קבוצת יבנה מוצרי מזון אגודה שי,,מלפפון 13-17 בחומץ 5,,540.00,100 גרם,false,,9.90,0.0183,true,1,210741
7290002057604,false,פלפל חריף שיפקה קבוצת יבנה (540 גרם),קבוצת יבנה מוצרי מזון אגודה שי,,פלפל חריף שיפקה יבנה,,540.00,100 גרם,false,,6.50,0.0120,true,1,210746
7290002057628,false,זיתים מושחרים טבעות קבוצת יבנה (540 גרם),קבוצת יבנה מוצרי מזון אגודה שי,,זית טבעות מושחר 540ג,,540.00,100 גרם,false,,9.90,0.0183,true,1,210748
7290002057734,false,זיתים חרוזית מושחר קבוצת יבנה 275 גרם,קבוצת יבנה מוצרי מזון אגודה שי,,חרוזית מושחר יבנה 27,,275.00,100 גרם,false,,9.90,0.0360,true,1,210754
7290002057871,false,זית חרוזית צנצנת 540 ג' יבנה,קבוצת יבנה מוצרי מזון בעמ,,זיתים ירוקים חרוז יב,,560.00,100 גרם,false,,9.50,0.0170,true,1,210761
7290002079590,false,חלה רגילה עגולה 500גר,מאפיית דוידוביץ,,חלה רגילה 500גר,,500.00,100 גרם,false,,5.40,0.0108,true,1,194707
7290002079606,false,חלה רגילה 500גר,,,חלה רגילה 500גר,,500.00,100 גרם,false,,5.40,0.0108,true,1,194708
7290002107071,false,גבינת פטה עיזים מעודנת 16% משק צוריאל 200 גרם,החברה המרכזית טלהפצת משקאות בע,,פטה עיזים מעודנת 16%,,200.00,100 גרם,false,,28.50,0.1425,true,1,184444
7290002107385,false,גליל גבינת עיזים מה עז משק צוריאל 180 גרם,החברה המרכזית טלהפצת משקאות בע,,גליל גבינת עיזים צור,,180.00,100 גרם,false,,25.50,0.1417,true,1,184452
7290002107798,false,גבינה בולגרית מעודנת 5% משק צוריאל 250 גרם,החברה המרכזית טלהפצת משקאות בע,,בולגרית מעודנת 5% בג,,250.00,100 גרם,false,,24.50,0.0980,true,1,184468
7290002107965,false,גבינת טבורוג לאפייה ומילוי %5 500גרם,*החברה המרכזית להפצת משקאותבעמ,,גבינה טבורוג לאפייה,,500.00,100 גרם,false,,27.90,0.0558,true,1,184475
7290002111825,false,גרעיני תירס מתוק 550 גרם פרי מבורך,"זנלכל בע""\מ",,תירס מתוק פרי מבורך,,550.00,100 גרם,false,,8.90,0.0162,true,1,174347
7290002128311,false,נר נשמה בכוס זכוכית שבועי מנורה שי נר,"מנורה שי נר בע""מ",,נר נשמה בכוס ל-7 ימי,,72.00,100 מ'ל,false,,10.90,0.1514,true,1,173425
7290002128403,false,נרות שבת אורה מס 4 מנורה שי נר,אבאל יזמות בעמ,,נרות שבת מס 4,יחידה,0.00,יחידה,false,,3.50,0.0000,true,1,173426
7290002128410,false,נרות שבת שבת אורה מס`6,אבאל יזמות בעמ,,נרות שולחן 6 יח,,6.00,גרם,false,,3.50,0.5833,true,1,173427
7290002128434,false,נרות שבת אורה 10 יחידות,אבאל יזמות בעמ,,נרות שולחן 10 יח,,10.00,גרם,false,,3.50,0.3500,true,1,173429
7290002128748,false,פתיל צף - 50 יחידות,"מנורה שי נר בע""מ",,פתיל צף - 50 יחידות,,50.00,גרם,false,,2.90,0.0580,true,1,173435
7290002128762,false,נר נשמה בכוס ל72 שעות מנורה שי נר,"מנורה שי נר בע""מ",,נר נשמה בכוס 72 שעות,יחידה,0.00,יחידה,false,,5.90,0.0000,true,1,173436
7290002128793,false,נר הבדלה מיוחד,מנורה,,נר הבדלה מבריק,יחידה,0.00,יחידה,false,,7.50,0.0000,true,1,229301
7290002128946,false,נר נשמה בכוס ל48 שעות מנורה שי נר,מנורה אור חדש בעמ,,נר נשמה כוס 48 שעות,,72.00,100 מ'ל,false,,4.90,0.0681,true,1,173440
7290002130567,false,דבש דבורים טהור פרחי בר יד מרדכי 350 גרם,מכוורת יד מרדכי שטראוס ב,,דבש טהור מפרחי בר בז,,350.00,100 גרם,false,,19.90,0.0569,true,1,207946
7290002130574,false,דבש טהור מפרחי בר בזכוכית 500 ג' יד מרדכי,מכוורת יד מרדכי שטראוס ב,,דבש טהור מפרחי בר בז,,500.00,100 גרם,false,,28.90,0.0578,true,1,207947
7290002130581,false,דבש טהור מפרחי בר יד מרדכי (1 קג),מכוורת יד מרדכי שטראוס ב,,דבש טהור מפרחי בר בז,,1000.00,100 גרם,false,,45.90,0.0459,true,1,207948
7290002132011,false,עוגיות מזרחיות עם שומשום עבאדי (400 גר),מאפיית יוסף ושמחה עבאדי,,עוגיות עבאדי מזרחיות,,400.00,100 גרם,false,,19.90,0.0497,true,1,190524
7290002133070,false,גב.קשקבל טורקי צאן22%משק,"מחלבת השומרון בע""מ",,קאשקבל טורקי שומרון,קילוגרמים,1.00,"ק""ג",true,,119.00,119.0000,true,1,174159
7290002133094,false,גבינת ברינזה צאן במש,"מחלבת השומרון בע""מ",,ברינזה צאן שומרון,קילוגרמים,1.00,"ק""ג",true,,79.00,79.0000,true,1,219748
7290002133148,false,צפתית רכה שומרון במש,"מחלבת השומרון בע""מ",,צפתית רכה 5% שומרון,קילוגרמים,1.00,"ק""ג",true,,39.00,39.0000,true,1,174162
7290002133162,false,גבינה בולגרית 5% גבינות השומרון 250 גרם,מחלבת שומרון בעמ`,,בולגרית גביע 5% 250ג,,250.00,100 גרם,false,,18.90,0.0756,true,1,174172
7290002133193,false,בולגרית שומרון מעדני,מחלבת השומרון בעמ,,בולגרית שומרון,קילוגרמים,1.00,"ק""ג",true,,39.00,39.0000,true,1,174163
7290002133216,false,"גב.שמנת30%שומן ט""ש.משקל","מחלבת השומרון בע""מ",,גבינת שמנת 25% שומרו,קילוגרמים,1.00,"ק""ג",true,,39.00,39.0000,true,1,174165
7290002133247,false,לאבנה עם שמן זית וזעתר 5% גבינות השומרון 250 גרם,מחלבת שומרון בעמ`,,לאבנה עם זעתר ושמן 5,,250.00,100 גרם,false,,10.90,0.0436,true,1,174173
7290002133506,false,יוגורט של פעם חלב עיזים 4% גבינות השומרון 400 גרם,מחלבת השומרון,,יוגורט של פעם חלב עי,,400.00,100 גרם,false,,10.90,0.0273,true,1,174174
7290002133537,false,יוגורט של פעם חלב עיזים 4% גבינות השומרון 180 גרם,מחלבת השומרון,,יוגורט של פעם חלב עי,,180.00,100 גרם,false,,5.90,0.0328,true,1,174176
7290002133551,false,גבינת לאבנה עם שמן זית וזעתר 5% השומרון 500 גרם,מחלבת השומרון,,לאבנה עם זעתר ושמן ז,,500.00,100 גרם,false,,16.90,0.0338,true,1,174178
7290002133612,false,"יוגורט יווני אותנטי 8% גבינות השומרון 180 מ""ל",מחלבת שומרון בעמ`,,יוגורט יווני 8% השומ,,180.00,100 גרם,false,,5.90,0.0328,true,1,174180
7290002133889,false,גבינה בולגרית מעודנת 5% 250 גרם,מחלבת השומרון,,בולגרית מעודנת בקר 5,,250.00,100 גרם,false,,18.90,0.0756,true,1,174186
7290002150077,false,פלאפל חמים וטעים 400,"חמים וטעים בע""מ",,פלאפל חמים וטעים 400,,400.00,100 גרם,false,,15.90,0.0398,true,1,172398
7290002150718,false,קרפלך כיסוני בצק במי,"חמים וטעים בע""מ",,"קרפלך במילוי תפו""א ח",,400.00,100 גרם,false,,15.90,0.0398,true,1,172422
7290002150732,false,קרפלך במילוי בשר 400גרם,"חמים וטעים בע""מ",,קרפלך במילוי בשר חמי,,400.00,100 גרם,false,,16.90,0.0422,true,1,172423
7290002150862,false,קובה בורגול בשר 400 גרם,"חמים וטעים בע""מ",,קובה בשר מטוגן חמים,,400.00,100 גרם,false,,16.90,0.0422,true,1,172428
7290002190141,false,ריבת חלב 450 גר`גלעם קומידה,תומר יבוא ושיווק מוצרי מזון (1,,ריבת חלב בצנצנת 450,,450.00,100 גרם,false,,12.90,0.0287,true,1,174858
7290002190516,false,"ריבת חלב גלעם-קומידה 500ג' 12X-כשל""פ",תומר יבוא ושיווק מוצרי מזון (1,,ריבת חלב ממרח 500גר,,500.00,100 גרם,false,,12.90,0.0258,true,1,174859
7290002195054,false,המבורגר קפוא בלדי (400 גרם),יוליניבר,,המבורגר בלדי 400גר,,400.00,100 גרם,false,,13.90,0.0348,true,1,198840
7290002195078,false,קבב כבש קפוא בלדי (400 גרם),בלדי בעמ,,בלדי קבב כבש 400גר,,400.00,100 גרם,false,,13.90,0.0348,true,1,198842
7290002195085,false,קבב מזרחי קפוא בלדי (400 גרם),יוליניבר,,קבב מזרחי 400גר,,400.00,100 גרם,false,,13.90,0.0348,true,1,198843
7290002195092,false,קבב רומני קפוא בלדי (400 גרם),בלדי בעמ,,קבב רומני 400גר,,400.00,100 גרם,false,,13.90,0.0348,true,1,198844
7290002198048,false,פסטרמה הודו בתיבול שוואר,זוגלובק,,פסטרמה הודו בתיבול ש,קילוגרמים,1.00,"ק""ג",true,,85.00,85.0000,true,1,244716
7290002198093,false,פסטרמה הודו מיקס פלפלים,זוגלובק,,פסטרמה הודו מיקס פלפ,קילוגרמים,1.00,"ק""ג",true,,85.00,85.0000,true,1,246612
7290002239185,false,אפונת גינה קפואה פרי גליל 800 גרם,ויטה- פרי גליל (החדשה) בעמ,,אפונה מוקפאת 800גר,,800.00,"100 מ""ל",false,,10.90,0.0136,true,1,200816
7290002239215,false,אפונה וגזר פרי הגליל 800 גרם,ויטה- פרי גליל (החדשה) בעמ,,אפונה וגזר 800גר,,800.00,100 גרם,false,,10.90,0.0136,true,1,200817
7290002239277,false,גזר גמדי קפוא פרי גליל 800ג',ויטה פרי גליל (החדשה) בע`מ,,גזר גמדי 800גר,,800.00,100 גרם,false,,10.90,0.0136,true,1,200818
7290002239307,false,שעועית צהובה חתוכה 800 גר`פרי גליל,ויטה- פרי גליל (החדשה) בעמ,,שעועית צהובה 800גר,,800.00,100 גרם,false,,10.90,0.0136,true,1,200819
7290002239338,false,שעועית ירוקה חתוכה800 גר`פרי גליל,ויטה- פרי גליל (החדשה) בעמ,,שעועית ירוקה 800גר,,800.00,100 גרם,false,,10.90,0.0136,true,1,200820
7290002239369,false,שעועית ירוקה שלמה 800 גרם פרי הגליל,ויטה פרי גליל (החדשה) בע`מ,,שעועית שלמה 800גר,,800.00,"100 מ""ל",false,,10.90,0.0136,true,1,200822
7290002239420,false,תירס גרעינים 800 ג ' פרי הגליל,ויטה- פרי גליל (החדשה) בעמ,,גרעיני תירס 800גר,,800.00,100 גרם,false,,10.90,0.0136,true,1,200823
7290002253006,false,שום טרי כתוש צנצנת דורות 200 גרם,קבוצת אוסם סחר-שות.מוגבלת,,שום כתוש דורות 200גר,,200.00,"100 מ""ל",false,,16.90,0.0845,true,1,176830
7290002253105,false,שום במגשית 20 שיניים כתושות קפוא 80,קבוצת אוסם סחר-שות.מוגבלת,,קוביות שום דורות 80ג,,80.00,"100 מ""ל",false,,11.90,0.1488,true,1,176835
7290002253150,false,קוביות בזיליקום קצוץ דורות 70 גרם,קבוצת אוסם סחר שותפות מוגבלת,,קוביות בזיליקום קצוץ,,70.00,100 גרם,false,,11.90,0.1700,true,1,176836
7290002253167,false,פטרוזיליה טרייה קצוצה מוקפאת 70 גרם,קבוצת אוסם סחר שותפות מוגבלת,,פטרוזליה קצוצה דורות,,70.00,100 גרם,false,,11.90,0.1700,true,1,176837
7290002253174,false,קוביות שמיר קצוץ דורות 70 גרם,קבוצת אוסם סחר שותפות מוגבלת,,קוביות שמיר קצוץ דור,,70.00,100 גרם,false,,11.90,0.1700,true,1,176838
7290002253181,false,כוסברה טרייה קצוצה 20 קוביות 70 גרם קפוא,קבוצת אוסם סחר שותפות מוגבלת,,כוסברה קצוצה דורות 7,,70.00,100 גרם,false,,11.90,0.1700,true,1,176839
7290002253198,false,ג'ינג'ר טרי כתוש במגשית 70 ג' דורות,קבוצת אוסם סחר-שות.מוגבלת,,גינגר כתוש במגשית דו,,70.00,100 גרם,false,,11.90,0.1700,true,1,176840
7290002255055,false,פלאפל חטיפי אלקיים 7,חטיפי אלקיים בעמ ~~~,,"פלאפל בד""צ 700גר",,700.00,"100 מ""ל",false,,15.90,0.0227,true,1,173907
7290002255215,false,"עלים לסיגרים מרובע בד""צ",חטיפי אלקיים בעמ ~~~,,"עלי סיגר מרובע בד""צ",,500.00,"100 מ""ל",false,,10.90,0.0218,true,1,173918
7290002259640,false,דיימונד רדיד אלומיניום צר 30 ס''מ 7.5 מ'-,ריינולדס מוצרי צריכה,,דאיימונד 30*7.60,,7.62,ק'ג,false,,11.90,1.5617,true,1,199176
7290002259657,false,"דייאמונד רדיד אלומיניום צר 30 ס""מ ארוך פי 3, 22.5 מ'",גורי ע.ע.ע. בע`מ,,רדיד אלומניום 30*22.,,22.86,יח',false,,24.90,1.0892,true,1,199177
7290002278528,false,כריות ניקוי שבתכלין ביאנקו שייני 2 יחידות,מ.א.ייצור ויבוא מטליות בעמ,,כרית ניקוי כלים 2יח,יחידה,0.00,יחידה,false,,7.90,0.0000,true,1,197499
7290002291046,false,המבורגר מסעדות 480 גרם הקצביה בלדי,יוליניבר,,המבורגר מסעדות קצביי,,480.00,100 גרם,false,,25.90,0.0540,true,1,198845
7290002319016,false,אבקת אפיה עשיריות מיה 100 גרם,מיה תעשיות מזון מ.ת.מ. בעמ,,אבקת אפיה 10*10גרם,,100.00,"100 מ""ל",false,,2.00,0.0200,true,1,202362
7290002319023,false,סוכר וניל עשיריות מיה 100 גרם,מיה תבליני החיים ירושלים בע`מ,,סוכר וניל מיה 10*10ג,,100.00,"100 מ""ל",false,,2.00,0.0200,true,1,202363
7290002319061,false,קוקוס טחון מיה (100 גרם),מיה תעשיות מזון מ.ת.מ. בעמ,,קוקוס טחון מיה 100 ג,,100.00,"100 מ""ל",false,,4.90,0.0490,true,1,202366
7290002319078,false,שומשום מיה 100 גרם,מיה תעשיות מזון מ.ת.מ. בעמ,,שומשום מיה 100 גר,,100.00,"100 מ""ל",false,,4.90,0.0490,true,1,202367
7290002319115,false,חומוס גדול יבש מיה 500 גר',מיה תעשיות מזון מ.ת.מ. בעמ,,חומוס גדול 500גר,,500.00,100 גרם,false,,7.90,0.0158,true,1,202368
7290002319122,false,גריסים יבשים מיה 500 גר',מיה תעשיות מזון מ.ת.מ. בעמ,,גריסים מיה 500 גר,,500.00,100 גרם,false,,5.90,0.0118,true,1,202369
7290002319139,false,שעועית לבנה יבשה מיה 500 ג',מיה תעשיות מזון מ.ת.מ. בעמ,,שעועית לבנה 500גר,,500.00,100 גרם,false,,8.90,0.0178,true,1,202370
7290002319146,false,שעועית אדומה מיה (500 גרם),מיה תעשיות מזון מ.ת.מ. בעמ,,שעועית אדומה 500גר,,500.00,100 גרם,false,,8.90,0.0178,true,1,202371
7290002319160,false,אפונה ירוקה יבשה מיה 500 ג',מיה תעשיות מזון מ.ת.מ. בעמ,,אפונה מאה 500 גר,,500.00,100 גרם,false,,6.90,0.0138,true,1,202372
7290002319177,false,פופקורן גרעינים מיה 500 גר',מיה תעשיות מזון מ.ת.מ. בעמ,,פופקורן מיה 500 גר,,500.00,100 גרם,false,,6.90,0.0138,true,1,202373
7290002319184,false,עדשים אדומים יבשים מיה 500 גר',מיה תעשיות מזון מ.ת.מ. בעמ,,עדשים אדומות 500 גר,,500.00,100 גרם,false,,8.90,0.0178,true,1,202374
7290002319191,false,עדשים ירוקים יבשים מיה 500 גר',מיה תעשיות מזון מ.ת.מ. בעמ,,עדשים ירוקות 500 גר,,500.00,"100 מ""ל",false,,8.90,0.0178,true,1,202375
7290002319221,false,חיטה מיה (500 גרם),מיה תעשיות מזון מ.ת.מ. בעמ,,חיטה מיה 500 גר,,500.00,"100 מ""ל",false,,6.90,0.0138,true,1,202378
7290002319528,false,קמח מצה חמץ 200 גר' מיה,קבוצת אסם סחר שות. מוגבלת,,קמח מצה 200גר,,200.00,"100 מ""ל",false,,2.90,0.0145,true,1,198298
7290002319771,false,תמצית אפיה בטעם וניל מיה (50 מל),מיה תעשיות מזון מ.ת.מ. בעמ,,"תמצית אפיה וניל 50מ""",,50.00,100 גרם,false,,3.50,0.0700,true,1,202390
7290002319788,false,תמצית אפיה בטעם רום כשלפ בדצ העדח,מיה תעשיות מזון מ.ת.מ. בעמ,,תמצית אפיה בטעם רום,,50.00,"100 מ""ל",false,,3.50,0.0700,true,1,202391
7290002319825,false,"אבקת סוכר 100 ג`בד""ץ מיה",מיה תעשיות מזון מ.ת.מ. בעמ,,אבקת סוכר מיה 100גרם,,100.00,"100 מ""ל",false,,2.00,0.0200,true,1,202394
7290002321750,false,"פילה אמנון קפוא בד""ץ מאסטר פוד",,,פילה אמנון קפוא,קילוגרמים,1.00,"ק""ג",true,,29.90,29.9000,true,1,197622
7290002321767,false,"פילה אמנון[מושט] 7-9 בד""צ",,,פילה אמנון קפוא,קילוגרמים,1.00,"ק""ג",true,,29.90,29.9000,true,1,197623
7290002331025,false,"מים מינרלים נביעות ספורט 500 מ""ל פקדון",החברה המרכזית להפצת משקאות בעמ,,נביעות ספורט 500מל,,500.00,"100 מ""ל",false,,3.00,0.0060,true,1,209525
7290002331360,false,"נביעות מים מינרליים טו גו מארז 500X6מ""ל",החברה המרכזית להפצת משקאות בעמ,,נביעות טו גו שישייה,,3000.00,100 גרם,false,,15.90,0.0053,true,1,209536
7290002331490,false,מים מינרלים נביעות (1 ליטר),החברה המרכזית להפצת משקאות בעמ,,נביעות 1 ליטר,,1000.00,"100 מ""ל",false,,4.00,0.0040,true,1,209540
7290002336686,false,"אסאדו ע""ע טרי עטרה צרפת",שונות,,אסאדו עע,קילוגרמים,1.00,"ק""ג",true,,69.90,69.9000,true,1,241289
7290002345886,false,צלי כתף עגל,,,צלי כתף עגל,קילוגרמים,1.00,"ק""ג",true,,89.90,89.9000,true,1,244502
7290002360124,false,חליטת צמחים ורד הבר והיביסקוס פומפדור 20 יחידות,ש. שסטוביץ בע`מ,,חליטת תה פומפדור ורד,,30.00,100 גרם,false,,14.90,0.4967,true,1,185413
7290002360230,false,חרדל דיזון גרגרים 210 גרם בורנייר,ש. שסטוביץ בע`מ,,חרדל דיזון גרגרים 20,,200.00,100 גרם,false,,11.90,0.0595,true,1,185418
7290002370017,false,גבינת גאודה בזיליקום,ראובן קאסספליטאיטן,,גבינת גאודה עם תוספת,קילוגרמים,1.00,"ק""ג",true,,99.00,99.0000,true,1,226981
7290002370130,false,גבינת ברי צרפתית משקל,גולד פרוסט,,גבינת ברי צרפתית במש,קילוגרמים,1.00,"ק""ג",true,,120.00,120.0000,true,1,245583
7290002371533,false,דקניקים סלסולי פסטרמה דבש טירת צבי 120 גרם,תנובה מרכז שיתופי לשיווק תוצרת,,סלסולי פסטרמה בדבש ט,,120.00,100 גרם,false,,15.90,0.1325,true,1,188195
7290002371571,false,פסטרמה פרגיות לבאגט במשקלטירת צבי,טירת- צבי,,פסטרמה פרגיות לבגט ט,קילוגרמים,1.00,"ק""ג",true,,85.00,85.0000,true,1,226508
7290002371854,false,נקניקיות עוף חריפות טירת צבי 2 * 500 גרם,תנובה מרכז שיתופי לשיווק תוצרת,,נקניקיות עוף חריפות,,1000.00,100 גרם,false,,29.90,0.0299,true,1,188196
7290002371939,false,סרוולד בסגנון צרפתי דליקטיב 120 גרם,תנובה מרכז שיתופי לשיווק תוצרת,,סרוולד פסטרמה בסגנון,,120.00,100 גרם,false,,32.90,0.2742,true,1,188197
7290002374268,false,שמן חמניות מזוכך ללא כולסטרול 1 ליטר,סוגת תעשיות בעמ,,שמן חמניות מילומור 1,,1000.00,100 גרם,false,,10.90,0.0109,true,1,248597
7290002374640,false,שמן בריאות קנולה פלוס אומגה 3 עץ הזית 1 ליטר,סוגת תעשיות בעמ,,שמן קנולה פלוס אומגה,,1000.00,100 גרם,false,,17.90,0.0179,true,1,198370
7290002385745,false,גבינת פיקורינו משולשים גד,מחלבות גד,,פקורינו מחלבות גד,קילוגרמים,1.00,"ק""ג",true,,149.00,149.0000,true,1,171553
7290002407348,false,"שמן זית כתית מעולה 750 מ""ל ג'השאן",משק משפחת ג'השאן,,שמן זית ג'השאן כתית,,750.00,"100 מ""ל",false,,29.90,0.0399,true,1,224466
7290002409014,false,ג`חנון אפוי מוכן להגשה 600 גרם קפוא,ציפור השרון יהוד 1990 בעמ,,גחנון אפוי ציפור השר,,600.00,100 גרם,false,,19.90,0.0332,true,1,200694
7290002409038,false,בורקס גבינה 800 גרם ציפור השרון,ציפור השרון יהוד 1990 בעמ,,בורקס גבינה 800גר,,800.00,100 גרם,false,,17.90,0.0224,true,1,200696
7290002409045,false,בורקס תפו``א 800 גרם ציפור השרון,ציפור השרון יהוד 1990 בעמ,,"בורקס תפו""א 800גר",,800.00,100 גרם,false,,17.90,0.0224,true,1,200697
7290002409052,false,בורקס תרד 800 גרם קפוא,ציפור השרון יהוד 1990 בעמ,,בורקס תרד 800גר,,800.00,100 גרם,false,,21.90,0.0274,true,1,200698
7290002409069,false,בורקס ביס גבינה 800ג,,,בורקס ביס גבינה 800ג,,800.00,100 גרם,false,,21.90,0.0274,true,1,228523
7290002409076,false,ציפור השרון גחנון בצק 800גר,ציפור השרון,,גחנון בצק ציפור השרו,,800.00,"100 מ""ל",false,,14.90,0.0186,true,1,200700
7290002409175,false,"בצק עלים צרפתי צפ.השרון 1 ק""ג",ציפור השרון יהוד 1990 בעמ,,בצק עלים 1קג,,1000.00,"100 מ""ל",false,,14.90,0.0149,true,1,200706
7290002409274,false,מלוואח 800 גרם (5 יח') ציפור השרון,,,מלווח ציפור השרון 80,,800.00,"100 מ""ל",false,,14.90,0.0186,true,1,247098
7290002409281,false,מאפה זיוה סבבה 750 גרם קפוא,ציפור השרון יהוד 1990 בעמ,,סבבה ציפור השרון 750,,750.00,100 גרם,false,,19.90,0.0265,true,1,200707
7290002409304,false,נקניקיות עטופות 600 גרם קפוא,ציפור השרון יהוד 1990 בעמ,,נקניקיות עטופות בבצק,,600.00,100 גרם,false,,21.90,0.0365,true,1,200708
7290002447481,false,צא'ך עגל טרי,אדום אדום,,צ'אך עגל,קילוגרמים,1.00,"ק""ג",true,,89.90,89.9000,true,1,198269
7290002447498,false,ויסבראטן עגל טרי,אדום אדום,,ויסבראטן עגל,קילוגרמים,1.00,"ק""ג",true,,89.90,89.9000,true,1,198270
7290002447528,false,אווזית לקדירה,אדום אדום,,אווזית עגל,קילוגרמים,1.00,"ק""ג",true,,89.90,89.9000,true,1,198271
7290002447535,false,בשר ראש עגל,,,בשר ראש עגל,קילוגרמים,1.00,"ק""ג",true,,69.00,69.0000,true,1,198272
7290002447559,false,סינטה עגל טרי,אדום אדום,,סינטה עגל,קילוגרמים,1.00,"ק""ג",true,,129.00,129.0000,true,1,198273
7290002447573,false,שייטל עגל טרי,אדום אדום,,שייטל עגל,קילוגרמים,1.00,"ק""ג",true,,89.90,89.9000,true,1,198274
7290002453529,false,המבורגר אנטריקוט קפוא 400 גר זהר,זהר בשר עופות ובשר בעמ,,אנטריקוט בורגר 400גר,,400.00,100 גרם,false,,25.90,0.0647,true,1,200198
7290002453697,false,קבב אנטריקוט קצבים עם שומן כבש 400 גרם,זהר בשר עופות ובשר בעמ,,קבב אנטריקוט קצבים ע,,400.00,100 גרם,false,,25.90,0.0647,true,1,220417
7290002453802,false,קבב אסלי ג`מבו רומני 1 קג זוהר,זהר בשר עופות ובשר בעמ,,קבב אסלי בוואקום קפו,,1000.00,100 גרם,false,,39.90,0.0399,true,1,229662
7290002479352,false,דבש טהור מפרחי בר עמק חפר 350 גרם,טעמן שווק מזון בעמ,,דבש עמק חפר 350גרם,,350.00,100 גרם,false,,16.90,0.0483,true,1,172790
7290002488422,false,תמר מגהול פרימיום 600 גרם,דין שיווק וקליה 2021 בעמ,,תמר מגהול פרימיום 60,,600.00,100 גרם,false,,19.90,0.0332,true,1,249275
7290002511229,false,בולגרית מעודנת 16% במשקל,"מחלבת המושבה בע""מ",,בולגרית מעודנת המושב,קילוגרמים,1.00,"ק""ג",true,,44.00,44.0000,true,1,197814
7290002511236,false,בולגרית מעודנת5% במשקל,"מחלבת המושבה בע""מ",,בולגרית מעודנת 5% המ,קילוגרמים,1.00,"ק""ג",true,,44.00,44.0000,true,1,222598
7290002511250,false,גב.שמנת שום שמיר30% משקל,"מחלבת המושבה בע""מ",,שמנת 30% שום שמיר המ,קילוגרמים,1.00,"ק""ג",true,,44.00,44.0000,true,1,222599
7290002511274,false,גבינת שמנת זיתים30%משקל,"מחלבת המושבה בע""מ",,שמנת 30% זיתים המושב,קילוגרמים,1.00,"ק""ג",true,,44.00,44.0000,true,1,222601
7290002511281,false,גבינת ברינזה צאן18% משקל,"מחלבת המושבה בע""מ",,ברינזה צאן 18% המוש,קילוגרמים,1.00,"ק""ג",true,,89.00,89.0000,true,1,222618
7290002511427,false,אצבעות שוקולד וניל במשקל,"מחלבת המושבה בע""מ",,אצבעות שוקולד וניל ה,קילוגרמים,1.00,"ק""ג",true,,59.00,59.0000,true,1,222602
7290002511571,false,מוצרלה 22% המושבה,,,מוצרלה 22% המושבה,קילוגרמים,1.00,"ק""ג",true,,87.00,87.0000,true,1,222613
7290002511670,false,גבינת צ'דר המושבה מע,,,צדר בקר כתום המושבה,קילוגרמים,1.00,"ק""ג",true,,99.00,99.0000,true,1,222620
7290002512004,false,מלווח צנעני 900 גרם קפוא,צנעני מוצרי בצק בעמ,,מלווח צנעני 900גר,,900.00,100 גרם,false,,19.90,0.0221,true,1,229736
7290002512011,false,ג`חנון צנעני (900 גרם),צנעני מוצרי בצק בעמ,,גחנון בצק 900גר,,900.00,100 גרם,false,,19.90,0.0221,true,1,229733
7290002512035,false,בצק עלים צנעני (1 קג),צנעני מוצרי בצק בעמ,,בצק עלים צנעני 1קג,,1000.00,100 גרם,false,,19.90,0.0199,true,1,229737
7290002512257,false,מלווח מפחת שומן 700 גרם צנעני,צנעני מוצרי בצק בעמ,,מלווח מופחת שמן צנענ,יחידה,0.00,יחידה,false,,19.90,0.0000,true,1,229734
7290002517337,false,אורגנו עלים 20 גר' טעם וריח,"תבליני טעם וריח בע""מ",,אורגנו עלים 20גר,,20.00,"100 מ""ל",false,,7.90,0.3950,true,1,198111
7290002517566,false,"תערובת תיבול לדג 80 גרם ""טעם וריח""",תבליני טעם וריח בעמ,,תערובת תיבול לדג 80ג,,80.00,100 גרם,false,,12.90,0.1613,true,1,198122
7290002517580,false,"תערובת תיבול לעוף 80 גרם ""טעם וריח""",תבליני טעם וריח בעמ,,תערובת תיבול לעוף 80,,80.00,100 גרם,false,,12.90,0.1613,true,1,198124
7290002517733,false,תבלין קצח טעם וריח 4,תבליני טעם וריח בעמ,,קצח 40גר,,40.00,100 גרם,false,,6.90,0.1725,true,1,198137
7290002517801,false,תבלין צ'ילי כתוש - חריף (פלפל קיינה) 30 ג',"תבליני טעם וריח בע""מ",,צילי כתוש 30גר,,30.00,100 גרם,false,,6.90,0.2300,true,1,198143
7290002517825,false,"פלפל לבן טחון 40 גרם ""טעם וריח""","תבליני טעם וריח בע""מ",,פלפל לבן טחון 40גר,,40.00,100 גרם,false,,12.90,0.3225,true,1,198145
7290002517863,false,תבלין ציפורן טחון 80ג',"תבליני טעם וריח בע""מ",,ציפורן טחון 40גר,,40.00,100 גרם,false,,9.90,0.2475,true,1,198149
7290002519768,false,לב עגל חלק -במשקל,תנובה,,לב עגל,קילוגרמים,1.00,"ק""ג",true,,24.90,24.9000,true,1,198281
7290002542506,false,"בקבוק בירה קורונה 355 מ""ל",קריניציה ויטמינה אס,,בירה קורונה 355 מל ב,,355.00,"100 מ""ל",false,,7.90,0.0223,true,1,173297
7290002542780,false,"שישייה בירה סטלה ארטואה בקבוק 330X6 מ""ל","אינבב, ברוורייפליין",,*מבצע* בירה סטלה ארט,,1980.00,100 גרם,false,,29.90,0.0151,true,1,250751
7290002552499,false,מאגדת שלגוני שרבט פרווה תות מנגו 8 יח' ריאו,"גלידות ריאו ביח""ר לג",,שלגונים שרבט פרווה ת,יחידה,0.00,יחידה,false,,15.90,0.0000,true,1,198405
7290002560029,false,שקיות ריצרץ מדיום 15,,,שקיות ריצרץ' גודל M,יחידה,0.00,יחידה,false,,7.90,0.0000,true,1,243499
7290002560081,false,שקיות הקפאת מזון 25/,,,שקיות הקפאת מזון 25/,יחידה,0.00,יחידה,false,,11.90,0.0000,true,1,221352
7290002560227,false,נורמה גופייה 75/90 2,קריות זול,,אשפתון גופיה 75/90 2,יחידה,0.00,יחידה,false,,10.90,0.0000,true,1,223251
7290002560333,false,שקיות אוכל מארז שלשה,,,שקיות אוכל גדולות XL,יחידה,0.00,יחידה,false,,10.00,0.0000,true,1,226632
7290002560524,false,נורמה נייר אפיה בגלי,,,נייר אפייה בגליל 25,יחידה,0.00,יחידה,false,,14.90,0.0000,true,1,250299
7290002599029,false,תבליני יונה פפריקה מתוקה בשמן 80ג,תבליני יונה,,תבלינים בשקית 80גר,,80.00,"100 מ""ל",false,,4.60,0.0575,true,1,203846
7290002599036,false,פלפל לבן/שחור 50גר,תבליני יונה,,פלפל לבן/שחור 50גר,,50.00,100 גרם,false,,4.60,0.0920,true,1,203847
7290002599081,false,תבליני יונה תבלינים,תבליני יונה,,תבלינים בשקית,יחידה,0.00,יחידה,false,,4.60,0.0000,true,1,203850
7290002599104,false,תבליני יונה תבלינים שונים.,תבליני יונה,,תבלינים בשקית 50גר,,50.00,"100 מ""ל",false,,4.60,0.0920,true,1,203852
7290002599302,false,אבקת שום בצנצנת 80גר,,,אבקת שום בצנצנת 80גר,,80.00,100 גרם,false,,8.90,0.1113,true,1,227341
7290002599333,false,כמון בצנצנת 80גר,,,כמון בצנצנת 80גר,,80.00,"100 מ""ל",false,,8.90,0.1113,true,1,227344
7290002599357,false,תבלין על האש בצנצנת,,,תבלין על האש בצנצנת,,80.00,100 גרם,false,,8.90,0.1113,true,1,227352
7290002599364,false,תבלין לפרגיות בצנצנת,,,תבלין לפרגיות בצנצנת,,80.00,100 גרם,false,,8.90,0.1113,true,1,227353
7290002599371,false,פפריקה חריפה בצנצנת,,,פפריקה חריפה בצנצנת,,80.00,100 גרם,false,,8.90,0.1113,true,1,227354
7290002599388,false,חוויג' למרק בצנצנת 8,,,חוויג' למרק בצנצנת 8,,80.00,"100 מ""ל",false,,8.90,0.1113,true,1,227355
7290002599425,false,כורכום בצנצנת 80גר,,,כורכום בצנצנת 80גר,,80.00,100 גרם,false,,8.90,0.1113,true,1,227347
7290002599432,false,פפריקה מתוקה בצנצנת,,,פפריקה מתוקה בצנצנת,,80.00,100 גרם,false,,8.90,0.1113,true,1,227348
7290002599449,false,פפריקה מתוקה בשמן בצ,,,פפריקה מתוקה בשמן בצ,,80.00,100 גרם,false,,8.90,0.1113,true,1,227349
7290002599494,false,גריל עוף בצנצנת 80גר,,,גריל עוף בצנצנת 80גר,,80.00,100 גרם,false,,8.90,0.1113,true,1,227360
7290002608219,false,מאפה פילו נוגט פרווה,,,מאפה פילו נוגט,קילוגרמים,1.00,"ק""ג",true,,39.00,39.0000,true,1,234030
7290002608363,false,לחמניית המבורגר פרמי,פילסברי,,לחמניית המבורגר פרמי,יחידה,0.00,יחידה,false,,12.90,0.0000,true,1,233992
7290002608370,false,לחמניית בגט (רבע בגט,,,לחמניית בגט (רבע בגט,יחידה,0.00,יחידה,false,,1.70,0.0000,true,1,233993
7290002608509,false,לחם מחמצת זיתי קלמנט,,,לחם מחמצת זיתי קלמטה,יחידה,0.00,יחידה,false,,17.90,0.0000,true,1,234002
7290002608516,false,לחם מחמצת מקמח מלא 5,פילסברי,,לחם מחמצת מקמח מלא,יחידה,0.00,יחידה,false,,17.90,0.0000,true,1,234003
7290002608523,false,לחם מחמצת כוסמין (בר,פילסברי,,לחם מחמצת כוסמין,יחידה,0.00,יחידה,false,,17.90,0.0000,true,1,234004
7290002608547,false,לחם מחמצת שיפון וחמוציות 530,פילסברי,,לחם מחמצת שיפון כהה,יחידה,0.00,יחידה,false,,17.90,0.0000,true,1,234009
7290002608578,false,מקל פילו קרם פטיסייר,,,מקל פילו קרם פטיסייר,קילוגרמים,1.00,"ק""ג",true,,39.00,39.0000,true,1,234049
7290002621591,false,סטייק עין ורד הצלע מ,,,סטייק עין ורד הצלע מ,קילוגרמים,1.00,"ק""ג",true,,59.90,59.9000,true,1,230077
7290002627302,false,צלי כתף עגל,,,צלי כתף עגל,קילוגרמים,1.00,"ק""ג",true,,89.90,89.9000,true,1,244504
7290002627364,false,אנטריקוט טרי חלק פרגוואי,פרוגוצ'קו,,אנטריקוט עגל פריים,קילוגרמים,1.00,"ק""ג",true,,149.00,149.0000,true,1,241267
7290002627371,false,צלעות עגל,,,צלעות עגל,קילוגרמים,1.00,"ק""ג",true,,69.90,69.9000,true,1,241271
7290002627388,false,חזה עגל,,,חזה עגל,קילוגרמים,1.00,"ק""ג",true,,69.90,69.9000,true,1,241272
7290002627401,false,צלי כתף עגל,,,צלי כתף עגל,קילוגרמים,1.00,"ק""ג",true,,89.90,89.9000,true,1,241283
7290002627432,false,צוואר עגל,,,צוואר עגל,קילוגרמים,1.00,"ק""ג",true,,69.90,69.9000,true,1,241292
7290002627487,false,חזה עגל,,,חזה עגל,קילוגרמים,1.00,"ק""ג",true,,69.90,69.9000,true,1,241285
7290002628064,false,בשר בקר טחון קפוא בלדי (500 גרם),יוליניבר,,טחון בקר בלדי קפוא 5,,500.00,100 גרם,false,,19.90,0.0398,true,1,198847
7290002628286,false,בשר ראש חלק רבנות,בלדי בעמ,,בשר ראש כשר קפוא,קילוגרמים,1.00,"ק""ג",true,,59.90,59.9000,true,1,244853
7290002628309,false,לשון בקר - חלק - ברזיל,בלדי בע`מ,,לשון בקר ברזיל חלק,קילוגרמים,1.00,"ק""ג",true,,39.90,39.9000,true,1,248772
7290002628989,false,נקניקיות מרגז קפוא 500 ג' 16 יח',בלדי בע`מ,,נקניקיות מרגז בלדי 5,,500.00,"100 מ""ל",false,,25.90,0.0518,true,1,198853
7290002661115,false,לחם שיפון הולנדי 1.2 מהדרין,מאפית י את א ברמן בע,,לחם הולנדי 1.2קג,,1200.00,100 גרם,false,,17.90,0.0149,true,1,199539
7290002661153,false,לחם דני קל פרוס ברמן (1 קג),מאפית י את א ברמן בע,,לחם דני קל 1 קג,,1000.00,"100 מ""ל",false,,17.90,0.0179,true,1,199540
7290002661443,false,פירורי לחם מוזהבים עדינים 200 גר.,י.את א. ברמן בעמ,,פירורי לחם זהוב עדין,,200.00,"100 מ""ל",false,,4.50,0.0225,true,1,199546
7290002661474,false,פרורי לחם זהוב עם שומשום 200 גר,י.את א. ברמן בעמ,,פירורי לחם זהוב עם ש,,200.00,"100 מ""ל",false,,4.50,0.0225,true,1,199547
7290002661535,false,פירורי לחם מוזהבים 1,מאפית י את א ברמן בע,,פירורי לחם זהוב 1 קג,,1000.00,"100 מ""ל",false,,9.90,0.0099,true,1,230167
7290002661979,false,קרקר פריך פישתן100 כשלפ,אבונט ק.פ.ט.,,קרקר פריך פשתן 100 ג,,100.00,100 גרם,false,,6.90,0.0690,true,1,242716
7290002661986,false,"פתית פריך תירס כשל""פ 100גר",אבונט ק.פ.ט.,,קרקר פריך תירס 100 ג,,100.00,100 גרם,false,,6.90,0.0690,true,1,242717
7290002674221,false,"אקווה פרש משחת שינים משאבה מנטה 100 מ""ל",גלקסו סמית קליין,,אקווה פרש משחת שינים,,100.00,"100 מ""ל",false,,11.90,0.1190,true,1,199182
7290002692478,false,"שמן זית כתית מעולה קלאסי מעודן 750 מ""ל עץ הזית","מרקאולאו, ספרד.אבסה,",,שמן זית כתית מעולה ע,,750.00,"100 מ""ל",false,,34.90,0.0465,true,1,198376
7290002692768,false,"תרסיס שמן קנולה מזוכך ללא תוספת גז עץ הזית 200 מ""ל",טרנסומס פוד איי בי,,תרסיס שמן קנולה מופח,,200.00,"100 מ""ל",false,,17.90,0.0895,true,1,198380
7290002692775,false,"תרסיס שמן קנולה בטעם חמאה עץ הזית 200 מ""ל",סוגת תעשיות בעמ,,תרסיס שמן קנולה בטעם,,200.00,"100 מ""ל",false,,17.90,0.0895,true,1,226005
7290002692782,false,"תרסיס שמן זית כתית מעולה ללא תוספת גז עץ הזית 150 מ""ל",י.ב טכנולוגיות אריזה,,תרסיס שמן זית עץ הזי,,200.00,"100 מ""ל",false,,17.90,0.0895,true,1,198382
7290002730675,false,"קולגייט משחת שיניים אדומה משפחתי 100 מ""ל",קולגייט-פלמוליב,,קולגייט משחת שיניים,,100.00,"100 מ""ל",false,,12.90,0.1290,true,1,185444
7290002735007,false,"בצק עלים מרודד ינון 1 ק""ג",קפוא-זן תעשיות מזון בעמ - תפוג,,בצק עלים ינון 1קג,,1000.00,100 גרם,false,,15.90,0.0159,true,1,171456
7290002735014,false,מלווח ארוז יינון 800 גר`,קפוא-זן תעשיות מזון בעמ - תפוג,,מלווח ארוז ינון 800ג,,800.00,100 גרם,false,,14.90,0.0186,true,1,171457
7290002735021,false,ג`חנון ארוז 750 גר`יינון,קפוא-זן תעשיות מזון בעמ - תפוג,,גחנון ארוז ינון 750ג,,750.00,100 גרם,false,,14.90,0.0199,true,1,171458
7290002735113,false,בורקס גבינה ינון 800 גר`,קפוא-זן תעשיות מזון בעמ - תפוג,,בורקס גבינה ינון 800,,800.00,100 גרם,false,,16.90,0.0211,true,1,171459
7290002735120,false,"בורקס תפו""א ינון 800 גרם",קפוא-זן תעשיות מזון בעמ - תפוג,,"בורקס תפו""א ינון 800",,800.00,100 גרם,false,,14.90,0.0186,true,1,171460
7290002735274,false,ג'חנון אפוי ינון 600 גרם,קפוא-זן תעשיות מזון בעמ - תפוג,,גחנון אפוי ינון 600ג,,600.00,100 גרם,false,,16.90,0.0282,true,1,171463
7290002750130,false,מארז חליות פילסברי 6יח,ג נרל מילס ישראל בעמ ~~~,,חליות,יחידה,0.00,יחידה,false,,2.20,0.0000,true,1,233994
7290002750154,false,לחמניה יאמיס שישייה אפיה מקומית,ג נרל מילס ישראל בעמ ~~~,,לחמניות יאמיס (שישיה,יחידה,0.00,יחידה,false,,12.90,0.0000,true,1,234005
7290002750338,false,לחם רוסטיק עגבניות מ,פילסברי,,לחם רוסטיק עגבניות מ,יחידה,0.00,יחידה,false,,17.90,0.0000,true,1,234006
7290002750383,false,לחם מחמצת טוסקני כפר,פילסברי,,לחם מחמצת טוסקאני כפ,יחידה,0.00,יחידה,false,,17.90,0.0000,true,1,234011
7290002750406,false,סופגניה עם ריבה פילסברי 95 גרם,פילסברי,,סופגניה עם ריבה,יחידה,0.00,יחידה,false,,4.30,0.0000,true,1,234082
7290002750710,false,סופגניה מיני עם ריבה פילסברי 40 גרם,פילסברי,,מיני סופגנייה עם ריב,יחידה,0.00,יחידה,false,,3.50,0.0000,true,1,234083
7290002750727,false,שבלול פילו תרד פילסב,פילסברי,,שבלול פילו תרד,קילוגרמים,1.00,"ק""ג",true,,49.00,49.0000,true,1,234050
7290002750925,false,חצי בגט כפרי / שמיני,,,חצי בגט כפרי,יחידה,0.00,יחידה,false,,3.20,0.0000,true,1,233995
7290002750963,false,באגט רוסטיק פילסברי,פילסברי,,בגט רוסטיק,יחידה,0.00,יחידה,false,,7.90,0.0000,true,1,233989
7290002752332,false,"סוכריות מנטוס פירות בגליל, 37.5 גרם",הדקלאים אגודת שיתופי,,מנטוס גליל פירות בוד,,37.50,100 גרם,false,,3.90,0.1040,true,1,191775
7290002752349,false,סוכריות מנטוס מנטה 40יח' בגליל 38ג',ליימן שליסל בעמ,,מנטוס גליל מנטה בודד,,37.50,100 גרם,false,,3.90,0.1040,true,1,191776
7290002752493,false,רביעיה סוכריות מנטה 4* 16 ג' טיק טק,פרימיום-חברה לדברי מתיקה ולמסח,,טיקטק מנטה רביעייה 4,,64.00,100 גרם,false,,11.90,0.1859,true,1,213270
7290002753223,false,רביעייה סוכריות תפוז 4*16 ג' טיק טק,פרימיום-חברה לדברי מתיקה ולמסח,,טיקטק תפוז רביעייה 4,,64.00,100 גרם,false,,11.90,0.1859,true,1,213271
7290002766056,false,עגבניות שרי לב אדום יח',רון שרי,,עגבניות שרי וויטני א,,460.00,100 גרם,false,,9.90,0.0215,true,1,233199
7290002768043,false,"תיאדנט מי-פה ענק פלאוריד 150 מ""ל",החברה הדרומית לשיווק בעמ,,תיאדנט מי פה סנו 150,,150.00,"100 מ""ל",false,,15.90,0.1060,true,1,180144
7290002769316,false,קראנץ שמרים 500 גרם,ר.כ עוגיות הזהב,,עוגת קראנץ 500 גרם,,500.00,100 גרם,false,,17.90,0.0358,true,1,231851
7290002769347,false,עוגיות מובחרות בדלי 600 גר' שיווק הזהב,עוגיות הזהב,,עוגיות מובחרות 500 ג,,500.00,"100 מ""ל",false,,15.90,0.0318,true,1,232060
7290002773269,false,דג סלמון טרי שלם,,,דג סלמון טרי שלם,קילוגרמים,1.00,"ק""ג",true,,59.90,59.9000,true,1,197625
7290002782131,false,"פנינה רוזנבלום - דאודורנט ספריי לאישה מס' 1 150 מ""ל","פנינה רוזנבלום בע""מ",,דאודורנט פנינה רוזנב,,150.00,"100 מ""ל",false,,24.90,0.1660,true,1,232309
7290002782759,false,קרם גוף מספר 2 פנינה רוזנבלום (340 מל),"פנינה רוזנבלום בע""מ",,קרם גוף פנינה רוזנבל,,340.00,"100 מ""ל",false,,24.90,0.0732,true,1,232310
7290002805151,false,סיף פנטסטיק לרצפות בניחוח סחלבים 4ל',יוניליוור ישראל שיווק בע`מ,,סיף פנטסטיק לרצפות ב,ליטרים,4.00,ליטר,false,,21.90,5.4750,true,1,182504
7290002814016,false,"מסיר שומנים מתז 750 מ""ל סנט מוריץ כשל""פ עד""ח",קומפלקס כימיקלסבעמ ~~~,,מסיר שומנים סנט מורי,,750.00,100 גרם,false,,15.90,0.0212,true,1,216151
7290002814054,false,סנט מוריץ מתז אנטרטיק מתז 1 ליטר,קומפלקס כימיקלסבעמ ~~~,,אנטרטיק במתז 1 ליטר,ליטרים,1.00,ליטר,false,,11.90,11.9000,true,1,226776
7290002814078,false,סנט מוריץ נוזל לניקוי אמבט אנטרטיק 1ל',קומפלקס כימיקלסבעמ ~~~,,אנטרטיק נוזל לניקוי,,1000.00,"100 מ""ל",false,,6.90,0.0069,true,1,216154
7290002814290,false,קצף מרוכז blanco בניחוח לימון משמיד 99.9% חיידקים סנט מוריץ 1 ליטר,קומפלקס כימיקלים בעמ,,קצף אקונומיקה מרוכז,,1000.00,"100 מ""ל",false,,11.90,0.0119,true,1,242083
7290002814528,false,סנט מוריץ נוזל לאסלה No1 ירוק 1 ליטר,קומפלקס כימיקלסבעמ ~~~,,נוזל אסלות מס'1 1ליט,,1000.00,100 גרם,false,,6.90,0.0069,true,1,216161
7290002814597,false,סנט מוריץ טורנדו נוזל לפתיחת סתימות 1 לי,קומפלקס כימיקלסבעמ ~~~,,טורנדו נוזל לפתיחת ס,ליטרים,1000.00,ליטר,false,,14.90,0.0149,true,1,224178
7290002814603,false,"סנט מוריץ - מרסס מסיר שומנים קר מבושם לימון 750 מ""ל",קומפלקס כימיקלים בעמ,,מסיר שומנים סנט מורי,,750.00,100 גרם,false,,15.90,0.0212,true,1,222069
7290002814825,false,סבון אסלה כדוריות שלישייה אוקינוס כחול ס,קומפלקס כימיקלים בעמ,,כדוריות לאסלה אוקיינ,יחידה,0.00,יחידה,false,,9.90,0.0000,true,1,242444
7290002814832,false,סבון אסלה סנט מוריץ כדוריות לוונדר 3 יח,"קומפלקס כימיקלים בע""",,כדוריות לאסלה לבנדר,יחידה,0.00,יחידה,false,,9.90,0.0000,true,1,242442
7290002814870,false,"סנט מוריץ - מרסס מסיר שומנים קר מבושם לוונדר\פרחים 750 מ""ל",קומפלקס כימיקלים בעמ,,מסיר שומנים סנט מורי,,750.00,100 גרם,false,,15.90,0.0212,true,1,226773
7290002823711,false,פילה מדומה מס'6 קפוא,,,פילה מדומה מס'6 קפוא,קילוגרמים,1.00,"ק""ג",true,,39.90,39.9000,true,1,225069
7290002824183,false,"גבינה לבנה סקי 500 גרם 5% ""שטראוס"" -מוצר בפיקוח",שטראוס גרופ בעמ/מצונן,,גבינה לבנה סקי 5% 50,,500.00,100 גרם,false,,9.96,0.0199,true,1,195320
7290002824466,false,יוגורט דנונה ביו לבן 0% שומן 200 גרם,שטראוס גרופ בעמ/מצונן,,דנונה יוגורט ביו 0%,,200.00,"100 מ""ל",false,,3.70,0.0185,true,1,195321
7290002824640,false,"גבינת סקי 250 גרם 5% ""שטראוס"" -מוצר בפיקוח",שטראוס גרופ בעמ/מצונן,,גבינה לבנה סקי 5% שט,,250.00,100 גרם,false,,4.98,0.0199,true,1,195323
7290002825722,false,כרוב אדום במיונז אחלה (500 גרם),שטראוס גרופ בעמ/מצונן,,כרוב אדום אחלה 500גר,,500.00,"100 מ""ל",false,,14.90,0.0298,true,1,195327
7290002842002,false,פתיתי שיבולת שועל קוואקר אנגלי מורנפלייק,ליימן שליסל בעמ,,שבולת שועל אנגלי מור,,500.00,"100 מ""ל",false,,10.90,0.0218,true,1,227984
7290002859819,false,טונה גוש קפוא,,,טונה גוש קפוא,קילוגרמים,1.00,"ק""ג",true,,39.90,39.9000,true,1,198630
7290002868996,false,"קוטג' 5% שומן, רכיבים טבעיים, 250 גרם",החברה המרכזית טלהפצת משקאות בע,,קוטג מועשר 5% 250גר,,250.00,100 גרם,false,,6.20,0.0248,true,1,184490
7290002881063,false,מעדן תפוז סן מורנו 2,קריות זול,,מעדן תפוז סן מורנו 2,,282.00,100 גרם,false,,12.90,0.0457,true,1,174913
7290002881209,false,רסק תפוחי עץ דיאט 700 ג' תומר,תומר יבוא ושיווק מוצרי מזון (1,,"רסק תפו""ע דיאט 720גר",,720.00,100 גרם,false,,9.90,0.0138,true,1,174923
7290002881216,false,רסק תפוחי עץ לא ממותק תומר 700 גרם,תומר ייבוא ושיווק מוצרי מזון [,,"רסק תפו""ע לסכרתיים 7",,700.00,"100 מ""ל",false,,9.90,0.0141,true,1,174924
7290002881513,false,חמאת בוטנים עם שברי בוטנים תמר 510 גר',Niza s a,,חמאת בוטנים עם שברי,,510.00,100 גרם,false,,10.90,0.0214,true,1,174942
7290002881612,false,לפתן דובדבנים חמוצים ללא חרצן תומר 720 ג',תומר יבוא ושיווק מוצרי מזון (1,,לפתן דובדבנים חמוצים,,680.00,100 גרם,false,,9.90,0.0146,true,1,226727
7290002881742,false,לבבות דקל פרוסות תומר 400 גרם,תומר ייבוא ושיווק מוצרי מזון [,,לבבות דקל פרוסות תומ,,400.00,100 גרם,false,,9.90,0.0248,true,1,174948
7290002881766,false,"שלישיית פיטריות חתוכות תומר 290 גרם כשל""פ",פרוצאמפ,,פטריות חתוכות שלישיי,,870.00,100 גרם,false,,12.90,0.0148,true,1,174949
7290002881872,false,"פטריות חתוכות 290 גרם ""תומר""",,,פטריות חתוכות תומר 2,,290.00,"100 מ""ל",false,,4.90,0.0169,true,1,174953
7290002881919,false,פיטריות שמפניון שלמות קטנות תומר 400 גרם,גיבונג אינדסקיאלס,,פטריות שלמות תומר 40,,400.00,"100 מ""ל",false,,8.90,0.0223,true,1,174954
7290002881940,false,סרדינים מרוקאי בשמן חמניות 125ג' תומר,תומר ייבוא ושיווק מוצרי מזון [,,סרדין מרוקאי בשמן 12,,125.00,"100 מ""ל",false,,6.90,0.0552,true,1,174956
7290002881957,false,סרדינים מרוקאי חריף בשמן חמניות 125ג' תומר,תומר ייבוא ושיווק מוצרי מזון [,,סרדין מרוקאי חריף 12,,125.00,100 גרם,false,,6.90,0.0552,true,1,174957
7290002900313,false,פסטרמה ספרדית טירת צבי,תנובה קפואים,,פסטרמה בסגנון ספרדי,קילוגרמים,1.00,"ק""ג",true,,85.00,85.0000,true,1,226509
7290002904694,false,"טיטניום דאודורנט ספריי לגברים 150 מ""ל",החברה הדרומית לשיווק בעמ,,טיטניום ספריי 180מל,,180.00,"100 מ""ל",false,,17.90,0.0994,true,1,180147
7290002909569,false,ברבוניה פילה 400 גרם ארוז - הדייג,דולפין ספא,,פילה ברבוניה קפוא 40,,400.00,100 גרם,false,,24.90,0.0622,true,1,240186
7290002909804,false,פילה בקלה (מרלוזה ) ללא עור ארגנטיני,אל מאריסקו,,*מבצע* מרלוזה פילה ל,קילוגרמים,1.00,"ק""ג",true,,29.90,29.9000,true,1,198640
7290002909880,false,"פולי סויה - אדממה - 400 גרם (בד""ץ עדה חרדית)",בלדי בעמ,,פולי סויה אדממה קפוא,,400.00,100 גרם,false,,9.90,0.0248,true,1,198865
7290002919179,false,"פילה אמנון 5-7 בוואקום ללא עור בד""ץ עד""ח",בלאדי,,אמנון פילה 5-7 ללא ע,קילוגרמים,1.00,"ק""ג",true,,37.90,37.9000,true,1,249941
7290002921240,false,"קרבונה שמפוזר לניקוי שטיחים וריפוד יעקבי 650 מ""ל",יעקב יעקבי ובניו בעמ,,שמפוזר מסיר כתים משט,,650.00,"100 מ""ל",false,,31.90,0.0491,true,1,183521
7290002925729,false,"גם וגם משחת שיניים כחול ומי פה בטעם פפרמינט 120 מ""ל",החברה הדרומית לשיווק בעמ,,משחת שיניים בטעם פפר,,120.00,"100 מ""ל",false,,15.90,0.1325,true,1,180148
7290002927044,false,צלי כתף מס' 5 קפוא,זהר בשר,,צלי כתף מס' 5 קפוא,קילוגרמים,1.00,"ק""ג",true,,43.90,43.9000,true,1,200164
7290002927051,false,פילה מדומה מס' 6 קפו,זהר בשר,,פילה מדומה מס' 6 קפו,קילוגרמים,1.00,"ק""ג",true,,39.90,39.9000,true,1,200165
7290002927105,false,צלי עגל ברשת קפוא,זהר בשר,,צלי עגל ברשת קפוא,קילוגרמים,1.00,"ק""ג",true,,37.90,37.9000,true,1,200167
7290002927198,false,טחון בקר קפוא 500 גר,זהר בשר,,טחון בקר קפוא 500 גר,,500.00,100 גרם,false,,13.90,0.0278,true,1,200208
7290002927310,false,סטייק עוף קפוא,,,סטייק עוף קפוא,קילוגרמים,1.00,"ק""ג",true,,19.90,19.9000,true,1,246213
7290002927389,false,טחון עוף קפוא 500 גר,זהר בשר,,טחון עוף קפוא 500 גר,,500.00,100 גרם,false,,11.90,0.0238,true,1,234432
7290002927464,false,גולש עגל קפוא,זהר בשר,,גולש עגל קפוא,קילוגרמים,1.00,"ק""ג",true,,34.90,34.9000,true,1,200176
7290002927471,false,צלי עגל חצוי קפוא,זהר בשר,,צלי עגל חצוי קפוא,קילוגרמים,1.00,"ק""ג",true,,39.90,39.9000,true,1,200177
7290002927518,false,טבעות עגל ארוז קפוא קג,"זהר בשר עופות ובשר בע""\מ",,טבעות פילה עגל קפוא,קילוגרמים,1.00,"ק""ג",true,,39.90,39.9000,true,1,200180
7290002927631,false,טחון הודו קפוא 500 ג,זהר בשר,,טחון הודו קפוא 500 ג,,500.00,"100 מ""ל",false,,11.90,0.0238,true,1,234433
7290002927655,false,שניצל עגל קפוא זהר ב,זהר בשר,,שניצל עגל קפוא,קילוגרמים,1.00,"ק""ג",true,,39.90,39.9000,true,1,200186
7290002939108,false,חזה עוף טרי ארוז עטרה לק,שונות,,חזה שלם טרי ארוז עטר,קילוגרמים,1.00,"ק""ג",true,,34.90,34.9000,true,1,223935
7290003001767,false,שריר מס' 8 קפוא,,,שריר מס' 8 קפוא,קילוגרמים,1.00,"ק""ג",true,,29.90,29.9000,true,1,213929
7290003009183,false,סירופ דיאט 750 מל בטעם תפוחים פריגת,החברה המרכזית להפצת משקאות בעמ,,סירופ דיאט תפוחים פר,,750.00,"100 מ""ל",false,,23.90,0.0319,true,1,209578
7290003009640,false,מיץ תפוזים סחוט רכיבים טבעיים פריגת 1 ליטר,החברה המרכזית טלהפצת משקאות בע,,פריגת סחוט מיץ תפוזי,,1000.00,"100 מ""ל",false,,18.90,0.0189,true,1,184493
7290003011087,false,אורז בסמטי 1 קג` שקית כחולה דין שיווק,דין שיווק וקליה 2021 בעמ,,אורז בסמטי אלפנט 1קג,,1000.00,100 גרם,false,,12.90,0.0129,true,1,200367
7290003015627,false,"נוזל רצפות אפרסק 2 ליטר ""ריצפז פרש""",החברה הדרומית לשיווק בעמ,,ריצפז פרש אפרסק 2ליט,ליטרים,2.00,ליטר,false,,21.90,10.9500,true,1,180167
7290003015634,false,"נוזל רצפות פסיפלורה 2 ליטר ""ריצפז פרש""",החברה הדרומית לשיווק בעמ,,ריצפז פרש פסיפלורה 2,ליטרים,2.00,ליטר,false,,21.90,10.9500,true,1,180168
7290003023196,false,"משקה יטבתה מוקה שקית 225 מ""ל",שטראוס גרופ בעמ (ח),,מוקה בשקית,,225.00,"100 מ""ל",false,,3.00,0.0133,true,1,195338
7290003026029,false,"ד""ר פישר - קמיל בלו סנסיטיב שמפו אלדמע 500 מ""ל","פישר תעשיות פרמצביטות בע""מ",,קמיל בלו סנסטיב שמפו,,500.00,"100 מ""ל",false,,19.90,0.0398,true,1,203899
7290003026036,false,"ד""ר פישר - קמיל בלו סנסיטיב אל סבון עדין לתינוק 1 ליטר","פישר תעשיות פרמצביטות בע""מ",,קמיל בלו סנסיטיב אל,,1000.00,"100 מ""ל",false,,32.90,0.0329,true,1,203900
7290003026319,false,"קמיל בלו משחת החתלה לתינוק ד""ר פישר 120 גרם","פישר תעשיות פרמצביטות בע""מ",,*מבצע* משחה לתינוק ק,,120.00,100 גרם,false,,16.90,0.1408,true,1,203904
7290003029181,false,משקה יטבתה שוקו' בקבוק 1ל מהדרין,שטראוס גרופ בעמ/מצונן,,שוקו יטבתה בקבוק 1ל,,1000.00,"100 מ""ל",false,,11.90,0.0119,true,1,195341
7290003029372,false,יטבתה משקה בטעם בננה %3 בקבוק 1 ליטר,שטראוס גרופ בעמ/מצונן,,משקה חלב בננה יטבתה,,1000.00,"100 מ""ל",false,,11.90,0.0119,true,1,195346
7290003029389,false,"משקה חלב בננה פקק ספורט 250 מ""ל יוטבתה",שטראוס גרופ בעמ/מצונן,,משקה חלב בננה יטבתה,,250.00,"100 מ""ל",false,,5.80,0.0232,true,1,195347
7290003029433,false,"משקה יטבתה שוקו פקק 250 מ""ל מהדרין",שטראוס גרופ בעמ/מצונן,,שוקו יטבתה 250מל,,250.00,100 גרם,false,,5.80,0.0232,true,1,195350
7290003029532,false,מוקה בבקבוק יטבתה 1 ליטר מהדרין,שטראוס גרופ בעמ/מצונן,,משקה מוקה יטבתה 1ליט,,1000.00,"100 מ""ל",false,,11.90,0.0119,true,1,195354
7290003029792,false,"משקה יטבתה שוקו שקיות מהדרין מארז 225X8מ""ל",שטראוס גרופ בעמ/מצונן,,שוקו שקיות יטבתה 8*2,,1800.00,"100 מ""ל",false,,19.90,0.0111,true,1,195362
7290003029815,false,כד חלב 3% יטבתה 2 ליטר מהדרין,שטראוס גרופ בעמ/מצונן,,חלב מועשר בכד יטבתה,,2000.00,"100 מ""ל",false,,15.90,0.0080,true,1,195364
7290003029884,false,"מוקה בשקית יטבתה 225 מ""ל מארז 6 יחידות",שטראוס גרופ בעמ (ח),,מוקה שקיות יטבתה 6*2,,1350.00,"100 מ""ל",false,,16.90,0.0125,true,1,195367
7290003029907,false,משקה חלב אייס קפה 2% יטבתה (1 ליטר,שטראוס גרופ בעמ/מצונן,,אייס קפה יטבתה 1ל,,1000.00,"100 מ""ל",false,,11.90,0.0119,true,1,195369
7290003031788,false,צמד כפרי סלמי+פסטרמה טירת צבי 400X2ג' מחפוד,תנובה מרכז שיתופי לשיווק תוצרת,,מארז צמד כפרית 400גר,,800.00,100 גרם,false,,35.90,0.0449,true,1,188203
7290003047642,false,תה שחור יילו לייבל 100*1.5 ג' שקיק ליפטון,"יוניליוור ישראלשיווק בע""מ",,ליפטון תה יילו לייבל,,150.00,100 גרם,false,,12.90,0.0860,true,1,182507
7290003054657,false,חרדל ריין דיז'ון אקסטרה פורטה 370 גרם,דיפלומט מפיצים (1968) בעמ**,,חרדל דיזון אקסטרא פו,,370.00,100 גרם,false,,12.90,0.0349,true,1,179448
7290003060009,false,"קמח חיטה לבן בהיר טחנות ישראליות 1 ק""ג",טחנות ישראליות,,קמח בהיר בשקיות 1קג,,1000.00,"100 מ""ל",false,,5.90,0.0059,true,1,210668
7290003060276,false,"קמח בהיר מועשר טחנות ישראליות 1 ק""ג",,,קמח בהיר מועשר מנופה,,1000.00,100 גרם,false,,9.90,0.0099,true,1,221616
7290003060283,false,"קמח תופח מועשר טחנות ישראליות 1 ק""ג",,,קמח תופח מועשר מנופה,,1000.00,100 גרם,false,,9.90,0.0099,true,1,221543
7290003060290,false,"קמח מלא מועשר טחנות ישראליות 1 ק""ג",,,קמח מלא מועשר מנופה,,1000.00,100 גרם,false,,9.90,0.0099,true,1,221544
7290003060313,false,"קמח כוסמין מועשר טחנות ישראליות 1 ק""ג",,,קמח כוסמין מנופה 1קג,,1.00,יח',false,,17.90,17.9000,true,1,234185
7290003060320,false,"קמח ללחם וחלות מועשר טחנות ישראליות 1 ק""ג",,,קמח ללחם וחלות מועשר,,1000.00,100 גרם,false,,9.90,0.0099,true,1,221546
7290003060344,false,"קמח לפיצה תופח טחנות ישראליות 1 ק""ג",,,קמח לפיצה מנופה 1 קג,,1.00,ק'ג,false,,9.90,9.9000,true,1,234186
7290003072965,false,קבנוס חריף מעושן טירת צבי 120 גרם,טיב טירת צבי 2000,,קבנוס חריף מעושן 120,,120.00,100 גרם,false,,11.90,0.0992,true,1,244325
7290003091768,false,רבע כבש טרי,,,רבע כבש טרי,קילוגרמים,1.00,"ק""ג",true,,99.90,99.9000,true,1,194696
7290003093472,false,"אבקת סוכר 1 ק""ג ברמן",,,"אבקת סוכר 1 ק""ג ברמן",,1000.00,100 גרם,false,,10.90,0.0109,true,1,250588
7290003102136,false,צמר גפן COTTON SOFT רפואי 100 גר' 3102136,הדקלאים אגודת שיתופי,,צמר גפן רפואי 100 גר,,100.00,100 גרם,false,,4.90,0.0490,true,1,193875
7290003102976,false,צימרוני אוזניים פלסטיק בקופסה 200 יחידות,הדקלאים אגודת שיתופי,,צימרוני אוזניים בקופ,,200.00,יח',false,,3.90,0.0195,true,1,193894
7290003126712,false,יוגורט עיזים מחלב מלא 3.7% משק צוריאל 150 גרם,החברה המרכזית טלהפצת משקאות בע,,יוגורט עיזים בגביע 3,,150.00,"100 מ""ל",false,,6.70,0.0447,true,1,184515
7290003141159,false,יוגטה מרשמלו ממתק מוקצף בטעמי תות שדה ווניל 180 גרם,ליימן שליסל בעמ,,מרשמלו יוגטה 180גר,,180.00,"100 מ""ל",false,,7.90,0.0439,true,1,191805
7290003142361,false,פופקורן בטעם מתוק מלוח הוטפופ 100 גרם 5 יחידות,ליימן שליסל בעמ,,פופקורן הוטפופ בטעם,,500.00,100 גרם,false,,16.90,0.0338,true,1,233821
7290003143276,false,יוגטה מרשמלו ממתק מוקצף בטעם תות שדה 180 גרם,תות ממתקי איכות,,מרשמלו רול יוגטה 180,,180.00,"100 מ""ל",false,,7.90,0.0439,true,1,191842
7290003189045,false,צהובה הולנדית מחיר לפי מ,צי תעשיות מזון יבנה,,הולנדית כפיר,קילוגרמים,1.00,"ק""ג",true,,29.00,29.0000,true,1,174124
7290003189076,false,פיצרלה הצהובה הטובה מגורדת 22% כפיר 500 גרם,צי תעשיות מזון יבנה,,כפיר פיצרלה מגורדת 5,,500.00,"100 מ""ל",false,,16.90,0.0338,true,1,174139
7290003189168,false,"צהובה מעושנת כפיר 1 ק""ג",צי תעשיות מזון יבנה,,מעושנת כפיר,קילוגרמים,1.00,"ק""ג",true,,35.00,35.0000,true,1,233772
7290003189199,false,צהובה טובה חריפה במש,צי תעשיות מזון יבנה,,חריפה במשקל כפיר,קילוגרמים,1.00,"ק""ג",true,,29.00,29.0000,true,1,174127
7290003189267,false,הצהובה הטובה לייט קלאסית 5% כפיר 200 גרם,צי תעשיות מזון יבנה,,כפיר הצהובה הטובה קל,,200.00,100 גרם,false,,10.00,0.0500,true,1,174143
7290003189274,false,בנוסח מעושנת גליל26%משקל,צי תעשיות מזון יבנה,,מעושנת כפיר,קילוגרמים,1.00,"ק""ג",true,,35.00,35.0000,true,1,174129
7290003189380,false,מעדן עם שום ושמיר26%משקל,צי תעשיות מזון יבנה,,צהובה עם שום שמיר כפ,קילוגרמים,1.00,"ק""ג",true,,29.00,29.0000,true,1,174132
7290003208586,false,"וורמוט מרטיני לבן 750 מ""ל",מרטיני ורוסי,,מרטיני ביאנקו 750מל,,750.00,"100 מ""ל",false,,49.90,0.0665,true,1,171357
7290003212965,false,עוגיות רוגלך הזהב במארז 400 גר',ר.כ עוגיות הזהב,,מובחרות שמרים 400 גר,,400.00,100 גרם,false,,12.90,0.0323,true,1,227730
7290003224135,false,כיסונים במילוי בשר 800 גר`קפוא מאמא מרי,מאמא - מרי בעמ,,כיסונים בשר 800גר,,800.00,100 גרם,false,,23.90,0.0299,true,1,197576
7290003224142,false,"בלינצ'ס תפ""א ופטריות 7 יחידות",מאמא מרי,,"בלינצס תפו""א+ פטריות",,700.00,100 גרם,false,,18.90,0.0270,true,1,228398
7290003224159,false,בלינצ`ס במילוי בשר 400 גר`מאמא מרי,מאמא - מרי בעמ,,בלינצס בשר מאמא מרי,,700.00,"100 מ""ל",false,,21.90,0.0313,true,1,228399
7290003224227,false,פירושקי בשר מאמא מרי,,,פירושקי בשר 7 יח מאמ,,400.00,100 גרם,false,,19.90,0.0497,true,1,247467
7290003224272,false,כיסונים בשר מוסקובסקי 1 קג`קפוא מאמא מר,מאמא - מרי בעמ,,כיסונים בשר מוסקובסק,,1000.00,"100 מ""ל",false,,31.90,0.0319,true,1,197581
7290003224333,false,דובדבנים חמוצים מגול,מאמא מרי,,דובדבן חמוץ קפוא 300,,300.00,100 גרם,false,,13.90,0.0463,true,1,197584
7290003224388,false,חמוציות קפוא 300 גרם,מאמא מרי,,חמוציות קפוא 300גר,,300.00,100 גרם,false,,13.90,0.0463,true,1,197586
7290003224456,false,"כיסונים בשר סיבירסקי מאמא מרי 1 ק""ג",מאמא - מרי בעמ,,כיסונים בשר סיבירסקי,,1000.00,100 גרם,false,,27.90,0.0279,true,1,197587
7290003224463,false,כיסונים בשר אוראינסקי 1 קג`מאמא מרי,מאמא - מרי בעמ,,כיסונים אוקרינסקי מא,,1000.00,100 גרם,false,,27.90,0.0279,true,1,197588
7290003224470,false,כיסוני בשר 1 קג קפוא מאמא מרי,מאמא - מרי בעמ,,כיסונים בשר קייבסקי,,1000.00,100 גרם,false,,27.90,0.0279,true,1,197589
7290003224654,false,מיקס פירות יער 380 גרם,מאמא מרי,,מיקס פירות יער קפוא,,300.00,100 גרם,false,,13.90,0.0463,true,1,197594
7290003224746,false,פירות יער דמדמניות שחורות קפוא 300 גר,מאמא מרי,,דומדמניות שחורות קפו,,300.00,100 גרם,false,,13.90,0.0463,true,1,228401
7290003224784,false,בלינצ'ס עם דובדבנים 7 יחידות,מאמא מרי,,בלינצס דובדבן,,700.00,100 גרם,false,,18.90,0.0270,true,1,228403
7290003224807,false,פירות יער אוכמניות 300 גר,מאמא מרי,,אוכמניות אדומות קפוא,,300.00,100 גרם,false,,19.90,0.0663,true,1,228404
7290003229109,false,פסטרמה הודו בפפריקה טירת צבי (400 גרם),תנובה מרכז שיתופי לשיווק תוצרת,,פסטרמה הודו בפפריקה,,400.00,100 גרם,false,,27.90,0.0697,true,1,188204
7290003229116,false,פסטרמה הודו בדבש שומן טירת צבי 400 גרם,תנובה מרכז שיתופי לשיווק תוצרת,,פסטרמה בדבש טירת צבי,,400.00,100 גרם,false,,27.90,0.0697,true,1,188205
7290003229123,false,פסטרמה הודו על גחלים 2% טירת צבי 400 גרם,תנובה מרכז שיתופי לשיווק תוצרת,,פסטרמה על גחלים טירת,,400.00,100 גרם,false,,27.90,0.0697,true,1,188206
7290003229147,false,נקניק סלמי איטלקי מעושן טירת צבי 300 גרם,תנובה מרכז שיתופי לשיווק תוצרת,,סלמי בסגנון איטלקי ט,,300.00,100 גרם,false,,27.90,0.0930,true,1,188207
7290003229154,false,נקניק סלמי קוניאק טירת צבי 300 גרם,תנובה מרכז שיתופי לשיווק תוצרת,,סלמי קוניאק טירת צבי,,300.00,100 גרם,false,,27.90,0.0930,true,1,188208
7290003268030,false,חלה ת מגש דגנית 500,,,חלה רגילה 500גר,,500.00,100 גרם,false,,5.40,0.0108,true,1,194711
7290003268252,false,לחם חיטה מלא לילדים 750 ג' דגנית עין בר,דגנית עין בר תעשיות מזון ואפיה,,*מבצע* לחם חיטה מלאה,,750.00,100 גרם,false,,14.90,0.0199,true,1,194781
7290003268429,false,לחם ירוק מקמח מלא דגנית עין בר (750 גרם),דגנית עין בר תעשיות מזון ואפיה,,לחם חיטה מלאה ירוק 7,,750.00,"100 מ""ל",false,,15.90,0.0212,true,1,194783
7290003268764,false,חלה רגילה דגנית 500,מולינו ניקולי s.p.a,,חלה רגילה 500גר,,500.00,100 גרם,false,,5.40,0.0108,true,1,194793
7290003287253,false,נקניקיות מרגז הקצביה 500 גרם בלדי,בלדי בעמ,,נקניקיות מרגז בלדי 5,,500.00,100 גרם,false,,29.90,0.0598,true,1,198873
7290003287260,false,צ`וריסוס קצביה ארוז 600 גר`באלדי,בלדי בע`מ,,נקניקיות צוריסוס הקצ,,600.00,100 גרם,false,,29.90,0.0498,true,1,198874
7290003287284,false,קבב ביתי קצביה ארוז 600 גר`באלדי,בלדי בע`מ,,קבב ביתי ארוז 600גר,,600.00,100 גרם,false,,29.90,0.0498,true,1,198876
7290003287291,false,קבב טלה וצנובר קצביה ארוז 600 ג' - 8 יח',יוליניבר,,קבב טלה וצנובר 600גר,,600.00,100 גרם,false,,29.90,0.0498,true,1,198877
7290003287307,false,קבב רומני קצביה ארוז 600 גר`באלדי,בלדי בע`מ,,קבב רומני ארוז 600גר,,600.00,100 גרם,false,,29.90,0.0498,true,1,198878
7290003287796,false,סינטה עגל,,,סינטה עגל,קילוגרמים,1.00,"ק""ג",true,,129.00,129.0000,true,1,245679
7290003318131,false,ופל קלאסיק אגוז 200 גרם מנעמים,ח.כהן סוכנות מזון ומשקאות,,וופל אגוז מנעמים 200,,200.00,100 גרם,false,,4.90,0.0245,true,1,190526
7290003318599,false,וופלים וניל מנעמים 200 גרם,ח.כהן סוכנות מזון ומשקאות בע,,וופל וניל מנעמים 200,,200.00,"100 מ""ל",false,,4.90,0.0245,true,1,190528
7290003321155,false,יוגורט בר עם פקאן מצופה שוקולד 183 ג' דנונה,שטראוס גרופ בעמ/מצונן,,דנונה בר פקאן 183גר,,183.00,100 גרם,false,,4.70,0.0257,true,1,195381
7290003329489,false,חזה בקר מס'3 קפוא,,,חזה בקר מס'3 קפוא,קילוגרמים,1.00,"ק""ג",true,,34.90,34.9000,true,1,198663
7290003329502,false,צלי כתף מס' 5 חלק קפוא,בלדי,,צלי כתף מס'5 מוכשר ח,קילוגרמים,1.00,"ק""ג",true,,69.90,69.9000,true,1,230103
7290003385881,false,במיה ברוטב עגבניות 600 ג' פרי הגליל,ויטה- פרי גליל (החדשה) בעמ,,במיה ברוטב עגבניות 5,,540.00,100 גרם,false,,7.90,0.0146,true,1,200866
7290003387205,false,ספיד סטיק - דאודורנט סטיק לגבר רגולר,הנסיך- מפעל לייצור ט,,ספיד סטיק ירוק לגבר,,56.00,100 גרם,false,,19.90,0.3554,true,1,185453
7290003387373,false,דאודורנט ספיד סטיק בסיסי קלאסי פרש ספורט לגבר,הנסיך- מפעל לייצור ט,,ספיד סטיק פרש ספורט,,50.00,"100 מ""ל",false,,19.90,0.3980,true,1,185455
7290003401369,false,"קרם לחות לשיער חוחובה נטורל פורמולה 400 מ""ל",החברה הדרומית לשיווק בעמ,,נטורל קרם לשיער פגום,,400.00,"100 מ""ל",false,,21.90,0.0547,true,1,180176
7290003401635,false,נטורל פורמולה לחות מעצבת לפתיחת תלתלים,החברה הדרומית לשיווק בעמ,,נטורל פורמולה לחות ל,,400.00,"100 מ""ל",false,,23.90,0.0597,true,1,180179
7290003401642,false,"קרם לחות לתלתלים טבעיים נטורל פורמולה 400 מ""ל",החברה הדרומית לשיווק בעמ,,נטורל פורמולה לחות ל,,400.00,"100 מ""ל",false,,23.90,0.0597,true,1,180180
7290003411054,false,שקיות צליה גדול דליקטס רוסטי הנמל 5יח`,הנמל אריזות ושיווק (1984) בעמ,,שקיות דליקטס גדול 5,יחידה,0.00,יחידה,false,,4.90,0.0000,true,1,191400
7290003411276,false,עמבה הודית מובחרת הנמל 600ג',הנמל אריזות ושיווק (1984) בעמ,,עמבה מובחרת 500גר,,500.00,100 גרם,false,,11.90,0.0238,true,1,191406
7290003411313,false,מפת אל בד מעורב צבעים 120X180 הנמל משובחת,שיווק: הנמל אריזות ו,,הנמל מפה מבד לא ארוג,,100.00,100 גרם,false,,7.90,0.0790,true,1,191408
7290003411832,false,גרנולה אגוזים הנמל (400 גרם),הנמל אריזות ושיווק (1984) בעמ,,גרנולה אגוזים ובונדו,,400.00,100 גרם,false,,12.90,0.0323,true,1,191424
7290003411948,false,צמר גפן הנמל 100 יחידות,הנמל אריזות ושיווק 1984 בע`מ,,צמר גפן הנמל 100גרם,,100.00,"100 מ""ל",false,,4.90,0.0490,true,1,191428
7290003411993,false,גפרורים הנמל 10 יחידות,הנמל אריזות ושיווק (1984) בעמ,,גפרורים 10יח הנמל,,10.00,100 מ'ל,false,,2.90,0.2900,true,1,191429
7290003423909,false,חטיף קוקיס אנד קרים לבן 43 גרם,ליימן מותגים,,הרשי קוקיס קרם לבן 4,,43.00,100 גרם,false,,4.90,0.1140,true,1,248363
7290003438006,false,ממרח אולביה פסטו וצנובר איטלקי 190ג',תה ויסוצקי (ישראל) בעמ,,פסטו איטלקי אוליביה,,180.00,100 גרם,false,,14.90,0.0828,true,1,192684
7290003438013,false,7290003אוליביה ממרח זיתים ירוקים 190 גרם,תה ויסוצקי (ישראל) בעמ,,ממרח זיתים אוליביה 1,,190.00,100 גרם,false,,14.90,0.0784,true,1,192685
7290003438020,false,אוליביה ממרח עגבניות מיובשות (190 גרם),תה ויסוצקי (ישראל) בעמ,,ממרח עגבניות מיובשות,,190.00,100 גרם,false,,14.90,0.0784,true,1,192686
7290003438709,false,ממרח אולביה זיתים שחורים וירוקים 190 ג',תה ויסוצקי (ישראל) בעמ,,ממרח זיתים שחורים או,,190.00,100 גרם,false,,14.90,0.0784,true,1,192698
7290003438853,false,אוליביה ממרח אריסה חריפה 185 גר ',תה ויסוצקי (ישראל) בעמ,,אריסה חריפה 185 גרם,,185.00,100 גרם,false,,14.90,0.0805,true,1,192699
7290003444009,false,הרשי ריזס חטיף במילוי בוטנים 42 גרם,ליימן מותגים,,חטיף ריזס במילוי חמא,,42.00,100 גרם,false,,4.90,0.1167,true,1,220870
7290003450602,false,חרדל אמיתי צהוב בקבוק לחיץ 255 גר,היינץ צפון אמריקה מקבוצת ה.י.היינץ,,חרדל אמיתי צהוב בקבו,,255.00,"100 מ""ל",false,,12.90,0.0506,true,1,179462
7290003470433,false,פרג 200 גרם סולימני,,,פרג 200 גרם סולימני,,200.00,100 גרם,false,,8.90,0.0445,true,1,243747
7290003521081,false,"סרקל שמפו אל דמע לילדים ד""ר פישר 1 ליטר","פישר תעשיות פרמצביטות בע""מ",,סרקל שמפו לילדים 1לי,,1000.00,"100 מ""ל",false,,29.90,0.0299,true,1,203906
7290003521166,false,"ד""ר פישר - סרקל קרם רוזמרין לילדים 325 מ""ל","פישר תעשיות פרמצביטות בע""מ",,סרקל קרם רוזמרין 325,,325.00,"100 מ""ל",false,,27.90,0.0858,true,1,203907
7290003521197,false,"ד""ר פישר - סרקל תרסיס מתיר קשרים 340 מ""ל","פישר תעשיות פרמצביטות בע""מ",,סקרל מתיר קשרים 340מ,,400.00,100 גרם,false,,27.90,0.0697,true,1,203909
7290003521395,false,"קמיל בלו סנסיטיב אל סבון ד""ר פישר 2 ליטר","פישר תעשיות פרמצביטות בע""מ",,קמיל בלו סנסטיב אל ס,,2000.00,"100 מ""ל",false,,39.90,0.0199,true,1,193897
7290003521463,false,"קמיל בלו שמפו לשיער אל דמע ד""ר פישר 2 ליטר","פישר תעשיות פרמצביטות בע""מ",,קמיל בלו שמפו שיער א,,2000.00,"100 מ""ל",false,,39.90,0.0199,true,1,174983
7290003570171,false,מינוט שניצל 300 גרם ארוז בלדי,"בלדי בע""\מ",,שניצל מינוט 300 גרם,,300.00,100 גרם,false,,25.90,0.0863,true,1,224062
7290003570928,false,קבב בלדי קצביה ארוז קפוא 500ג',בלדי בעמ,,קבב בלדי קצביה ארוז,,500.00,100 גרם,false,,29.90,0.0598,true,1,223520
7290003571109,false,פילה סלמון פרימיום ק,פסקווארה דל מאר אנטר,,פילה סלמון פרימיום ק,קילוגרמים,1.00,"ק""ג",true,,79.90,79.9000,true,1,222879
7290003571550,false,סטייק טונה אלבקור בוואקום מהדרין,בלדי בעמ,,סטייק טונה אלבקור בו,קילוגרמים,1.00,"ק""ג",true,,39.90,39.9000,true,1,223430
7290003578061,false,לבבות דקל שלמים וילי פוד (400 גרם),ג.וילי-פוד אינטרנשיונל בעמ,,לבבות דקל שלם 400 גר,,400.00,100 גרם,false,,12.90,0.0323,true,1,178488
7290003578078,false,קוקטייל פירות טרופי בסירופ קל ויליפוד 850 גרם,ג. וילי-פוד אינטרנשיונל בע`מ,,קוקטיל טרופי ויליפוד,,850.00,100 גרם,false,,9.90,0.0116,true,1,178489
7290003578085,false,גבינת מוצרלה 21%שומן,איבי,,מוצרלה 21% ויליפוד ש,קילוגרמים,1.00,"ק""ג",true,,79.00,79.0000,true,1,178338
7290003578108,false,חתיכות אננס בסירופ קל וילי פוד (850 גרם),ג.וילי-פוד אינטרנשיונל בעמ,,אננס חתיכות ויליפוד,,850.00,"100 מ""ל",false,,9.90,0.0116,true,1,178491
7290003578177,false,תירס צעיר שלם וילי פוד (410 גרם),ג.וילי-פוד אינטרנשיונל בעמ,,תירס גמדי ויליפוד 41,,410.00,100 גרם,false,,8.90,0.0217,true,1,178494
7290003578313,false,דובדבנים ללא חרצנים ויליפוד 680 גרם,ג. וילי-פוד אינטרנשיונל בע`מ,,דובדבנים חמוצים ללא,,680.00,100 גרם,false,,10.90,0.0160,true,1,178498
7290003598311,false,דק דק אנטריקוט 300 גר` קפוא פרוס מינוט,"בלדי בע""\מ",,*מבצע* סטייק מינוט 3,,300.00,100 גרם,false,,30.00,0.1000,true,1,221767
7290003598472,false,"סלמון נורבגי מנות בלדי בד""צ",לאטי עזרא,,פילה סלמון מנות נורב,קילוגרמים,1.00,"ק""ג",true,,84.90,84.9000,true,1,221391
7290003643004,false,אורז בסמטי קלאסי סוגת (1 קג),האי נאם סי או אל.טי.,,אורז בסמטי סוגת 1קג,,1000.00,100 גרם,false,,14.90,0.0149,true,1,192182
7290003643134,false,סוכר וניל סוגת 100 גרם מארז 10 יחידות,גוד פוד פרודקטס S.p,,סוכר וניל סוגת 10*10,,100.00,100 גרם,false,,2.20,0.0220,true,1,192184
7290003643325,false,קוסקוס בינוני סוגת (350 גרם),"אסיף תעשיות מזון בע""\מ",,קוסקוס בינוני סוגת 3,,350.00,"100 מ""ל",false,,6.90,0.0197,true,1,192192
7290003643387,false,סוכר לבן בצנצנת פלסטיק 1 ק`ג,האי נאם סי או אל.טי.,,סוכר לבן בצנצנת סוגת,,1000.00,"100 מ""ל",false,,7.90,0.0079,true,1,192195
7290003643646,false,"סוכר דמררה קלאסי בצנצנת סוגת 1 ק""ג",האי נאם סי או אל.טי.,,סוכר דמררה בצנצנת סו,,1000.00,"100 מ""ל",false,,12.90,0.0129,true,1,192197
7290003643684,false,אפונה יבשה סוגת 500 גר',האי נאם סי או אל.טי.,,אפונה סוגת 500גר,,500.00,100 גרם,false,,6.90,0.0138,true,1,192198
7290003643707,false,גריסים סוגת (500 גרם),"סוגת תעשיות בע""מ",,גריסים סוגת 500גר,,500.00,100 גרם,false,,6.90,0.0138,true,1,192199
7290003643714,false,חומוס גרגירים 500 גרם סוגת,האי נאם סי או אל.טי.,,חומוס סוגת 500גר,,500.00,100 גרם,false,,8.90,0.0178,true,1,192200
7290003643738,false,חיטה סוגת (500 גרם),האי נאם סי או אל.טי.,,חיטה סוגת 500 גר,,500.00,100 גרם,false,,6.90,0.0138,true,1,192201
7290003643745,false,כוסמת סוגת (500 גרם),האי נאם סי או אל.טי.,,כוסמת סוגת 500גר,,500.00,"100 מ""ל",false,,8.90,0.0178,true,1,192202
7290003643752,false,עדשים ירוקים יבש סוגת 500 גר',האי נאם סי או אל.טי.,,עדשים ירוקים סוגת 50,,500.00,100 גרם,false,,8.90,0.0178,true,1,192203
7290003643769,false,עדשים אדומים יבש סוגת 500 גר',"סוגת תעשיות בע""\מ",,עדשים אדומים סוגת 50,,500.00,100 גרם,false,,8.90,0.0178,true,1,192204
7290003643776,false,"פופקורן גרעינים סוגת 500 ג' כשל""פ",האי נאם סי או אל.טי.,,פופקורן סוגת 500 גר,,500.00,100 גרם,false,,6.90,0.0138,true,1,192205
7290003643806,false,שעועית לבנה יבשה סוגת (500 גרם),האי נאם סי או אל.טי.,,שעועית לבנה סוגת 500,,500.00,100 גרם,false,,10.90,0.0218,true,1,192208
7290003643813,false,שעועית אדומה יבשה סוגת 500 גר',האי נאם סי או אל.טי.,,שעועית אדומה סוגת 50,,500.00,100 גרם,false,,10.90,0.0218,true,1,192209
7290003643820,false,חומוס ענק יבש סוגת 500 גרם,"סוגת תעשיות בע""\מ",,חומוס ענק סוגת 500גר,,500.00,100 גרם,false,,12.90,0.0258,true,1,192210
7290003681303,false,שעועית מעורבת יבשה מיה 500 גר',מיה תעשיות מזון מ.ת.מ. בעמ,,שעועית מעורבת 500גר,,500.00,100 גרם,false,,8.90,0.0178,true,1,202401
7290003681334,false,"קוקוס 400 גרם מיה בד""צ",מיה תעשיות מזון מ.ת.מ. בעמ,,קוקוס מיה 400גרם,,400.00,100 גרם,false,,11.90,0.0298,true,1,202402
7290003681532,false,דובדבנים מסוכרים 80 גרם מיה,מיה תעשיות מזון מ.ת.מ. בעמ,,דובדבנים מסוכרים 80,,80.00,100 גרם,false,,7.90,0.0988,true,1,202406
7290003681693,false,חומוס לבן ענק יבש מיה 500 גר',מיה תעשיות מזון מ.ת.מ. בעמ,,חומוס לבן ענק 500גר,,500.00,100 גרם,false,,10.90,0.0218,true,1,202408
7290003718627,false,"פול ירוק 400 ג' בית יוסף כשל""פ",בלדי בעמ,,פול ירוק קפוא 400גר,,400.00,100 גרם,false,,9.90,0.0248,true,1,198893
7290003726592,false,טופו מתובל בפסטו במרקם קלאסי,שטראוס גרופ בעמ/מצונן,,טופו ויילר בטעם פסטו,,300.00,100 גרם,false,,12.90,0.0430,true,1,227283
7290003726615,false,"טופו ויילר 300 גרם ""שטראוס""",שטראוס גרופ בעמ/מצונן,,טופו ויילר 300גר,,300.00,"100 מ""ל",false,,12.90,0.0430,true,1,227284
7290003726622,false,טופו פיקנטי 300 ג' משק ויילר,שטראוס גרופ בעמ/מצונן,,טופו פיקנתי 300גרם,,300.00,100 גרם,false,,12.90,0.0430,true,1,248163
7290003726684,false,טופו חומוס בטעם טבעי 300 ג' משק ויילר,שטראוס גרופ בעמ/מצונן,,טופו חומוס בטעם טבעי,,300.00,100 גרם,false,,13.90,0.0463,true,1,241024
7290003781652,false,צלפים במי מלח וילי פוד 230 גרם,ג. וילי-פוד אינטרנשיונל בע`מ,,צלפים 370 גר,,370.00,100 גרם,false,,11.90,0.0322,true,1,178507
7290003796458,false,כתף מס' 4 חלק קפוא,,,כתף מס' 4 חלק קפוא,קילוגרמים,1.00,"ק""ג",true,,39.90,39.9000,true,1,246331
7290003796472,false,פילה מדומה מס 6 קפוא,,,פילה מדומה מס 6 קפוא,קילוגרמים,1.00,"ק""ג",true,,39.90,39.9000,true,1,246578
7290003796656,false,חזה בקר מס 3 מוכשר ק,,,חזה בקר מס 3 מוכשר ק,קילוגרמים,1.00,"ק""ג",true,,34.90,34.9000,true,1,244260
7290003804252,false,תיבוליות לאורז בנוסח הודי קנור 80גרם,יוניליוור ישראל שיווק בע`מ,,תיבולית הודי קנור 72,,72.00,100 גרם,false,,10.90,0.1514,true,1,182550
7290003804320,false,תיבולית שום ופטרוזיליה קנור 72 גרם,יוניליוור ישראל שיווק בע`מ,,תיבולית קנור שום פטר,,72.00,"100 מ""ל",false,,10.90,0.1514,true,1,182551
7290003804368,false,תיבוליות בזיליקום קנור (8 יח`- 72 גרם),יוניליוור ישראל שיווק בע`מ,,תיבולית קנור בזיליקו,,72.00,100 גרם,false,,10.90,0.1514,true,1,182554
7290003804382,false,תיבוליות פטריות קנור (8 יח`- 72 גרם),יוניליוור ישראל שיווק בע`מ,,תיבולית קנור פטריות,,72.00,"100 מ""ל",false,,10.90,0.1514,true,1,182556
7290003805501,false,"פתית בסגנון שוודי תלמה בד""צ 300 גרם",יוניליוור ישראל שיווק בע`מ,,פתית שבדי 300גר,,300.00,100 גרם,false,,18.90,0.0630,true,1,182606
7290003882922,false,עלי גפן ממולאים באורז וילי פוד 360 גרם,ג. וילי-פוד אינטרנשיונל בע`מ,,עלי גפן ממולא 400 גר,,400.00,"100 מ""ל",false,,9.90,0.0248,true,1,178523
7290003903771,false,קפה נמס קפוצ'ינו רגיל 200 ג',שטראוס גרופ בע`מ,,קפוצינו עלית 200גר,,200.00,100 גרם,false,,25.90,0.1295,true,1,207991
7290003956012,false,פטאקי 16% שומרון,"מחלבת השומרון בע""מ",,פטאקי 16% שומרון,קילוגרמים,1.00,"ק""ג",true,,39.00,39.0000,true,1,174168
7290003976263,false,תרסיס די תיקן 300 מל מגיק טאצ,,,"די תיקן 300מ""ל טאצ'",,300.00,"100 מ""ל",false,,11.90,0.0397,true,1,241991
7290003976270,false,תרסיס די תיקן 300 מל מגיק,סאסאטק אגשח בעמ,,"די תוש 300 מ""ל טאצ'",,300.00,"100 מ""ל",false,,11.90,0.0397,true,1,241990
7290003976294,false,ת.די תיקן+אקדח 630 מל טאצ',"סאסאטק אגש""\ח בע""\מ",,"די תיקן פורטה 630 מ""",,630.00,"100 מ""ל",false,,14.90,0.0237,true,1,241993
7290003976508,false,נוזל אסלות חומצה 1 ל' מג'יק,,,נוזל לניקוי אסלות 1ל,,1000.00,"100 מ""ל",false,,6.90,0.0069,true,1,202779
7290003976614,false,אקונומיקה סמיכה פרחים 4 ליטר עם פקק ביטח,סאסאטק אגשח בעמ,,אקונומיקה סמיכה טאצ',ליטרים,4000.00,ליטר,false,,10.90,0.0027,true,1,242731
7290003976768,false,"מרסס מסיר כתמים אוקסי פאואר 750 מ""ל טאצ'",,,טאצ' מרסס מסיר כתמים,,750.00,"100 מ""ל",false,,10.00,0.0133,true,1,242732
7290003976775,false,מסיר כתמים אוקסי פאואר לכביסה צבעונית טאצ 3 ליטר,,,טאצ' מסיר כתמים אוקס,ליטרים,3000.00,ליטר,false,,14.90,0.0050,true,1,242734
7290003976782,false,מסיר כתמים אוקסי פאןאר לכביסה לבנה 3 ליטר טא'צ,,,טאצ' מסיר כתמים אוקס,ליטרים,3000.00,ליטר,false,,14.90,0.0050,true,1,242733
7290003989096,false,סלט חצילים פיקנטי אחלה 500 גרם,שטראוס גרופ בעמ/מצונן,,חציל פיקנטי אחלה 500,,500.00,"100 מ""ל",false,,15.90,0.0318,true,1,195392
7290003989539,false,רביולי עם גבינה שטראוס (400 גרם),שטראוס גרופ בעמ/מצונן,,רביולי גבינה שטראוס,,400.00,100 גרם,false,,20.90,0.0522,true,1,195393
7290003989553,false,פסטה טורטליני גבינה ופטריות 400 גרם,שטראוס גרופ בעמ/מצונן,,טורטליני פטריות שטרא,,400.00,100 גרם,false,,20.90,0.0522,true,1,195394
7290004022309,false,עדשי מ&מ'ס חמאת בוטנים80,מרס,,אמ&אמס אריזה בינונית,,80.00,100 גרם,false,,6.90,0.0863,true,1,222644
7290004026776,false,לחם מחמצת אגוזים וצימוקים,פילסברי,,לחם מחמצת אגוזים וצי,יחידה,0.00,יחידה,false,,17.90,0.0000,true,1,234007
7290004033705,false,הבורגריה – 6 לחמניות המבורגר בשקית,מאפית י את א ברמן בע,,לחמניות המבורגר ביג,,600.00,100 גרם,false,,14.90,0.0248,true,1,245757
7290004033712,false,לחם עננים מקמח מלא עם פרוסות עבות,מאפית י את א ברמן בע,,לחם עננים מקמח מלא 7,,750.00,"100 מ""ל",false,,15.90,0.0212,true,1,245755
7290004033729,false,לחם עננים מקמח כוסמין עם פרוסות עבות,מאפית י את א ברמן בע,,לחם עננים כוסמין 750,,750.00,100 גרם,false,,15.90,0.0212,true,1,245756
7290004033736,false,"עננים לחם לבן בסגנון בריוש עם פרוסות עבות, 500 גרם",מאפית י את א ברמן בע,,לחם עננים סגנון בריו,,500.00,100 גרם,false,,15.90,0.0318,true,1,247095
7290004061449,false,שניצל אמריקאי 700 גר`טופ שוף,קפוא-זן תעשיות מזון בעמ - תפוג,,שניצל אמרקאי 700גר,,700.00,100 גרם,false,,11.90,0.0170,true,1,171470
7290004061463,false,שניצל עוף אמיתי שומש,,,שניצל עוף אמיתי שומש,,700.00,100 גרם,false,,28.90,0.0413,true,1,171471
7290004061487,false,טבעות עוף700 גר`טופ שף,קפוא-זן תעשיות מזון בעמ - תפוג,,טבעות עוף 700גר,,700.00,100 גרם,false,,15.90,0.0227,true,1,171473
7290004061494,false,נגיסי עוף 700 גר`טופ שף,קפוא-זן תעשיות מזון בעמ - תפוג,,נגיסי עוף 700גר,,700.00,100 גרם,false,,15.90,0.0227,true,1,171474
7290004063016,false,מלח שולחן מעולה סלית (1 קג)פיקוח,האי נאם סי או אל.טי.,,מלח שולחן 1קג,,1000.00,"100 מ""ל",false,,1.90,0.0019,true,1,206488
7290004063115,false,"מלח מטבח עבה להמלחת בשר ובישול 1 ק""ג 1ק""ג",האי נאם סי או אל.טי.,,מלח למליחות בשר וביש,,1000.00,"100 מ""ל",false,,1.90,0.0019,true,1,206489
7290004064082,false,מטחנה מלח ים טבעי מלח הארץ 100 גרם,חברת מלח הארץ אילת ב,,מלח ים טבעי מטחנה 25,,250.00,100 גרם,false,,15.90,0.0636,true,1,190549
7290004064105,false,מטחנה מלח עשבי תיבול מלח הארץ 100 גרם,חברת מלח הארץ אילת ב,,מלח ים עשבי תיבול מט,,250.00,100 גרם,false,,18.90,0.0756,true,1,190551
7290004064174,false,"תבלין מלח ההימלאיה דק בצנצנת 1 ק""ג","חברת מלח הארץ אילת בע""\מ",,מלח ההימלאיה דק בצנצ,,1000.00,100 גרם,false,,17.90,0.0179,true,1,221592
7290004064181,false,"תבלין מלח ההימלאיה גס בצנצנת 1 ק""ג","חברת מלח הארץ אילת בע""\מ",,מלח ההימלאיה גס בצנצ,,1000.00,100 גרם,false,,17.90,0.0179,true,1,221593
7290004064228,false,מלח במטחנה אקסטרא תבלינים שום ופלפל 125 גר',"חברת מלח הארץ אילת בע""\מ",,מטחנת מלח אקסטרא תבל,,125.00,"100 מ""ל",false,,18.90,0.1512,true,1,225328
7290004064280,false,מלח מופחת נתרן בצנצנת מלח הארץ 600 גרם,חברת מלח הארץ אילת ב,,מלח מופחת נתרן צנצנת,,600.00,100 גרם,false,,18.90,0.0315,true,1,242686
7290004064303,false,מלח אטלנטי בצנצנת מלח הארץ 800 גרם,"חברת מלח הארץ אילת בע""\מ",,מלח אטלנטי בצנצנת 80,,800.00,100 גרם,false,,17.90,0.0224,true,1,250074
7290004064327,false,מלח פלוס פפריקה מלחייה 175 גרם,"חברת מלח הארץ אילת בע""\מ",,מלח פפריקה מלחייה 17,,175.00,100 גרם,false,,9.90,0.0566,true,1,246836
7290004064334,false,מלח פלוס שום מלחייה 175 ג' מלח הארץ,"חברת מלח הארץ אילת בע""\מ",,מלח שום מלחייה 175 ג,,175.00,100 גרם,false,,9.90,0.0566,true,1,246834
7290004064358,false,"מלח דק זורם בקלות מלח הארץ קרטון 1 ק""ג","חברת מלח הארץ אילת בע""\מ",,"מלח דק בקרטון 1 ק""ג",,1000.00,"100 מ""ל",false,,5.90,0.0059,true,1,242684
7290004064389,false,מלח הימלאיה דק 250ג מלחיה סוגת*,"חברת מלח הארץ אילת בע""\מ",,מלח הימלאיה דק מלחיי,,250.00,100 גרם,false,,9.90,0.0396,true,1,244946
7290004068011,false,יוגורט כבשים בדלי 5% שומן 600 ג' גד,מחלבות גד שיווק 1992 בעמ,,יוגורט כבשים 5% מחלב,,600.00,100 גרם,false,,18.70,0.0312,true,1,171596
7290004068028,false,"יוגורט צזיקי לשתיה 3.5% 500 מ""ל רובין",מחלבות גד שיווק 1992 בעמ,,משקה יוגורט צזיקי 3.,,500.00,100 גרם,false,,9.90,0.0198,true,1,171597
7290004068172,false,"יוגורט עיזים בדלי 5% 600 מ""ל רובין",מחלבות גד שיווק 1992 בעמ,,יוגורט עיזים דלי 5%,,600.00,100 גרם,false,,18.70,0.0312,true,1,171600
7290004068424,false,גבינה גאודה משולשים,מחלבות גד בעמ`,,גאודה בקר30% מחלבות,קילוגרמים,1.00,"ק""ג",true,,110.00,110.0000,true,1,171561
7290004068585,false,גאודה עיזים משולשים משקל,מחלבת אמלטי הולנד,,גאודה עיזים מחלבות ג,קילוגרמים,1.00,"ק""ג",true,,139.00,139.0000,true,1,171563
7290004078225,false,"שטיפת פה קולגייט פלקס מינט ירוק 500מ""ל",קולגייט- פלמוליב,,קולגייט מי פה פלקס ס,,500.00,"100 מ""ל",false,,19.90,0.0398,true,1,185495
7290004078270,false,נוזל לניקוי כלים בריח לימון פלמוליב 1 ליטר,יבואן ומשווק: ש. שסט,,פלמוליב לכלים לימון,,1000.00,"100 מ""ל",false,,14.90,0.0149,true,1,185498
7290004078690,false,"אגקס נוזל לניקוי אסלות מרענן 750 מ""ל",הנסיך- מפעל לייצור ט,,אגקס נוזל לניקוי אסל,,750.00,"100 מ""ל",false,,15.90,0.0212,true,1,185502
7290004078942,false,ליידי ספיד סטיק - דאודורנט ג'ל לאישה 65 גרם,קולגייט-פלמוליב,,ליידי ספיד סטיק 24/7,,65.00,100 גרם,false,,19.90,0.3062,true,1,185507
7290004119225,false,יופלה יוגורט בטעם אננס %3 150 גרם,תנובה מרכז שיתופי לש,,יופלה אננס 3% 150גר,,150.00,100 גרם,false,,4.90,0.0327,true,1,189089
7290004119928,false,מעדן חלב בטעם וניל 2% קרלו תנובה 125 גרם,מחלבת אלון תבור,,קרלו וניל 1.5% 125גר,,125.00,100 גרם,false,,2.90,0.0232,true,1,189096
7290004119973,false,קרלו מעדן שוקו רביעיה גביע 1.5% 125 גרם,תנובה מרכז שיתופי לש,,קרלו שוקולדה 1.5% 12,,125.00,100 גרם,false,,2.90,0.0232,true,1,189097
7290004120061,false,מעדן חלב בטעם שוקו וניל שוניל 2% קרלו 125 גרם,תנובה מרכז שיתופי לש,,קרלו שוניל 1.5% 125מ,,125.00,"100 מ""ל",false,,3.00,0.0240,true,1,189098
7290004120108,false,יופלה דיאט יוגורט דובדבן %0 גביע 150גרם,תנובה מרכז שיתופי לש,,יופלה דיאט דובדבן 0%,,150.00,100 גרם,false,,4.90,0.0327,true,1,189100
7290004120566,false,גבינה בולגרית (25024% גרם)פיראוס תנובה,"תנובה בע""מ ***",,בולגרית 24% פיראוס,,250.00,100 גרם,false,,23.70,0.0948,true,1,189115
7290004120573,false,גבינה בולגרית (25016% גרם)פיראוס תנובה,תנובה מרכז שיתופי לש,,בולגרית בקר 16% פירא,,250.00,100 גרם,false,,23.70,0.0948,true,1,189116
7290004120634,false,גבינה בולגרית (2505% גרם)פיראוס תנובה,תנובה מרכז שיתופי לש,,בולגרית 5% 250גר פיר,,250.00,100 גרם,false,,23.70,0.0948,true,1,189117
7290004121488,false,יוגורט ביו דיאט 0% אפרסק יופלה (150 גרם),תנובה מרכז שיתופי לש,,יופלה דיאט אפרסק 0%,,150.00,100 גרם,false,,4.90,0.0327,true,1,189133
7290004121525,false,יופלה מאגדת פרי 4 תות 4 אפרסק 3% 8 יח'*150 ג',תנובה מרכז שיתופי לש,,יופלה אפרסק תות 3% 8,,1200.00,"100 מ""ל",false,,31.50,0.0263,true,1,189136
7290004121754,false,יוגורט ביו עוגת גבינה ותות 3% יופלה 150 גרם,תנובה בעמ ***,,יופלה קרם גבינה ותות,,150.00,100 גרם,false,,4.90,0.0327,true,1,189144
7290004121839,false,גבינת פטה כבשים (25020% גרם)פיראוס בול,תנובה מרכז שיתופי לש,,פטה כבשים 20% פיראוס,,250.00,100 גרם,false,,27.50,0.1100,true,1,189146
7290004121853,false,גבינה בולגרית קוביות (2005% גרם)פיראוס,תנובה מרכז שיתופי לש,,בולגרית בקוביות 5%פי,,200.00,100 גרם,false,,21.30,0.1065,true,1,189147
7290004122119,false,פתיתי פרמזן לפסטה 23% השף הלבן 100 גרם,"תנובה בע""מ ***",,פתיתי פרמזן לפסטה 10,,100.00,100 גרם,false,,12.90,0.1290,true,1,189153
7290004122195,false,גוש חלב גבינה צהובה פרוסה 28% תנובה 200 גרם,"תנובה בע""מ ***",,גבינה גוש חלב פרוס 2,,200.00,100 גרם,false,,13.90,0.0695,true,1,189154
7290004122270,false,עמק קלאסית פרוסות גבינה חצי קשה 28% 200 גרם,תנובה מרכז שיתופי לש,,עמק פרוס סגירה חוזרת,,200.00,100 גרם,false,,16.50,0.0825,true,1,189155
7290004122348,false,גבינה צהובה מופחתת שומן 9% עמק (200 גרם),תנובה מרכז שיתופי לש,,עמק לייט 9% 200גר,,200.00,100 גרם,false,,17.70,0.0885,true,1,189157
7290004122607,false,גבינת עמק לייט 9% במשקל,תנובה מרכז שיתופי לש,,עמק לייט חריץ 9% תנו,קילוגרמים,1.00,"ק""ג",true,,72.00,72.0000,true,1,188509
7290004122676,false,גבינה חמד לייט (2505% גרם)פיראוס תנובה,"תנובה,מחלבת טנא נוגה",,גבינת חמד לייט גביע,,250.00,100 גרם,false,,18.30,0.0732,true,1,189164
7290004124205,false,יופלה דיאט יוגורט תות %0 גביע 150 גרם,תנובה מרכז שיתופי לש,,יופלה דיאט תות 0% 15,,150.00,100 גרם,false,,4.90,0.0327,true,1,189193
7290004124847,false,"קצפת צמחית השף הלבן 500 מ""ל תנובה",תנובה מרכז שיתופי לש,,קצפת צמחית 24% 500מל,,500.00,"100 מ""ל",false,,15.80,0.0316,true,1,189201
7290004125370,false,"שמנת חמוצה 9% מופחתת שומן תנובה 200 מ""ל מהדרין",תנובה מרכז שיתופי לש,,שמנת קלה 9% 200מל תנ,,200.00,"100 מ""ל",false,,3.80,0.0190,true,1,189209
7290004125400,false,"אשל שלי מהדרין 200 מ""ל 4.5% ""תנובה""- מוצר בפיקוח",פארייפאבה אגרואינדוס,,אשל 200 מל,,200.00,"100 מ""ל",false,,1.69,0.0084,true,1,189210
7290004125417,false,"גיל 3% שלי 200 מ""ל ""תנובה"" -מוצר בפיקוח",תנובה מרכז שיתופי לש,,"גיל 200 מ""ל",,200.00,"100 מ""ל",false,,1.51,0.0076,true,1,189211
7290004125455,false,"שמנת חמוצה 200 מ""ל 15% ""תנובה"" -מוצר בפיקוח",תנובה מרכז שיתופי לש,,שמנת אורגינל מהדרין,,200.00,"100 מ""ל",false,,2.40,0.0120,true,1,189212
7290004125462,false,"שמנת חמוצה 15% תנובה 500 מ""ל מהדרין",תנובה מרכז שיתופי לש,,שמנת חמוצה 15% 500מל,,500.00,"100 מ""ל",false,,6.00,0.0120,true,1,189213
7290004125509,false,"שמנת חמוצה 15% מועשרת תנובה 100 מ""ל",תנובה מרכז שיתופי לש,,שמנת חצי מנה 15% תנו,,100.00,"100 מ""ל",false,,2.10,0.0210,true,1,189215
7290004125578,false,משקה סויה מעושר בסידן תנובה 1ל',תנובה מרכז שיתופי לש,,משקה סויה מועשר בסיד,,1000.00,"100 מ""ל",false,,10.90,0.0109,true,1,189216
7290004125585,false,משקה סויה בטעם וניל תנובה 1 ליטר,תנובה מרכז שיתופי לש,,משקה סויה על הבוקר ת,,1000.00,"100 מ""ל",false,,10.90,0.0109,true,1,189217
7290004125721,false,"השף הלבן שמנת עמידה לבישול 15% תנובה 250 מ""ל",תנובה מרכז שיתופי לש,,שמנת לבישול 15% 250מ,,250.00,"100 מ""ל",false,,8.70,0.0348,true,1,189225
7290004125738,false,שמנת מתוקה להקצפה32% 250מל עמיד השף הלבן,תנובה מרכז שיתופי לש,,שמנת להקצפה 32% 250מ,,250.00,"100 מ""ל",false,,6.80,0.0272,true,1,189226
7290004125776,false,גבינה צהובה קלאסית 28% עמק (400 גרם),"תנובה בע""מ ***",,עמק פרוסות 28% 400גר,,400.00,100 גרם,false,,29.90,0.0747,true,1,189229
7290004126674,false,טל העמק פרוסות גבינה חצי קשה לייט %9 200 גרם בקופסא,תנובה מרכז שיתופי לש,,עמק טל לייט 9% 200גר,,200.00,100 גרם,false,,19.50,0.0975,true,1,189247
7290004126759,false,דאיט יופלה פירות יער טו יוג פרי 150גר.,"תנובה בע""מ ***",,יופלה דיאט פירות יער,,150.00,100 גרם,false,,4.90,0.0327,true,1,189251
7290004126872,false,משקאות חלב תנובה שוקו בקבוק 250מל,תנובה - חלב,,שוקו תנובה בקבוק 250,,250.00,"100 מ""ל",false,,5.70,0.0228,true,1,189252
7290004127077,false,קוטג תנובה 3% גביע 250 גרם מהדרין,מיוצר עי קונדיטוריית,,קוטג 3% תנובה 250גר,,250.00,100 גרם,false,,5.90,0.0236,true,1,189253
7290004127329,false,קוטג תנובה גביע 250 גרם %5 ו.מהדרין,מיוצר עי קונדיטוריית,,קוטג 5% 250גר תנובה,,250.00,"100 מ""ל",false,,5.90,0.0236,true,1,189255
7290004127336,false,קוטג תנובה גביע 250 גרם %9 ו.מהדרין,מיוצר עי קונדיטוריית,,קוטג 9% 250גר תנובה,,250.00,"100 מ""ל",false,,5.90,0.0236,true,1,189256
7290004127800,false,"גבינה לבנה 500 גרם 5% ""תנובה"" -מוצר בפיקוח",מיוצר עי קונדיטוריית,,גבינה לבנה 5% 500גר,,500.00,100 גרם,false,,9.96,0.0199,true,1,189260
7290004127817,false,גבינה לבנה 9% שומן 500 ג' תנובה,מיוצר עי קונדיטוריית,,גבינה לבנה %9 500גר,,500.00,100 גרם,false,,9.80,0.0196,true,1,189261
7290004127862,false,"גבינה לבנה 750 גרם 5% ""תנובה"" - מוצר בפיקוח",תנובה מרכז שיתופי לש,,גבינה לבנה 5% 750גרם,,750.00,100 גרם,false,,14.94,0.0199,true,1,189262
7290004127916,false,גבינה לבנה 0.5% שומן 500 ג' תנובה,תנובה מרכז שיתופי לש,,גבינת לבנה תנובה 1/2,,500.00,100 גרם,false,,9.80,0.0196,true,1,189264
7290004128340,false,קרם גבינת שמנת %5 בטעם טבעי 200 ג' תנובה,"תנובה בע""מ ***",,גבינת שמנת בטעם טבעי,,200.00,100 גרם,false,,12.00,0.0600,true,1,189278
7290004128364,false,קרם גבינת שמנת 5% עם זיתים ירוקים 200 ג' תנובה,"תנובה, מחלבת תל יוסף",,גבינת שמנת בטעם זיתי,,200.00,100 גרם,false,,12.00,0.0600,true,1,189279
7290004128432,false,פתיתים מיוחדים לפיצה על בסיס גבינה 500 ג',תנובה - חלב,,פתיתי גבינה מותכת הש,,500.00,100 גרם,false,,23.50,0.0470,true,1,189284
7290004129101,false,גבינת שמנת 25% בטעם טבעי 225 ג' נפוליאון,תנובה מרכז שיתופי לש,,גבינת נפוליאון בטעם,,225.00,100 גרם,false,,13.80,0.0613,true,1,189297
7290004129156,false,גבינת שמנת25% עם שום שמיר 225 ג' נפוליאון,תנובה מרכז שיתופי לש,,גבינת נפוליאון שום ש,,225.00,100 גרם,false,,13.80,0.0613,true,1,189299
7290004129767,false,"3% 'יופלה לבן מארז שמינייה 1.2 ק""ג",תנובה מרכז שיתופי לש,,יופלה לבן מאגדת שמינ,,1200.00,100 גרם,false,,17.90,0.0149,true,1,189322
7290004130794,false,משקה סויה במתיקות מופחתת תנובה (1 ליטר),תנובה מרכז שיתופי לש,,משקה סויה מועשר 1 לי,,1000.00,"100 מ""ל",false,,10.90,0.0109,true,1,189334
7290004130916,false,יוגורט יופלה פירות יער בשמנת 3% 150 גרם,תנובה מרכז שיתופי לש,,יופלה בטעם פירות יער,,150.00,100 גרם,false,,4.90,0.0327,true,1,189338
7290004131074,false,"חלב 1 ליטר 3% קרטון ""תנובה""- מוצר בפיקוח",תנובה מרכז שיתופי לש,,חלב בקרטון מהדרין תנ,,1000.00,100 גרם,false,,6.23,0.0062,true,1,189344
7290004131432,false,יוגורט יופלה לבן ביו 3% 200 גרם,מיוצר עי קונדיטוריית,,יופלה לבן 3% 200מל,,200.00,"100 מ""ל",false,,3.90,0.0195,true,1,189353
7290004131814,false,גבינת צפתית מעודנת (2005% גרם)פיראוס ת,פארייפאבה אגרואינדוס,,צפתית מעודנת 5% 200ג,,200.00,100 גרם,false,,15.20,0.0760,true,1,189370
7290004131845,false,לאבנה גביע 9% 750 גר`פיראוס תנובה,תנובה מרכז שיתופי לש,,לאבנה גביע 9% 750גר,,750.00,100 גרם,false,,22.90,0.0305,true,1,189371
7290004132552,false,משקה סויה בטעם טבעי לייט תנובה 1 ליטר,תנובה מרכז שיתופי לש,,משקה סויה דיאט וניל,,1000.00,"100 מ""ל",false,,10.90,0.0109,true,1,189383
7290004132606,false,"קרלו מעדן חלב בטעם וניל 2% תנובה 8*100 מ""ל",תנובה מרכז שיתופי לש,,קרלו מיני וניל 8 *10,,800.00,"100 מ""ל",false,,14.10,0.0176,true,1,189385
7290004132712,false,חטיף אצבעות גבינת מוצרלה 20% 172 ג' עמק,תנובה מרכז שיתופי לש,,עמק אצבעות מוצרלה 20,,172.00,100 גרם,false,,16.70,0.0971,true,1,189390
7290004132903,false,גבינה לבנה 3% מהדרין תנובה 250 גרם,תנובה מרכז שיתופי לש,,"גבינה לבנה 3% בד""צ 2",,250.00,100 גרם,false,,4.90,0.0196,true,1,189396
7290004133511,false,יופלה מאגדת לבן 1.5% מעודן 8 יח' * 150 ג',מיוצר עי קונדיטוריית,,יופלה לבן מאגדת שמינ,,1200.00,100 גרם,false,,20.90,0.0174,true,1,189412
7290004135058,false,שמיניית קרלו מיני שוקולד 100 גרם מהדרין,תנובה מרכז שיתופי לש,,קרלו מיני שוקולד 8*1,,800.00,"100 מ""ל",false,,14.10,0.0176,true,1,189443
7290004135225,false,מעדן חלב דל קלוריות בטעם שוקולד 0.2שומ,תנובה מרכז שיתופי לש,,מעדן תנובה דיאט שוקו,,150.00,"100 מ""ל",false,,4.10,0.0273,true,1,189455
7290004135614,false,גבינה בולגרית מעודנת 5% פיראוס 250 גרם,"תנובה בע""מ ***",,בולגרית מעודנת בקר פ,,250.00,100 גרם,false,,23.70,0.0948,true,1,189474
7290004136598,false,מארז הפסקת אוכל עם קורנפלקס ומשקה חלב עמיד בטעם וניל,פארייפאבה אגרואינדוס,,הפסקת אוכל חלב ודגני,,150.00,"100 מ""ל",false,,9.50,0.0633,true,1,189510
7290004136857,false,מעדן ג`לי בטעם פטל תנובה (125 גרם),תנובה מרכז שיתופי לש,,ג'לי תנובה פטל 125גר,,125.00,100 גרם,false,,2.40,0.0192,true,1,189514
7290004136864,false,מעדן ג'לי בטעם אננס עם חתיכות תנובה 125 גרם,תנובה בעמ ***,,ג'לי תנובה אננס עם ח,,125.00,100 גרם,false,,2.80,0.0224,true,1,189515
7290004136871,false,מעדן ג'לי בטעם אפרסק עם חתיכות תנובה 125 גרם,תנובה מרכז שיתופי לש,,ג'לי תנובה אפרסק עם,,125.00,100 גרם,false,,2.80,0.0224,true,1,189516
7290004137311,false,גבינה צהובה מופחתת שומן 9% עמק (400 גרם),"תנובה בע""מ ***",,עמק לייט משפחתית 9%,,400.00,100 גרם,false,,29.90,0.0747,true,1,189534
7290004146986,false,נקה 7 שמפו לשיער צבוע ומובהר 750 מל,החברה הדרומית לשיווק בעמ,,נקה 7 שמפו לשיער צבו,,750.00,"100 מ""ל",false,,12.90,0.0172,true,1,180200
7290004150112,false,חומוס מזרחי פיקנטי פרימיום 300 גרם שמיר,"סלטי שמיר 2006 בע""\מ",,חומוס מזרחי 300גר פי,,300.00,100 גרם,false,,14.90,0.0497,true,1,250149
7290004150228,false,כרוב אדום פיקנטי פרימיום 300 גרם שמיר,"סלטי שמיר 2006 בע""\מ",,כרוב אדום 300 גר פיק,,300.00,100 גרם,false,,14.90,0.0497,true,1,250160
7290004150235,false,חומוס עם חריף פיקנטי פרימיום 300 גרם שמיר,"סלטי שמיר 2006 בע""\מ",,חומוס עם חריף 300גר,,300.00,100 גרם,false,,14.90,0.0497,true,1,250161
7290004150280,false,חומוס עם לימון כבוש פיקנטי פרימיום 300 גרם שמיר,"סלטי שמיר 2006 בע""\מ",,חומוס עם לימון כבוש,,300.00,100 גרם,false,,14.90,0.0497,true,1,250165
7290004150358,false,חומוס סלק פיקנטי פרימיום 300 גרם,"סלטי שמיר 2006 בע""\מ",,חומוס סלק 300 ג פיקנ,,300.00,"100 מ""ל",false,,14.90,0.0497,true,1,250166
7290004165017,false,"רסק תפו""ע 600 גרם טבעי ללא סוכר יכין",ב ספירת מלאי,,"רסק תפו""ע ללא סוכר 5",,560.00,100 גרם,false,,8.90,0.0159,true,1,174351
7290004194536,false,חזה עוף טרי מחפוד ארוז,עוף ירושלים מהדרין ב,,חזה עוף טרי מחפוד אר,קילוגרמים,1.00,"ק""ג",true,,35.90,35.9000,true,1,201770
7290004194543,false,כרעיים עוף טרי מחפוד ארוז,עוף ירושלים מהדרין ב,,כרעיים עוף טרי מחפוד,קילוגרמים,1.00,"ק""ג",true,,31.90,31.9000,true,1,201771
7290004194550,false,כנפיים עוף טרי מחפוד ארוז,עוף ירושלים מהדרין ב,,כנפיים עוף טרי מחפוד,קילוגרמים,1.00,"ק""ג",true,,13.90,13.9000,true,1,201772
7290004194574,false,שוקיים עוף טרי מחפוד ארוז,עוף ירושלים מהדרין ב,,שוקיים עוף טרי מחפוד,קילוגרמים,1.00,"ק""ג",true,,35.90,35.9000,true,1,201774
7290004194604,false,לבבות עוף טרי ארוז מ,עוף ירושלים מהדרין,,לב עוף טרי מחפוד ארו,קילוגרמים,1.00,"ק""ג",true,,34.90,34.9000,true,1,201777
7290004198770,false,פילה מדומה מס'6 מוכש,,,פילה מדומה מס'6 מוכש,קילוגרמים,1.00,"ק""ג",true,,39.90,39.9000,true,1,227279
7290004199203,false,קיסמי שיניים במבוק מלחיה לב הוסטס (300),הדקלאים אגודת שיתופי,,קיסמי שיניים מבמבוק,,300.00,יח',false,,3.90,0.0130,true,1,193915
7290004200077,false,שקית פרסים רמה 2,שמחה זה אנחנו בעמ,,שקית פרסים 2,יחידה,0.00,יחידה,false,,7.90,0.0000,true,1,186468
7290004200930,false,זיקוק זוג 15 סמ בשקית,שמחה זה אנחנו בע`מ,,זיקוק עבה 2 בשקית,יחידה,0.00,יחידה,false,,8.90,0.0000,true,1,186477
7290004200992,false,נרות יום הולדת-מכוני,שמחה זה אנחנו,,נרות יום הולדת-מכוני,יחידה,0.00,יחידה,false,,3.50,0.0000,true,1,186480
7290004219079,false,לבבות דקל פרוסות וילי פוד (400 גרם),ג. וילי-פוד אינטרנשיונל בע`מ,,לבבות דקל חתוך 400גר,,400.00,"100 מ""ל",false,,11.90,0.0298,true,1,178524
7290004255145,false,זוג פמוטים קריסטל לנ,,,זוג פמוטים קריסטל לנ,יחידה,0.00,יחידה,false,,5.90,0.0000,true,1,173442
7290004255305,false,נר נשמה שבועי בפלסטיק מנורה,"מנורה שי נר בע""מ",,נר נשמה בכוס פלסטיק,יחידה,0.00,יחידה,false,,9.90,0.0000,true,1,246215
7290004255343,false,נריות 72 בקופסא - 4 שעות,"מנורה שי נר בע""מ",,נריות 72 בקופסא - 4,,72.00,100 מ'ל,false,,22.90,0.3181,true,1,173445
7290004255428,false,נר נשמה בפחית 24 שעות מנורה,"מנורה שי נר בע""מ",,נר נשמה מנורה פחית 2,יחידה,0.00,יחידה,false,,1.90,0.0000,true,1,241230
7290004255558,false,נרות שבת אורה מספר 2,מנורה,,נרות שולחן 20 יח,,20.00,100 מ'ל,false,,3.80,0.1900,true,1,173448
7290004255824,false,פתיל צף מתומן+פינצטה,"מנורה שי נר בע""מ",,פתיל צף מתומן 50 יח,,50.00,גרם,false,,2.90,0.0580,true,1,242312
7290004255879,false,נר הבדלה דקורטיבי פירמידה,אבאל יזמות בעמ,,נר הבדלה דקורטיבי פי,יחידה,0.00,יחידה,false,,11.50,0.0000,true,1,222804
7290004263867,false,בשר מס' 6 פילה מדומה עטרה,עטרה,,פילה מדומה בשר מס 6,קילוגרמים,1.00,"ק""ג",true,,54.90,54.9000,true,1,241107
7290004267087,false,עוגיות מצופות שוקולד כרמל בר-מן 200 גרם,ח.כהן סוכנות מזון ומשקאות בע,,עוגיות מצופות שוקולד,,200.00,"100 מ""ל",false,,5.90,0.0295,true,1,176893
7290004267124,false,עוגיות ממולאות בטעם תות שדה בר-מן 200 גרם,ח.כהן סוכנות מזון ומשקאות בע,,עוגיות ממולאות בטעמי,,200.00,100 גרם,false,,5.90,0.0295,true,1,176894
7290004267209,false,עוגיות לקפה בר-מן 200 גרם,ברמן שוקולד ועוגיות,,עוגיות לקפה ברמן 200,,200.00,100 גרם,false,,5.90,0.0295,true,1,213491
7290004267216,false,עוגיות ברמן ריבה בשקית 200 גר',ברמן שוקולד ועוגיות,,עוגיות ריבה ברמן 200,,200.00,100 גרם,false,,5.90,0.0295,true,1,213492
7290004267230,false,פריכיות אורז מלא מצופות שוקולד 80גר`.,ח.כהן סוכנות מזון ומשקאות בע,,פריכיות פרח אורז מצו,,80.00,"100 מ""ל",false,,6.90,0.0863,true,1,215281
7290004267759,false,עוגיות מפנקות קרם שוקולד 180 ברמן,ברמן שוקולד ועוגיות,,עוגיות מפנקות במילוי,,180.00,100 גרם,false,,5.90,0.0328,true,1,219595
7290004456108,false,"סלמון פילה נורבגי 1.0-1.4 ק""ג בד""ץ עדה חרדית",בלדי בע`מ,,פילה סלמון נורבגי קפ,קילוגרמים,1.00,"ק""ג",true,,79.90,79.9000,true,1,250398
7290004456283,false,אנטריקוט עגל פריים,,,אנטריקוט עגל פריים,קילוגרמים,1.00,"ק""ג",true,,149.00,149.0000,true,1,245680
7290004456375,false,פילה מדומה מס' 6 אשפר פרגוואי,,,פילה מדומה מס'6 אשפר,קילוגרמים,1.00,"ק""ג",true,,46.90,46.9000,true,1,245995
7290004456566,false,צלעות מס' 22 צרכני אשפר פרגוואי,סן אנטוניו,,צלעות מס' 2 צרכני אש,קילוגרמים,1.00,"ק""ג",true,,39.90,39.9000,true,1,245999
7290004480332,false,גבינת גאודה30%משולש משקל,מחלבות גד,,גאודה בקר30% מחלבות,קילוגרמים,1.00,"ק""ג",true,,110.00,110.0000,true,1,248155
7290004480349,false,"משולש גבינת גאודה עיזים ""גד""",מחלבת אמלטי הולנד,,גאודה עיזים מחלבות ג,קילוגרמים,1.00,"ק""ג",true,,139.00,139.0000,true,1,248157
7290004480356,false,ברי פקאן מחלב בקר במשקל,מחלבות גד,,ברי פקאן צאן 22% מחל,קילוגרמים,1.00,"ק""ג",true,,135.00,135.0000,true,1,248158
7290004480363,false,גבינת קשקבל קשה במשק,מחלבות גד,,קאשקבל מחלבות גד,קילוגרמים,1.00,"ק""ג",true,,120.00,120.0000,true,1,248159
7290004492762,false,"נשנושים תירס אפוי טעם טבעי בייגל בייגל 325 גרם בד""צ",יוניליוור ישראל שיווק בע`מ,,נשנושים תירס 325גר,,325.00,100 גרם,false,,13.90,0.0428,true,1,182716
7290004532024,false,פיצוחי הטיב חמניה קלוף טבעי 200ג,פיצוחי הטיב,,חמניה קלוף טבעי 200ג,,200.00,100 גרם,false,,5.90,0.0295,true,1,211259
7290004532031,false,שקדים קלויים 200 גרם,פיצוחי הטיב,,שקד קלוי 200גר,,200.00,100 גרם,false,,19.90,0.0995,true,1,211260
7290004532048,false,גרעיני דלעת קלויים ומומלחים 200 גר',פיצוחי הטיב,,גרעין לבן 200גר,,200.00,100 גרם,false,,7.90,0.0395,true,1,211261
7290004532062,false,גרעין אבטיח קלוי 200 גרם,פיצוחי הטיב,,גרעיני אבטיח 200גר,,200.00,100 גרם,false,,12.90,0.0645,true,1,211262
7290004532086,false,קאשיו קלוי 200 גרם,פיצוחי הטיב,,קשיו 200גר,,200.00,100 גרם,false,,16.90,0.0845,true,1,211264
7290004532093,false,הטיב בוטנים בקליפה 250ג,פיצוחי הטיב,,בוטנים בקליפה 250גר,,250.00,100 גרם,false,,7.90,0.0316,true,1,211265
7290004532123,false,פיסטוק חלבי קלוי 200 גרם,פיצוחי הטיב,,פיסטוק חלבי 200גר,,200.00,100 גרם,false,,19.90,0.0995,true,1,211268
7290004532130,false,בוטן אמריקאי קלוי 200גרם,"גיי אנג גי פקאנס בע""",,בוטן אמריקאי 200גר,,200.00,100 גרם,false,,4.90,0.0245,true,1,211269
7290004532369,false,"מנצ""יס פיקנטי הטיב 1","גיי אנג גי פקאנס בע""",,חטיף מנצס 180גר,,180.00,100 גרם,false,,8.90,0.0494,true,1,211283
7290004532383,false,הטיב פקאן טבעי במגש 250ג,"גי אנד גי בע""מ",,פקאן טבעי במגש 200גר,,200.00,100 גרם,false,,24.90,0.1245,true,1,211285
7290004532390,false,אגוז מלך טבעי קלוף 200 גר',פיצוחי הטיב,,אגוזי מלך בשקית 200ג,,200.00,100 גרם,false,,17.90,0.0895,true,1,211286
7290004532444,false,שקד טבעי 200 גרם-פ.הטיב,פיצוחי הטיב,,שקד טבעי 200גרם,,200.00,100 גרם,false,,19.90,0.0995,true,1,211289
7290004532574,false,גרעינים שחורים 200 גר',"גיי אנג גי פקאנס בע""",,גרעין שחור 200גר,,200.00,"100 מ""ל",false,,5.90,0.0295,true,1,211296
7290004532581,false,בוטנים קלויים 200ג' הטיב,פיצוחי הטיב,,בוטנים קלויים 200גר,,200.00,100 גרם,false,,6.90,0.0345,true,1,211297
7290004575397,false,גלידה בטעמי מוקה וניל פיסטוק 1.8 ל' ריאו,ריאו נתניה ביחר לגלידה,,גלידה טריו חלבי/ילדו,,1800.00,100 גרם,false,,14.90,0.0083,true,1,198429
7290004575632,false,קרמבו וניל 16 יחידות(ריאו).,ריאו נתניה ביחר לגלידה וממתקים,,קרמבו ריאו 16יח,יחידה,0.00,יחידה,false,,22.90,0.0000,true,1,198435
7290004584306,false,רבעיית גמדים בטעם תות בננה * 100 ג' שטראוס,שטראוס גרופ בעמ/מצונן,,גמדים תות בננה 4*100,,400.00,100 גרם,false,,11.50,0.0288,true,1,195415
7290004584351,false,גבינה לבנה סימפוניה עם תוספות 200 ג' חמישית 200,שטראוס גרופ בעמ/מצונן,,גבינת סימפוניה טעם ט,,200.00,100 מ'ל,false,,11.70,0.0585,true,1,195416
7290004584528,false,יוגורט דנונה ביו לבן 1.7% שומן 200 גרם,שטראוס גרופ בעמ/מצונן,,דנונה ביו 1.5% 200גר,,200.00,"100 מ""ל",false,,3.70,0.0185,true,1,195417
7290004585907,false,דני ועדן וניל 1.5% 125ג' שטראוס,שטראוס גרופ בעמ/מצונן,,דני וניל 125 גר,,125.00,100 גרם,false,,2.70,0.0216,true,1,195421
7290004586171,false,תירוש אדום 650מל כרמ,יקבי כרמל,,תירוש אדום 650מל כרמ,,650.00,100 גרם,false,,13.90,0.0214,true,1,240187
7290004603175,false,מלח הים האדום גס מלח הארץ (500 גרם),"חברת מלח הארץ אילת בע""\מ",,מלח הארץ הים האדום ג,,500.00,100 גרם,false,,9.90,0.0198,true,1,190554
7290004639006,false,קוסקוס תונסאי קפוא מטעמי פאר (800 גרם),מטעמי פאר (א.מ.נ) בעמ,,קוסקוס טוניסאי קפוא,,800.00,100 גרם,false,,16.90,0.0211,true,1,224264
7290004649869,false,דג אמנון בינוני נקי,,,דג אמנון בינוני נקי,קילוגרמים,1.00,"ק""ג",true,,29.90,29.9000,true,1,197639
7290004649982,false,דניס טרי,,,דניס טרי,קילוגרמים,1.00,"ק""ג",true,,69.90,69.9000,true,1,197643
7290004685010,false,לחם 100% שיפון פלוס לחם הארץ 500 גר',מאפית י את א ברמן בע,,לחם הארץ שיפון פלוס,,500.00,"100 מ""ל",false,,16.90,0.0338,true,1,199573
7290004685027,false,לחם חיטה מלאה פלוס לחם הארץ 500 גרם,מאפית י את א ברמן בע,,לחם הארץ חיטה מלאה פ,,500.00,100 גרם,false,,16.90,0.0338,true,1,199574
7290004685089,false,לחם הארץ לחם חמניות 500 גר',מאפית י את א ברמן בע,,לחם הארץ חמניות 500ג,,500.00,"100 מ""ל",false,,16.90,0.0338,true,1,199577
7290004685126,false,לחם 5 דגנים פרוס לחם הארץ (750 גרם),מאפית י את א ברמן בע,,לחם הארץ פומפרניקל 7,,750.00,"100 מ""ל",false,,16.90,0.0225,true,1,199580
7290004685157,false,לחם שיפון 100% פרוס לחם הארץ (750 גרם),מאפית י את א ברמן בע,,לחם הארץ שיפון 100%,,750.00,"100 מ""ל",false,,16.90,0.0225,true,1,199583
7290004685201,false,לחם הארץ שיפון אגוזים500,מאפית י את א ברמן בע,,לחם הארץ אגוזים 500ג,,500.00,100 גרם,false,,16.90,0.0338,true,1,199586
7290004685225,false,לחם פומפרניקל פרוס לחם הארץ (750 גרם),מאפית י את א ברמן בע,,לחם הארץ פומפרניקל 7,,750.00,"100 מ""ל",false,,16.90,0.0225,true,1,199588
7290004685430,false,100% לחם כומסין 500 גר לחם הארץ,מאפית י את א ברמן בע,,לחם הארץ כוסמין 100%,,500.00,"100 מ""ל",false,,16.90,0.0338,true,1,220071
7290004685447,false,לחמניות כוסמין 6 יח בשקית מלא 450 גר`E,מאפית ברמן מקבוצת י. את,,לחמניות כוסמין 6יח ש,,450.00,100 גרם,false,,13.50,0.0300,true,1,233528
7290004685454,false,לחם שיבולת שועל 500 גר`ברמן,מאפית י את א ברמן בע,,לחם הארץ שיבולת שועל,,500.00,"100 מ""ל",false,,16.50,0.0330,true,1,242721
7290004725846,false,גבינת גאודה קולקשיין,תנובה,,גאודה חריץ במשקל תנו,קילוגרמים,1.00,"ק""ג",true,,79.00,79.0000,true,1,245511
7290004731076,false,אל סבון נוזלי עם אלוורה כיף 1 ליטר,החברה הדרומית לשיווק בעמ,,כיף אל סבון אלוורה 1,,1000.00,"100 מ""ל",false,,13.90,0.0139,true,1,180204
7290004731083,false,אל סבון נוזלי ג`ינסנג כיף (1 ליטר),החברה הדרומית לשיווק בעמ,,כיף אלסבון ג'נסנג 1ל,,1000.00,"100 מ""ל",false,,13.90,0.0139,true,1,180205
7290004731090,false,אל סבון נוזלי קמומיל כיף (1 ליטר),החברה הדרומית לשיווק בעמ,,כיף אלסבון קמומיל 1,,1000.00,"100 מ""ל",false,,13.90,0.0139,true,1,180206
7290004731472,false,"שלישיית אלסבון צבעוני כיף 500 מ""ל",החברה הדרומית לשיווק בעמ,,כיף אל סבון שלישיה צ,,1500.00,"100 מ""ל",false,,21.90,0.0146,true,1,180220
7290004731519,false,"מקסימה מרכך ומבשם כביסה למייבש סנסיטיב סנו 750 מ""ל",החברה הדרומית לשיווק בעמ,,סנו מקסימה למייבש סנ,,750.00,"100 מ""ל",false,,19.90,0.0265,true,1,180223
7290004731557,false,"מקסימה תרסיס מרכך ומבשם כביסה במייבש מאסק סנו 750 מ""ל",החברה הדרומית לשיווק בעמ,,סנו מקסימה למייבש מא,,750.00,"100 מ""ל",false,,19.90,0.0265,true,1,180225
7290004731564,false,"מקסימה מבשם ומרכך למייבש הכביסה בלו בלוסום 750 מ""ל",החברה הדרומית לשיווק בעמ,,סנו מקסימה למייבש בל,,750.00,"100 מ""ל",false,,19.90,0.0265,true,1,221284
7290004731687,false,"מטהר אויר בניחוח וניל ולמון גראס סנו 300 מ""ל",סנו מפעלי ברונוס בעמ,,"דואופרש וניל 300 מ""ל",,300.00,100 גרם,false,,13.90,0.0463,true,1,180231
7290004737900,false,חלב כחוש מרוכז וממותק בתוספת שמן צמחי ויליפוד 397 גרם,ג. וילי-פוד אינטרנשיונל בע`מ,,חלב מרוכז ממותק 397,,397.00,100 גרם,false,,11.90,0.0300,true,1,178535
7290004737955,false,ממרח חמאה לורפאק במש,ג.וילי-פוד אינטרנשיונל **גבינו,,ממרח חמאה לורפאק במש,קילוגרמים,1.00,"ק""ג",true,,38.00,38.0000,true,1,178341
7290004846237,false,צלי כתף מס' 5 לא מעו,,,צלי כתף מס' 5 לא מעו,קילוגרמים,1.00,"ק""ג",true,,54.90,54.9000,true,1,223369
7290004846558,false,אצבעות אנטריקוט לא מעובד קפוא 450 גר`,זהר עופות ובשר בעמ,,אצבעות אנטריקוט ארוז,,450.00,"100 מ""ל",false,,39.90,0.0887,true,1,226566
7290004846923,false,קבב אסאדו קצבים 400 גר`אוראל,"זהר בשר עופות ובשר בע""\מ",,קבב אסאדו 400 גרם,,400.00,100 גרם,false,,24.90,0.0622,true,1,248729
7290004861025,false,גבינה בולגרית 5% במשקל,"מחלבת המושבה בע""מ",,בולגרית 5% המושבה,קילוגרמים,1.00,"ק""ג",true,,52.00,52.0000,true,1,229927
7290004861056,false,צפתית/ברינזה 5% המוש,"מחלבת המושבה בע""מ",,צפתית/ברינזה 5% המוש,קילוגרמים,1.00,"ק""ג",true,,44.00,44.0000,true,1,222606
7290004861063,false,גבינת קש המושבה במשק,מחלבת המושבה בעמ`,,גבינת קש 9% המושבה,קילוגרמים,1.00,"ק""ג",true,,44.00,44.0000,true,1,222607
7290004861278,false,שמנת 30% טבעי המושבה,"מחלבת המושבה בע""מ",,שמנת 30% טבעי המושבה,קילוגרמים,1.00,"ק""ג",true,,44.00,44.0000,true,1,197816
7290004861315,false,.לבנה טבעי/ירקות שקיל 5%,מחלבות המושבה בעמ,,לאבנה 5% המושבה,קילוגרמים,1.00,"ק""ג",true,,39.90,39.9000,true,1,222604
7290004861384,false,גבינת אורדה/ריקוטה,מחלבות המושבה בעמ,,ריקוטה %12 המושבה,קילוגרמים,1.00,"ק""ג",true,,49.00,49.0000,true,1,222605
7290004872229,false,"שלגון שוקולד כלפ. 48*67גרם חת""ס",תות תעשיות מזון (201,,שלגון שוקולד מצופה,יחידה,0.00,יחידה,false,,5.90,0.0000,true,1,228129
7290004872243,false,שלגון בננה מצופה נסטלה 57ג',תות תעשיות מזון (201,,שלגון בננה מצופה,יחידה,0.00,יחידה,false,,5.90,0.0000,true,1,228130
7290004872250,false,שלגון שרבט אבטיח נסטלה 108 גרם,נגה גלידות שותפות מוגבלת,,שלגון אבטיח שרבט,יחידה,0.00,יחידה,false,,6.90,0.0000,true,1,183672
7290004872731,false,טילון וניל אקסטרים נסטלה 72 גרם,גלידות נסטלה,,טילון אקסטרים וניל,יחידה,0.00,יחידה,false,,7.90,0.0000,true,1,183674
7290004944032,false,חומוס אמיתי אסלי שמיר 400 גרם,"סלטי שמיר 2006 בע""מ",,חומוס אסלי 400 גרם,,400.00,"100 מ""ל",false,,13.90,0.0348,true,1,197947
7290004944049,false,טחינה אסלי שמיר 400 גרם,"סלטי שמיר 2006 בע""מ",,טחינה אסלי 400גר,,400.00,100 גרם,false,,13.90,0.0348,true,1,197948
7290004944056,false,סדרת האסלי חציל במיונז שמיר 400 גרם,"סלטי שמיר 2006 בע""מ",,חציל במיונז אסלי 400,,400.00,"100 מ""ל",false,,13.90,0.0348,true,1,197949
7290004944063,false,סלט תורכי אסלי שמיר 400 ג',"סלטי שמיר 2006 בע""מ",,תורכי אסלי 400גר,,400.00,100 גרם,false,,13.90,0.0348,true,1,197950
7290005008184,false,"סבון נוזלי בניחוח חלב שקדים פלמוליב 500 מ""ל",הנסיך- מפעל לייצור ט,,פלמוליב תחליב רחצה ס,,500.00,"100 מ""ל",false,,16.90,0.0338,true,1,185513
7290005068058,false,תירס קל מופחת קלוריות 550 ג' פרי הגליל,ויטה- פרי גליל (החדשה) בעמ,,תירס קל מופחת קלוריו,,550.00,100 גרם,false,,8.90,0.0162,true,1,200868
7290005068447,false,"גרגרי תירס קל בוואקום ללת""ס פרי גליל 340ג'",ויטה- פרי גליל (החדשה) בעמ,,תירס קל בוואקום 340ג,,340.00,100 גרם,false,,7.90,0.0232,true,1,200869
7290005068492,false,לקט ירקות מעורבים 700 גרם פרי-גליל,ויטה- פרי גליל (החדשה) בעמ,,לקט ירקות מעורבים 70,,700.00,100 גרם,false,,10.90,0.0156,true,1,200870
7290005068553,false,פרי גליל לקט בורגנדי מוקפא 700 גרם,ויטה- פרי גליל (החדשה) בעמ,,לקט ירקות בורגנדי 70,,700.00,100 גרם,false,,10.90,0.0156,true,1,200871
7290005084355,false,סנסודין משחת שיניים דואל קר פלואוריד 75,גלקסו סמית קליין,,סנסודיין משחת שיניים,,75.00,100 גרם,false,,21.90,0.2920,true,1,199196
7290005113222,false,זיתים קוקטייל וגמבה יבנה 350ג',קבוצת יבנה,,זיתים מיקס יבנה 340,,340.00,100 גרם,false,,9.90,0.0291,true,1,210765
7290005174513,false,חציל על האש במיונז אחלה 400 גרם+225גר,שטראוס גרופ בעמ/מצונן,,חציל במיונז אחלה 500,,500.00,"100 מ""ל",false,,15.90,0.0318,true,1,195426
7290005174551,false,סלט חומוס עם צנוברים 125 ג' אחלה,שטראוס גרופ בעמ/מצונן,,סלט חומוס אחלה 125גר,,125.00,"100 מ""ל",false,,4.90,0.0392,true,1,195427
7290005174568,false,אחלה יום יום חצילים במיונז 125 גרם,שטראוס גרופ בעמ/מצונן,,סלט חצילים אחלה 125ג,,125.00,100 גרם,false,,4.90,0.0392,true,1,195428
7290005174575,false,טחינה אחלה יום יום משובחת 125ג',שטראוס גרופ בעמ/מצונן,,סלט טחינה אחלה 125גר,,125.00,"100 מ""ל",false,,4.90,0.0392,true,1,195429
7290005197758,false,"עוגיות חיוכים שוקולד עלית 150 גרם בד""צ",אפיפית נצרת תעשיות ב,,עוגיות חיוכים שוקו 1,,150.00,100 גרם,false,,4.90,0.0327,true,1,208010
7290005199578,false,קפה נמס מיובש בהקפאה נטול קפאין 200ג,שטראוס קפה בי.וי.,,קפה נטול קפאין עלית,,200.00,100 גרם,false,,29.90,0.1495,true,1,208021
7290005200786,false,תפוצ'יפס בטעם שמנת בצל עלית 50 גרם,"שטראוס פריטו ליי בע""\מ )",,תפוציפס שמנת ובצל 50,,50.00,"100 מ""ל",false,,3.90,0.0780,true,1,183985
7290005270000,false,עלים לסיגר 500 גרם חמים וטעים,"חמים וטעים בע""מ",,עלי סיגר 500גר,,500.00,"100 מ""ל",false,,16.90,0.0338,true,1,172431
7290005287206,false,רביעיית טונה בשמן סטארקיסט 160 גרם,דיפלומט מפיצים (1968) בעמ**,,טונה סטארקיסט בשמן 4,,640.00,100 גרם,false,,24.90,0.0389,true,1,179491
7290005287251,false,רביעיית טונה במים סטארקיסט 160 גרם,דיפלומט מפיצים (1968) בעמ**,,טונה סטארקיסט במים 4,,640.00,100 גרם,false,,24.90,0.0389,true,1,179494
7290005287510,false,"סטארקיסט טונה בשמן עם פלפל חריף 160 גרם בד""צ",סטארקיסט דיפלומט היינץ,,טונה סטארקיסט בשמן פ,,160.00,"100 מ""ל",false,,7.80,0.0487,true,1,179498
7290005287527,false,"סטארקיסט טונה בשמן עם לימון 160 גרם בד""צ",סטארקיסט דיפלומט היינץ,,טונה סטארקיסט בשמן ל,,160.00,100 גרם,false,,7.80,0.0487,true,1,179499
7290005287534,false,"סטארקיסט טונה בשמן עישון טבעי 160 גרם בד""צ",סטארקיסט דיפלומט היינץ,,טונה סטארקיסט בשמן ע,,160.00,100 גרם,false,,7.80,0.0487,true,1,179500
7290005287657,false,"סטארקיסט ממרח טונה 160 גרם בד""צ",דיפלומט מפיצים (1968) בעמ**,,ממרח טונה סטארקיסט 1,,160.00,"100 מ""ל",false,,7.50,0.0469,true,1,179508
7290005296246,false,"פותח סתימות דריין אאוט 946 מ""ל יעקבי","יעקב יעקבי ובניו בע""מ",,כלורקס פותח סתימות 9,,946.00,"100 מ""ל",false,,29.90,0.0316,true,1,183528
7290005296260,false,"אסטוניש ספריי רסס ונגב לניקוי כללי יעקבי 750 מ""ל",יעקב יעקבי ובניו בע`מ,,אסטוניש רסס ונגב 750,,750.00,"100 מ""ל",false,,15.90,0.0212,true,1,183529
7290005296857,false,"פוליבוי ספריי מנקה ומבריק הכל יעקבי 300 מ""ל","יעקב יעקבי ובניו בע""מ",,הפי מנקה ומבריק רהיט,,300.00,100 גרם,false,,17.90,0.0597,true,1,183533
7290005317125,false,בסקוויט חצי מצופה 175 גר` הדר*,אפיפית נצרת תעשיות בסקויט,,ביסקוויט חצי מצופה 1,,175.00,"100 מ""ל",false,,5.90,0.0337,true,1,202006
7290005317194,false,בסקויט מתוק רגיל/שוקו 110 גר,אפיפית נצרת,,בסקוויט פתי בר מתוק,,110.00,"100 מ""ל",false,,3.50,0.0318,true,1,202007
7290005317200,false,קרקר טופז טעמים שונים 110 גר,ח.כהן סוכנות מזון ומשקאות בע,,קרקר טופז מלח 110גר,,110.00,"100 מ""ל",false,,3.50,0.0318,true,1,202008
7290005326523,false,ממרח פסטו פטרוזיליה ונענע אוליביה 180 גרם,תה ויסוצקי (ישראל) בעמ,,ממרח פסטו פטרוזיליה,,185.00,100 גרם,false,,14.90,0.0805,true,1,192731
7290005326677,false,אוליביה רוטב ברביקין 350 גר`,תה ויסוצקי (ישראל) בעמ,,רוטב ברביקיו 350 גרם,,350.00,100 גרם,false,,14.90,0.0426,true,1,225855
7290005384868,false,בסיגנון דנאבלו 29% במשקל,,,בסגנון דנאבלו ויליפו,קילוגרמים,1.00,"ק""ג",true,,79.00,79.0000,true,1,178348
7290005384899,false,פטינה ים תיכונית בסג,וילי פוד,,פטינה ויליפוד,קילוגרמים,1.00,"ק""ג",true,,39.00,39.0000,true,1,178349
7290005387043,false,צלעות 22 צרכני מוצפי,JBS S.A,,צלעות מס' 2 חלק קפוא,קילוגרמים,1.00,"ק""ג",true,,39.90,39.9000,true,1,248031
7290005418709,false,"נטורל קרם לחות לקיבוע תלתלים גלי 400 מ""ל",החברה הדרומית לשיווק בעמ,,נטורל פורמולה לחות 4,,400.00,"100 מ""ל",false,,23.90,0.0597,true,1,230773
7290005423253,false,"סנו - מקסימה מרסס למייבש כביסה אולטרה פרש 750 מ""ל",החברה הדרומית לשיווק בעמ,,סנו מקסימה למייבש או,,750.00,100 גרם,false,,19.90,0.0265,true,1,180247
7290005423567,false,מטליות ניקוי רב שימושיות בגליל סנו סושי 40 יחידות,החברה הדרומית לשיווק בעמ,,סנו סושי בגליל 40יח,יחידה,0.00,יחידה,false,,21.90,0.0000,true,1,230778
7290005423635,false,ריצפז נוזל רצפות דוחה תיקנים סנו 2 ליטר,החברה הדרומית לשיווק בעמ,,ריצפז פלוס דוחה חרקי,ליטרים,2.00,ליטר,false,,23.90,11.9500,true,1,180262
7290005423734,false,מרכך כביסה מרוכז אולטרא פרש סנו מקסימה 4 ליטר,החברה הדרומית לשיווק בעמ,,סנו מקסימה מרכך כביס,ליטרים,4.00,ליטר,false,,22.90,5.7250,true,1,180263
7290005423871,false,שלישיית משחת שיניים מנטול אורביטול 145 גרם,טרופיקל דגיל תעשיות קוסמ,,אורביטול משחת שיניים,,435.00,100 גרם,false,,18.90,0.0434,true,1,180265
7290005423918,false,סנו - מקסימה מרכך כביסה היפואלרגני אלוורה 4 ליטר,החברה הדרומית לשיווק בעמ,,סנו מקסימה מרכך כביס,ליטרים,4.00,ליטר,false,,22.90,5.7250,true,1,180267
7290005424021,false,"סנופרש הום מנטרל ריחות רעים 350 מ""ל",החברה הדרומית לשיווק בעמ,,סנו ריפרש מנטרל ריחו,,350.00,"100 מ""ל",false,,14.90,0.0426,true,1,249728
7290005424311,false,סנו k רב קוטל זוחלים ומעופפים 475 סמ,החברה הדרומית לשיווק בעמ,,סנו K רב קוטל,יחידה,475.00,יחידה,false,,23.90,0.0503,true,1,180273
7290005424403,false,"אל סבון כיף אצות ים קטיפתי 1ליטר,",החברה הדרומית לשיווק בעמ,,כיף אל סבון אצות ים,,1000.00,"100 מ""ל",false,,13.90,0.0139,true,1,180275
7290005424755,false,מטליות ריצפז פלוס לחות לניקוי רצפות דוחה תיקנים 10 יח' סנו,החברה הדרומית לשיווק בעמ,,ריצפז פלוס מטליות לח,,10.00,גרם,false,,15.90,1.5900,true,1,226389
7290005424847,false,"מפיות סופט לבנות לשולחן (150 יח') ""סנו""",החברה הדרומית לשיווק בעמ,,מפיות סנו סושי 150יח,יחידה,0.00,יחידה,false,,7.90,0.0000,true,1,180285
7290005425073,false,"מטהר אויר בניחוח יסמין ועץ סאנדלווד סנו 300 מ""ל",החברה הדרומית לשיווק בעמ,,סנו דואופרש יסמין עץ,,300.00,"100 מ""ל",false,,13.90,0.0463,true,1,180294
7290005425110,false,"חיטוי משטחים 99.9% מתז מחטא ומשמיד 750 מ""ל",החברה הדרומית לשיווק בעמ,,מתז 99.9% לחיטוי משט,,750.00,100 מ'ל,false,,16.90,0.0225,true,1,241355
7290005425196,false,"מקסימה אבקת כביסה סנסיטיב סנו 2.5 ק""ג",החברה הדרומית לשיווק בעמ,,אבקת מקסימה סנסטיב 2,קילוגרמים,2.50,"ק""ג",false,,25.90,10.3600,true,1,180298
7290005425585,false,מטליות לחות לניקוי רהיטים סנו 20 יחידות,"סנו מפעלי ברונוס בע""\מ",,מטליות להברקת רהיטים,,20.00,גרם,false,,12.90,0.6450,true,1,180306
7290005425646,false,קליר נוזל לניקוי חלונות רב תכליתי סנו 1 ליטר,החברה הדרומית לשיווק בעמ,,סנוקליר לניקוי חלונו,,1000.00,100 גרם,false,,9.90,0.0099,true,1,180308
7290005425714,false,"שמפו שטיחים סנו פלוס 600 מ""ל","סנו מפעלי ברונוס בע""\מ",,סנו פלוס שמפו שטיחים,יחידה,600.00,יחידה,false,,25.90,0.0432,true,1,180312
7290005426186,false,סקוטש כריות קרצוף ענקיות סנו סושי 3 יחידות,החב. הדרומית לשיווק,,סנו סושי סקוטש ענק 3,יחידה,0.00,יחידה,false,,15.90,0.0000,true,1,180326
7290005426575,false,"קרמה לחות לשיער יבש ללא שטיפה 400 מ""ל",החברה הדרומית לשיווק בעמ,,קרמה לחות לשיער יבש,,400.00,"100 מ""ל",false,,21.90,0.0547,true,1,180337
7290005426735,false,"סנו - מקסימה אבקת כביסה בלאק 1.25 ק""ג",קריות זול,,סנו מקסימה בלאק אבקת,קילוגרמים,1.25,"ק""ג",false,,14.90,11.9200,true,1,180345
7290005426803,false,מקסימה מרכך כביסה פצ'ולי לבנדר סגול סנו 4 ליטר,החברה הדרומית לשיווק בעמ,,סנו מקסימה מרכך כביס,ליטרים,4.00,ליטר,false,,22.90,5.7250,true,1,180346
7290005426940,false,"סנו K-300 מדביר חרקים 475 מ""ל",טרופיקל דגיל תעשיות,,סנו 300 K פלוס 6,יחידה,400.00,יחידה,false,,23.90,0.0597,true,1,180352
7290005426964,false,סנובון סבון לאסלה בניחוח אפרסק סנו 3 יחידות,החברה הדרומית לשיווק בעמ,,סנובון כחול בריח אפר,,150.00,100 גרם,false,,16.90,0.1127,true,1,180353
7290005426971,false,סנובון סבון לאסלה תפוח כחול סנו 3 יחידות,החברה הדרומית לשיווק בעמ,,סנובון כחול בריח תפו,,150.00,100 גרם,false,,16.90,0.1127,true,1,180354
7290005427107,false,סנו - סושי מגבות נייר הפלא 6 יחידות,החברה הדרומית לשיווק בעמ,,סנו סושי מגבות הפלא,,6.00,100 גרם,false,,13.90,2.3167,true,1,180358
7290005427619,false,"כיף גל לשיער לשיער קוצים 1ק""ג",גוד פוד פרודקטס S.p,,כיף ג'ל לשיער ירוק 1,,1.00,יח',false,,24.90,24.9000,true,1,180389
7290005427633,false,"כיף גל לשיער לשיער חזק במיוחד 1 ק""ג",החב הדרומית לשיווק,,כיף גל לשיער אקסטרים,,1000.00,100 גרם,false,,24.90,0.0249,true,1,180391
7290005427725,false,"חמישיית מגבונים מבושם ""ליטופים""",טרופיקל דגיל קוסמטיק,,מגבוני ליטופים מבושם,,5.00,גרם,false,,21.90,4.3800,true,1,230793
7290005427749,false,אל סבון נוזלי בניחוח אצות ים עם לחות כיף 2 ליטר,טרופיקל דגיל תעשיות,,כיף אל סבון סנו אצות,,2000.00,"100 מ""ל",false,,21.90,0.0109,true,1,180395
7290005427763,false,אל סבון נוזלי בניחוח גינסינג כיף 2 ליטר,החברה הדרומית לשיווק בעמ,,כיף אל סבון ג'ינסנג,,2000.00,"100 מ""ל",false,,21.90,0.0109,true,1,180397
7290005427848,false,מטליות ניקוי רב שימושיות בגליל סנו סושי 40 יחידות,החברה הדרומית לשיווק בעמ,,סנו סושי מטליות בגלי,,40.00,יח',false,,21.90,0.5475,true,1,230797
7290005429279,false,סנו מקסימה קומפקט קומפקט אפקט גאוול 6 ק,החברה הדרומית לשיווק בעמ,,סנו מקסימה אבקת כביס,קילוגרמים,6.00,"ק""ג",false,,49.90,8.3167,true,1,180430
7290005429286,false,"אבקת כביסה מקסימה ביו 6 ק""ג סנו",החברה הדרומית לשיווק בעמ,,סנו מקסימה ביו אבקת,קילוגרמים,6.00,"ק""ג",false,,49.90,8.3167,true,1,180431
7290005430602,false,"סנו אוקסיג'ן ספריי להסרת כתמים עם חמצן פעיל 750 מ""ל",החברה הדרומית לשיווק בעמ,,סנו אוקסיגן מסיר כתמ,,750.00,"100 מ""ל",false,,17.90,0.0239,true,1,180436
7290005430671,false,פוליויקס נוזל לניקוי קרמיקה סנו 2 ליטר,החברה הדרומית לשיווק בעמ,,פוליויקס קרמיקה 2ליט,ליטרים,2.00,ליטר,false,,21.90,10.9500,true,1,180442
7290005431159,false,תותים בקצפת לייט עדן קינוחים 80 גרם,עדן קינוחים,,תותים בקצפת לייט 80,,80.00,100 גרם,false,,6.90,0.0863,true,1,247323
7290005431883,false,מלבי חלבי עדן קינוחים 165 גרם,עדן קינוחים Eden,,מלבי חלבי 165 גרם,,165.00,100 גרם,false,,6.90,0.0418,true,1,240637
7290005431906,false,מארז קדאיף 82 גר` עדן קינוחים,עדן קינוחים Eden,,קדאיף 82 גרם,,92.00,100 גרם,false,,6.90,0.0750,true,1,240638
7290005431913,false,עוגת גבינה פירורים עדן קינוחים 92 גרם,עדן קינוחים Eden,,עוגת גבינה פירורים 9,,92.00,100 גרם,false,,6.90,0.0750,true,1,240639
7290005431920,false,עוגת גבינה פירורים לייט עדן קינוחים 78 גרם,עדן קינוחים Eden,,עוגת גבינה פירורים ל,,165.00,100 גרם,false,,6.90,0.0418,true,1,240640
7290005431937,false,מעדן טירמיסו 82 גר` עדן קינוחים,עדן קינוחים Eden,,טירמיסו 82 גרם,,82.00,100 גרם,false,,6.90,0.0841,true,1,240641
7290005431968,false,מלבי שמנת עדן קינוחים 150 גרם,עדן קינוחים Eden,,מלבי שמנת 150 גרם,,150.00,100 גרם,false,,7.40,0.0493,true,1,242298
7290005437069,false,"שמן זית למאור בד""ץ טעמן 1 ליטר",טעמן שיווק מזון בעמ,,שמן מאור טעמן 1ליטר,,1000.00,"100 מ""ל",false,,22.90,0.0229,true,1,194350
7290005437540,false,"פטריות שמפיניון חתוכות בד""צ טעמן 290 גרם",טעמן שיווק מזון בעמ,,פטריות חתוכות טעמן 2,,290.00,"100 מ""ל",false,,4.90,0.0169,true,1,194355
7290005437632,false,שמן קנולה 1 ליטר טעמן,,,שמן קנולה טעמן 1ליטר,,1000.00,100 גרם,false,,11.90,0.0119,true,1,231580
7290005437755,false,פסטה בילאגיו צינורות 500 גרם טעמן,מוצרי יסוד - טעמן,,פסטה טעמן 500גר,,500.00,100 גרם,false,,4.90,0.0098,true,1,194357
7290005559709,false,בורקס פיצה מעדנות 700 גרם,מיוצר עי קונדיטוריית,,בורקס פיצה מעדנות 70,,700.00,100 גרם,false,,27.90,0.0399,true,1,188218
7290005559907,false,פיצה משפחתית 100% גבינה מעדנות 500 גרם,תנובה מרכז שיתופי לשיווק תוצרת,,*מבצע* פיצה משפחתית,,500.00,100 גרם,false,,15.90,0.0318,true,1,188222
7290005559914,false,פיצה משפחתית עם 100% גבינה בתוספת זיתים מעדנות 550 גרם,תנובה מרכז שיתופי לשיווק תוצרת,,*מבצע* פיצה משפחתית,,550.00,100 גרם,false,,15.90,0.0289,true,1,188223
7290005559990,false,בצק עלים פילאס תורכי 600 גרם קפוא,תנובה מרכז שיתופי לשיווק תוצרת,,בצק פילאס תורכי מעדנ,,600.00,100 גרם,false,,21.90,0.0365,true,1,188231
7290005591761,false,דבש טהור מפרחי בר בלחיץ 400 ג' יד מרדכי,מכוורת יד מרדכי שטרא,,דבש טהור מפרחי בר בל,,400.00,100 גרם,false,,28.90,0.0722,true,1,208037
7290005609121,false,פילה סלמון טרי,,,פילה סלמון טרי,קילוגרמים,1.00,"ק""ג",true,,99.00,99.0000,true,1,197644
7290005609138,false,פילה אמנון ענק טרי,,,פילה אמנון ענק טרי,קילוגרמים,1.00,"ק""ג",true,,59.90,59.9000,true,1,197645
7290005609152,false,בורי בינוני נקי טרי,,,בורי בינוני נקי טרי,קילוגרמים,1.00,"ק""ג",true,,44.90,44.9000,true,1,197646
7290005609169,false,פורל טרי,,,פורל טרי,קילוגרמים,1.00,"ק""ג",true,,69.90,69.9000,true,1,197647
7290005609343,false,קרפיון נקי טרי,,,קרפיון טרי,קילוגרמים,1.00,"ק""ג",true,,29.90,29.9000,true,1,197648
7290005609763,false,פילה סלמון ואקום,,,פילה סלמון ואקום,קילוגרמים,1.00,"ק""ג",true,,79.90,79.9000,true,1,243667
7290005610127,false,תפוח אדמה גורמה דוד משה,אראל תוצרת חקלאית בע,,"תפו""א גורמה דוד משה",קילוגרמים,1.00,"ק""ג",true,,5.90,5.9000,true,1,225357
7290005610509,false,צנונית ארוז דוד משה 500ג',תוצרת הנגב אגודה שיתופית חקלאי,,צנוניות יח,יחידה,0.00,יחידה,false,,4.90,0.0000,true,1,213495
7290005651427,false,"בונזו מזון לכלבים מולטיפק 1.2 ק""ג מארז 3 יחידות",דיפלומט מפיצים (1968) בעמ**,,בונזו מולטי פק 3*400,,1200.00,100 גרם,false,,22.90,0.0191,true,1,179522
7290005686405,false,בננה ציפס 200 גרם ששון הקולה,דין שיווק וקליה 2021 בעמ,,בננה ציפס 200 גרם,,200.00,100 גרם,false,,10.00,0.0500,true,1,200373
7290005686436,false,תפוח עץ מיובש ששון ה,דין שיווק וקליה 2021 בעמ,,תפוח עץ מיובש 200גר,,200.00,100 גרם,false,,11.90,0.0595,true,1,200374
7290005689369,false,סינטה עגל,,,סינטה עגל,קילוגרמים,1.00,"ק""ג",true,,129.00,129.0000,true,1,249568
7290005719189,false,לחם מחמצת שיפון אגוז,,,לחם מחמצת שיפון אגוז,יחידה,0.00,יחידה,false,,17.90,0.0000,true,1,234014
7290005838002,false,מעדן גבינה ויוגורט בטעם וניל 88 ג' דניאלה,שטראוס גרופ בעמ/מצונן,,דניאלה מעדן גבינה 15,,150.00,"100 מ""ל",false,,4.10,0.0273,true,1,195440
7290005838613,false,קרם גבינה 3% בטעם וניל סקי (125 גרם),שטראוס גרופ בעמ/מצונן,,סקי גבינת וניל 125גר,,125.00,100 גרם,false,,3.90,0.0312,true,1,195445
7290005838972,false,סקי יום יום גבינה לבנה %5 125 גרם,שטראוס גרופ בעמ/מצונן,,סקי גבינת לבנה 5% 12,,125.00,100 גרם,false,,3.60,0.0288,true,1,195446
7290005839078,false,שמיניית יוגורט לבן 3% ביו דנונה 150 גרם,שטראוס גרופ בעמ/מצונן,,דנונה ביו מארז שמיני,,1200.00,100 מ'ל,false,,17.30,0.0144,true,1,195447
7290005839108,false,גבינה לבנה סימפוניה עם תוספות 200 ג'+זיתים 5%,שטראוס גרופ בעמ/מצונן,,גבינת סימפוניה עם זי,,200.00,100 מ'ל,false,,11.70,0.0585,true,1,195448
7290005839313,false,מילקי Top עם שוקולדה מגולגלת 140 גרם,שטראוס גרופ בעמ/מצונן,,מילקי טופ מגולגלת 14,,142.00,100 גרם,false,,4.80,0.0338,true,1,195449
7290005877278,false,עוף שלם טרי ארוז,,,עוף שלם טרי ארוז,קילוגרמים,1.00,"ק""ג",true,,19.90,19.9000,true,1,246685
7290005877308,false,כנפיים עוף טרי עוף ג,,,כנפיים עוף טרי ארוז,קילוגרמים,1.00,"ק""ג",true,,11.90,11.9000,true,1,246700
7290005877322,false,חזה עוף טרי חצוי מעו,,,חזה עוף טרי ארוז,קילוגרמים,1.00,"ק""ג",true,,39.90,39.9000,true,1,246690
7290005877339,false,שוקיים עוף טרי עוף ג,,,שוקיים עוף טרי ארוז,קילוגרמים,1.00,"ק""ג",true,,35.90,35.9000,true,1,246691
7290005896620,false,סאן בנדטו - מוגז עדין - 1.5 ליטר,אקווה מינרלה סאן בנד,,סאן בנדטו מים מינרלי,,1500.00,100 גרם,false,,3.90,0.0026,true,1,173066
7290005896637,false,סאן בנדטו - מים מינרלים טבעיים מהאלפים 1.5 ליטר,אקווה מינרלה סאן בנדטו ב,,סאן בנדטו 1.5 ליטר,,1500.00,"100 מ""ל",false,,3.90,0.0026,true,1,173067
7290005966033,false,הר חרמון לבן יקב רמת הגולן (750 מל),היכל היין שקד גולן בעמ,,יין ירדן הר חרמון לב,,750.00,"100 מ""ל",false,,37.90,0.0505,true,1,214779
7290005992018,false,"יוגורט עיזים לשתיה 3% מחלבות גד 500 מ""ל",מחלבות גד שיווק 1992 בעמ,,יוגורט עיזים 3% 500מ,,500.00,"100 מ""ל",false,,14.70,0.0294,true,1,171612
7290005992735,false,לאבנה טבעית 5% 250 גר' - רבנות,מחלבות גד שיווק 1992 בעמ,,לאבנה 5% 250גר מחלבו,,250.00,"100 מ""ל",false,,12.70,0.0508,true,1,171619
7290005996078,false,סלמי סרוולט הונגרי יחיעם 150 גרם,מעדני יחיעם (1993) בעמ,,סרוולד הונגרי יחיעם,,125.00,100 גרם,false,,27.90,0.2232,true,1,241854
7290005996221,false,פסטרמה של פעם דק דק (120 גר`)יחיעם,מעדני יחיעם (1993) בעמ,,פסטרמה של פעם דק דק,,120.00,100 גרם,false,,13.90,0.1158,true,1,242239
7290005996238,false,פסטרמה בדבש דק דק (120 גר`)יחיעם,מעדני יחיעם (1993) בעמ,,פסטרמה בדבש דק דק 12,,120.00,100 גרם,false,,13.90,0.1158,true,1,242237
7290005996276,false,פסטרמה ברביקין דק דק (120 גר`)יחיעם,מעדני יחיעם (1993) בעמ,,פסטרמה ברביקיו דק דק,,120.00,100 גרם,false,,13.90,0.1158,true,1,242240
7290005996740,false,סלמי פפרוני 300 גר יחיעם,מעדני יחיעם (1993) בעמ,,סלמי פפרוני יחיעם 30,,300.00,100 גרם,false,,24.90,0.0830,true,1,245256
7290006040619,false,גבינה טבורוג 5% במשקל,גבינות הכפר בעמ,,טבורוג כפיר5%,קילוגרמים,1.00,"ק""ג",true,,25.90,25.9000,true,1,174134
7290006040621,false,טבורוג כפיר5%,,,טבורוג כפיר5%,קילוגרמים,1.00,"ק""ג",true,,25.90,25.9000,true,1,248030
7290006040621,false,טבורוג כפיר5%,,,טבורוג כפיר5%,קילוגרמים,1.00,"ק""ג",true,,25.90,25.9000,true,1,242697
7290006041043,false,גבינה עם צימוקים במשקל,גבינות הכפר בעמ,,טבורוג עם צימוקים כפ,קילוגרמים,1.00,"ק""ג",true,,28.00,28.0000,true,1,174135
7290006131287,false,פילה בקלה (מרלוזה) א,,,פילה בקלה (מרלוזה) א,קילוגרמים,1.00,"ק""ג",true,,34.90,34.9000,true,1,214904
7290006131447,false,מקרל קפוא,,,מקרל קפוא,קילוגרמים,1.00,"ק""ג",true,,21.90,21.9000,true,1,214906
7290006185501,false,"פנינה רוזנבלום -אל סבון נוזלי ורוד,1 ליטר","פנינה רוזנבלום בע""מ",,אל סבון ורוד פנינה ר,,1000.00,"100 מ""ל",false,,10.90,0.0109,true,1,232312
7290006199218,false,"שמיניית גלידל אייס מוקה ""פלדמן""",הגלידות של פלדמן,,גלידל חלבי מאגדת בטע,,8.00,גרם,false,,29.90,3.7375,true,1,234681
7290006199942,false,"שמיניית גלידל פרי דובדבן ""פלדמן""",הגלידות של פלדמן,,גלידל פרי מאגדת בטעם,,8.00,100 מ'ל,false,,22.90,2.8625,true,1,244588
7290006214003,false,חלבה ממולאת א.חלב נכ,אל מנאר,,חלבה ממולאת תפזורת,קילוגרמים,1.00,"ק""ג",true,,59.00,59.0000,true,1,226298
7290006229427,false,סן בנדטו - מים מינרלים - מארז שישיית 500 מל,טמפו משקאות בע`מ,,סאן בנדטו שישייה 6*5,,3000.00,100 מ'ל,false,,14.90,0.0050,true,1,173077
7290006229588,false,בירה איגל לאגר פרימיום חזקה 6.3% 500 מל,"טמפו משקאות בע""מ",,בירה איגל זהב פחית 5,,500.00,100 גרם,false,,6.90,0.0138,true,1,222410
7290006241504,false,"משקה תפוזים קפוא פריגת 340 מ""ל",החברה המרכזית טלהפצת משקאות בע,,פריגת תפוזים קפוא 34,,345.00,100 גרם,false,,15.90,0.0461,true,1,184527
7290006241511,false,"משקה לימונענע מרוכז קפוא פריגת 280 מ""ל",היינץ צפון אמריקה מק,,פריגת לימון נענע קפו,,340.00,100 גרם,false,,15.90,0.0468,true,1,184528
7290006243713,false,בורקס גבינה שחף 800 גרם,שחף,,בורקס גבינה שחף 800ג,,800.00,100 גרם,false,,14.90,0.0186,true,1,202877
7290006243737,false,ג'חנון שחף 800 גרם,מאפיית אריאל,,גחנון שחף 800גר,,800.00,100 גרם,false,,14.90,0.0186,true,1,202878
7290006251107,false,תה צ'אי מסאלה ויסוצקי 25 יחידות,תה ויסוצקי (ישראל) בעמ,,תה מסאלה ויסוצקי 25י,,25.00,100 מ'ל,false,,19.90,0.7960,true,1,190555
7290006251268,false,תה ירוק בטעם תפוח וקינמון ויסוצקי 25 יחידות,תה ויסוצקי (ישראל)בעמ,,תה ירוק תפוח וקינמון,,37.50,100 גרם,false,,25.90,0.6907,true,1,190556
7290006251275,false,תה ירוק סיני קלאסי ויסוצקי 25 יחידות,תה ויסוצקי (ישראל) בעמ,,תה ירוק סיני 25יח,,37.50,"100 מ""ל",false,,25.90,0.6907,true,1,190557
7290006251343,false,חליטת פסיפלורה מנגו הגן הקסום ויסוצקי 25 יחידות,תה ויסוצקי (ישראל) בעמ,,תה פסיפלורה מנגו הגן,,62.50,"100 מ""ל",false,,19.90,0.3184,true,1,190559
7290006251374,false,תה ירוק לימונית וג'ינג'ר ויסוצקי 25 יחידות,תה ויסוצקי (ישראל) בעמ,,תה ירוק לימונית וגינ,,25.00,100 גרם,false,,25.90,1.0360,true,1,190561
7290006251589,false,תה ירוק עם עלי נענע 50 שקיקים ויסוצקי,תה ויסוצקי (ישראל) בעמ,,תה ירוק עם עלי נענע,,50.00,גרם,false,,45.90,0.9180,true,1,190562
7290006256089,false,"יין אדום קברנה סוביניון גאטו נגרו 750 מ""ל",היכל היין שקד גולן בעמ,,גאטו נגרו קברנה סובי,,750.00,"100 מ""ל",false,,39.90,0.0532,true,1,246408
7290006256775,false,"יין גאטו נגרו מלבק 750 מ""ל",היכל היין שקד גולן בעמ,,גאטו נגרו מלבק 750 מ,,750.00,"100 מ""ל",false,,39.90,0.0532,true,1,246409
7290006265500,false,פטריות שמפיניון ארוז מרינה,קונס`-מרינה פטריות הגליל בעמ*ש,,פטריות שמפיניון ארוז,,250.00,100 גרם,false,,8.90,0.0356,true,1,172525
7290006271174,false,ג'חנון לאפיה בתנור מעדנות 700 גרם,תנובה מרכז שיתופי לשיווק תוצרת,,גחנון לאפיה בתנור מע,,700.00,100 גרם,false,,18.90,0.0270,true,1,188235
7290006271181,false,ג'חנון אפוי למיקרוגל מעדנות 750 גרם,תנובה מרכז שיתופי לשיווק תוצרת,,גחנון אפוי מעדנות 75,,750.00,100 גרם,false,,25.90,0.0345,true,1,188236
7290006271648,false,מיני בורקס תפוחי אדמה מעדנות 800 גרם,תנובה מרכז שיתופי לשיווק תוצרת,,"מיני בורקס תפו""א מעד",,800.00,100 גרם,false,,24.90,0.0311,true,1,188251
7290006271655,false,מיני בורקס במילוי גבינה מעדנות (800 גרם),תנובה מרכז שיתופי לשיווק תוצרת,,מיני בורקס גבינה מעד,,800.00,"100 מ""ל",false,,27.90,0.0349,true,1,188252
7290006272072,false,חטיפי פיצה גבינה מעדנות 650 גרם,תנובה קפואים,,חטיפי פיצה מעדנות 65,,650.00,"100 מ""ל",false,,29.90,0.0460,true,1,188264
7290006272430,false,בצק עלים חמאה חלבי מעדנות (600 גרם),מיוצר עי קונדיטוריית,,בצק עלים חמאה מעדנות,,600.00,100 גרם,false,,28.90,0.0482,true,1,188269
7290006306296,false,רביולי במילוי גבינה לילדים 400 ג' פסטה נונה,דורום תעשיות מזון ופסטה,,רביולי במילוי גבינה,,400.00,100 גרם,false,,25.90,0.0647,true,1,189663
7290006306302,false,רביולי במילוי גבינות פרמזן ריקוטה 400 ג' פסטה נונה,דורום תעשיות מזון ופסטה,,רביולי פרמזן ריקוטה,,400.00,100 גרם,false,,25.90,0.0647,true,1,189664
7290006306319,false,רביולי במילוי בטטה 400 ג' פסטה נונה,דורום תעשיות מזון ופסטה,,רביולי במילוי בטטה 4,,400.00,100 גרם,false,,25.90,0.0647,true,1,189665
7290006306326,false,רביולי במילוי פטריות וגבינת פרמזן פסטה נונה 400 ג',דורום תעשיות מזון ופסטה,,רביולי במילוי פטריות,,400.00,100 גרם,false,,25.90,0.0647,true,1,189666
7290006306340,false,"ניוקי תפו""א פסטה נונה גד 400 גרם",דורום תעשיות מזון ופסטה,,"ניוקי תפו""א 400גר",,400.00,"100 מ""ל",false,,24.90,0.0622,true,1,189668
7290006342072,false,גרעין לבן ששון הקולה 200 גרם,דין שיווק וקליה 2021 בעמ,,גרעין דלעת קלוי ששון,,200.00,100 גרם,false,,7.90,0.0395,true,1,200376
7290006342089,false,גרעין שחור 200 גרם ששון הקולה,"דין שיווק וקלייה בע""",,גרעין שחור 200גרם,,200.00,100 גרם,false,,4.90,0.0245,true,1,200377
7290006342447,false,גרעיני אבטיח ששון הקולה 200 גרם,דין שיווק וקליה 2021 בעמ,,גרעיני אבטיח 200גרם,,200.00,100 גרם,false,,12.90,0.0645,true,1,200378
7290006342515,false,מנצס 200 גרם ששון הקולה,"דין שיווק וקלייה בע""",,מנצס 200גרם,,200.00,100 גרם,false,,6.90,0.0345,true,1,200380
7290006342553,false,קבוקים בשקית ששון הקולה 200 גרם,דין שיווק וקליה 2021 בעמ,,קבוקים 200גר,,200.00,100 גרם,false,,5.00,0.0250,true,1,200381
7290006342560,false,בוטן אמריקאי 200 גרם ששון הקולה,דין שיווק וקליה 2021 בעמ,,בוטנים מצופים 200גר,,200.00,100 גרם,false,,5.00,0.0250,true,1,200382
7290006374615,false,דבש מזון מלכות מרוכז במיוחד 340 גרם,שטראוס גרופ בע`מ,,דבש מזון מלכות 5.8%,,340.00,100 גרם,false,,39.90,0.1174,true,1,222643
7290006374738,false,קונפיטורה תות יד מרדכי בטעם תות,אף.סי תבליני בגליל ב,,קונפיטורת תות יד מרד,,340.00,"100 מ""ל",false,,13.90,0.0409,true,1,208058
7290006376022,false,קורנפלור 200גר פרימי,,,קורנפלור 200גר פרימי,,200.00,"100 מ""ל",false,,3.90,0.0195,true,1,242310
7290006376626,false,אבקת סוכר מהדרין 100 ג',,,אבקת סוכר פרימיום 10,,100.00,100 גרם,false,,2.20,0.0220,true,1,226530
7290006376688,false,עשיריית סוכר וניל,,,סוכר וניל 10*10גרם פ,,100.00,100 גרם,false,,2.20,0.0220,true,1,226531
7290006376725,false,קוקוס טחון פרימיום 200 ג',,,קוקוס 200 גרם חילדה,,200.00,100 גרם,false,,7.50,0.0375,true,1,247024
7290006376732,false,שומשום 200 גרם חילדה,,,שומשום 200 גרם חילדה,,200.00,100 גרם,false,,7.90,0.0395,true,1,247025
7290006464293,false,כבד בקר לצליה לא מוכ,,,כבד בקר לצליה לא מוכ,קילוגרמים,1.00,"ק""ג",true,,29.90,29.9000,true,1,198290
7290006492432,false,גבינה מוצרלה בייבי 18% גד (150 גרם),מחלבות גד שיווק 1992 בעמ,,בייבי מוצרלה מחלבות,,100.00,100 גרם,false,,15.70,0.1570,true,1,171634
7290006492616,false,גבינה בולגרית מעודנת פרוסות 5% גד 250 גרם,מחלבות גד שיווק 1992 בעמ,,בולגרית פרוסות 5% 25,,250.00,"100 מ""ל",false,,27.90,0.1116,true,1,171636
7290006492630,false,גבינת פרומעז עיזים 22% גד 180 גרם,מחלבות גד שיווק 1992 בעמ,,גבינת גליל מחלבות גד,,180.00,100 גרם,false,,23.90,0.1328,true,1,171637
7290006492685,false,גבינת לאבנה עיזים 5% גד (250 גרם),מחלבות גד שיווק 1992 בעמ,,לאבנה עזים 5% 250גר,,250.00,"100 מ""ל",false,,17.90,0.0716,true,1,171639
7290006492852,false,גבינת עיזים למריחה 5% שומן 250 ג' גד,מחלבות גד שיווק 1992 בעמ,,גבינת עיזים 5 % למרי,,250.00,100 גרם,false,,18.90,0.0756,true,1,171645
7290006492913,false,גבינת לאבנה ציזיקי 5% מחלבות גד 250 גרם,מחלבות גד שיווק 1992 בעמ,,לאבנה ציזיקי 250גר מ,,250.00,100 גרם,false,,13.90,0.0556,true,1,171648
7290006494917,false,טוסו וופל קלאסי במילוי שוקולד 200 גרם,"איטיליאן פוד, אס.פי.",,וופל מרמולייט ופל בט,,180.00,100 גרם,false,,10.90,0.0606,true,1,206912
7290006498052,false,דנונה ביו יוגורט טבעי מהדרין 3% 150 ג',שטראוס גרופ בעמ/מצונן,,יוגורט טבעי מהדרין 3,,150.00,"100 מ""ל",false,,2.90,0.0193,true,1,195466
7290006511010,false,פרמז'נו שקיל וילי פו,ויליפוד,,פרמזנו ויליפוד,קילוגרמים,1.00,"ק""ג",true,,99.00,99.0000,true,1,223482
7290006511157,false,פטריות שמפניון שלמות וילי פוד (400 גרם),ג.וילי-פוד אינטרנשיונל בעמ,,פטריות שלמות ויליפוד,,400.00,100 גרם,false,,7.90,0.0198,true,1,178551
7290006511683,false,מאנצו-פולי סויה בתרמילים 454 גרם מהד,ג.וילי-פוד אינטרנשיונל **גבינו,,פולי סויה מאנצו קפוא,,454.00,100 גרם,false,,9.90,0.0218,true,1,178555
7290006511904,false,גבינת אדם כדורים במשקל,ברגלנדמיל,,כדורי גבינת אדם וילי,קילוגרמים,1.00,"ק""ג",true,,69.00,69.0000,true,1,178356
7290006546012,false,שעועית בנוסח מקסיקני בטעם חריף 580 ג' פרי הגליל,ויטה פרי גליל (החדשה) בע`מ,,צילי בנוסח מקסיקני ב,,580.00,100 גרם,false,,7.90,0.0136,true,1,200900
7290006546302,false,"צ'יפס קיטרינג פרי גליל 1.5 ק""ג",ויטה- פרי גליל (החדשה) בעמ,,ציפס קטרינג קפוא 1.5,,1500.00,100 גרם,false,,19.90,0.0133,true,1,200901
7290006546333,false,ציפס קפוא 700 גרם פרי-גליל,ויטה -פרי גליל (החדשה) בעמ,,ציפס קפוא פרי גליל 7,,700.00,"100 מ""ל",false,,12.90,0.0184,true,1,200903
7290006546371,false,במיה 600 ג' פרי הגליל,ויטה- פרי גליל (החדשה) בעמ,,במיה 600גר,,600.00,100 גרם,false,,12.90,0.0215,true,1,200904
7290006546388,false,תחתיות ארטישוק קפוא פרי הגליל 400ג',ויטה- פרי גליל (החדשה) בעמ,,תחתיות ארטישוק 400 ג,,400.00,"100 מ""ל",false,,12.90,0.0323,true,1,200905
7290006546395,false,לקט העונה קפוא פרי הגליל 800ג',ויטה- פרי גליל (החדשה) בעמ,,לקט העונה 800גר,,800.00,100 גרם,false,,10.90,0.0136,true,1,200906
7290006567048,false,פתיתי קוסקוס ישראלי אסם (350 גרם),קבוצת אוסם סחר שותפות מוגבלת,,פתיתי קוסקוס ישראלי,,350.00,"100 מ""ל",false,,7.90,0.0226,true,1,176942
7290006582355,false,סילאן סירופ 900 גרם שקדיה,דין שיווק וקליה 2021 בעמ,,סילאן 900 גרם,,900.00,"100 מ""ל",false,,10.90,0.0121,true,1,200389
7290006618085,false,"אסטוניש תרסיס ניקוי אמבטיה וכיורים יעקבי 750 מ""ל",יעקב יעקבי ובניו בע`מ,,אסטוניש מרסס לאמבט 7,,750.00,100 גרם,false,,15.90,0.0212,true,1,183541
7290006618146,false,"מדליק פחמים נוזלי הפי יעקבי 500 מ""ל","יעקב יעקבי ובניו בע""מ",,נוזל מדליק פחמים הפי,,500.00,"100 מ""ל",false,,14.90,0.0298,true,1,183543
7290006644510,false,"מיץ ענבים 500 מ""ל תפוזינה",יפאורה שותפות מוגבלת לשיווק,,"תפוזינה ענבים 500מ""ל",,500.00,"100 מ""ל",false,,5.50,0.0110,true,1,181671
7290006644527,false,תפוזינה תות בננה 0.5 ליטר,יפאורה שותפות מוגבלת לשיווק,,תפוזינה תות בננה 500,,500.00,"100 מ""ל",false,,5.50,0.0110,true,1,181672
7290006652027,false,במבה חטיף בוטנים אסם 20*15 גרם,קבוצת אוסם סחר שותפות מוגבלת,,במבה מארז 20*15גר אס,,300.00,100 מ'ל,false,,19.90,0.0663,true,1,176958
7290006653765,false,פרפקטו פסטה פטוצ'יני אסם 500 גרם,קבוצת אוסם סחר שותפות מוגבלת,,פסטה פרפקטו פטוציני,,500.00,100 גרם,false,,7.90,0.0158,true,1,176966
7290006653819,false,קוסקוס אמיתי דק בשקית 350 גרם,קבוצת אוסם סחר שותפות מוגבלת,,קוסקוס דק אסם 350 גר,,350.00,"100 מ""ל",false,,7.90,0.0226,true,1,176967
7290006664051,false,"אקטימל לבן 1.51 ק""ג מארז 14 יחידות",שטראוס גרופ בעמ/מצונן,,אקטימל טבעי 14*100מל,,1400.00,"100 מ""ל",false,,32.90,0.0235,true,1,195505
7290006664402,false,גבינה לבנה סקי 5% שומן 750 גרם,שטראוס גרופ בעמ/מצונן,,גבינה לבנה סקי 5% 75,,750.00,100 גרם,false,,14.94,0.0199,true,1,195515
7290006664532,false,יוגורט עם תות 3% שומן 150 ג' דנונה,שטראוס גרופ בעמ/מצונן,,דנונה תות 1.5% 150 מ,,150.00,100 גרם,false,,3.90,0.0260,true,1,195520
7290006664655,false,דנונה Actimel יוגורט טבעי 8*100 מ``ל,שטראוס גרופ בעמ/מצונן,,אקטימל טבעי 8*100מל,,800.00,"100 מ""ל",false,,21.90,0.0274,true,1,195524
7290006664693,false,יוגורט עם אפרסק 3% שומן 150 ג' דנונה,שטראוס גרופ בעמ/מצונן,,דנונה אפרסק 1.5% 150,,150.00,"100 מ""ל",false,,3.90,0.0260,true,1,195526
7290006664990,false,"יוגורט דנונה ביו לבן 1.7% שומן 8*150 מ""ל",שטראוס גרופ בעמ/מצונן,,דנונה ביו מארז שמיני,,1200.00,100 מ'ל,false,,17.30,0.0144,true,1,195537
7290006681553,false,קרמבו בטעם וניל שטראוס 8 יחידות,"גלידות שטראוס בע""מ",,קרמבו וניל שטראוס 8י,,8.00,יח',false,,15.90,1.9875,true,1,187441
7290006681560,false,קרמבו בטעם מוקה שטראוס 8 יחידות,"גלידות שטראוס בע""מ",,קרמבו מוקה שטראוס 8י,,8.00,יח',false,,15.90,1.9875,true,1,187442
7290006681843,false,גלידה לייט פרי 6 יחידות,"גלידת שטראוס בע""\מ, רחוב",,סולרו מאגדת מיני ליי,,900.00,100 גרם,false,,24.90,0.0277,true,1,187444
7290006707345,false,חזה עוף טרי מגש מחיר לפי,עוף טוב,,חזה עוף טרי ארוז,קילוגרמים,1.00,"ק""ג",true,,39.90,39.9000,true,1,240628
7290006707369,false,כרעיים עוף ללא אנטיביוטיקה במגש ע.טוב,עוף טוב,,כרעיים עוף טרי ארוז,קילוגרמים,1.00,"ק""ג",true,,29.90,29.9000,true,1,240630
7290006707383,false,עוף טוב שוקיים עוף טרי ארוז,עוף טוב (שאן) בעמ,,שוקיים עוף טרי ארוז,קילוגרמים,1.00,"ק""ג",true,,35.90,35.9000,true,1,240631
7290006707420,false,עוף טרי במגש מחיר לפי מש,עוף טוב,,עוף שלם טרי ארוז,קילוגרמים,1.00,"ק""ג",true,,19.90,19.9000,true,1,240632
7290006707437,false,עוף טוב כנפיים עוף טרי ארוז,עוף טוב (שאן) בעמ,,כנפיים עוף טרי ארוז,קילוגרמים,1.00,"ק""ג",true,,11.90,11.9000,true,1,240648
7290006707451,false,לבבות עוף טרי ארוז ע.ט,עוף טוב (שאן) בעמ,,לב עוף טרי ארוז,קילוגרמים,1.00,"ק""ג",true,,34.90,34.9000,true,1,240650
7290006707468,false,כבד עוף טרי ארוז לצל,עוף טוב,,כבד עוף טרי ארוז לצל,קילוגרמים,1.00,"ק""ג",true,,24.90,24.9000,true,1,240651
7290006712981,false,"משחת שיניים קולגייט ספיידרמן מגיל שש 50 מ""ל",הנסיך- מפעל לייצור ט,,קולגייט משחת שיניים,,50.00,"100 מ""ל",false,,13.90,0.2780,true,1,185545
7290006739247,false,פסטרמה איטלקית זוגלו,זוגלובק,,פסטרמה איטלקית זוגלו,קילוגרמים,1.00,"ק""ג",true,,85.00,85.0000,true,1,211577
7290006739292,false,נקניק פסטרמה פרגיות ציפוי תירס,נקניק נהריה כשר זוגל,,פסטרמה תבור זוגלובק,,330.00,"100 מ""ל",false,,29.90,0.0906,true,1,211701
7290006739407,false,שניצל תירס לייט זוגלובק (630 גרם),נקניק נהריה כשר זוגל,,שניצל תירס לייט זוגל,,630.00,100 גרם,false,,26.90,0.0427,true,1,211706
7290006739414,false,נקניק סלמי קוניאק זוגלובק 300 גרם,נקניק נהריה כשר זוגל,,סלמי קוניאק זוגלובק,,300.00,100 גרם,false,,28.90,0.0963,true,1,211707
7290006739421,false,נקניק סלמי מעושן איטלקי זוגלובק 300 גרם,נקניק נהריה כשר זוגל,,סלמי מעושן איטלקי זו,,300.00,100 גרם,false,,28.90,0.0963,true,1,211708
7290006739445,false,שניצל תירס קלאסי 750 ג' זוגלובק,נקניק נהריה כשר זוגל,,שניצל תירס קלאסי זוג,,750.00,"100 מ""ל",false,,26.90,0.0359,true,1,211710
7290006739544,false,כתף בקר 3% שומן זוגלובק (300 גרם),נקניק זוגלובק נהריה,,כתף בקר זוגלובק 300ג,,300.00,100 גרם,false,,34.90,0.1163,true,1,211711
7290006741363,false,בורקס תפוחי אדמה זוגלובק 800 גרם,מאפיית אריאל וגידרון,,"בורקס תפו""א בדץ זוגל",,800.00,"100 מ""ל",false,,16.90,0.0211,true,1,211743
7290006742278,false,פסטרמה הודו צלויה על לבנים 330 ג' זוגלובק,נקניק נהריה כשר זוגל,,פסטרממיה צלויה על לב,,330.00,100 גרם,false,,29.90,0.0906,true,1,211762
7290006742292,false,פסטרמה הודו בדבש 330 ג' זוגלובק,נקניק נהריה כשר זוגל,,פסטרממיה בדבש 1% זוג,,330.00,100 גרם,false,,29.90,0.0906,true,1,211764
7290006742315,false,פסטרמה חזה הודו ברביקיו 2% זוגלובק 330 גרם,נקניק נהריה כשר זוגל,,חזה הודו ברביקיו 1%,,330.00,100 גרם,false,,29.90,0.0906,true,1,211766
7290006764478,false,"בירה נשר מאלט בקבוק זכוכית 330 מ""ל",החברה המרכזית להפצת משקאות בעמ,,נשר מאלט 330מל',,330.00,"100 מ""ל",false,,6.90,0.0209,true,1,173089
7290006764485,false,"בירה שחורה נשר מאלט שישייה ח""פ 330*6 מ''ל","טמפו משקאות בע""\ם.",,נשר מאלט בקבוק שישיי,,1980.00,"100 מ""ל",false,,31.90,0.0161,true,1,173090
7290006765000,false,טורטיה מקמח מלא שקדיה 540 גרם,דין שיווק וקליה 2021 בעמ,,טורטיות מקמח חיטה מל,,540.00,100 גרם,false,,10.00,0.0185,true,1,227608
7290006765871,false,שקד טבעי ענק במשקל,"דין שיווק וקלייה בע""",,שקד טבעי ענק במשקל,קילוגרמים,1.00,"ק""ג",true,,85.00,85.0000,true,1,222157
7290006770561,false,לקט לקוסקוס פרי הגליל 800ג',ויטה- פרי גליל (החדשה) בעמ,,לקט לקוסקוס 800גר,,800.00,100 גרם,false,,12.90,0.0161,true,1,200928
7290006770684,false,עוגת מוס גבינה ופרורים קפולסקי 850 גרם,קפולסקי שיווק וקמעונ,,עוגת מוס גבינה פירור,,850.00,100 גרם,false,,64.90,0.0764,true,1,212715
7290006775030,false,עוגת שוקו צ`יפס אחוה (450 גרם)אחוה,אחדות ביתחרושת לטחינה חלבה,,עוגת שוקולד 450גר,,450.00,100 גרם,false,,10.90,0.0242,true,1,202957
7290006775047,false,עוגת שוקולד אחוה (450 גרם)אחוה,אחדות ביתחרושת לטחינה חלבה,,עוגת שוקולד 450גר,,450.00,100 גרם,false,,10.90,0.0242,true,1,202958
7290006775054,false,עוגת שיש אחוה (450 גרם)אחוה,אחדות ביתחרושת לטחינה חלבה,,עוגת שיש 450גר,,450.00,100 גרם,false,,10.90,0.0242,true,1,202959
7290006775191,false,מאפין ממולא בטעם שוקולד 50 גרם אחוה,אחדות ביתחרושת לטחינה חלבה,,מאפין ממולא שוקולד 5,,50.00,100 גרם,false,,2.90,0.0580,true,1,202962
7290006775306,false,מאפינס אישי וניל במילוי תות אחווה 50ג',אחדות ביתחרושת לטחינה חלבה,,מאפין ממולא תות 50גר,,50.00,"100 מ""ל",false,,2.90,0.0580,true,1,202963
7290006775344,false,עוגת שמרים במילוי קרם קינמון אחוה 400 גרם,אחדות ביתחרושת לטחינה חלבה,,עוגת שמרים קינמון וא,,400.00,100 גרם,false,,12.90,0.0323,true,1,202965
7290006784346,false,"תרסיס לניקוי שטיחים סנט מוריץ 630 מ""ל",קומפלקס כימיקלים בעמ,,תרסיס קצף לניקוי שטי,,630.00,"100 מ""ל",false,,15.90,0.0252,true,1,225996
7290006784360,false,חלונית סנט מוריץ לניקוי חלונות 1 ליטר,קומפלקס כימיקלים בעמ,,נוזל חלונות 1 ליטר ס,ליטרים,1.00,ליטר,false,,5.90,5.9000,true,1,216172
7290006788399,false,"דאו רול און נושם סנסיטיב ירוק קרליין 75 מ""ל",החברה הדרומית לשיווק בעמ,,דאודורנט קרליין רול,,75.00,"100 מ""ל",false,,13.90,0.1853,true,1,230804
7290006788412,false,"קרליין - נושם אקווה דאודורנט רול און לאישה כחול 75 מ""ל",החברה הדרומית לשיווק בעמ,,קרליין רולאון נושם כ,,75.00,100 גרם,false,,13.90,0.1853,true,1,180476
7290006788429,false,"קרליין - נושם סאן רייס דאודורנט רול און לאישה כתום 75 מ""ל",החברה הדרומית לשיווק בעמ,,קרליין רולאון נושם כ,,75.00,100 גרם,false,,13.90,0.1853,true,1,180477
7290006788436,false,"קרליין - נושם פיור דאודורנט רול און לאישה ורוד 75 מ""ל",החברה הדרומית לשיווק בעמ,,קרליין רולאון נושם ו,,75.00,"100 מ""ל",false,,13.90,0.1853,true,1,180478
7290006788443,false,"קרליין - נושם אוקסיג'ן דאודורנט רול און לאישה סגול 75 מ""ל",החברה הדרומית לשיווק בעמ,,דאודורנט קרליין רול,,75.00,"100 מ""ל",false,,13.90,0.1853,true,1,230805
7290006788474,false,"קרליין - נושם אקווה דאודורנט ספריי לאישה כחול 200 מ""ל",החברה הדרומית לשיווק בעמ,,קרליין דאו ספריי 200,,200.00,"100 מ""ל",false,,13.90,0.0695,true,1,230806
7290006788481,false,"קרליין - נושם סאן רייס דאודורנט ספריי לאישה כתום 200 מ""ל",החברה הדרומית לשיווק בעמ,,קרליין ספריי רקטיב נ,,200.00,"100 מ""ל",false,,13.90,0.0695,true,1,180482
7290006788498,false,"קרליין - נושם פיור דאודורנט ספריי לאישה ורוד 200 מ""ל",החברה הדרומית לשיווק בעמ,,קרליין ספריי רקטיב נ,,200.00,"100 מ""ל",false,,13.90,0.0695,true,1,180483
7290006789648,false,"קרם לחות לשיער יבש 10 קרליין 400 מ""ל","אמיליה קוסמטיקס בע""מ",,קרם לחות לשיער יבש ק,,400.00,"100 מ""ל",false,,17.90,0.0447,true,1,230810
7290006804143,false,רוגלעך פילסברי,פילסברי,,רוגלך,קילוגרמים,1.00,"ק""ג",true,,45.90,45.9000,true,1,234040
7290006804785,false,עוגת שמרים גבינה,,,עוגת שמרים גבינה,יחידה,0.00,יחידה,false,,21.90,0.0000,true,1,234071
7290006805355,false,"פילסברי, כדורים בטעם שוקולד, תערובת להכנת כדורים בטעם שוקולד. 500 גרם.",הדקלאים אגודת שיתופי,,כדורי שוקולד פילסברי,,500.00,100 גרם,false,,19.50,0.0390,true,1,191929
7290006805362,false,חצי באגט מאפית,פילסברי,,חצי בגט לבן,יחידה,0.00,יחידה,false,,3.20,0.0000,true,1,233990
7290006805379,false,שליש בגט אפייה במקום,פילסברי,,שליש בגט לבן,יחידה,0.00,יחידה,false,,2.50,0.0000,true,1,233997
7290006805386,false,באגט כפרי שליש,פילסברי,,שליש בגט כפרי,יחידה,0.00,יחידה,false,,2.50,0.0000,true,1,233998
7290006805683,false,לחמניית שמינייה חיטה,,,לחמניית שמינייה חיטה,יחידה,0.00,יחידה,false,,4.20,0.0000,true,1,234020
7290006805850,false,תערובת להכנת פנקייקס פילסברי (500 גרם),הדקלאים אגודת שיתופי,,תערובת להכנת פנקייקס,,500.00,100 גרם,false,,19.50,0.0390,true,1,191930
7290006806963,false,חלה מתוקה קלועה אפויה(אפיה מקומית),ג נרל מילס ישראל בעמ ~~~,,חלה מתוקה קלועה אפוי,יחידה,0.00,יחידה,false,,14.40,0.0000,true,1,234021
7290006822192,false,נקטר דיאט חמוציות אושן ספריי פריגת 1 ליטר,החברה המרכזית להפצת משקאות בעמ,,אושן ספריי דיאט חמוצ,,1000.00,"100 מ""ל",false,,13.50,0.0135,true,1,209657
7290006873620,false,מהודר אדום – מיץ ענב,,,מיץ ענבים אדום טבעי,,1000.00,100 גרם,false,,11.90,0.0119,true,1,211845
7290006920843,false,"תחליפי גבינ""צ מוצרלה פרוס 350 גר'",צי תעשיות מזון יבנה,,מוצרלה פרוס 350 גרם,,350.00,"100 מ""ל",false,,11.90,0.0340,true,1,174150
7290006920911,false,הולנדית פרוס 350ג' כפיר,צי תעשיות מזון יבנה,,הולנדי פרוס 350 גרם,,350.00,100 גרם,false,,11.90,0.0340,true,1,174151
7290006920935,false,הצהובה הטובה חריפה פרוס 350 גרם,צ.י.תעשיות מזון יבנה בעמ,,חריפה פרוס 350 גרם,,350.00,"100 מ""ל",false,,11.90,0.0340,true,1,174152
7290006920997,false,כדורי מוצרלה 18% כפי,,,כדורי מוצרלה 18% כפי,קילוגרמים,1.00,"ק""ג",true,,69.00,69.0000,true,1,174138
7290006983152,false,קרוטונים מתובלים למרק אסם (400 גרם),קבוצת אוסם סחר שותפות מוגבלת,,קרוטונים מתובלים למר,,400.00,"100 מ""ל",false,,20.90,0.0522,true,1,176994
7290006983176,false,קרקר לחמית שיפון אסם (230 גרם),קבוצת אוסם סחר שותפות מוגבלת,,לחמית שיפון אסם 250ג,,250.00,100 גרם,false,,9.90,0.0396,true,1,176995
7290006983206,false,תערובת להכנת פלפל קלי קלות 180 גרם,קבוצת אוסם סחר שותפות מוגבלת,,תערובת להכנת פלאפל א,,180.00,100 גרם,false,,10.90,0.0606,true,1,176996
7290006983763,false,עוגת הבית בטעם שוקולד אסם (400 גרם),קבוצת אוסם סחר שותפות מוגבלת,,עוגת הבית שוקולד אסם,,400.00,100 גרם,false,,13.90,0.0348,true,1,177005
7290006983770,false,עוגת הבית שיש אסם (400 גרם),קבוצת אוסם סחר שותפות מוגבלת,,עוגת הבית שיש אסם 40,,400.00,100 גרם,false,,13.90,0.0348,true,1,177006
7290006983787,false,עוגת הבית שוקולד צ'יפס אסם 400 גרם,קבוצת אוסם סחר שותפות מוגבלת,,עוגת הבית שוקוציפס א,,400.00,100 גרם,false,,13.90,0.0348,true,1,177007
7290006983794,false,עוגת הבית בטעם תפוז אסם 400 גרם,קבוצת אוסם סחר שותפות מוגבלת,,עוגת הבית תפוז אסם 4,,400.00,100 גרם,false,,13.90,0.0348,true,1,177008
7290006992161,false,מטרנה - דייסת קורנפלור פרוביוטי 200 גרם,קבוצת אוסם סחר שותפות מוגבלת,,דייסת קורנפלור מטרנה,,200.00,100 גרם,false,,15.90,0.0795,true,1,177017
7290006992185,false,"מטרנה - דייסת אורז פרוביוטי כשל""פ 200 גרם",קבוצת אוסם סחר שותפות מוגבלת,,דייסת אורז מטרנה 200,,200.00,"100 מ""ל",false,,15.90,0.0795,true,1,177019
7290006992192,false,דייסה מטרנה סולת פרוביוטיקה,קבוצת אוסם סחר שותפות מוגבלת,,דייסת סולת מטרנה 220,,200.00,100 גרם,false,,15.90,0.0795,true,1,177020
7290006992208,false,מטרנה דייסת 8 דגנים מעורבים 200 גרם,קבוצת אוסם סחר שותפות מוגבלת,,דייסת דגנים מעורבים,,200.00,100 גרם,false,,15.90,0.0795,true,1,177021
7290006992390,false,"מטרנה - דייסת וניל פרוביוטי כשל""פ 200 גרם",קבוצת אוסם סחר שותפות מוגבלת,,דייסת וניל מטרנה 200,,200.00,100 גרם,false,,15.90,0.0795,true,1,177024
7290008000826,false,"משחת שיניים לילדים בטעם פירות לגילאים 2-6 כצט 50 מ""ל",גורי ע.ע.ע. בע`מ,,ברבי משחת שיניים ליל,,50.00,"100 מ""ל",false,,10.90,0.2180,true,1,199209
7290008023542,false,שמפו לרצפות בניחוח יסמין סיף פנטסטיק 4 ליטר,יוניליוור ישראל שיווק בע`מ,,סיף פנטסטיק שמפו רצפ,ליטרים,4.00,ליטר,false,,21.90,5.4750,true,1,182746
7290008104050,false,"שטיפת אינטימית לקטופיל פמינה 220 מ""ל",גורי ע.ע.ע. בע`מ,,פימינה נוזל שטיפה אי,,200.00,"100 מ""ל",false,,22.90,0.1145,true,1,199214
7290008116534,false,ליסטרין שטיפת פה קול מינט 250 מל,ג'\ונסון אנד ג'\ונסון,,מי פה ליסטרין 250 מל,,250.00,"100 מ""ל",false,,9.90,0.0396,true,1,171822
7290008116541,false,שטיפת פה ליסטרין מנטה קריר 500 מ`ל,ג'\ונסון אנד ג'\ונסון,,"מי פה ליסטרין 500 מ""",,500.00,"100 מ""ל",false,,19.90,0.0398,true,1,229525
7290008116558,false,ליסטירין מי פה בטעם מנטה מרענן 250 מל,ג'\ונסון אנד ג'\ונסון,,מי פה ליסטרין 250 מל,,250.00,"100 מ""ל",false,,9.90,0.0396,true,1,171824
7290008154222,false,שניצלונים עוף טוב 700 גרם,קבוצת אוסם סחר-שות.מוגבלת,,שניצלונים עוף טוב 70,,700.00,"100 מ""ל",false,,18.90,0.0270,true,1,177031
7290008166010,false,לקט פיצוחים מובחר200גרם,"גיי אנג גי פקאנס בע""",,לקט פיצוחים 200גר,,200.00,100 גרם,false,,15.90,0.0795,true,1,211306
7290008175173,false,חמאה מפינלנד ללא מלח 200 גרם ויליפוד,ג.וילי-פוד אינטרנשיונל **גבינו,,חמאה מפינלנד ללא מלח,,200.00,100 גרם,false,,14.90,0.0745,true,1,178565
7290008175210,false,גבינת פרמזן מגורדת 90ג' ויליפוד,ג.וילי-פוד אינטרנשיונל **גבינו,,פרמזנו מגורדת ויליפו,,90.00,100 גרם,false,,15.90,0.1767,true,1,178566
7290008175760,false,מנצגו חלב כבשים מעדניה שקיל,אלפסטור,,מנצגו כבשים ויליפוד,קילוגרמים,1.00,"ק""ג",true,,99.00,99.0000,true,1,178359
7290008175777,false,גבינת איבריקו31% במשקל,יושלם,,איבריקו ויליפוד,קילוגרמים,1.00,"ק""ג",true,,99.00,99.0000,true,1,178360
7290008175906,false,גבינת עיזים קשה וילי,אלמטאה,,גבינת עיזים חלב ארינ,קילוגרמים,1.00,"ק""ג",true,,120.00,120.0000,true,1,178362
7290008190909,false,עוגיות מיני קוקיס שוקולד צ'יפס בצנצנת כרמית 600 גרם,כרמית תעשיות ממתקים בעמ,,מיני קוקיס שוקולד צי,,600.00,100 גרם,false,,16.90,0.0282,true,1,212616
7290008254236,false,*מבצע* רבע כבש קדמי,,,*מבצע* רבע כבש קדמי,קילוגרמים,1.00,"ק""ג",true,,69.90,69.9000,true,1,243421
7290008286299,false,"פילה דג סלמון נורווגי ארוז בד""ץ",,,פילה סלמון אטלנטי קפ,קילוגרמים,1.00,"ק""ג",true,,79.90,79.9000,true,1,245878
7290008286824,false,פילה נסיכת הנילוס מנ,,,פילה נסיכת הנילוס מנ,קילוגרמים,1.00,"ק""ג",true,,69.90,69.9000,true,1,249945
7290008286947,false,מנות פילה סלמון נורווגי בית יוסף,,,פילה סלמון נורבגי מנ,קילוגרמים,1.00,"ק""ג",true,,84.90,84.9000,true,1,245879
7290008329033,false,צלחת 7 לבן אר 50 דנט,,,צלחת 7 לבן אר 50 דנט,,50.00,100 מ'ל,false,,8.90,0.1780,true,1,197274
7290008329217,false,צלחת 7 ציבעוני 20 יח,,,צלחת 7 ציבעוני 20 יח,יחידה,0.00,יחידה,false,,8.90,0.0000,true,1,197279
7290008329224,false,מרקיה צבעוני 20יח דנ,,,מרקיה צבעוני 20יח דנ,יחידה,0.00,יחידה,false,,8.90,0.0000,true,1,197280
7290008329231,false,קסרול צבעוני 20 יח ד,,,קסרול צבעוני 20 יח ד,יחידה,0.00,יחידה,false,,6.90,0.0000,true,1,197281
7290008329248,false,ליפתנית צבעוני 20יח,,,ליפתנית צבעוני 20יח,,0.00,100 מ'ל,false,,6.90,0.0000,true,1,197282
7290008329255,false,מזלגות לבנות 100 י,,,מזלגות אר 100 דנטס,יחידה,0.00,יחידה,false,,8.90,0.0000,true,1,197283
7290008329286,false,כפיות אר 100 דנטס,,,כפיות אר 100 דנטס,יחידה,0.00,יחידה,false,,8.90,0.0000,true,1,197286
7290008329293,false,סכינים פרימיום שקוף/קרם/לבן/זהב דנטס אר' 50 יח',,,סכינים פרימיום שקוף/,יחידה,0.00,יחידה,false,,9.90,0.0000,true,1,197287
7290008329309,false,מזלגות פרמיום שקוף/קרם/לבן/זהב דנטס אר 50 יח,,,מזלגות פרימיום שקוף/,יחידה,0.00,יחידה,false,,9.90,0.0000,true,1,197288
7290008329316,false,כפות פרימיום שקוף/קרם/לבן/זהב דנטס 50 יח,,,כפות פרימיום שקוף/קר,יחידה,0.00,יחידה,false,,9.90,0.0000,true,1,197289
7290008329347,false,צלחת צבעונית ענקית 2,,,צלחת 10 צבעוני 20 יח,יחידה,0.00,יחידה,false,,14.90,0.0000,true,1,197292
7290008329354,false,צלחות 9 ציבעוני 25 יח,,,צלחת (9) ציבעוני 20י,יחידה,0.00,יחידה,false,,11.90,0.0000,true,1,197293
7290008330107,false,מרכך כביסה סגול בדין (4 ליטר),יוניליוור ישראל שיווק בע`מ,,בדין סגול מרכך כביסה,ליטרים,4.00,ליטר,false,,19.90,4.9750,true,1,182748
7290008330381,false,בדין דפים למייבש כביסה ורוד 40 יח',יוניליוור ישראל שיווק בע`מ,,בדין למייבש דפי מרכך,,40.00,100 מ'ל,false,,19.90,0.4975,true,1,182751
7290008379373,false,אורגו צמת מוצרלה טבעי 300 גרם,מחלבת עברי,,אורגו צמה טבעית 300,,300.00,100 גרם,false,,28.90,0.0963,true,1,221001
7290008379380,false,גבינת סולוגוני 300 גרם,מחלבת עברי,,סולוגוני 300 גרם טבע,,300.00,100 גרם,false,,27.90,0.0930,true,1,221002
7290008379427,false,קממבר כבשים 150 גרם,,,קממבר כבשים 150 גרם,,150.00,100 גרם,false,,23.90,0.1593,true,1,221003
7290008409049,false,שניצלונים בציפוי שומשום מיני מיני דק מאמא עוף 500 גרם,תנובה מרכז שיתופי לשיווק תוצרת,,שניצלונים מיני מיני,,500.00,100 גרם,false,,28.90,0.0578,true,1,188304
7290008409100,false,אצבעות שניצל בציפוי שומשום מאמא עוף 700 גרם,תנובה גליל שותפות מוגבלת,,אצבעות שניצל שומשום,,700.00,100 גרם,false,,37.90,0.0541,true,1,188310
7290008409124,false,מאמא עוף קפוא שניצל ג'ונגל פריך 700 גרם,תנובה מרכז שיתופי לשיווק תוצרת,,שניצל גונגל פריך מאמ,,700.00,100 גרם,false,,37.90,0.0541,true,1,188312
7290008409216,false,מאמא עוף קפוא שניצל דק פריך 700 גרם,תנובה מרכז שיתופי לשיווק תוצרת,,שניצל דק פריך מאמא ע,,700.00,"100 מ""ל",false,,44.90,0.0641,true,1,188317
7290008409315,false,שניצלונים בציפוי פריך מיני מיני דק מאמא עוף 500 גרם,תנובה מרכז שיתופי לשיווק תוצרת,,שניצלונים מיני מיני,,500.00,100 גרם,false,,28.90,0.0578,true,1,188325
7290008409407,false,שניצל דק דק צ`יפס מאמא עוף (700 גרם),תנובה גליל שותפות מוגבלת,,שניצל דק בציפוי ציפס,,700.00,100 גרם,false,,44.90,0.0641,true,1,188330
7290008409551,false,שניצל עוף אמיתי בציפוי מעודן 700 ג' מאמא עוף,תנובה מרכז שיתופי לשיווק תוצרת,,שניצל עוף אמיתי מעוד,,700.00,100 גרם,false,,44.90,0.0641,true,1,188338
7290008443616,false,"מרכך לשיער יבש אדום נקה 7 750 מ""ל",החברה הדרומית לשיווק בעמ,,נקה 7 מרכך לשיער יבש,,750.00,"100 מ""ל",false,,12.90,0.0172,true,1,180546
7290008443647,false,"מרכך לשיער מתולתל סגול, 750 מ""ל נקה 7",החברה הדרומית לשיווק בעמ,,נקה 7 מרכך מועשר בתמ,,750.00,100 גרם,false,,12.90,0.0172,true,1,180549
7290008453783,false,שקיות אשפה ושרוך 50/70 אריזת 60יח',,,אשפה שרוך 52/65 60 י,יחידה,0.00,יחידה,false,,14.90,0.0000,true,1,227763
7290008464024,false,"בירה גולדסטאר Unfiltered, בירה לא מסוננת, פחית 500 מ""ל","טמפו משקאות בע""מ",,בירה גולדסטאר לאגר כ,,500.00,"100 מ""ל",false,,9.90,0.0198,true,1,173099
7290008464130,false,"בירה גולדסטאר Unfiltered, בירה לא מסוננת, מארז שישייה, בקבוק 330 מ""ל",טמפו משקאות בעמ,,בירה גולדסטאר לא מסו,,1980.00,"100 מ""ל",false,,35.90,0.0181,true,1,173101
7290008464222,false,"בירה מכבי 7.9%, בירה חזקה, פחית 500 מ""ל","טמפו משקאות בע""\מ",,בירה מכבי 7.9% פחית,,500.00,"100 מ""ל",false,,8.50,0.0170,true,1,173102
7290008464468,false,בירה בפחית גולדסטאר (500 מל),פארייפאבה אגרואינדוס,,בירה גולדסטאר פחית 5,,500.00,"100 מ""ל",false,,8.50,0.0170,true,1,173112
7290008464475,false,"בירה מכבי, פחית 500 מ""ל","טמפו משקאות בע""\מ",,בירה מכבי פחית 500מל,,500.00,"100 מ""ל",false,,8.50,0.0170,true,1,173113
7290008464505,false,סאן בנדטו מים מינרלים להחזרה 0.5 ל`,אקווה מינרלה סאן בנדטו ב,,"סאן בנדטו 500מ""ל",,500.00,"100 מ""ל",false,,2.90,0.0058,true,1,173114
7290008464604,false,"בירה הייניקן פחית 500 מ""ל",טמפו משקאות בע''מ,,בירה היינקן הולנד פח,,500.00,100 גרם,false,,9.90,0.0198,true,1,173119
7290008464741,false,"בירה גולדסטאר, מארז שישייה, בקבוק 330 מ''ל","טמפו משקאות בע""\מ",,בירה גולדסטאר בקבוק,,1980.00,100 גרם,false,,35.90,0.0181,true,1,173125
7290008464796,false,"בירה היינקן, מארז שישייה, בקבוק 330 מ''ל",טמפו משקאות בע''מ,,בירה היינקן בקבוק 6*,,1980.00,100 גרם,false,,35.90,0.0181,true,1,173129
7290008469128,false,סטיק עין חלק קפוא,נחמיה לחוביץ,,סטייק עין קפוא,קילוגרמים,1.00,"ק""ג",true,,59.90,59.9000,true,1,245239
7290008469548,false,חזה בשר מס 3 מוכשר ק,,,חזה בשר מס 3 מוכשר ק,קילוגרמים,1.00,"ק""ג",true,,34.90,34.9000,true,1,245188
7290008493413,false,פירורי לחם מאיר בייגל פירורי גריסיני 200 גרם,"דנשר (1963) בע,מ",,פרורי גריסני שקית 20,,200.00,100 גרם,false,,6.90,0.0345,true,1,179537
7290008493710,false,פרורי גריסני זהב פירורי לחם מאיר בייגל 200 גרם,"דנשר (1963) בע,מ",,פרורי גריסיני זהב 20,,200.00,100 גרם,false,,6.90,0.0345,true,1,232529
7290008500128,false,עוגת שמרים עם מילוי בטעם שוקולד פרווה,אסול אוכל איכותי בעמ,,עוגת שמרים שוקולד,יחידה,0.00,יחידה,false,,25.90,0.0000,true,1,245695
7290008590129,false,שעועית ירוקה שלמה שף,משק ויילר,,שעועית ירוקה שלמה שף,,800.00,100 גרם,false,,9.90,0.0124,true,1,249193
7290008590136,false,שעועית צהובה חתוכה ק,משק ויילר,,שעועית צהובה חתוכה ק,,800.00,100 גרם,false,,9.90,0.0124,true,1,247854
7290008590150,false,אפונת גינה קטנה שף ה,משק ויילר,,אפונת גינה קטנה שף ה,,800.00,100 גרם,false,,9.90,0.0124,true,1,247483
7290008590198,false,שעועית ירוקה חתוכה ש,משק ויילר,,שעועית ירוקה חתוכה 8,,800.00,100 גרם,false,,9.90,0.0124,true,1,247855
7290008614528,false,צלי כתף מס5 חלק קפוא קג,לחוביץ,,צלי כתף מס 5 חלק מהד,קילוגרמים,1.00,"ק""ג",true,,69.90,69.9000,true,1,245190
7290008614559,false,שריר הזרוע מס 8 חלק,לחוביץ,,שריר הזרוע מס 8 חלק,קילוגרמים,1.00,"ק""ג",true,,29.90,29.9000,true,1,242709
7290008614726,false,לשון בקר חלק קפוא,לחוביץ,,לשון בקר חלק קפוא,קילוגרמים,1.00,"ק""ג",true,,39.90,39.9000,true,1,242786
7290008614788,false,סינטה קפוא,,,סינטה קפוא,קילוגרמים,1.00,"ק""ג",true,,69.90,69.9000,true,1,248055
7290008614894,false,צלעות אסאדו (אצבעות),,,צלעות אסאדו (אצבעות),קילוגרמים,1.00,"ק""ג",true,,49.90,49.9000,true,1,244116
7290008618212,false,צלעות מס'2 חלק קפוא,,,צלעות מס'2 חלק קפוא,קילוגרמים,1.00,"ק""ג",true,,39.90,39.9000,true,1,248739
7290008636919,false,קקאו הולנדי בבשקית מיה 200 גרם,מיה תעשיות מזון מ.ת.מ. בעמ,,קקאו הולנדי 200 גר,,200.00,100 גרם,false,,8.90,0.0445,true,1,223053
7290008636926,false,קקאו הולנדי בשקית מיה 500 גרם,מיה תעשיות מזון מ.ת.מ. בעמ,,קקאו הולנדי 500 גרם,,500.00,100 גרם,false,,15.90,0.0318,true,1,193985
7290008644112,false,אחלה יום יום סלט מטבוחה יום יום 125 גרם,שטראוס גרופ בעמ/מצונן,,סלט מטבוחה אחלה 125ג,,125.00,"100 מ""ל",false,,4.90,0.0392,true,1,195565
7290008644235,false,מבחר עלי בייבי 120 גרם-טעם הטבע,שטראוס בריאות ירקות טריי,,עלי בייבי 120 גר שטר,,120.00,100 גרם,false,,11.50,0.0958,true,1,195566
7290008644945,false,סלט המושבה שטראוס 450 גר`-טעם הטבע,שטראוס בריאות ירקות טריי,,סלט המושבה שטראוס 45,,450.00,"100 מ""ל",false,,11.90,0.0264,true,1,195574
7290008670210,false,"יין אדום שירז רקנאטי אחים שקד 750 מ""ל",היכל היין שקד גולן בעמ,,יין רקנאטי שירז 750מ,,750.00,"100 מ""ל",false,,59.90,0.0799,true,1,172013
7290008679466,false,כפפות הנדי רגישות במיוחד גדול,קריות זול,,כפפות הנדי רגישות L.,יחידה,0.00,יחידה,false,,7.90,0.0000,true,1,192764
7290008690713,false,נקטר חמוציות אושן ספריי פריגת (1 ליטר),החברה המרכזית להפצת משקאות בעמ,,אושן ספריי חמוציות 1,,1000.00,"100 מ""ל",false,,13.50,0.0135,true,1,209686
7290008693134,false,מעדן גבינה ויוגורט בטעם תות 5% שומן 88 ג' דניאלה,שטראוס גרופ בעמ/מצונן,,דניאלה תות מעדן גבינ,,150.00,"100 מ""ל",false,,4.10,0.0273,true,1,195586
7290008736022,false,צלעות מס' 2 קפוא חלק,,,צלעות מס' 2 קפוא חלק,קילוגרמים,1.00,"ק""ג",true,,39.90,39.9000,true,1,249891
7290008736053,false,חזה בקר מס'3 חלק קפו,,,חזה בקר מס'3 חלק קפו,קילוגרמים,1.00,"ק""ג",true,,34.90,34.9000,true,1,247424
7290008736121,false,שריר מס'8 חלק קפוא,,,שריר מס'8 חלק קפוא,קילוגרמים,1.00,"ק""ג",true,,29.90,29.9000,true,1,248429
7290008736244,false,סינטה בקר קפוא,,,סינטה בקר קפוא,קילוגרמים,1.00,"ק""ג",true,,69.90,69.9000,true,1,247895
7290008736312,false,לשון בקר קפוא,,,לשון בקר קפוא,קילוגרמים,1.00,"ק""ג",true,,39.90,39.9000,true,1,246872
7290008737289,false,גפילטעפיש פולני 6יח 600ג,"דג טעים (משווק ע""י א",,גפילטע פיש בנוסח פול,יחידה,0.00,יחידה,false,,14.90,0.0000,true,1,198306
7290008737296,false,גפילטעפיש הונגרי6יח 600ג,דג טעים,,"גפילטע פיש ""דג עדן 6",,6.00,100 מ'ל,false,,14.90,2.4833,true,1,198307
7290008745239,false,תפוצ'יפס קראנצ' בטעם טבעי עלית 50 גרם,"שטראוס פריטו ליי בע""\מ )",,תפוציפס אקסטרא טבעי,,50.00,"100 מ""ל",false,,3.90,0.0780,true,1,183988
7290008747547,false,תפוצ'יפס קראנץ' בטעם טבעי עלית 200 גרם,"שטראוס פריטו ליי בע""\מ )",,תפוציפס אקסטרא טבעי,,200.00,100 גרם,false,,10.90,0.0545,true,1,183990
7290008750264,false,"מסטיק מאסט ציקלס דובדבן 28 גרם לל""ס מגדים",שטראוס גרופ בע`מ,,מסטיק מאסט דובדבן 28,,28.00,100 גרם,false,,4.70,0.1679,true,1,208126
7290008752244,false,תפוצ'יפס קראנץ' בטעם גריל עלית 50 גרם,"שטראוס פריטו ליי בע""\מ )",,תפוציפס אקסטרא גריל,,50.00,100 גרם,false,,3.90,0.0780,true,1,183993
7290008753111,false,תפוצ'יפס קראנץ' בטעם מקסיקני עלית 50 גרם,"שטראוס פריטו ליי בע""\מ )",,תפוציפס מקסיקני 50גר,,50.00,100 גרם,false,,3.90,0.0780,true,1,183996
7290008754415,false,גומי מאסט בטעם ספירמינט עדין פליפטופ 28 ג' עלית,שטראוס גרופ בע`מ,,מסטיק מאסט בטעם ספיר,,28.00,100 גרם,false,,4.70,0.1679,true,1,208145
7290008757034,false,"שוופס סודה זכוכית 250 מ""ל",יפאורה שותפות מוגבלת לשיווק,,שוופס סודה 250מל,,250.00,"100 מ""ל",false,,3.90,0.0156,true,1,181683
7290008775816,false,ערגליות עוגיות במילוי שוקולד אסם 300 גרם,קבוצת אוסם סחר שותפות מוגבלת,,ערגליות שוקו אסם 300,,300.00,100 גרם,false,,10.90,0.0363,true,1,177071
7290008775823,false,ערגליות עוגיות תות שדה אסם 300 גרם,קבוצת אוסם סחר שותפות מוגבלת,,ערגליות תות אסם 300ג,,300.00,100 גרם,false,,10.90,0.0363,true,1,177072
7290008792264,false,מפיות טישיו טאצ' 100יח',שניב תעשיות נייר בעמ,,טאצ מפיות 100,,100.00,100 מ'ל,false,,4.90,0.0490,true,1,202114
7290008801010,false,"יין קברנה סוביניון מרלו פרייוט קולקשן 750 מ""ל",אגודת הכורמים הקאופו,,יין קברנה סוביניון מ,,750.00,"100 מ""ל",false,,39.90,0.0532,true,1,171228
7290008801157,false,"יין מרלו סלקטד כרמל כרמל 750 מ""ל",אגודת הכורמים -כרמל מזרחי,,יין סלקטד מרלו 750 מ,,750.00,100 גרם,false,,28.90,0.0385,true,1,171231
7290008801461,false,"יין הנצחון לקידוש, 750 מ""ל",אגודת הכורמים -כרמל מזרחי,,יין הניצחון 750מל,,750.00,"100 מ""ל",false,,19.90,0.0265,true,1,171236
7290008801478,false,יין טופז זהב אדום מתוק ייצוא 750 מל,אגודת הכורמים בעמ,,יין טופז זהב 750מל,,750.00,"100 מ""ל",false,,19.90,0.0265,true,1,171237
7290008801522,false,יין קינג דויד קונקורד אדום מתוק 750 מל,אגודת הכורמים הקואופרטיב,,יין קינג דיוויד לבן,,750.00,100 גרם,false,,19.90,0.0265,true,1,171238
7290008801546,false,יין מוסקט מתוק קינג דיוויד יקבי כרמל,אגודת הכורמים הקואופרטיב,,יין קינג דיוויד מוסק,,750.00,"100 מ""ל",false,,19.90,0.0265,true,1,171240
7290008801843,false,סלקטד קברנה סובניון יקבי כרמל (750 מל),אגודת הכורמים בעמ,,יין סלקטד קברנה סובי,,750.00,"100 מ""ל",false,,28.90,0.0385,true,1,171242
7290008801850,false,סלקטד אמרלד ריזלינג לבן חצי יבש 750 מל,אגודת הכורמים הקואופרטיב,,יין סלקטד אמרלד ריזל,,750.00,"100 מ""ל",false,,28.90,0.0385,true,1,171243
7290008802291,false,יין מרלו פרייבט קולקשן יקבי כרמל,אגודת הכורמים הקואופרטיב,,יין מרלו פריווט קולק,,750.00,"100 מ""ל",false,,39.90,0.0532,true,1,171244
7290008802512,false,"יין וינו אדום ""כרמל מזרחי""",אגודת הכורמים בעמ,,יין וינו אדום יבש 75,,750.00,100 גרם,false,,19.90,0.0265,true,1,171245
7290008802529,false,"יין לבן חצי יבש וינו 750 מ""ל",אגודת הכורמים בעמ,,יין וינו לבן יבש 750,,750.00,"100 מ""ל",false,,19.90,0.0265,true,1,171246
7290008802895,false,יין קברנה סוביניון פרייבט קולקשן יקבי כרמל,אגודת הכורמים הקאופורטיב,,יין קברנה סוביניון פ,,750.00,"100 מ""ל",false,,39.90,0.0532,true,1,171247
7290008803021,false,"כרמל אדום עתיק 750 מ""ל",כרמל מזרחי,,יין כרמל אדום עתיק 7,,750.00,"100 מ""ל",false,,23.90,0.0319,true,1,171249
7290008804189,false,יין קברנה סוביניון גליל עליון סדרה אזורית יקבי כרמל,אגודת הכורמים הקואופרטיב,,יין קברנה סוביניון ס,,750.00,"100 מ""ל",false,,59.90,0.0799,true,1,171255
7290008804332,false,שיראז אדום יבש פריווט קולקשיין 750מל,אגודת הכורמים הקואופרטיב,,יין שיראז אדום יבש פ,,750.00,"100 מ""ל",false,,39.90,0.0532,true,1,171258
7290008804462,false,יין מוסקט קינוח פרייבט קולקשן יקבי כרמל,אגודת הכורמים הקואופרטיב,,יין מוסקטו קינוח פרי,,500.00,"100 מ""ל",false,,39.90,0.0798,true,1,171264
7290008805520,false,"יין קברנה/סוביניון סלקטד כרמל 750 מ""ל",אגודת הכורמים בעמ,,יין סלקטד קברנה סובנ,,750.00,"100 מ""ל",false,,28.90,0.0385,true,1,171280
7290008806961,false,גלידה שוקולד שבבי שוקולד פרה 1.33 ל' קרמיסימו,"גלידת שטראוס בע""\מ, רחוב",,קרמיסימו שוקולד פרה,,1330.00,"100 מ""ל",false,,21.90,0.0165,true,1,187454
7290008806985,false,נישנושים גלידה שוקו וניל בציפוי שוקולד 60 יח' קרמיסימו,"גלידת שטראוס בע""\מ, רחוב",,קרמיסימו נישנושים שו,,630.00,100 גרם,false,,46.90,0.0744,true,1,187455
7290008807029,false,"יין טבע אמרלד ריזלינג 750 מ""ל",יקבי בינימינה,,יין טבע אמרלד רזלינג,,750.00,"100 מ""ל",false,,24.90,0.0332,true,1,200218
7290008807067,false,"טבע מרלו אדום יבש 750מ""ל",יקבי בינימינה,,"יין טבע מרלו 750 מ""ל",,750.00,"100 מ""ל",false,,24.90,0.0332,true,1,229764
7290008830676,false,תערובת מן הטבע יחידה,"דין שיווק וקלייה בע""",,מובחרים מן הטבע,יחידה,0.00,יחידה,false,,5.00,0.0000,true,1,222099
7290008830690,false,מובחרים מן הטבע יחידה,קונסיגנציה-דין שיווק וקליה 202,,מובחרים מן הטבע,יחידה,0.00,יחידה,false,,10.00,0.0000,true,1,222122
7290008835954,false,"אמנון פילה 5-7 וואקום - בד""ץ עדה חרדית",היינאן קשינגטאי,,פילה אמנון 5-7 וואקו,קילוגרמים,1.00,"ק""ג",true,,29.90,29.9000,true,1,242313
7290008835992,false,פילה נסיכת הנילוס קפוא בלדי,בלדי בעמ,,פילה נסיכת הנילוס פר,קילוגרמים,1.00,"ק""ג",true,,69.90,69.9000,true,1,242289
7290008849739,false,רוטב סויה אמיתי אוליביה 310 גרם,תה ויסוצקי (ישראל)בעמ,,רוטב סויה קלאסי אולי,,290.00,"100 מ""ל",false,,13.90,0.0479,true,1,192778
7290008849753,false,רוטב טריאקי אוליביה 300 גרם,תה ויסוצקי (ישראל)בעמ,,רוטב טריאקי עשיר אול,,300.00,"100 מ""ל",false,,14.90,0.0497,true,1,192780
7290008849777,false,רוטב צ'ילי מתוק אוליביה 345 גרם,תה ויסוצקי (ישראל)בעמ,,רוטב צילי מתוק 350 מ,,290.00,100 מ'ל,false,,13.90,0.0479,true,1,192782
7290008863001,false,עוגת גינגי בציפוי פירורים 450 גרם,קונדיטוריה וולפסון,,עוגה ג'ינגי בציפוי פ,,450.00,"100 מ""ל",false,,34.90,0.0776,true,1,222792
7290008863049,false,עוגת אריסטוקרט 800 גרם,קונדיטוריה וולפסון,,עוגת אריסטוקרט 800גר,,800.00,100 גרם,false,,69.90,0.0874,true,1,222793
7290008863087,false,עוגיות נשיקות 130 גר,קונדיטוריה וולפסון,,נשיקות 130גר,,130.00,"100 מ""ל",false,,17.90,0.1377,true,1,222799
7290008863100,false,עוגות פראג 600 גרם,קונדיטוריה וולפסון,,עוגת פראג 600גר,,600.00,100 גרם,false,,49.90,0.0832,true,1,222795
7290008863117,false,עוגת אריסטוקרט 380 גרם,קונדיטוריה וולפסון,,עוגת אריסטוקרט 380גר,,380.00,100 גרם,false,,34.90,0.0918,true,1,222796
7290008863179,false,עוגת אריסטוקרט 600גר,קונדיטוריה וולפסון,,עוגת אריסטוקרט 600גר,,600.00,100 גרם,false,,54.90,0.0915,true,1,222797
7290008899055,false,אוזניים מתוקות פילסב,פילסברי,,אוזני פיל פילסברי,קילוגרמים,1.00,"ק""ג",true,,42.00,42.0000,true,1,234028
7290008899321,false,חלה קלועה רגילה פילסברי,פילסברי,,חלה קלועה רגילה,יחידה,0.00,יחידה,false,,14.40,0.0000,true,1,234015
7290008899345,false,לחמניית שמינייה קלוע,פילסברי,,לחמניית שמינייה קלוע,יחידה,0.00,יחידה,false,,4.20,0.0000,true,1,234022
7290008899505,false,בגט לבן פילסברי 250,ג`נרל מילס ישראל בעמ,,בגט לבן,יחידה,0.00,יחידה,false,,5.20,0.0000,true,1,233986
7290008899512,false,באגט כפרי פילסברי,פילסברי,,בגט כפרי,יחידה,0.00,יחידה,false,,5.20,0.0000,true,1,233987
7290008899727,false,עוגיות קוקיס חלבי,פילסברי,,קוקיס אגוז,קילוגרמים,1.00,"ק""ג",true,,49.00,49.0000,true,1,234056
7290008899741,false,קוקיס שוקולד מריר,,,קוקיס שוקולד מריר,קילוגרמים,1.00,"ק""ג",true,,49.00,49.0000,true,1,234058
7290008899758,false,קוקיס שוקולד חלב (חל,פילסברי,,קוקיס שוקולד חלב,קילוגרמים,1.00,"ק""ג",true,,49.00,49.0000,true,1,234059
7290008899772,false,עוגיות קוקיס חלבי,,,קוקיס שוקו-שוקו,קילוגרמים,1.00,"ק""ג",true,,49.00,49.0000,true,1,234061
7290008975551,false,תחליף חלב מטרנה מהדרין שלב 3 חלבי 700 גרם,קבוצת אוסם סחר שותפות מוגבלת,,מטרנה מהדרין שלב 3 7,,700.00,100 גרם,false,,59.90,0.0856,true,1,177091
7290008975780,false,"מזון לכלבים בונזו מזון כלבים גזע קטן 3 ק""ג",דיפלומט מפיצים (1968) בעמ**,,בונזו גזע קטן 3קג,קילוגרמים,3.00,"ק""ג",false,,55.90,18.6333,true,1,179551
7290009068955,false,גרעין חמניה קלוף טבע,"דין שיווק וקלייה בע""",,גרעין חמניה קלוף טבע,קילוגרמים,1.00,"ק""ג",true,,45.00,45.0000,true,1,222142
7290009069075,false,פיסטוק טבעי במשקל,דין שיווק,,פיסטוק טבעי במשקל,קילוגרמים,1.00,"ק""ג",true,,75.00,75.0000,true,1,222278
7290009069174,false,שקד מסוכר במשקל,"דין שיווק וקלייה בע""",,שקד מסוכר במשקל,קילוגרמים,1.00,"ק""ג",true,,75.00,75.0000,true,1,222163
7290009069518,false,ג'ינג'ר דל סוכר שקיל,"דין שיווק וקלייה בע""",,ג'ינג'ר דל סוכר שקיל,קילוגרמים,1.00,"ק""ג",true,,60.00,60.0000,true,1,222329
7290009077162,false,מלפפון/ירקות במשקל,דין שיווק,,מלפפון/ירקות במשקל,קילוגרמים,1.00,"ק""ג",true,,35.00,35.0000,true,1,222191
7290009077483,false,זית ירוק במשקל,דין שיווק,,זית ירוק שקיל,קילוגרמים,1.00,"ק""ג",true,,54.00,54.0000,true,1,222183
7290009077575,false,זית סורי/מרוקאי במשק,"דין שיווק וקלייה בע""",,זית סורי שקיל,קילוגרמים,1.00,"ק""ג",true,,44.00,44.0000,true,1,222184
7290009077650,false,זית יווני במשקל,,,זית יווני במשקל,קילוגרמים,1.00,"ק""ג",true,,59.00,59.0000,true,1,222185
7290009096996,false,תערובת הבית,,,תערובת הבית,קילוגרמים,1.00,"ק""ג",true,,100.00,100.0000,true,1,250104
7290009951400,false,סוכריות גומי/סוכריות,"דין שיווק וקלייה בע""",,סוכריות גומי/סוכריות,קילוגרמים,1.00,"ק""ג",true,,36.00,36.0000,true,1,222174
7290009951417,false,חמצוצים/ליקריץ במשקל,,,חמצוצים/ליקריץ במשקל,קילוגרמים,1.00,"ק""ג",true,,50.00,50.0000,true,1,222146
7290009951424,false,פרליני/שוקולד במשקל,,,פרליני/שוקולד במשקל,קילוגרמים,1.00,"ק""ג",true,,75.00,75.0000,true,1,222131
7290009951431,false,פירות אקזוטיים במשקל,"דין שיווק וקלייה בע""",,פירות אקזוטיים במשקל,קילוגרמים,1.00,"ק""ג",true,,90.00,90.0000,true,1,222205
7290009951462,false,עשבי תיבול במשקל,"דין שיווק וקלייה בע""",,עשבי תיבול במשקל,קילוגרמים,1.00,"ק""ג",true,,85.00,85.0000,true,1,222149
7290009951479,false,תבלינים בקבוצה 3 במש,"דין שיווק וקלייה בע""",,תבלינים בקבוצה 3 במש,קילוגרמים,1.00,"ק""ג",true,,65.00,65.0000,true,1,222150
7290009951486,false,תבלינים בקבוצה 4 במש,"דין שיווק וקלייה בע""",,תבלינים בקבוצה 4 במש,קילוגרמים,1.00,"ק""ג",true,,100.00,100.0000,true,1,222151
7290009951561,false,סוכריות קשות במשקל,"דין שיווק וקלייה בע""",,סוכריות קשות במשקל,קילוגרמים,1.00,"ק""ג",true,,36.00,36.0000,true,1,222175
7290010023141,false,תה לימונענע הגן הקסום ויסוצקי 25 יחידות,תה ויסוצקי (ישראל) בעמ,,תה לימונענע הגן הקסו,,50.00,100 גרם,false,,19.90,0.3980,true,1,190583
7290010050109,false,רוזמרין/עירית,,,רוזמרין/עירית,יחידה,0.00,יחידה,false,,5.90,0.0000,true,1,204713
7290010051021,false,בזיליקום ארוז א.אדמה,א.אדמה (2007) בעמ,,בזיליקום,יחידה,0.00,יחידה,false,,5.90,0.0000,true,1,204715
7290010051045,false,עלי בייבי ארוז א.אדמה,א.אדמה (2007) בעמ,,סלט ביבי מיקס בנספק,יחידה,0.00,יחידה,false,,8.90,0.0000,true,1,204717
7290010051052,false,פטרוזיליה ארוז א.אדמה,א.אדמה (2007) בעמ,,פטרוזליה,יחידה,0.00,יחידה,false,,3.90,0.0000,true,1,204718
7290010051076,false,לבבות חסה ארוז א.אדמה,א.אדמה (2007) בעמ,,לבבות חסה,יחידה,0.00,יחידה,false,,9.90,0.0000,true,1,204720
7290010051113,false,טימין - קורנית יח',א.אדמה (2007) בעמ,,קורנית (טימין),יחידה,0.00,יחידה,false,,5.90,0.0000,true,1,204722
7290010051120,false,מרווה ארוז א.אדמה,א.אדמה (2007) בעמ,,מרווה,יחידה,0.00,יחידה,false,,5.90,0.0000,true,1,204723
7290010051144,false,תרד עלים א.אדמה,ביכורי השדה צפון 1994 ג.ד. בעמ,,תרד עלים 180גר,,180.00,100 גרם,false,,8.90,0.0494,true,1,204725
7290010051168,false,כוסברה ארוז א.אדמה,א.אדמה (2007) בעמ,,כוסברה,יחידה,0.00,יחידה,false,,3.90,0.0000,true,1,204727
7290010051175,false,כוסברה/שמיר ארוז,א.אדמה (2007) בעמ,,כוסברה/שמיר ארוז,,1000.00,100 גרם,false,,4.00,0.0040,true,1,204729
7290010051182,false,נענע ארוז א.אדמה,א.אדמה (2007) בעמ,,נענע ארוזה,יחידה,0.00,יחידה,false,,3.90,0.0000,true,1,204730
7290010051199,false,שורש פטרוזיליה ארוז א.אדמה,א.אדמה (2007) בעמ,,שורש פטרוזיליה,יחידה,0.00,יחידה,false,,4.90,0.0000,true,1,204731
7290010051205,false,סלרי עלים ארוז א.אדמה,א.אדמה (2007) בעמ,,סלרי אמריקאי.,,200.00,100 גרם,false,,5.90,0.0295,true,1,204732
7290010051212,false,ראש סלרי א.אדמה,א.אדמה (2007) בעמ,,סלרי ראש,יחידה,0.00,יחידה,false,,5.90,0.0000,true,1,204733
7290010051250,false,אורגנו יח',א.אדמה (2007) בעמ,,אורגנו,יחידה,0.00,יחידה,false,,5.90,0.0000,true,1,204737
7290010051267,false,לוף בשקית א.אדמה,א.אדמה (2007) בעמ,,פרסה לוף שלם,יחידה,0.00,יחידה,false,,6.90,0.0000,true,1,204738
7290010051281,false,רוקולה ארוז א.אדמה,ביכורי השדה צפון 1994 ג.ד. בעמ,,עלי רוקולה,יחידה,0.00,יחידה,false,,4.90,0.0000,true,1,204739
7290010051298,false,סלק עלים ארוז מנגולד א.אד,א.אדמה (2007) בעמ,,סלק עלים ארוז,יחידה,0.00,יחידה,false,,5.90,0.0000,true,1,204740
7290010051311,false,סלרי חתוך א.אדמה,ביכורי השדה צפון 1994 ג.ד. בעמ,,סלרי חתוך,,110.00,100 גרם,false,,5.90,0.0536,true,1,204741
7290010051335,false,בצל ירוק ארוז א.אדמה,א.אדמה (2007) בעמ,,בצל ירוק,,110.00,100 גרם,false,,4.90,0.0445,true,1,204742
7290010051373,false,לבבות חסה בשקית א.אדמה,ביכורי השדה צפון 1994 ג.ד. בעמ,,לבבות חסה א.אדמה,יחידה,0.00,יחידה,false,,9.90,0.0000,true,1,223583
7290010051403,false,סלרי אמריקאי ביכורי שדה ארוז,א.אדמה (2007) בעמ,,שיבה,יחידה,0.00,יחידה,false,,4.90,0.0000,true,1,204743
7290010051434,false,חסה סלנובה ארוז א.אדמה,ביכורי שדה דרום,,חסה סלנובה,יחידה,0.00,יחידה,false,,10.90,0.0000,true,1,225758
7290010051687,false,רוזמרין ארוז א.אדמה,א.אדמה (2007) בעמ,,רוזמרין,יחידה,0.00,יחידה,false,,5.90,0.0000,true,1,204749
7290010065059,false,מחית פירות מעורבים ג'וניור פרינוק 190 גרם,פרוטה פודווין איי.אס,,פרינוק מחית גוניור פ,,190.00,100 גרם,false,,6.50,0.0342,true,1,192788
7290010065318,false,מחית תפוח עץ ג'וניור פרינוק 190 גרם,גורי מוצרי צריכה 1991 בע`מ,,פרינוק מחית גוניור ת,,190.00,100 גרם,false,,6.50,0.0342,true,1,192797
7290010065332,false,מחית תפוח עץ בננה ג'וניור פרינוק 190 גרם,גורי מוצרי צריכה (1991) בעמ,,פרינוק מחית גוניור ת,,190.00,"100 מ""ל",false,,6.50,0.0342,true,1,192799
7290010065349,false,מחית סלט פירות ג'וניור פרינוק 190 גרם,גורי מוצרי צריכה (1991) בעמ,,פרינוק מחית גוניור ס,,190.00,100 גרם,false,,6.50,0.0342,true,1,192800
7290010065745,false,מחית לפתן פירות ג'וניור פרינוק 190 גרם,גורי מוצרי צריכה (1991) בעמ,,פרינוק מחית גוניור ל,,190.00,100 גרם,false,,6.50,0.0342,true,1,192815
7290010066025,false,טונה פילטונה בודד בשמן 160 ג`.,תעשיות פיל טונה בעמ,,טונה בשמן צמחי פילטו,,158.00,100 גרם,false,,7.00,0.0443,true,1,204024
7290010066056,false,טונה פילטונה במים-בודד,אחים אוחיון משקאות בעמ,,טונה במים פילטונה 15,,158.00,100 גרם,false,,7.00,0.0443,true,1,204025
7290010066513,false,נתחי טונה בשמן צמחי רביעיה *158ג' פילטונה,תעשיות פילטונה בעמ,,נתחי טונה בשמן פילטו,,632.00,"100 מ""ל",false,,22.90,0.0362,true,1,204027
7290010066575,false,נתחי טונה במים רביעיה *158ג' פילטונה,תעשיות פילטונה בעמ,,נתחי טונה במים פילטו,,632.00,"100 מ""ל",false,,22.90,0.0362,true,1,204030
7290010066582,false,נתחי טונה בשמן קנולה רביעיה * 158 ג' פילטונה,תעשיות פילטונה בעמ,,נתחי טונה בשמן קנולה,,632.00,"100 מ""ל",false,,22.90,0.0362,true,1,204031
7290010066599,false,רביעיית נתחי טונה בשמן זית פילטונה 158X4 גרם,תעשיות פילטונה בעמ,,נתחי טונה בשמן זית פ,,632.00,100 גרם,false,,29.90,0.0473,true,1,204032
7290010116980,false,שוקולית אבקה להכנת משקה שוקו שקית 850,הנסיך- מפעל לייצור ט,,שוקולית עלית 850גר,,820.00,100 גרם,false,,16.90,0.0206,true,1,208170
7290010117864,false,דוריטוס חטיף תירס בטעם חריף אש עלית 70 גרם,"שטראוס פריטו ליי בע""\מ )",,דוריטוס חריף אש 70גר,,70.00,"100 מ""ל",false,,3.90,0.0557,true,1,184005
7290010118328,false,חטיף צ`יפס בטעם טבעי תפוצ`יפס (40x6 גרם),"שטראוס פריטו ליי בע""מ",,תפוציפס טעם טבעי מאר,,240.00,100 גרם,false,,13.50,0.0563,true,1,184010
7290010124107,false,סטייקבורגר זהב 400 גרם הקצביה בלדי,בלדי בעמ,,סטייק בורגר זהב 400,,400.00,100 גרם,false,,19.90,0.0497,true,1,227607
7290010124213,false,אל מטאדור סינטה בקר דק דק 250 גרם בלדי,בלדי בעמ,,סינטה בקר דק דק אל מ,,250.00,100 גרם,false,,19.90,0.0796,true,1,226863
7290010124503,false,שומן כבש מעובד ארוז בלדי 200גר,בלדי בע`מ,,שומן כבש 200גר,,200.00,100 גרם,false,,12.90,0.0645,true,1,198896
7290010153503,false,שעועית בובס יבשה מיה 400 גר',מיה תעשיות מזון מ.ת.מ. בעמ,,שעועית בובס 400גר,,400.00,100 גרם,false,,10.90,0.0273,true,1,202421
7290010153510,false,בורגול יבש מיה 500 גר',מיה תעשיות מזון מ.ת.מ. בעמ,,בורגול מיה 500 גר,,500.00,100 גרם,false,,6.90,0.0138,true,1,202422
7290010153534,false,קמח תירס מיה 400 גרם,מיה תעשיות מזון מ.ת.מ. בעמ,,קמח תירס 400 גר,,400.00,100 גרם,false,,5.90,0.0148,true,1,175080
7290010153770,false,ציפוי לשניצל פיקנטי מיה 500 גרם,מיה תעשיות מזון מ.ת.מ. בעמ,,ציפוי לשניצל פיקנטי,,500.00,100 גרם,false,,9.90,0.0198,true,1,231938
7290010163069,false,צנובר 100 גרם ששון הקולה,דין שיווק וקליה 2021 בעמ,,צנובר 100גרם,,100.00,"100 מ""ל",false,,19.90,0.1990,true,1,200409
7290010175840,false,לבבות דקל שלמים טעים 400 גרם,טעמן שיווק מזון בעמ,,לבבות דקל שלם 400גר,,400.00,100 גרם,false,,12.90,0.0323,true,1,193994
7290010175857,false,פרוסות לבבות דקל במי מלח טעים 400 גרם,טעמן שיווק מזון בעמ,,לבבות דקל פרוסות 400,,400.00,100 גרם,false,,11.90,0.0298,true,1,193995
7290010192120,false,צנונית ארוז 400 גרם,ביכורי השדה צפון 1994 ג.ד. בעמ,,צנונית ארוזה,יחידה,0.00,יחידה,false,,4.90,0.0000,true,1,213506
7290010195268,false,פופקורן פופסטאר חמישייה מופחת שומן טבעי,דנשר (1963) בעמ,,פופסטאר בטעם טבעי מו,,425.00,100 גרם,false,,13.90,0.0327,true,1,206959
7290010195275,false,פופ סטאר גרעיני תירס להכנת פופקורן במיקרוגל בטעם חמאה מופחת שומן 425 גרם,דנשר (1963) בעמ,,פופסטאר חמאה מופחת ש,,425.00,100 גרם,false,,13.90,0.0327,true,1,206960
7290010199891,false,"סטייל - סבון ידיים אדום 500 מ""ל משאבה - מרכז",דולפין ספא,,אל סבון סטייל תה אדו,,500.00,"100 מ""ל",false,,6.90,0.0138,true,1,199217
7290010237784,false,בירה שנדי בתוספת משקה לימון ליים - שישייה,"טמפו משקאות בע""\מ",,שנדי לימון ליים שישי,,1980.00,"100 מ""ל",false,,35.90,0.0181,true,1,173151
7290010259823,false,מנת השף נודלס בטעם עוף וילי פוד (70 גרם),ג. וילי-פוד אינטרנשיונל בע`מ,,נודלס בטעם עוף מנת ה,,70.00,100 גרם,false,,5.90,0.0843,true,1,178588
7290010259830,false,מנת השף נודלס בסגנון סיני פיקנטי וילי פוד 70 גרם,ג. וילי-פוד אינטרנשיונל בע`מ,,נודלס סגנון סיני פיק,,70.00,100 גרם,false,,5.90,0.0843,true,1,178589
7290010259847,false,מנת השף מרק עם נודלס בטעם תירס ויליפוד 70 גרם,ג. וילי-פוד אינטרנשיונל בע`מ,,נודלס בטעם תירס מנת,,70.00,100 גרם,false,,5.90,0.0843,true,1,178590
7290010259854,false,מנת השף מרק עם נודלס בטעם פטריות ויליפוד 70 גרם,ג. וילי-פוד אינטרנשיונל בע`מ,,נודלס בטעם פטריות מנ,,70.00,"100 מ""ל",false,,5.90,0.0843,true,1,178591
7290010328178,false,חלבה מסולסלת שערות אחוה 250 ג',אחדות ביתחרושת לטחינה חלבה,,חלבה מסולסלת אחווה 2,,250.00,100 גרם,false,,11.90,0.0476,true,1,202978
7290010328246,false,טחינה גולמית שומשום מלא אחווה 500 ג',אחדות ביתחרושת לטחינה חלבה,,טחינה משומשום מלא 50,,500.00,"100 מ""ל",false,,12.90,0.0258,true,1,202979
7290010328253,false,טחינה גולמית משומשום טבעי אחווה 500 גרם,אחדות ביתחרושת לטחינה חלבה,,טחינה גולמית 500 גרם,,500.00,"100 מ""ל",false,,11.90,0.0238,true,1,202980
7290010328345,false,חלווה בקופסה אחוה 50 גרם,אחדות ביחר לטחינה חל,,חלבה 50גר,,350.00,100 גרם,false,,2.90,0.0083,true,1,202981
7290010328468,false,מארז מיני חלווה אחוה בטעמים 18 יחידות 216 גרם,שוורצקוף& הנקל דיסלד,,חטיפי מיני חלבה ב3 ט,,216.00,100 גרם,false,,11.90,0.0551,true,1,202982
7290010328505,false,"מארז מיני חלווה 15 יחידות לל""ס אחוה 150 גרם",אחדות ביחר לטחינה חל,,חטיפי מיני חלבה ללא,,15.00,גרם,false,,11.90,0.7933,true,1,202984
7290010328680,false,עוגה בטעם שוקולד עם שוקוצ'יפס מריר ולבן 450 גרם,אחדות ביחר לטחינה חל,,עוגת שוקולד עם שוקוצ,,450.00,100 גרם,false,,10.90,0.0242,true,1,202991
7290010328765,false,חלבה חטיף שוקו וניל וחלבה אחווה 50 גרם,אחדות ביחר לטחינה חל,,חלבה בטעם שוקו וניל,,50.00,"100 מ""ל",false,,2.90,0.0580,true,1,219641
7290010328895,false,מאפין בטעם שוקולד45 גרם אחוה,אחדות ביחר לטחינה חל,,מאפין שוקולד 45גר,,45.00,100 גרם,false,,2.90,0.0644,true,1,203002
7290010328901,false,מאפין בטעם וניל אחוה 45 גרם,אחדות ביחר לטחינה חל,,מאפין בטעם וניל 45גר,,45.00,"100 מ""ל",false,,2.90,0.0644,true,1,219988
7290010429554,false,"שמן זית כתית מעולה יד מרדכי 2 קלאסי, 750 מ""ל",מכוורת יד מרדכי שטראוס ב,,שמן זית כתית מעולה2,,750.00,"100 מ""ל",false,,35.90,0.0479,true,1,208205
7290010454051,false,מפיות טרנדי תלת-שכבת,,,מפיות טרנדי תלת-שכבת,יחידה,0.00,יחידה,false,,6.90,0.0000,true,1,206443
7290010454167,false,מפות שולחן,,,מפות שולחן,יחידה,0.00,יחידה,false,,6.90,0.0000,true,1,206444
7290010471669,false,יוגורט תות עם קורנפלקס מצופה שוקולד ללא גלוטן 3.9%,שטראוס גרופ בעמ/מצונן,,דנונה בר תות קורנפלק,,173.00,100 גרם,false,,4.70,0.0272,true,1,195620
7290010472307,false,"שמיניית משקה גמדים תות בננה דיסני 108 מ""ל",שטראוס גרופ בעמ/מצונן,,גמדים לשתיה תות בננה,,800.00,"100 מ""ל",false,,20.80,0.0260,true,1,195629
7290010472390,false,מארז 8 יחידות מעדן דני בטעם שוקולד 1.5%,שטראוס גרופ בעמ/מצונן,,דני שוקולד מארז 8*12,,1000.00,"100 מ""ל",false,,16.80,0.0168,true,1,195634
7290010513727,false,פנקו פרורי לחם 200 גרם (קינגדאו),מזרח ומערב יבוא ושיווק,,פירורי לחם פנקו 200ג,,200.00,100 גרם,false,,8.90,0.0445,true,1,204997
7290010548514,false,קוביות עשבי תיבול לבישול איטלקי דורות 70 גרם,קבוצת אוסם סחר שותפות מוגבלת,,עשבי תיבול לבישול אי,,70.00,100 גרם,false,,11.90,0.1700,true,1,177121
7290010561032,false,תערובת להכנת לפנקייק אקסטרה ויטמינים ומינרלים 400 גר',אשבל מזון פונקציונלי,,ברילי תערובת להכנת פ,,400.00,100 גרם,false,,19.90,0.0497,true,1,245317
7290010561445,false,עוגיות שוקוצ'יפס 180 גרם,י.איטליאנו אחזקות בעמ,,ברילי פיתות ללא גלוט,,420.00,100 גרם,false,,19.90,0.0474,true,1,245315
7290010561667,false,ברילי פתיתים אפויים בצורת קוסקוס 250 ג',אשבל מזון פונקציונלי,,ברילי פתיתים אפויים,,250.00,100 גרם,false,,19.90,0.0796,true,1,245319
7290010609550,false,טרופי קש 20 יח בקופסא,דודו הדיל בעמ,,טרופי קש 20 יח,יחידה,0.00,יחידה,false,,27.90,0.0000,true,1,204206
7290010613038,false,רצפות מרוכז בניחוח מ.כביסה לבן 2ל טאצ,סאסאטק אגשח בעמ,,רצפות מרוכז לבן 2 לי,,2000.00,"100 מ""ל",false,,9.90,0.0050,true,1,246879
7290010613526,false,טאצ' דלי מטליות לחות לניקוי וחיטוי בתוספת חומץ 250 יח',סאסאטק אגשח בעמ,,דלי מטליות לניקוי וח,יחידה,0.00,יחידה,false,,10.90,0.0000,true,1,245553
7290010613953,false,טאצ' דלי מטליות לחות לניקוי וחיטוי בניחוח מלון בוטיק 250 יח',סאסאטק אגשח בעמ,,דלי מטליות לניקוי וח,יחידה,0.00,יחידה,false,,10.90,0.0000,true,1,246513
7290010613984,false,טאצ' מטליות לחות לרצפה בניחוח ורד פראי,סאסאטק אגשח בעמ,,טאצ' מטליות רצפה חד,יחידה,0.00,יחידה,false,,10.00,0.0000,true,1,247461
7290010613991,false,מטליות רצפה בניחוח מרכך כביסה 10 יח' טאצ',סאסאטק אגשח בעמ,,טאצ' מטליות רצפה חד,יחידה,0.00,יחידה,false,,10.00,0.0000,true,1,247462
7290010632787,false,צימרוני אוזניים מעץ אינטרסן) (300,הדקלאים אגודת שיתופי,,צימרוני אוזניים עץ ב,,300.00,יח',false,,3.90,0.0130,true,1,194021
7290010676712,false,פילה סול ארוז קפוא,,,פילה סול ארוז קפוא,,1000.00,100 גרם,false,,37.90,0.0379,true,1,250523
7290010711086,false,סופר מגבת מבד עם ויסקוזה,מ.א.ייצור ויבוא מטליות בעמ,,סופר מגבת מבד,יחידה,0.00,יחידה,false,,19.90,0.0000,true,1,197505
7290010711123,false,כריות מתכת שייני 4 יחידות,מ.א.ייצור ויבוא מטליות בעמ,,"ננס רביעיה ""שייני""",יחידה,0.00,יחידה,false,,6.90,0.0000,true,1,197508
7290010711437,false,סרטי קירצוף לניקוי יסודי רביעייה,מ.א. יצור ויבוא מטליות בעמ`,,4 סרטי קרצוף לניקוי,יחידה,0.00,יחידה,false,,10.90,0.0000,true,1,228392
7290010711932,false,מטליות רב שימושיות פרימיום שייני 9 יחידות,מ.א.ייצור ויבוא מטליות בעמ,,מטליות רב שימושיות 9,,9.00,גרם,false,,9.90,1.1000,true,1,197521
7290010766949,false,ממרח תחתיות ארטישוק 180ג' אוליביה,תה ויסוצקי (ישראל)בעמ,,ממרח ארטישוק אוליביה,,180.00,100 גרם,false,,14.90,0.0828,true,1,192859
7290010766956,false,ממרח פלפלים מתוקים אדומים אוליביה 180 גרם,תה ויסוצקי (ישראל)בעמ,,ממרח פלפלים מתוקים א,,180.00,100 גרם,false,,14.90,0.0828,true,1,192860
7290010791644,false,בונזו ג`וי מקלוני עוף פריכים 90גר,דיפלומט מפיצים (1968) בעמ**,,בונזו ג'וי מקלוני עו,,90.00,100 גרם,false,,17.90,0.1989,true,1,225291
7290010814244,false,שלשות שוקולד מריר 85 גרם*3 בלמינט *18 בקרטון,כרמית תעשיות ממתקים בעמ,,שוקולד מריר כרמית מא,,255.00,100 גרם,false,,9.90,0.0388,true,1,185605
7290010814251,false,שלשות שוקולד חלב 85 גר*3 בלמינט*18 בקרט בדצ,כרמית תעשיות ממתקים בעמ,,שוקולד חלב כרמית מאר,,255.00,"100 מ""ל",false,,9.90,0.0388,true,1,212621
7290010814695,false,שוקולד מריר פרווה ללא תוספת סוכר כרמית 85 גרם,כרמית תעשיות ממתקים בעמ,,שוקולד מריר ללא סוכר,,85.00,100 גרם,false,,6.90,0.0812,true,1,212623
7290010814701,false,שוקולד חלב ללא תוספת סוכר וסטהיים,כרמית תעשיות ממתקים בעמ,,שוקולד חלב ללא סוכר,,85.00,100 גרם,false,,6.90,0.0812,true,1,212624
7290010838219,false,ממתיק על בסיס צמח הסטיביה - שקיות,"קיפל טבליות וממתיקים בע""מ",,סטיביה 100 שק,יחידה,0.00,יחידה,false,,29.90,0.0000,true,1,206979
7290010839865,false,רוטב רכז רימונים ויליפוד 320 ג',ג. וילי-פוד אינטרנשיונל בע`מ,,רכז רימונים 320 גר,,320.00,100 גרם,false,,10.90,0.0341,true,1,178624
7290010903894,false,"שניצל תירס בד""ץ שף ה",,,"שניצל תירס בד""ץ שף ה",,500.00,100 גרם,false,,12.90,0.0258,true,1,249108
7290010903917,false,שניצל תירס שף הטבע 1,קפוא-זן תעשיות מזון בעמ - תפוג,,"שניצל תירס בד""ץ 1 ק""",,1000.00,100 גרם,false,,21.90,0.0219,true,1,233500
7290010903924,false,"שניצל צמחי בד""צ קפוא זן",קפוא-זן תעשיות מזון בעמ - תפוג,,"שניצל צמחי בד""ץ 1 ק""",,1000.00,100 גרם,false,,21.90,0.0219,true,1,234192
7290010903931,false,"כוכבי תירס בד""צ קפוא זן",קפוא-זן תעשיות מזון בעמ - תפוג,,"כוכבי תירס בד""ץ 1ק""ג",,1000.00,100 גרם,false,,21.90,0.0219,true,1,234193
7290010922819,false,"מלון 250 גרם - Shake It - בד""ץ עדה חרדית","הבו-קדו בע""\מn\",,"מלון קפוא בד""ץ 250 ג",,250.00,100 גרם,false,,11.90,0.0476,true,1,249449
7290010922857,false,"מנגו קפוא 250 גרם - Shake It - בד""ץ עדה חרדית","הבו-קדו בע""\מn\",,"מנגו קפוא בד""ץ 250 ג",,250.00,100 גרם,false,,11.90,0.0476,true,1,249450
7290010922871,false,טחון בקר 1 קג ארוז קפוא -אשפר,בלדי בעמ,,טחון בקר אשפר קפוא 1,,1000.00,100 גרם,false,,29.90,0.0299,true,1,246003
7290010922895,false,המבורגר בקר בלדי אשפר 400 גרם ארוז,"בלדי בע""\מn\",,המבורגר בקר 400 גרם,,400.00,100 גרם,false,,14.90,0.0373,true,1,246002
7290010922901,false,קבב מזרחי קפוא ארוז אשפר 400 גרם בלדי,"בלדי בע""\מ",,קבב מזרחי 400 גרם אש,,400.00,100 גרם,false,,14.90,0.0373,true,1,246004
7290010922918,false,מינוט סטייק 250 גרם ארוז - אשפר,"בלדי בע""\מ",,סטייק מינוט 250 גרם,,250.00,100 גרם,false,,29.90,0.1196,true,1,246006
7290010931330,false,סלט מטבוחה אחלה 500 גרם,שטראוס גרופ בעמ/מצונן,,סלט מטבוחה אחלה 500ג,,500.00,"100 מ""ל",false,,14.90,0.0298,true,1,195670
7290010945146,false,קוטג' 3% מועשר בסידן טרה 250 ג' מהדרין,החברה המרכזית טלהפצת משקאות בע,,קוטג מועשר 3% 250גר,,250.00,100 גרם,false,,6.20,0.0248,true,1,184560
7290010945306,false,חלב טרה קרטון 2 ליטר מהדרין*%*3,החברה המרכזית טלהפצת משקאות בע,,חלב בקרטון טרה 3% 2,,2000.00,"100 מ""ל",false,,12.46,0.0062,true,1,184566
7290010945450,false,גבינה לבנה 3% 250 גר מועשר בסידן וויטמין,החברה המרכזית טלהפצת משקאות בע,,גבינה לבנה מהדרין 3%,,250.00,100 גרם,false,,4.90,0.0196,true,1,184576
7290010945481,false,גבינה לבנה טרה 5% מרכיבים טבעיים,החברה המרכזית טלהפצת משקאות בע,,גבינה לבנה 5% 500גר,,500.00,100 גרם,false,,9.96,0.0199,true,1,184578
7290011017866,false,פחית קולה סליק קוקה-קולה (330 מל),החברה המרכזית להפצת משקאות בעמ,,קוקה קולה סליק 330מל,,330.00,100 גרם,false,,6.50,0.0197,true,1,209779
7290011017873,false,פחית זירו סליק קוקה-קולה (330 מל),החברה המרכזית להפצת משקאות בעמ,,קוקה קולה זירו סילק,,330.00,100 גרם,false,,6.50,0.0197,true,1,209780
7290011017880,false,פחית דיאט קולה סליק קוקה-קולה (330 מל),החברה המרכזית להפצת משקאות בעמ,,קוקה קולה דיאט 330מל,,330.00,"100 מ""ל",false,,6.50,0.0197,true,1,209781
7290011018443,false,משקה מוגז אורנג` פאנטה (330 מל),החברה המרכזית להפצת משקאות בעמ,,פאנטה אורנג' סליק 33,,330.00,"100 מ""ל",false,,6.50,0.0197,true,1,209805
7290011022457,false,תבנית 90 ארוז 8 ר2,,,תבנית 90 ארוז 8 ר2,יחידה,0.00,יחידה,false,,9.90,0.0000,true,1,242244
7290011022464,false,תבנית 210 ר99 ארוז 4,,,תבנית 210 ר99 ארוז 4,יחידה,0.00,יחידה,false,,9.90,0.0000,true,1,242242
7290011022495,false,תבנית 8A ארוז 10יח',,,תבנית 8A ארוז 10יח',יחידה,0.00,יחידה,false,,9.90,0.0000,true,1,242245
7290011022563,false,ניילון נצמד צר 150/3,,,ניילון נצמד צר 150/3,יחידה,0.00,יחידה,false,,17.90,0.0000,true,1,242253
7290011022921,false,תבנית 105 ארוז 8יח',,,תבנית 105 ארוז 8יח',יחידה,0.00,יחידה,false,,9.90,0.0000,true,1,242243
7290011022938,false,תבנית 8B ארוז 15 ר29,,,תבנית 8B ארוז 15 ר29,יחידה,0.00,יחידה,false,,9.90,0.0000,true,1,242246
7290011022945,false,תבנית אינגליש ארוז 1,,,תבנית אינגליש ארוז 1,יחידה,0.00,יחידה,false,,9.90,0.0000,true,1,242247
7290011022952,false,תבנית עגולה ארוז 6יח,,,תבנית עגולה ארוז 6יח,יחידה,0.00,יחידה,false,,9.90,0.0000,true,1,242248
7290011081690,false,קרמיסימו פרווה שוקו ציפ+וניל ציפ 1.33ל,"גלידת שטראוס בע""\מ, רחוב",,קרמיסימו פרווה שוקו,,1330.00,"100 מ""ל",false,,21.90,0.0165,true,1,187494
7290011108816,false,חסה רגילה מהדרין א.אדמה,א.אדמה (2007) בעמ,,חסה ערבית מהדרין,יחידה,0.00,יחידה,false,,6.90,0.0000,true,1,246846
7290011108823,false,פטרוזיליה מהדרין א. אדמה.,א.אדמה (2007) בעמ,,פטרוזליה מהדרין,,1000.00,100 גרם,false,,5.90,0.0059,true,1,246853
7290011108830,false,כוסברה מהדרין א. אדמה.,א.אדמה (2007) בעמ,,כוסברה מהדרין,,1000.00,100 גרם,false,,5.90,0.0059,true,1,246855
7290011108847,false,שמיר מהדרין א.אדמה,א.אדמה (2007) בעמ,,שמיר מהדרין,יחידה,0.00,יחידה,false,,5.90,0.0000,true,1,246856
7290011108861,false,בצל ירוק מהדרין,,,בצל ירוק מהדרין,יחידה,0.00,יחידה,false,,6.90,0.0000,true,1,246858
7290011108878,false,סלרי עלים מהדרין א.אדמה,א.אדמה (2007) בעמ,,סלרי עלים מהדרין,יחידה,0.00,יחידה,false,,6.90,0.0000,true,1,246859
7290011108885,false,סלק עלים מהדרין א.אדמה,א.אדמה (2007) בעמ,,סלק עלים מהדרין,,1000.00,"100 מ""ל",false,,6.90,0.0069,true,1,246854
7290011108892,false,כרוב לבן מהדרין .,א.אדמה (2007) בעמ,,כרוב לבן מהדרין,קילוגרמים,1.00,"ק""ג",true,,12.90,12.9000,true,1,246861
7290011108908,false,כרוב אדום מהדרין.,א.אדמה (2007) בעמ,,כרוב אדום מהדרין,קילוגרמים,1.00,"ק""ג",true,,12.90,12.9000,true,1,246860
7290011113926,false,דאודורנט ספריי טיטניום בלאק Titanium Black,החברה הדרומית לשיווק בעמ,,טיטניום דאו ספריי 18,,180.00,"100 מ""ל",false,,17.90,0.0994,true,1,230815
7290011115203,false,אל סבון מוצק מבושם בניחוח עדין קלאסיק - מארז רביעיה,החברה הדרומית לשיווק בעמ,,נקה 7 סבון מוצק ורוד,,400.00,100 גרם,false,,11.90,0.0298,true,1,180628
7290011115241,false,אל סבון ארומטי מוצק ורוד ורד ויסמין - מארז רביעיה,החברה הדרומית לשיווק בעמ,,נקה 7 סבון מוצק ארומ,,400.00,100 גרם,false,,11.90,0.0298,true,1,180630
7290011115258,false,אל סבון מוצק מבושם בניחוח עדין קלאסיק - מארז רביעיה,החברה הדרומית לשיווק בעמ,,נקה 7 סבון מוצק ירוק,,400.00,100 גרם,false,,11.90,0.0298,true,1,180631
7290011115265,false,מארז סבון מוצק ארומה אל סבון מועשר בשמנים ארומטיים,החברה הדרומית לשיווק בעמ,,נקה 7 סבון מוצק לילך,,400.00,100 גרם,false,,11.90,0.0298,true,1,180632
7290011115289,false,אל סבון מוצק מבושם בניחוח עדין קלאסיק - מארז רביעיה,החברה הדרומית לשיווק בעמ,,נקה 7 סבון מוצק לילך,,400.00,100 גרם,false,,11.90,0.0298,true,1,180634
7290011115296,false,אל סבון מוצק מועשר בקרם לחות לבנדר - מארז רביעיה,נקה 7,,נקה 7 סבון מוצק לחות,,400.00,100 גרם,false,,11.90,0.0298,true,1,180635
7290011115401,false,אל סבון ארומטי מוצק צהוב קמומיל - רביעייה,החברה הדרומית לשיווק בעמ,,נקה 7 סבון מוצק לבן,,400.00,100 גרם,false,,11.90,0.0298,true,1,180644
7290011126209,false,הגן הקסום תה טעם תפוח וקינמון סיידר ויסוצקי 25 יח',תה ויסוצקי (ישראל)בעמ,,תה תפוח וקינמון סייד,,55.00,100 גרם,false,,19.90,0.3618,true,1,190604
7290011126452,false,הגן הקסום תה בטעם קמומיל ונענע ויסוצקי 25 יחידות,תה ויסוצקי (ישראל) בעמ,,תה הגן הקסום קמומיל,,37.50,"100 מ""ל",false,,19.90,0.5307,true,1,190612
7290011126469,false,חליטת צמחים וקמומיל הגן הקסום ויסוצקי 25 יחידות,תה ויסוצקי (ישראל) בעמ,,תה קמומיל ודבש הגן ה,,37.50,100 גרם,false,,19.90,0.5307,true,1,190613
7290011126940,false,תה ירוק ויסוצקי בתוספת מרווה 25 שקיקים,תה ויסוצקי (ישראל) בעמ,,תה ירוק בתוספת מרווה,,37.50,100 גרם,false,,25.90,0.6907,true,1,190624
7290011126957,false,תה ירוק ויסוצקי ארל גריי 25 שקיקים,תה ויסוצקי (ישראל) בעמ,,תה ירוק ארל גריי 25י,,37.50,100 גרם,false,,25.90,0.6907,true,1,190625
7290011132507,false,סן בנדטו- מים מנרליים - מוגז עדין 500 מל,אקווה מינרלה סאן בנדטו ב,,מים סאן בנדטו מוגז 5,,500.00,"100 מ""ל",false,,3.50,0.0070,true,1,173181
7290011133375,false,בירה שנדי בתוספת משקה אפרסק - שישייה,"טמפו משקאות בע""מ",,שנדי אפרסק שישייה 6*,,1980.00,"100 מ""ל",false,,38.90,0.0196,true,1,173211
7290011133504,false,"מכבי שנדי אפרסק בקבוק בודד 330 מ""ל",טמפו משקאות בע''מ,,שנדי אפרסק 330 מל,,330.00,"100 מ""ל",false,,7.90,0.0239,true,1,173215
7290011148362,false,כרוב אדום מהדרין ירוק מהכפר,ביכורי השדה צפון 1994 ג.ד. בעמ,,כרוב אדום מהדרין שלם,קילוגרמים,1.00,"ק""ג",true,,12.90,12.9000,true,1,247047
7290011148805,false,שעועית טריה עד 500 ג,ירקט ירקות צעירים ארוזים בעמ,,שעועית טריה עד 500 ג,,500.00,100 גרם,false,,14.90,0.0298,true,1,250301
7290011174040,false,גזר ננסי 800 גרם פרי הגליל,פרי הגליל בעמ,,גזר ננסי 800גר,,800.00,100 גרם,false,,10.90,0.0136,true,1,200938
7290011174231,false,עוגת מוס גבינה אוכמניות קפולסקי 850 גרם,קפולסקי שיווק וקמעונ,,עוגת מוס גבינה עם או,,850.00,100 גרם,false,,64.90,0.0764,true,1,212721
7290011174897,false,אפונה עדינה פרי גליל 600 גר',"פרי הגליל בע""""מ",,אפונה עדינה 600גר,,600.00,100 גרם,false,,10.90,0.0182,true,1,175113
7290011194215,false,מעדן גבינה ויוגורט בטעם בננה 5% שומן 88 ג' דניאלה,שטראוס גרופ בעמ/מצונן,,דניאלה בננה 150מל,,150.00,"100 מ""ל",false,,4.10,0.0273,true,1,195706
7290011194246,false,קוטג 5% 250 גרם עם סידן שטראוס,שטראוס גרופ בעמ/מצונן,,קוטג 5% עם סידן שטרא,,250.00,100 גרם,false,,5.90,0.0236,true,1,195708
7290011223038,false,בונומי עלים לקרמשניט שכבות אפויות מבצק עלים 300 גרם,דנשר (1963) בעמ,,עלים לקרמשניט 300גר,,400.00,100 גרם,false,,16.90,0.0422,true,1,206992
7290011223205,false,ריבת חלב ארגנטינאית 454 גרם,אשבל מזון פונקציונלי,,ריבת חלב דולקור 454,,454.00,100 גרם,false,,16.90,0.0372,true,1,207001
7290011223243,false,"טואלט דאק ג'ל לאסלה בניחוח לבנדר 55 מ""ל","איטיליאן פוד, אס.פי.",,טואלט דאק ג'ל אסלה נ,,55.00,"100 מ""ל",false,,9.90,0.1800,true,1,207004
7290011223472,false,מגבוני רענון למבוגרי,פרש-וואנס,,פרש וואנס מגבוני רענ,יחידה,0.00,יחידה,false,,9.90,0.0000,true,1,207011
7290011239404,false,חטיפים מתוקים טעמים שונים 330גר,סוכנויות עמוס ממתקים בעמ,,חטיפי מחרום 330גרם,,330.00,100 גרם,false,,15.90,0.0482,true,1,245959
7290011254001,false,זרעי פשתן מיה 450 גרם,מיה תעשיות מזון מ.ת.מ. ב,,זרעי פשתן 450 גר,,450.00,100 גרם,false,,6.90,0.0153,true,1,202433
7290011254018,false,שעועית מש מיה 500 גר',מיה תעשיות מזון מ.ת.מ בעמ,,שעועית מש 500גר,,500.00,100 גרם,false,,9.90,0.0198,true,1,202434
7290011254032,false,קינואה מיה (500 גרם),מיה תעשיות מזון מ.ת.מ. בעמ,,קינואה מיה 500 גרם,,500.00,100 גרם,false,,10.90,0.0218,true,1,202436
7290011254254,false,נטיפי שוקולד צ'יפס בטעם שוקולד מיה 300 גרם,מיה תעשיות מזון מ.ת.מ. בעמ,,נטיפי שוקולד 300 גרם,,300.00,100 גרם,false,,9.90,0.0330,true,1,202452
7290011254728,false,ג'לטין טהור בקרטוני מיה 25 גרם,מיה תעשיות מזון מ.ת.מ. בעמ,,גלטין טהור מיה 25 גר,,25.00,100 גרם,false,,10.90,0.4360,true,1,202453
7290011332983,false,מגבונים לניקוי אף מגבונאף קמיל בלו- מארז שלישייה,"פישר תעשיות פרמצביטות בע""מ",,*מבצע* מגבונאף קמיל,יחידה,0.00,יחידה,false,,21.90,0.0000,true,1,203951
7290011369460,false,מזלף למקלחת ענן,,,מזלף למקלחת ענן,יחידה,0.00,יחידה,false,,19.90,0.0000,true,1,227485
7290011378233,false,"חטיפי חלווה בארכה 126 גרם מארז 7 יחידות לל""ס",קבוצת אוסם סחר שותפות מוגבלת,,בארכה חטיף חלבה וניל,,126.00,100 גרם,false,,13.90,0.1103,true,1,177167
7290011378257,false,חטיף חלבה בטעם וניל ללא תוספת סוכר בתוספת פיסטוק ופקאן,קבוצת אוסם סחר-שות.מוגבלת,,בארכה חטיף חלבה פקאן,,126.00,100 גרם,false,,13.90,0.1103,true,1,177168
7290011378769,false,חטיף חלווה וניל בארכה 126 גרם מארז 7 יחידות,קבוצת אוסם סחר שותפות מוגבלת,,בארכה חטיף חלבה וניל,,126.00,100 גרם,false,,13.90,0.1103,true,1,177170
7290011378776,false,חטיף חלווה פיסטוק בארכה 126 גרם מארז 7 יחידות,קבוצת אוסם סחר שותפות מוגבלת,,בארכה חטיף חלבה פיסט,,126.00,100 גרם,false,,13.90,0.1103,true,1,177171
7290011379018,false,מארז משפחתי שמפיניון 500 ג' מרינה,ביכורי השדה צפון 1994 ג.ד. בעמ,,פטריות צמד חמד איטלק,,500.00,100 גרם,false,,15.90,0.0318,true,1,172614
7290011431341,false,"מזלג איכותי שמאי 100 יחי' כשל""פ עד""ח",,,מזלגות 100יח שמאי,יחידה,0.00,יחידה,false,,8.90,0.0000,true,1,229495
7290011431358,false,כפיות איכותי ר. שמאי 100 יחי' כשל''פ עד''ח,,,כפיות 100יח שמאי,יחידה,0.00,יחידה,false,,8.90,0.0000,true,1,229496
7290011431495,false,"אלכוהול 1000 סמ""ק עד""ח",,,"אלכוהול 100 סמ""ק ר.ש",יחידה,0.00,יחידה,false,,4.50,0.0000,true,1,248380
7290011431860,false,"מפות עבות ח""פ ר. שמאי מארז 6יח' כשל""פ",,,מפות שישיות עבה כתום,יחידה,0.00,יחידה,false,,7.90,0.0000,true,1,242235
7290011438142,false,"משקה יטבתה אייס קפה בבקבוק אישי 350 מ""ל",שטראוס גרופ בעמ/מצונן,,אייס קפה יטבתה בבקבו,,350.00,100 גרם,false,,6.80,0.0194,true,1,195765
7290011447014,false,מטרנה דייסת סלט פירות 200 גרם,קבוצת אוסם סחר שותפות מוגבלת,,דייסת סלט פירות מטרנ,,200.00,100 גרם,false,,15.90,0.0795,true,1,177174
7290011447281,false,מטרנה פרימיום חלבי שלב 2 700 גרם חיסכון,קבוצת אוסם סחר שותפות מוגבלת,,מטרנה חלבי שלב 2 700,,700.00,100 גרם,false,,59.90,0.0856,true,1,177185
7290011447304,false,מטרנה פרימיום חלבי שלב 3 700 גרם חיסכון,קבוצת אוסם סחר שותפות מוגבלת,,מטרנה חלבי שלב 3 700,,700.00,100 גרם,false,,59.90,0.0856,true,1,177187
7290011447359,false,תחליף חלב מטרנה מהדרין שלב 1 חלבי 700 גרם,קבוצת אוסם סחר שותפות מוגבלת,,מטרנה מהדרין שלב 1 7,,700.00,100 גרם,false,,59.90,0.0856,true,1,177190
7290011447373,false,תחליף חלב מטרנה מהדרין שלב 2 חלבי 700 גרם,קבוצת אוסם סחר שותפות מוגבלת,,מטרנה מהדרין שלב 2 7,,700.00,100 גרם,false,,59.90,0.0856,true,1,177192
7290011447748,false,"מזון לחתולים יבש עם דגי אוקיינוס וטונה סופר קט 3 ק""ג",דיפלומט מפיצים (1968) בעמ**,,סופר קט דגי אוקיאנוס,קילוגרמים,3.00,"ק""ג",false,,54.90,18.3000,true,1,179584
7290011447908,false,"מזון לחתולים מלא טעם עוף וכבד סופר קט 3 ק""ג",דיפלומט מפיצים (1968) בעמ**,,סופר קט עוף כבד 3קג,קילוגרמים,3.00,"ק""ג",false,,54.90,18.3000,true,1,179586
7290011480547,false,בצל ירוק יבולי הכפר הר' אפרתי,ביכורי השדה צפון 1994 ג.ד. בעמ,,בצל ירוק מהדרין,יחידה,0.00,יחידה,false,,6.90,0.0000,true,1,232088
7290011480585,false,כרוב לבן/אדום מהדרין,,,כרוב לבן/אדום מהדרין,קילוגרמים,1.00,"ק""ג",true,,12.90,12.9000,true,1,232091
7290011489533,false,בייגלה שמניות מלוח טופז 300גרם,מגדנית הדר,,בייגלה שמיניות עם מל,,300.00,100 גרם,false,,5.90,0.0197,true,1,202024
7290011489595,false,קרקר טופז שומשום 110 גרם הדר*,ח.כהן סוכנות מזון ומשקאות בע,,קרקר טופז שומשום 110,,110.00,"100 מ""ל",false,,3.50,0.0318,true,1,202029
7290011489601,false,קרקר טופז טעם בצל 110 גר,אפיפית נצרת,,קרקר טופז בצל 110גר,,110.00,"100 מ""ל",false,,3.50,0.0318,true,1,202030
7290011489625,false,פתי בר ביסקויט בטעם שוקו,אפיפית נצרת,,ביסקוויט פתי בר קקאו,,110.00,100 גרם,false,,3.50,0.0318,true,1,202032
7290011499051,false,פטה כבשים מסורתית 20% בגביע 250 גרם - רובין,מחלבות גד שיווק 1992 בעמ,,פטה כבשים גביע 20% 2,,250.00,100 גרם,false,,28.90,0.1156,true,1,171650
7290011499105,false,בולגרית מסורתית 5% 250 גרם -רבנות,מחלבות גד שיווק 1992 בעמ,,בולגרית 5% 250גר מחל,,250.00,100 גרם,false,,23.90,0.0956,true,1,171654
7290011499112,false,בולגרית מסורתית 16% 250 גרם - רבנות,מחלבות גד שיווק 1992 בעמ,,בולגרית 16% 250גר מח,,250.00,100 גרם,false,,23.90,0.0956,true,1,171655
7290011499129,false,גבינה בולגרית מעודנת קוביות קטנות 5% גד 200 גרם,מחלבות גד שיווק 1992 בעמ,,בולגרית מעודנת קוביו,,200.00,100 גרם,false,,24.90,0.1245,true,1,171656
7290011499358,false,פטה עיזים מסורתית 20% בגביע 200 גרם - רובין,מחלבות גד שיווק 1992 בעמ,,פטה עיזים 200גר מחלב,,200.00,100 גרם,false,,28.90,0.1445,true,1,171669
7290011499365,false,גבינת חלומי 24% מחלב בקר גד (200 גרם),מחלבות גד שיווק 1992 בעמ,,גבינת חלומי מחלבות ג,,200.00,"100 מ""ל",false,,22.70,0.1135,true,1,171670
7290011499419,false,גבינה במרקם שמנת בטעם טבעי 5% ניו יורק,מחלבות גד שיווק 1992 בעמ,,קרם שמנת ניו יורק טב,,200.00,100 גרם,false,,13.90,0.0695,true,1,224603
7290011499853,false,שמנת 30% ניו יורק זיתים מחלבות גד,מחלבות גד שיווק 1992 בעמ,,גבינת שמנת ניו יורק,,200.00,100 גרם,false,,13.90,0.0695,true,1,171697
7290011501617,false,חמוציות ברכז תפוחים ללא תוספת סוכר 250 גרם,דין שיווק וקליה 2021 בעמ,,חמוציות דל סוכר 250ג,,250.00,"100 מ""ל",false,,16.90,0.0676,true,1,200418
7290011502850,false,דלישס מיזלי עם פירות 500גר,"דין שיווק וקלייה בע""",,דלישס מוזלי עם פירות,,500.00,100 גרם,false,,10.00,0.0200,true,1,228510
7290011502867,false,גרנולה אגוזים בשקית שקדיה 500 גרם,"דין שיווק וקלייה בע""",,גרנולה במבחר אגוזים,,500.00,100 גרם,false,,10.00,0.0200,true,1,200423
7290011502874,false,דלישס גרנולה עם פירות יבשים 500גר,"דין שיווק וקלייה בע""",,גרנולה עם פירות יבשי,,500.00,"100 מ""ל",false,,10.00,0.0200,true,1,200424
7290011505806,false,קיסמי שיניים דנטאליים מפלסטיק 200 יחידות בחבית,אינטרסן (1996) בעמ,,קיסמי שיניים פלסטיק,,200.00,יח',false,,8.90,0.0445,true,1,194078
7290011514075,false,סט תפירה קטן,,,סט תפירה קטן,יחידה,0.00,יחידה,false,,9.90,0.0000,true,1,227477
7290011514105,false,מסנן כיור אמריקאי מסיליקון,עולם הבית שיווק והפצה בעמ,,מסנן כיור סיליקון,יחידה,0.00,יחידה,false,,14.90,0.0000,true,1,212987
7290011514273,false,מתקן לסבון וואקום ע. הבית,עולם הבית שיווק והפצה בעמ,,וואקום ירח סגור,יחידה,0.00,יחידה,false,,9.90,0.0000,true,1,212988
7290011514440,false,קולב על דלת,,,קולב על דלת,יחידה,0.00,יחידה,false,,29.90,0.0000,true,1,227754
7290011514464,false,גומיות צבעוניות,,,גומיות צבעוניות,יחידה,0.00,יחידה,false,,7.90,0.0000,true,1,212990
7290011514709,false,מתלים וואקום לרכב ע.בית,עולם הבית,,מתלים וואקום זוג,יחידה,0.00,יחידה,false,,9.90,0.0000,true,1,233304
7290011514761,false,סיכות ביטחון 3 גדלים,,,סיכות ביטחון 3 גדלים,יחידה,0.00,יחידה,false,,6.90,0.0000,true,1,233284
7290011514877,false,תחתית לכיסא מלבד,,,תחתית לכסא מלבד,יחידה,0.00,יחידה,false,,11.90,0.0000,true,1,233285
7290011514990,false,מספריים מקצועיות,,,מספריים איכותיות,יחידה,0.00,יחידה,false,,10.90,0.0000,true,1,212992
7290011515683,false,מאגדת טילון אקסטרים וניל נסטלה 6 יחידות,נגה גלידות שותפות מוגבלת,,מאגדת אקסטרים וניל 6,יחידה,0.00,יחידה,false,,34.90,0.0000,true,1,183690
7290011518561,false,"אקטימל תות 1.51 ק""ג מארז 14 יחידות",שטראוס גרופ בעמ/מצונן,,אקטימל תות משפחתי 14,,1400.00,"100 מ""ל",false,,32.90,0.0235,true,1,195807
7290011524555,false,שעועית לבנה מבושלת קפוא 800 גר`פרי גליל,ויטה פרי גליל (החדשה) בע`מ,,שעועית לבנה אפויה 80,,800.00,"100 מ""ל",false,,10.90,0.0136,true,1,194082
7290011525712,false,"קמיל בלו אל סבון סנסיטיב לפני השינה ד""ר פישר 1 ליטר","פישר תעשיות פרמצביטות בע""מ",,קמיל בלו סנסיטיב לפנ,,1000.00,"100 מ""ל",false,,32.90,0.0329,true,1,203954
7290011530488,false,שייק איט 450 גר saturday מיקס פירות קפוא,"הבו-קדו בע""מ",,שייק איט פירות קפואי,,450.00,100 גרם,false,,29.90,0.0664,true,1,243997
7290011530525,false,מיקס פירות קפואים שייק איט צהוב - 3*150 ג',"הבו-קדו בע""מ",,שייק איט פירות קפואי,,450.00,100 גרם,false,,29.90,0.0664,true,1,242319
7290011530747,false,מיקס פירות קפואים שייק איט סגול - 3*150 ג',"הבו-קדו בע""מ",,שייק איט פירות קפואי,,450.00,100 גרם,false,,29.90,0.0664,true,1,242323
7290011530945,false,קרפצ'יו עגל פרימיום 210 גרם בלדי,בלדי בעמ,,קרפציו עגל 210 גרם,,210.00,100 גרם,false,,39.90,0.1900,true,1,234450
7290011575007,false,"הפי מרסס שומר ברק למקלחון 750 מ""ל","יעקב יעקבי ובניו בע""מ",,הפי מרסס לאמבט 750 מ,,750.00,"100 מ""ל",false,,19.90,0.0265,true,1,183560
7290011587079,false,חרדל דיז'ון גרגירים 370 ג' PICCATA,תומר ייבוא ושיווק מוצרי מזון [,,חרדל דיז'ון גרגרים 3,,370.00,100 גרם,false,,8.90,0.0241,true,1,175156
7290011587444,false,מוזלי קראנצי בתוספת פירות ויטליה 600 גרם,תומר יבוא ושיווק מוצרי מזון (1,,מוזלי קראנצ'+פירות 6,,600.00,100 גרם,false,,13.90,0.0232,true,1,175169
7290011587451,false,מוזלי קראנצי בתוספת פירות ואגוזים ויטליה 600 גרם,תומר יבוא ושיווק מוצרי מזון (1,,גרנולה+פירות ואגוזים,,600.00,"100 מ""ל",false,,13.90,0.0232,true,1,175170
7290011587697,false,ממרח עגבניות מיובשות פסטו תומר 340 ג',תומר יבוא ושיווק מוצרי מזון (1,,עגבניות מיובשות פסטו,,340.00,100 גרם,false,,12.90,0.0379,true,1,213520
7290011587703,false,ממרח עגבניות מיובשות פיקנטי תומר 360 גרם,תומר יבוא ושיווק מוצרי מזון (1,,עגבניות מיובשות פסטו,,340.00,100 גרם,false,,12.90,0.0379,true,1,175179
7290011587758,false,אטריות נודלס דק 200 גר' -תומר,תומר ייבוא ושיווק מוצרי מזון [,,נודלס דק 200 גרם,,200.00,100 גרם,false,,6.90,0.0345,true,1,175182
7290011587765,false,אטריות נודלס עבה 200 גרם -תומר,תומר ייבוא ושיווק מוצרי מזון [,,נודלס עבה 200 גרם,,200.00,100 גרם,false,,6.90,0.0345,true,1,175183
7290011587826,false,חרדל דיז'ון תומר 370ג',Covinor sas,,חרדל דיז'ון 370 גר,,370.00,100 גרם,false,,8.90,0.0241,true,1,175185
7290011598211,false,"סנו - אנטי קאלק מרסס ניקוי כללי 4 ב-1 700 מ""ל",החברה הדרומית לשיווק בעמ,,סנו אנטי קאלק ניקוי,,700.00,100 גרם,false,,19.90,0.0284,true,1,180666
7290011598259,false,"פרש מטהר אוויר אוטומטי בניחוח מאסק סנו 250 מ""ל",החברה הדרומית לשיווק בעמ,,מטהר אוויר פרש אוטומ,יחידה,0.00,יחידה,false,,15.90,0.0000,true,1,231869
7290011598402,false,מקסימה מרכך כביסה ארומתרפי מאסק סנו 4 ליטר,החברה הדרומית לשיווק בעמ,,סנו מקסימה מרכך כביס,ליטרים,4.00,ליטר,false,,22.90,5.7250,true,1,180673
7290011607180,false,"אבקת כביסה קולון 101 1.25 ק""ג",רקיט בנקיזר (ניר איסט) בעמ,,קולון 101כתמים אבקת,קילוגרמים,1.25,"ק""ג",false,,10.90,8.7200,true,1,199768
7290011607197,false,"קולון 101 אבקת כביסה 5 ק""ג",רקיט בנקיזר (ניר איסט) בעמ,,קולון 101כתמים אבקת,קילוגרמים,5.00,"ק""ג",false,,34.90,6.9800,true,1,199769
7290011615406,false,בולגרית בקוביות בשמן ותבלינים הבולגריה 325 ג' קוליוס,ג.וילי פוד אינטרנשיונל בעמ,,הבולגריה בקוביות בשמ,,325.00,100 גרם,false,,14.90,0.0458,true,1,178657
7290011622428,false,כתמטמינים-חטיף בריאות לתינוקות וילדים 45 ג',גורי מוצרי צריכה (1991) בעמ,,כתמטמינים חטיף בריאו,,45.00,100 גרם,false,,7.90,0.1756,true,1,192892
7290011622664,false,כתמטמינים - חטיף אצבעות טחינה אורז ותירס 45 גרם,גורי מוצרי צריכה בעמ,,כתמטמינים טחינה 45 ג,,45.00,100 גרם,false,,7.90,0.1756,true,1,250314
7290011668570,false,בריא מהטבע גרנולה פירות יבשים 450 גרם פנינה רוזנבלום,בריא מהטבע פנינה רוזנבלום,,גרנולה פירות יבשים פ,,450.00,100 גרם,false,,29.90,0.0664,true,1,232327
7290011668587,false,בריא מהטבע גרנולה בטעם עשיר 500 גרם פנינה רוזנבלום,בריא מהטבע פנינה רוזנבלום,,גרנולה טעם עשיר פנינ,,500.00,100 גרם,false,,29.90,0.0598,true,1,232328
7290011725402,false,חסה למהדרין היתר מכי,קוסטר - תורכיה,,חסה ערבית מהדרין,יחידה,0.00,יחידה,false,,6.90,0.0000,true,1,246766
7290011725419,false,פטרוזיליה למהדרין הי,קונספסיון/ פניסקור/,,פטרוזיליה מהדרין,יחידה,0.00,יחידה,false,,5.90,0.0000,true,1,246754
7290011725426,false,כוסברה מהדרין - ארוז,קונסרבאס פרדו,,כוסברה מהדרין,יחידה,0.00,יחידה,false,,5.90,0.0000,true,1,246755
7290011725457,false,בצל ירוק למהדרין הית,קלדש הולמן,,בצל ירוק מהדרין,יחידה,0.00,יחידה,false,,6.90,0.0000,true,1,246765
7290011725471,false,סלק עלים מהדרין יבולי דויד,קוסמופארם,,סלק עלים מהדרין,,1000.00,100 גרם,false,,6.90,0.0069,true,1,246764
7290011743833,false,משחת שיניים פרונאמל סנסודיין (75 מל),גלקסו סמית קליין,,סנסודיין משחת שיניים,,75.00,"100 מ""ל",false,,21.90,0.2920,true,1,199267
7290011765095,false,קרמה מן גל גילוח אלוורה ירוק 200 מל,החברה הדרומית לשיווק בעמ,,קרמה גל גילוח דליקט,,200.00,"100 מ""ל",false,,12.90,0.0645,true,1,180680
7290011765392,false,"בוב ספוג שמפו לשיער לסירוק קל כיף 750 מ""ל",החברה הדרומית לשיווק בעמ,,כיף שמפו בוב ספוג 75,,750.00,"100 מ""ל",false,,11.90,0.0159,true,1,180698
7290011765408,false,"בוב ספוג שמפו ומרכך לשיער לסירוק קל כיף 750 מ""ל",החב. הדרומית לשיווק,,כיף שמפו ומרכך בוב ס,,750.00,"100 מ""ל",false,,11.90,0.0159,true,1,180699
7290011765415,false,בוב ספוג מרכך שיער לילדים כיף (750 מל).,החברה הדרומית לשיווק בעמ,,כיף מרכך בוב ספוג 75,,750.00,"100 מ""ל",false,,11.90,0.0159,true,1,180700
7290011765446,false,משחת שיניים לילדים בוב ספוג בטעם מיץ ענבים עם פלואוריד למניעת עששת,טרופיקל דגיל תעשיות קוסמ,,אורביטול משחת שיניים,,70.00,100 גרם,false,,7.90,0.1129,true,1,180703
7290011800840,false,רפי כהן סלט טחינה בלאדי צבר 400 גרם,קבוצת אוסם סחר שותפות מוגבלת,,טחינה בלאדי צבר 400ג,,400.00,100 גרם,false,,16.90,0.0422,true,1,177220
7290011860271,false,ביסבול כדורי פירה מתפוחי אדמה תפוגן 700 גרם,קבוצת אוסם סחר שותפות מוגבלת,,ביסבול טבעי תפוגן 70,,700.00,100 גרם,false,,16.90,0.0241,true,1,177225
7290011876388,false,קציצות עוף ובקר מאמא עוף (600 גרם),תנובה מרכז שיתופי לשיווק תוצרת,,קציצות עוף ובקר מאמא,,600.00,100 גרם,false,,34.90,0.0582,true,1,188366
7290011877101,false,"סנומוד מטהר אוויר מאסק סנו 150 מ""ל",החברה הדרומית לשיווק בעמ,,סנו מוד מאסק הקולקצי,,150.00,"100 מ""ל",false,,12.90,0.0860,true,1,180708
7290011877446,false,קרם נגד גירויים לתינוק עם הנוסחה המשולשת SBC,החברה הדרומית לשיווק בעמ,,קרם נגד גירויים בייב,,100.00,"100 מ""ל",false,,10.90,0.1090,true,1,180713
7290011877859,false,סנו אינסטלטור חדש פותח סתימות 200ג',החברה הדרומית לשיווק בעמ,,*מבצע* סנו אינסטלטור,,200.00,100 גרם,false,,10.90,0.0545,true,1,180723
7290011877866,false,"מקסימה אבקת כביסה בניחוח מאסק סנו 6 ק""ג",החברה הדרומית לשיווק בעמ,,סנו מקסימה מאסק אבקת,קילוגרמים,6.00,"ק""ג",false,,49.90,8.3167,true,1,180724
7290011885007,false,פקאן סיני הטיב 200 ג,פיצוחי הטיב,,פקאן סיני 200גר,,200.00,100 גרם,false,,21.90,0.1095,true,1,211318
7290011931162,false,סוכרלייט ממתיק נוזלי על בסיס סוכרלוז,אף.סי תבליני בגליל ב,,סוכרזית סוכרלוז נוזל,,220.00,"100 מ""ל",false,,32.90,0.1495,true,1,208259
7290011947309,false,זיתים מצוננים סורי מבוקע ולימון כבוש זיתא 230 ג',תה ויסוצקי (ישראל) בעמ,,זית סורי מבוקע עם לי,,230.00,100 גרם,false,,13.90,0.0604,true,1,190639
7290011947743,false,זיתים זיתא מיקס זית ירוק וזית קלמטה 215 גרם,תה ויסוצקי (ישראל) בעמ,,מיקס זית ירוק וזית ק,,215.00,100 גרם,false,,13.90,0.0647,true,1,244219
7290011947781,false,מיקס זית ירוק וזית קלמטה ללא גלעין עם שמן זית כתית מעולה,תה ויסוצקי (ישראל) בעמ,,מיקס זית ירוק/קלמטה,,215.00,100 גרם,false,,13.90,0.0647,true,1,244485
7290011964344,false,שום גבישי בקופ' 120 גר' טעם וריח,"תבליני טעם וריח בע""מ",,שום גבישי 120גר,,120.00,"100 מ""ל",false,,11.90,0.0992,true,1,198154
7290011964542,false,פפריקה מתוקה 400 גר' טעם וריח,"תבליני טעם וריח בע""מ",,פפריקה מתוקה 400גר,,400.00,100 גרם,false,,22.90,0.0572,true,1,198155
7290011964597,false,כמון טחון 400 גר' טעם וריח,"תבליני טעם וריח בע""מ",,כמון טחון 400גר,,400.00,100 גרם,false,,24.90,0.0622,true,1,198159
7290011964603,false,כורכום 400 גר' טעם וריח,"תבליני טעם וריח בע""מ",,כורכום 400גר,,400.00,"100 מ""ל",false,,22.90,0.0572,true,1,198160
7290011964658,false,מלח לימון בקופ' 170 גר' טעם וריח,"תבליני טעם וריח בע""מ",,מלח לימון 170גר,,170.00,100 גרם,false,,9.90,0.0582,true,1,198163
7290011964702,false,שווארמה ללא מונסודיום 100 גרם מיכל גדול,"תבליני טעם וריח בע""מ",,תיבול לשווארמה ללא מ,,100.00,100 גרם,false,,9.90,0.0990,true,1,198166
7290012019265,false,"מחית תפו""ע ללא תוספת סוכר 4*113גר",תומר ייבוא ושיווק מוצרי מזון [,,"מחית תפו""ע ללא סוכר",,452.00,"100 מ""ל",false,,11.90,0.0263,true,1,175216
7290012019272,false,רביעיית מחית תפוח עץ וקינמון תומר 113 גרם,תומר ייבוא ושיווק מוצרי מזון [,,"מחית תפו""ע עם קינמון",,452.00,100 גרם,false,,11.90,0.0263,true,1,175217
7290012022203,false,פריכיות חיטה מלאה 60 גרם,דילייט 2005 בע`מ,,קליליות (פריכיות) חי,,100.00,"100 מ""ל",false,,14.90,0.1490,true,1,210699
7290012022227,false,פריכיות חיטה טבעי 60 גרם,דילייט 2005 בע`מ,,קליליות (פריכיות) חי,,100.00,"100 מ""ל",false,,12.90,0.1290,true,1,210700
7290012022272,false,פריכיות קליליות קידס,דילייט 2005 בעמ,,קליליות קידס 30גר,,30.00,100 גרם,false,,11.90,0.3967,true,1,220691
7290012025822,false,שמיר סלק אסלי 400 גרם,"סלטי שמיר 2006 בע""מ",,סלק אסלי 400גר,,400.00,"100 מ""ל",false,,13.90,0.0348,true,1,197969
7290012025839,false,מטבוחה שמיר אסלי 400 גרם,"סלטי שמיר 2006 בע""מ",,מטבוחה אסלי 400גר,,400.00,"100 מ""ל",false,,13.90,0.0348,true,1,197970
7290012071690,false,מגבונים אנטי-בקטריאליים לניקוי משטחים,"פישר תעשיות פרמצביטות בע""מ",,אלכוג'ל מגבונים אנטי,יחידה,0.00,יחידה,false,,13.90,0.0000,true,1,241435
7290012086113,false,עגבניות שרי אשכולות מארז,ביכורי השדה הצפון בעמ` 1964,,שרי קלמר ארוז 450 גר,,450.00,100 גרם,false,,9.90,0.0220,true,1,195866
7290012116537,false,"מקסימה אבקת כביסה בניחוח מאסק סנו 2.5 ק""ג",החברה הדרומית לשיווק בעמ,,אבקת מקסימה 2.5 קג מ,קילוגרמים,2.50,"ק""ג",false,,25.90,10.3600,true,1,204176
7290012116551,false,אנטי קאלק נוזל לניקוי כללי סנו 2 ליטר,החברה הדרומית לשיווק בעמ,,אנטי קאלק ניקוי כללי,,2000.00,"100 מ""ל",false,,21.90,0.0109,true,1,180755
7290012117039,false,נוזל לניקוי אמבטיה 00 סנו 1 ליטר,החברה הדרומית לשיווק בעמ,,נוזל 00 לאמבטיה 1ליט,,1000.00,"100 מ""ל",false,,8.90,0.0089,true,1,180778
7290012117091,false,"אבקת כביסה סנסיטיב סנו מקסימה 6 ק""ג",החברה הדרומית לשיווק בעמ,,סנו מקסימה אבקת כביס,קילוגרמים,6.00,"ק""ג",false,,49.90,8.3167,true,1,180782
7290012117411,false,"שמפו וג'ל רחצה רויבוס 700 מ""ל ""קרמה""",החברה הדרומית לשיווק בעמ,,קרמה גל רחצה לגבר במ,,700.00,100 גרם,false,,17.90,0.0256,true,1,180790
7290012117428,false,"ג'ל רחצה ושמפו מעיינות מנטה קרמה מן 700 מ""ל",החברה הדרומית לשיווק בעמ,,קרמה שמפו גל רחצה לג,,700.00,"100 מ""ל",false,,17.90,0.0256,true,1,180791
7290012117435,false,"קרמה - שמפו וג'ל רחצה 2 ב-1 אלוורה 700 מ""ל",החברה הדרומית לשיווק בעמ,,קרמה גל רחצה לגבר אל,,700.00,"100 מ""ל",false,,17.90,0.0256,true,1,180792
7290012117534,false,מרכך כביסה מרוכז תכלת קול סנו מקסימה 1 ליטר,החברה הדרומית לשיווק בעמ,,סנו מקסימה קומפקט 1ל,,1000.00,"100 מ""ל",false,,18.90,0.0189,true,1,180796
7290012117541,false,מרכך כביסה מרוכז צהוב סנו מקסימה 1 ליטר,החברה הדרומית לשיווק בעמ,,סנו מקסימה קומפקט צה,,1000.00,"100 מ""ל",false,,18.90,0.0189,true,1,180797
7290012117558,false,מקסימה מרכך כביסה מרוכז ורוד בניחוח מאסק סנו 1 ליטר,החברה הדרומית לשיווק בעמ,,סנו מקסימה קומפקט מא,,1000.00,"100 מ""ל",false,,18.90,0.0189,true,1,180798
7290012117732,false,מקסימה מרכך כביסה ארומתרפי קול סנו 4 ליטר,החברה הדרומית לשיווק בעמ,,סנו מקסימה מרכך כביס,ליטרים,4.00,ליטר,false,,22.90,5.7250,true,1,180814
7290012117916,false,אינסטלטור נוזל לפתיחת סתימות סנו 1 ליטר,החברה הדרומית לשיווק בעמ,,סנו אינסטלטור נוזל 1,,1000.00,"100 מ""ל",false,,29.90,0.0299,true,1,180821
7290012139567,false,בונזו ג'וי ביסקוויט עוף 122 גרם,דיפלומט מפיצים (1968) בעמ**,,בונזו ג'וי ביסקוויט,,90.00,100 גרם,false,,17.90,0.1989,true,1,225290
7290012191855,false,עשיריית גפרורים שמאי,,,גפרור רגיל עשיריות,יחידה,0.00,יחידה,false,,2.90,0.0000,true,1,241044
7290012191886,false,שמאי - גפרור ענק,,,גפרור ענק,יחידה,0.00,יחידה,false,,6.90,0.0000,true,1,241045
7290012193125,false,ממתיק על בסיס סוכרלוז - טבליות,"קיפל טבליות וממתיקים בע""מ",,סוכרלוז מרמולייט 150,,150.00,גרם,false,,34.90,0.2327,true,1,207066
7290012226014,false,נקניקיות וינר זוגלובק 800 גרם,נקניק נהריה כשר זוגל,,נקניקיות וינר זוגלוב,,800.00,"100 מ""ל",false,,22.90,0.0286,true,1,211774
7290012226021,false,נקניק סלמי מעושן פראג זוגלובק (400 גרם),נקניק נהריה כשר זוגל,,*מבצע* סלמי מעושן פר,,400.00,100 גרם,false,,16.90,0.0422,true,1,211775
7290012226120,false,קבנוס זוגלובק (45x3 גרם),נקניק נהריה כשר זוגל,,קבנוס זוגלובק 135גר,,135.00,"100 מ""ל",false,,11.90,0.0881,true,1,211777
7290012226342,false,נקניקיה טבעונית למחבת או לתנור עשירה בחלבון,זוגלובק שיווק בעמ,,נקניקיות טבעונית זוג,,460.00,"100 מ""ל",false,,29.90,0.0650,true,1,223781
7290012226922,false,קבנוס בטעם שום זוגלובק (45x3 גרם),נקניק נהריה כשר זוגל,,קבנוס בטעם שום זוגלו,,135.00,"100 מ""ל",false,,11.90,0.0881,true,1,211782
7290012226939,false,קבנוס עם צ'ילי חריף זוגלובק 135 גרם,נקניק נהריה כשר זוגל,,קבנוס בטעם צילי זוגל,,135.00,"100 מ""ל",false,,11.90,0.0881,true,1,211783
7290012226991,false,"נקניקיות עוף באריזת ג''מבו 1.5 ק""ג זוגלובק",נקניק נהריה כשר זוגל,,*מבצע* נקניקיות בארי,,1000.00,100 גרם,false,,26.90,0.0269,true,1,238680
7290012227325,false,סלמי דק דק מעושן איטלקי 120 ג' זוגלובק,זוגלובק שיווק בעמ,,סלמי מעושן דק דק 120,,120.00,100 גרם,false,,14.90,0.1242,true,1,223024
7290012227400,false,נקניקיות עוף זוגלובק 800 גרם,נקניק נהריה כשר זוגל,,נקניקיות עוף זוגלובק,,800.00,"100 מ""ל",false,,22.90,0.0286,true,1,211802
7290012227615,false,נקניקיות עוף זוגלובק 800 ג' מחפוד,זוגלובק שיווק בעמ,,נקניקיות עוף מחפוד 8,,800.00,100 גרם,false,,22.90,0.0286,true,1,211808
7290012227912,false,קבנוס מעודן זוגלובק 135 גרם,נקניק זוגלובק נהריה,,קבנוס מעודן זוגלובק,,135.00,"100 מ""ל",false,,11.90,0.0881,true,1,211823
7290012227974,false,פסטרמה הודו בדבש טהור דק דק דק,זוגלובק שיווק בעמ,,פסטרמה בדבש דק דק 12,,120.00,100 גרם,false,,14.90,0.1242,true,1,223025
7290012227981,false,פסטרמה דק דק ברביקיו 120 ג' זוגלובק,זוגלובק שיווק בעמ,,פסטרמה ברביקיו דק דק,,120.00,100 גרם,false,,14.90,0.1242,true,1,223026
7290012227998,false,פסטרמה דק דק חזה בקר 120 ג' זוגלובק,זוגלובק שיווק בעמ,,חזה בקר דק דק 120גר,,120.00,100 גרם,false,,14.90,0.1242,true,1,223027
7290012228124,false,קבנוס סטיקס עם נגיעות מלח ים סדרת ריינהולד'ס,זוגלובק שיווק בעמ,,קבנוס סטיקס זוגלובק,,50.00,100 גרם,false,,9.90,0.1980,true,1,222360
7290012228261,false,נקנקיות קנקרס הודו ועוף ריינהולד'ס זוגלובק 300 ג',זוגלובק שיווק בעמ,,נקניקיות הודו פרמיום,,300.00,100 גרם,false,,19.90,0.0663,true,1,225354
7290012228278,false,נקנקיות בוקוורסט עוף ובקר ריינהולד'ס 310 ג' זוגלובק,זוגלובק שיווק בעמ,,נקניקיות הודו בקר רי,,310.00,100 גרם,false,,19.90,0.0642,true,1,225355
7290012228704,false,הספרדיה – נקניקיית עוף ובקר חריפות ריינהולד'ס,זוגלובק שיווק בעמ,,נקניקיות סוסג' ספרדי,,300.00,100 גרם,false,,19.90,0.0663,true,1,225924
7290012228728,false,קבנוס סטיקס בסגנון מקסיקני חריף סדרת ריינהולד'ס,זוגלובק שיווק בעמ,,קבנוס סטיקס מקסיקני,,50.00,100 גרם,false,,9.90,0.1980,true,1,240803
7290012228766,false,קבנוס מחפוד זוגלובק 120 גרם,זוגלובק שיווק בעמ,,קבנוס מחפוד זוגלובק,,120.00,100 גרם,false,,12.90,0.1075,true,1,243482
7290012245312,false,"גולד ציפס אמריקאי 1.5 ק""ג קפוא זן",קפוא-זן תעשיות מזון בעמ - תפוג,,גולד ציפס אמריקאי 1.,קילוגרמים,1.50,"ק""ג",false,,19.90,13.2667,true,1,240232
7290012245329,false,"גולד צ'יפס קלאסי 1.5 ק""ג קפוא זן",קפוא זן תעשיות מזון בעמ,,גולד צ'יפס קלאסי1.5,,1500.00,100 גרם,false,,19.90,0.0133,true,1,240231
7290012245336,false,"גולד צ'יפס סטייק 1.5 ק""ג גולד שארית",קפוא-זן תעשיות מזון בעמ - תפוג,,גולד סטייק צ'יפס -1.,,1500.00,100 גרם,false,,19.90,0.0133,true,1,240233
7290012245343,false,"צ'יפס זיג זג 1.5 ק""ג גולד שארית",קפוא-זן תעשיות מזון בעמ - תפוג,,גולד צ'יפס זיג זג 1.,קילוגרמים,1.50,"ק""ג",false,,19.90,13.2667,true,1,240234
7290012247002,false,כרעיים עוף טרי ארוז,,,כרעיים עוף טרי ארוז,קילוגרמים,1.00,"ק""ג",true,,29.90,29.9000,true,1,246693
7290012247019,false,עוף שלם טרי ארוז,,,עוף שלם טרי ארוז,קילוגרמים,1.00,"ק""ג",true,,19.90,19.9000,true,1,246686
7290012247040,false,כבד עוף טרי ארוז לצל,,,כבד עוף טרי ארוז לצל,קילוגרמים,1.00,"ק""ג",true,,24.90,24.9000,true,1,246703
7290012247057,false,לב עוף טרי ארוז,,,לב עוף טרי ארוז,קילוגרמים,1.00,"ק""ג",true,,34.90,34.9000,true,1,246704
7290012247064,false,כנפיים עוף טרי ארוז,,,כנפיים עוף טרי ארוז,קילוגרמים,1.00,"ק""ג",true,,11.90,11.9000,true,1,246705
7290012247101,false,שוקיים עוף טרי ארוז,,,שוקיים עוף טרי ארוז,קילוגרמים,1.00,"ק""ג",true,,35.90,35.9000,true,1,246694
7290012309311,false,ערמונים קלופים ששון הקולה 100 גרם,דין שיווק וקליה 2021 בעמ,,ערמונים קלופים שלמים,,100.00,100 גרם,false,,6.90,0.0690,true,1,200426
7290012309939,false,חלווה מסולסלת בקופסא ששון הקולה 500 גרם,דין שיווק וקליה 2021 בעמ,,חלבה מסולסלת 500גר,,500.00,100 גרם,false,,13.90,0.0278,true,1,200439
7290012384479,false,עוגת שמרים תפוחים La Farina.,,,עוגת שמרים תפוח לה פ,יחידה,0.00,יחידה,false,,38.90,0.0000,true,1,240914
7290012404955,false,נקטר חמוציות ספרינג קולקשן (1.25 ליטר),יפאורה - שותפות מוגבלת לשיווק,,ספרינג קולקשיין נקטר,,1250.00,"100 מ""ל",false,,13.90,0.0111,true,1,181756
7290012404993,false,נקטר דיאט חמוציות ספרינג קולקשן 1.25 ליטר,יפאורה - שותפות מוגבלת לשיווק,,ספרינג קולקשיין דיאט,,1250.00,"100 מ""ל",false,,13.90,0.0111,true,1,181759
7290012413636,false,תה ירוק צ'אי מסאלה ויסוצקי 25 יחידות,תה ויסוצקי (ישראל) בעמ,,תה ירוק מסאלה 25יח,,1500.00,100 גרם,false,,25.90,0.0173,true,1,190660
7290012413643,false,תה ירוק קמומיל ויסוצקי 25 יחידות,תה ויסוצקי (ישראל) בעמ,,תה ירוק קמומיל 25יח,,25.00,גרם,false,,25.90,1.0360,true,1,190661
7290012426421,false,מפיץ ריח בקבוק בקופס,,,מפיץ ריח בקבוק בקופס,יחידה,0.00,יחידה,false,,19.90,0.0000,true,1,224869
7290012454172,false,סוכריות ללא תוספת סוכר בטעם תות מיה 80 גרם,מיה תעשיות מזון מ.ת.מ. בעמ,,סוכריות ללא סוכר יוג,,80.00,100 גרם,false,,5.90,0.0738,true,1,230537
7290012483011,false,"פולי סויה קופאים 1 ק""ג וילי פוד",ג.וילי פוד אינטרנשיונל בעמ,,פולי סויה קפואים 1 ק,,1000.00,100 גרם,false,,19.90,0.0199,true,1,246567
7290012483608,false,"אורז בסגנון בסמטי מובחר 5ק""ג DAWAT",ג.וילי-פוד אינטרנשיונל בעמ,,אורז בסמטי ויליפוד 5,,5000.00,100 גרם,false,,49.90,0.0100,true,1,178717
7290012522581,false,טבעול שניצל תירס ללא גלוטן טבעול 664 גרם,קבוצת אוסם סחר-שות.מוגבלת,,שניצל תירס ללא גלוטן,,664.00,"100 מ""ל",false,,29.90,0.0450,true,1,177253
7290012525452,false,טילון אקסטרים נוק אאוט שוקו וניל 70ג',נגה גלידות שותפות מוגבלת,,טילון אקסטרים שוקו ו,יחידה,0.00,יחידה,false,,7.90,0.0000,true,1,228133
7290012561405,false,בצל קצוץ ומטוגן דורות (180 גרם),קבוצת אוסם סחר שותפות מוגבלת,,בצל חצי מטוגן דורות,,180.00,100 גרם,false,,11.90,0.0661,true,1,177264
7290012576607,false,"יין קברנה סוביניון פרמייר מלבק אדום ברקן 750 מ""ל","ברקן שיווק והפצה בע""",,יין פרימייר אדום קבר,,750.00,"100 מ""ל",false,,29.90,0.0399,true,1,173233
7290012576614,false,יין Premieur לבן חצי יבש אמרלד ריזלינג קולומברד,יקבי ברקן שיווק והפצה בע,,יין פרימייר לבן ריזל,,750.00,"100 מ""ל",false,,29.90,0.0399,true,1,173234
7290012642036,false,"פסטה ""לה פסטה"" 400 ג' ספגטי 400 ג'",תומר יבוא ושיווק מוצרי מזון (1,,פסטה לה פסטה 5 ספגטי,,400.00,"100 מ""ל",false,,4.90,0.0123,true,1,175260
7290012642852,false,פלפל אדום קלוי על האש עם שום 540 תומר,סאטקו,,פלפל אדום קלוי על הא,,540.00,100 גרם,false,,9.90,0.0183,true,1,175278
7290012642869,false,פלפלונים אדום בחומץ חריף 540 מ`ל תומר,תומר ייבוא ושיווק מוצרי מזון [,,פלפל חריף פעמון אדום,,530.00,100 גרם,false,,9.90,0.0187,true,1,175279
7290012642876,false,פלפלונים מעורב צבעוני בחומץ חריף6X,סאטקו,,פלפלונים מעורבים כבו,,530.00,100 גרם,false,,9.90,0.0187,true,1,175280
7290012645020,false,"יוגורט עיזים טבעי בבקבוק חלב הארץ 500 מ""ל",שטראוס גרופ בעמ/מצונן,,משקה יוגורט עיזים חל,,500.00,"100 מ""ל",false,,12.90,0.0258,true,1,244041
7290012645112,false,יוגורט עיזים 2.8% בדלי חלב הארץ 750 גרם,שטראוס גרופ בעמ/מצונן,,יוגורט עיזים בדלי 75,,750.00,"100 מ""ל",false,,20.70,0.0276,true,1,195875
7290012645129,false,יוגורט כבשים 5% בדלי חלב הארץ 750 גרם,שטראוס גרופ בעמ/מצונן,,יוגורט כבשים 750מל ב,,750.00,100 גרם,false,,20.70,0.0276,true,1,195876
7290012645174,false,גבינת עיזים 5% חלב הארץ 200 גרם,שטראוס גרופ בעמ/מצונן,,גבינה לבנה עיזים 5%,,200.00,100 גרם,false,,14.90,0.0745,true,1,249309
7290012645181,false,לאבנה עיזים 5% חלב הארץ 200 גרם,שטראוס גרופ בעמ/מצונן,,לאבנה עיזים 5% חלב ה,,200.00,100 גרם,false,,14.90,0.0745,true,1,249308
7290012645297,false,יוגורט עיזים ביו 2.8% טעם טבעי חלב הארץ 150 גרם,שטראוס גרופ בעמ/מצונן,,יוגורט עיזים בטעם טב,,150.00,100 גרם,false,,5.90,0.0393,true,1,195881
7290012645389,false,יוגורט עיזים טבעי 1 ליטר בבקבוק חלב האר,שטראוס גרופ בעמ/מצונן,,יוגורט טבעי בקבוק 1ל,,1000.00,100 גרם,false,,23.50,0.0235,true,1,195884
7290012665059,false,קובה למרק חמים וטעים,"חמים וטעים בע""מ",,קובה למרק חמים וטעים,,400.00,100 גרם,false,,16.90,0.0422,true,1,172432
7290012697081,false,סוכרזית מהטבע סטיוויה 100שקיות 100גרם,שטראוס גרופ בע`מ,,סוכרזית מהטבע סטיווי,יחידה,0.00,יחידה,false,,34.90,0.0000,true,1,213809
7290012803055,false,סוכרלוז מרמולייט- 100שקיות אישיות,"קיפל טבליות וממתיקים בע""מ",,סוכרלוז מרמולייט 100,,100.00,100 גרם,false,,29.90,0.2990,true,1,207084
7290012803222,false,טוסו ופל בסגנון בלגי בטעם לימון ללא תוספת סוכר 200 גרם,בטר אנד דיפרנט,,וופל טוסו וופל בלגי,,200.00,100 גרם,false,,10.90,0.0545,true,1,207093
7290012803765,false,טוסו שוקולד מריר ללא תוספת סוכר 100 גרם,אלטינמארקה גידה סאן,,שוקולד טוסו מריר 100,,100.00,100 גרם,false,,12.90,0.1290,true,1,207118
7290012803789,false,טוסו שוקולד מריר עם אגוזים ללא תוספת סוכר 100 גרם,האי נאם סי או אל.טי.,,שוקולד טוסו מריר ואג,,100.00,100 גרם,false,,12.90,0.1290,true,1,207120
7290012803796,false,טוסו שוקולד חלב עם אגוזים ללא תוספת סוכר 100 גר',אלטינמארקה גידה סאן,,שוקולד טוסו חלב ואגו,,100.00,100 גרם,false,,12.90,0.1290,true,1,207121
7290012823251,false,אל סבון נוזלי יסמין ולבנדר כיף (1 ליטר),החברה הדרומית לשיווק בעמ,,כיף אל סבון יסמין לב,,1000.00,100 גרם,false,,13.90,0.0139,true,1,180849
7290012823381,false,מקסימה מרכך כביסה מרוכז סנסטיב בייבי סנו 1 ליטר,החברה הדרומית לשיווק בעמ,,סנו מקסימה ורוד סנסט,,1000.00,100 גרם,false,,18.90,0.0189,true,1,180853
7290012823398,false,מטליות חד פעמיות לניקוי הרצפה בניחוח מרכך כביסה 10יח' סנו,החברה הדרומית לשיווק בעמ,,מטליות לחות לרצפה בנ,יחידה,0.00,יחידה,false,,13.90,0.0000,true,1,244854
7290012823404,false,מטהר אוויר פרש אוטומטיק יסמין וסנדלווד,החב. הדרומית לשיווק,,מטהר אוויר סנו פרש א,יחידה,0.00,יחידה,false,,15.90,0.0000,true,1,231534
7290012823541,false,ריצפז פרש מטליות לחות לרצפה בניחוח לבנדר 10 יחידות,החברה הדרומית לשיווק בעמ,,מטליות לחות לרצפה בנ,יחידה,0.00,יחידה,false,,13.90,0.0000,true,1,180857
7290012823602,false,נייר טואלט סופט סילק לבן 32 גלילים סנו,החברה הדרומית לשיווק בעמ,,*מבצע* סופט סילק ניי,,1950.00,100 גרם,false,,34.90,0.0179,true,1,180861
7290012823923,false,"מרכך כביסה מרוכז פרפיום גולדן מקסימה 750 מ""ל",החברה הדרומית לשיווק בעמ,,סנו מקסימה פרפיום גו,,750.00,"100 מ""ל",false,,18.90,0.0252,true,1,180877
7290012823947,false,"סנו - מרכך כביסה מרוכז פרפיום קריסטל נואר 750 מ""ל",החברה הדרומית לשיווק בעמ,,סנו מקסימה פרפיום קר,,750.00,"100 מ""ל",false,,18.90,0.0252,true,1,180879
7290012850011,false,מחית תפוחי עץ שלב 3 בילובד (190 גרם),שקד תבל בע`מ,,בלאבד מחית תפוחי עץ,,190.00,100 גרם,false,,5.90,0.0311,true,1,171881
7290012850073,false,מחית בוליווד סלט פירות 190 גרם,שקד תבל בע`מ,,בלאבד מחית סלט פירות,,190.00,100 גרם,false,,5.90,0.0311,true,1,171887
7290012864001,false,נבטי חמנייה ארוז א.אדמה,ביכורי השדה צפון 1994 ג.ד. בעמ,,נבטי חמניות,יחידה,0.00,יחידה,false,,8.90,0.0000,true,1,204778
7290012864025,false,נבטי אלפא אלפא ארוז א.אדמה,"בכורי השדה צפון1994 ג.ד. בע""מ",,נבטים,יחידה,0.00,יחידה,false,,7.90,0.0000,true,1,204779
7290012881817,false,ת.מ.א.לימון 300 מל מגיק,סאסאטק,,מטהר אוויר לימון 300,,300.00,100 גרם,false,,4.90,0.0163,true,1,202792
7290012881824,false,מטהר אוויר אביבי 300,סאסאטק,,מטהר אוויר אביבי 300,,300.00,"100 מ""ל",false,,4.90,0.0163,true,1,202793
7290012881992,false,נוזל שמשות לרכב מקסוול 4ליטר,סאסאטק אגשח בעמ,,נוזל שמשות סאסאטק 4,ליטרים,4.00,ליטר,false,,9.90,2.4750,true,1,202794
7290012899225,false,מלפפון בחומץ 10-12 5,,,מלפפון בחומץ 10-12 5,,540.00,100 גרם,false,,8.50,0.0157,true,1,233208
7290012899867,false,מלפפון במלח 10-12 יח,פרי חן,,מלפפונים במלח 10-12,,540.00,100 גרם,false,,8.50,0.0157,true,1,233205
7290012901355,false,דודלס ארוחת אטריות עם גבינה 206 גרם,האי נאם סי או אל.טי.,,פסטה מקרוני עם גבינה,,206.00,"100 מ""ל",false,,12.90,0.0626,true,1,228020
7290012929779,false,פסטה מקמח מלא ספירלה 500גרם טעמן,מוצרי יסוד - טעמן,,פסטה ספירלה חיטה מלא,,500.00,100 גרם,false,,6.90,0.0138,true,1,194447
7290012929786,false,פסטה מקמח מלא צינורות 500 גרם טעמן,מוצרי יסוד - טעמן,,פסטה צינורות חיטה מל,,500.00,100 גרם,false,,6.90,0.0138,true,1,194448
7290012929793,false,פסטה ספדטי מקמח מלא טעמן 500 גר',מוצרי יסוד - טעמן,,ספגטי מחיטה מלאה 500,,500.00,100 גרם,false,,6.90,0.0138,true,1,194449
7290012931611,false,כריות ברזל לקרצוף חזק שייני 3 יחידות,מ.א.ייצור ויבוא מטליות בעמ,,כריות ברזל 3יח,,3.00,גרם,false,,6.90,2.3000,true,1,197533
7290012938405,false,"רדיד אלומיניום עבה במיוחד לבישול,אפייה והקפאה.",גורי ע.ע.ע. בע`מ,,דאיימונד נייר כסף 87,,0.45,100 ליטר,false,,19.90,44.2222,true,1,199303
7290012938580,false,"סנסודיין משחת שיניים להלבנה עדינה 75 מ""ל",גלקסוסמית'\קליין קונסיומ,,סנסודיין משחת שיניים,,75.00,"100 מ""ל",false,,21.90,0.2920,true,1,199307
7290012938597,false,משחת שיניים רפיד רליף סנסודיין (75 מל),"סמיתקליין ביצ'ם בע""מ",,סנסודיין משחת שיניים,,75.00,"100 מ""ל",false,,21.90,0.2920,true,1,199308
7290012938740,false,"משחת שיניים פרש מינט מנטה 75מ""ל סנסודיין",גלקסו סמית קליין,,סנסודיין משחת שיניים,,75.00,"100 מ""ל",false,,21.90,0.2920,true,1,199312
7290012983160,false,סילאן לחיץ 400גר חתם סופר,"חצר כנרת מוצרי תמר אגש""ח",,סילאן לחיץ חצר כנרת,,400.00,100 גרם,false,,10.00,0.0250,true,1,213906
7290012996672,false,סבון אסלה + בושם ל24 שעות ביום הפי,יעקב יעקבי ובניו בעמ,,הפי סבון אסלה מבושם,,110.00,100 גרם,false,,12.90,0.1173,true,1,183575
7290013038432,false,מים אקווה נובה בקבוק יחיד,טמפו משקאות בע`מ,,מים אקווה נובה 2 ליט,,2000.00,100 גרם,false,,3.20,0.0016,true,1,204180
7290013083661,false,"מטרנה אקסטרה קר שלב 1 חסכון 700 גרם תמ""ל",קבוצת אוסם סחר-שות.מוגבלת,,מטרנה אקסטרא קר שלב,,700.00,100 גרם,false,,59.90,0.0856,true,1,177273
7290013083678,false,"מטרנה אקסטרה קר שלב 2 חסכון 700 גרם תמ""ל",קבוצת אוסם סחר-שות.מוגבלת,,מטרנה אקסטרא קר שלב,,700.00,"100 מ""ל",false,,59.90,0.0856,true,1,177274
7290013083685,false,תחליף חלב מטרנה אקסטרה קר שלב 3 חסכון 700 גרם,קבוצת אוסם סחר-שות.מוגבלת,,מטרנה אקסטרא קר שלב,,700.00,100 גרם,false,,59.90,0.0856,true,1,177275
7290013117212,false,בורקס פילו במילוי גבינה מעדנות 600 גר,תנובה מרכז שיתופי לשיווק תוצרת,,בורקס פילו גבינה מעד,,600.00,100 גרם,false,,19.90,0.0332,true,1,188394
7290013117229,false,"בורקס פילו במילוי תפו""א מעדנות 600 גר",תנובה מרכז שיתופי לשיווק תוצרת,,בורקס פילו תפוא מעדנ,,600.00,100 גרם,false,,19.90,0.0332,true,1,188395
7290013117236,false,בורקס פילו פיצה מעדנות 600 גרם,תנובה מרכז שיתופי לשיווק תוצרת,,בורקס פילו פיצה מעדנ,,600.00,100 גרם,false,,19.90,0.0332,true,1,188396
7290013117243,false,בורקס פילו בולגרית מעדנות 600 גרם,תנובה מרכז שיתופי לשיווק תוצרת,,בורקס פילו בולגרית מ,,600.00,"100 מ""ל",false,,19.90,0.0332,true,1,188397
7290013117410,false,בצק פריך מרודד למאפים מתוקים 900 ג' מעדנות,תנובה מרכז שיתופי לשיווק תוצרת,,בצק פריך מרודד למאפי,,900.00,"100 מ""ל",false,,23.90,0.0266,true,1,188400
7290013117427,false,בצק פריך מרודד למאפים מלוחים מעדנות 2*450 גרם,תנובה מרכז שיתופי לשיווק תוצרת,,בצק פריך מרודד למאפי,,900.00,100 גרם,false,,23.90,0.0266,true,1,188401
7290013117526,false,בצק שמרים מרודד למאפים מתוקים מעדנות 900 גרם,תנובה מרכז שיתופי לשיווק תוצרת,,בצק שמרים למאפים מתו,,900.00,100 גרם,false,,23.90,0.0266,true,1,188406
7290013153593,false,תפוזים מתקתק 100% פריגת 1 ליטר,החברה המרכזית טלהפצת משקאות בע,,פריגת מיץ תפוזים מתק,,1000.00,"100 מ""ל",false,,14.90,0.0149,true,1,246637
7290013267665,false,סולרו מיני קלאסי - פירות טרופיים (חלבי),"מיוצר ע""\י גלידת שטראוס",,מיני סולרו טרופי מאג,יחידה,0.00,יחידה,false,,24.90,0.0000,true,1,187589
7290013268020,false,מקסימה מרכך כביסה מרוכז בניחוח אולטרא פרש סנו 1 ליטר,החברה הדרומית לשיווק בעמ,,סנו מקסימה אולטרא פר,,1000.00,"100 מ""ל",false,,18.90,0.0189,true,1,180885
7290013268037,false,מקסימה מרכך כביסה מרוכז בניחוח לבנדר פצ'ולי סנו 1 ליטר,החברה הדרומית לשיווק בעמ,,סנו מקסימה פצ'ולי סג,,1000.00,100 גרם,false,,18.90,0.0189,true,1,180886
7290013268242,false,תרכיז ריחני לניקוי רצפות בריח מלון מפנק ריצפז פרש,החברה הדרומית לשיווק בעמ,,ריצפז פרש הום בניחוח,,2000.00,"100 מ""ל",false,,23.90,0.0119,true,1,240734
7290013268884,false,"נוזל רצפות מאסק 2 ליטר ""ריצפז פרש""",החברה הדרומית לשיווק בעמ,,ריצפז פרש מאסק 2ליטר,ליטרים,2.00,ליטר,false,,21.90,10.9500,true,1,180934
7290013268891,false,אוקסיג'ן ג'ל ללא אקונומיקה עם חמצן פעיל סנו 3 ליטר,החברה הדרומית לשיווק בעמ,,סנו אוקסיגן 3ליטר,,3000.00,"100 מ""ל",false,,32.90,0.0110,true,1,180935
7290013268983,false,מרכך כביסה סופר מרוכז בבישום עוצמתי סנו מקסימה 1 ל',החברה הדרומית לשיווק בעמ,,סנו מקסימה מרכך סופר,,1000.00,100 גרם,false,,18.90,0.0189,true,1,246018
7290013268990,false,מרכך כביסה מרוכז לבן ביו סנו מקסימה 1 ליטר,החברה הדרומית לשיווק בעמ,,סנו מקסימה ביו 1ליטר,,1000.00,"100 מ""ל",false,,18.90,0.0189,true,1,195920
7290013269003,false,מרכך כביסה סופר מרוכז בייבי לתינוקות ולעור רגיש,החברה הדרומית לשיווק בעמ,,סנו מקסימה קר בייבי,,1000.00,"100 מ""ל",false,,19.90,0.0199,true,1,180939
7290013269096,false,מטליות לחות לטיפול במוצרי עור,מיוצר עי קונדיטוריית,,מטליות לחות לטיפול ב,,20.00,100 מ'ל,false,,12.90,0.6450,true,1,180943
7290013269157,false,"מרכך מבשם למייבש כביסה לבנדר סנו מקסימה 750 מ""ל",החב הדרומית לשיווק,,סנו מקסימה למייבש לב,,750.00,"100 מ""ל",false,,19.90,0.0265,true,1,180947
7290013269263,false,ג'ל כביסה מרוכז מקסימה בבישום קריסטל נואר,החברה הדרומית לשיווק בעמ,,סנו מקסימה גל כביסה,ליטרים,3.00,ליטר,false,,32.90,10.9667,true,1,180950
7290013269287,false,סנו - מקסימה ג'ל כביסה מרוכז מאסק 3 ליטר,החברה הדרומית לשיווק בעמ,,סנו מקסימה גל כביסה,ליטרים,3.00,ליטר,false,,32.90,10.9667,true,1,180952
7290013269348,false,K3 תחנת פיתיון קוטל תיקנים (ג'וקים) בבית ובחצר,החברה הדרומית לשיווק בעמ,,סנו קיי תחנת פיתיון,יחידה,0.00,יחידה,false,,54.90,0.0000,true,1,240930
7290013269621,false,ריצפז פרש לניקוי רצפות בניחוח מלון בוטיק,החברה הדרומית לשיווק בעמ,,ריצפז פרש הום בניחוח,ליטרים,2.00,ליטר,false,,23.90,11.9500,true,1,225690
7290013269638,false,ספוג הפלא אקסטרה Extra- מארז 6 יח',החברה הדרומית לשיווק בעמ,,סנו סושי ספוג הפלא א,יחידה,0.00,יחידה,false,,11.90,0.0000,true,1,180964
7290013269645,false,ריצפז פרש מטליות לחות לריצפה בניחוח מאסק 10 יחידות,החברה הדרומית לשיווק בעמ,,מטליות לחות ריצפז פר,יחידה,0.00,יחידה,false,,13.90,0.0000,true,1,180965
7290013269669,false,ריצפז בניחוח פנטזיה לניקוי הרצפה,החברה הדרומית לשיווק בעמ,,ריצפז פנטזיה 3ליטר,ליטרים,3.00,ליטר,false,,14.90,4.9667,true,1,180967
7290013269751,false,מטליות לחותריצפז פרש לניקוי ריצפה בניחות מלון בוטיק 10 יח' סנו,החברה הדרומית לשיווק בעמ,,ריצפז פרש הום מטליות,,10.00,גרם,false,,13.90,1.3900,true,1,226390
7290013284136,false,פריניר מלפפון במלח 7-9 560ג.,אבאל יזמות בעמ,,מלפפון במלח 7-9 פרינ,,560.00,"100 מ""ל",false,,6.90,0.0123,true,1,225862
7290013284174,false,פריניר מלפפונים בחומץ 7-9 560גר.,אבאל יזמות בעמ,,מלפפון בחומץ 7-9 פרי,,560.00,100 גרם,false,,6.90,0.0123,true,1,225871
7290013301925,false,מפות שישיה דק שקוף 6/3.0,,,מפות שישיות שקוף 135,יחידה,0.00,יחידה,false,,6.90,0.0000,true,1,227769
7290013301970,false,אשפתון גליל 75/85 קומפקט 25 יח' ר. שמאי,,,אשפתון 75/85 גליל 25,יחידה,0.00,יחידה,false,,11.90,0.0000,true,1,227764
7290013302236,false,פסטה בילאג'יו פרפלה 500 גרם טעמן,מוצרי יסוד - טעמן,,פסטה פרפלה גמבו טעמן,,500.00,100 גרם,false,,4.90,0.0098,true,1,194457
7290013358363,false,מאסטר שף פרורי לחם פנקו עבים בסגנון יפני 300 גר,קריניציה ויטמינה אס,,פירורי לחם פנקו מאסט,,300.00,100 גרם,false,,8.90,0.0297,true,1,185672
7290013358431,false,מאסטר שף קרוטונים לסלט עגבניות ובזיליקום,עינת תעשיות מזון אגו,,קרוטונים לסלט עגבניו,,200.00,100 גרם,false,,12.90,0.0645,true,1,185678
7290013358448,false,"קרוטונים לסלט אקסטרה ארוכים בתיבול שום, בצל ופטרוזיליה",עינת תעשיות מזון אגו,,קרוטונים לסלט אקסטרה,,200.00,100 גרם,false,,12.90,0.0645,true,1,185679
7290013358486,false,מאסטר שף פירורים מוזהבים ללא צורך בביצה 300 ג,"מיוצר ע""י מנה י.א בע",,פירורי לחם מוזהבים ל,,300.00,100 גרם,false,,6.90,0.0230,true,1,185682
7290013358493,false,מנה אסייאתי קרם קוקוס פחית 400 מל מ.שף,תאי קוקונט פבליק קומפני,,קרם קוקוס פחית מאסטר,,400.00,100 גרם,false,,8.90,0.0223,true,1,185683
7290013358516,false,"מיקסלט חמוציות, גרעינים, קטניות ואגוזים",ש. שסטוביץ בע`מ,,מיקסלט עם חמוציות מא,,200.00,"100 מ""ל",false,,14.90,0.0745,true,1,185685
7290013358523,false,מאסטר שף שבבי בצל מטוגן 150 גרם,קריניציה ויטמינה אס,,שבבי בצל מטוגן מאסטר,,150.00,100 גרם,false,,12.90,0.0860,true,1,185686
7290013358806,false,מנה מאגדת פריכיות אורז עם מלח 264 גרם,ש. שסטוביץ בע`מ,,פריכיות מנה אורז עם,,264.00,100 גרם,false,,11.90,0.0451,true,1,231038
7290013358837,false,מנה מאגדת פריכיות אורז ללא מלח 264 גרם,ש. שסטוביץ בע`מ,,פריכיות מנה ללא מלח,,264.00,100 גרם,false,,11.90,0.0451,true,1,231039
7290013361998,false,"סטייק צ'יפס פרי הגליל 2 ק""ג",ויטה- פרי גליל (החדשה) בעמ,,"סטיק צ""יפס 2 קג פרי",יחידה,0.00,יחידה,false,,28.90,0.0000,true,1,229748
7290013389138,false,"ניוקי 500 ג' ""לה פסטה"" שלושה צבעים 500 גר' 12X",תומר ייבוא ושיווק מוצרי מזון [,,ניוקי שלושה צבעים 50,,500.00,100 גרם,false,,9.90,0.0198,true,1,175304
7290013389381,false,"קמח תירס פולנטה מולינו 1 ק""ג",תומר ייבוא ושיווק מוצרי מזון [,,"קמח תירס 1 ק""ג",,1000.00,100 גרם,false,,10.90,0.0109,true,1,175319
7290013440648,false,מאגדת שלגוני אבטיח נסטלה 5 יחידות,נגה גלידות שותפות מוגבלת,,קרחוני אבטיח מאגדת נ,יחידה,0.00,יחידה,false,,25.90,0.0000,true,1,183804
7290013472199,false,ערמונים קלופים וקלויים 105 גרם,ג.וילי-פוד אינטרנשיונל בעמ,,ערמונים ויליפוד 100ג,,100.00,100 גרם,false,,7.90,0.0790,true,1,178739
7290013472892,false,בולגריה קוביות במי מלח - מרכיבי חלב ושומן צמחי,ג.וילי-פוד אינטרנשיונל **גבינו,,בולגריה בקוביות וילי,,200.00,100 גרם,false,,11.90,0.0595,true,1,178758
7290013472908,false,הבולגריה בקוביות ויליפוד 400 גרם,ג.וילי-פוד אינטרנשיונל **גבינו,,הבולגריה בקוביות ויל,,400.00,100 גרם,false,,19.90,0.0497,true,1,224026
7290013492005,false,תפוח אדמה אדום למיקרו 600 ג',ביכורי השדה צפון 1994 ג.ד. בעמ,,"תפו""א למיקרו",יחידה,0.00,יחידה,false,,6.90,0.0000,true,1,204788
7290013525789,false,אריסה מרוקאית שמיר 150 גר',"סלטי שמיר 2006 בע""מ",,סלט עריסה מרוקאית שמ,,150.00,100 גרם,false,,11.90,0.0793,true,1,197976
7290013525796,false,סחוג תימני שמיר 150 גר',"סלטי שמיר 2006 בע""מ",,סלט סחוג תימני שמיר,,150.00,100 גרם,false,,11.90,0.0793,true,1,197977
7290013525819,false,סלט שום כתוש שמיר 15,"סלטי שמיר 2006 בע""מ",,סלט שום כתוש שמיר 15,,150.00,100 גרם,false,,11.90,0.0793,true,1,197979
7290013531117,false,רוטב פסטה לילדים יכין (240 גר`),"זנלכל בע""\מ",,רוטב פסטה לילדים יכי,,240.00,100 גרם,false,,5.90,0.0246,true,1,174382
7290013531346,false,סירופ דיאט בטעם לימונענע יכין 1 ליטר,זנלכול יכין,,סירופ דיאט לימונענע,,1000.00,"100 מ""ל",false,,16.90,0.0169,true,1,174386
7290013531377,false,תורמוס A2 יכין בית יוסף,היינץ צפון אמריקה מק,,תורמוס יכין 560 גרם,,560.00,100 גרם,false,,9.90,0.0177,true,1,174389
7290013531490,false,שעועית לבנה אפויה יכין,זנלכול יכין,,פול מתובל יכין 550גר,,550.00,100 גרם,false,,9.90,0.0180,true,1,174395
7290013531612,false,רוטב לפסטה נפוליטנה יכין 240 גרם,זנלכול יכין,,רוטב נפוליטנה יכין 2,,240.00,100 גרם,false,,5.90,0.0246,true,1,174396
7290013531629,false,רוטב לפסטה פומודורו 240 גרם יכין,היינץ צפון אמריקה מק,,רוטב פומדורו יכין 24,,240.00,100 גרם,false,,5.90,0.0246,true,1,174397
7290013531759,false,שעועית לבנה מבושלת במים יכין (550 גרם),זנלכול יכין,,שעועית אפוייה יכין 5,,550.00,"100 מ""ל",false,,9.90,0.0180,true,1,174405
7290013534057,false,"צ'יפס בטטה טבעי מיה 100ג' 'כשל""פ",מיה תעשיות מזון מ.ת.מ. בעמ,,חטיף צ'יפס בטטה 100,,100.00,100 גרם,false,,8.90,0.0890,true,1,233916
7290013539892,false,אל סבון נוזלי משאבה תה ירוק סטייל 1 ל',סטייל Style,,אל סבון נוזלי משאבה,,1000.00,ק'ג,false,,9.90,0.0099,true,1,237340
7290013539915,false,אל סבון נוזלי משאבה תה לבן סטייל 1 ל,גורי ע.ע.ע בעמ,,אל סבון נוזלי משאבה,,1000.00,יח',false,,9.90,0.0099,true,1,237341
7290013542014,false,סכינים לבנים 100 יח,,,סכינים ארוז 100 יח',יחידה,0.00,יחידה,false,,8.90,0.0000,true,1,197301
7290013542106,false,כוסות לונג דרינק גמי,,,כוסות לונג דרינק גמי,,10.00,גרם,false,,12.90,1.2900,true,1,197307
7290013542533,false,כוס נייר גדולה לשתיה,,,כוס נייר 12 אוז 50 י,יחידה,0.00,יחידה,false,,19.90,0.0000,true,1,197330
7290013579232,false,אוכמניות כחולות קפואות 250 גרם - Shake It,"הבו-קדו בע""\מn\",,אוכמניות כחולות קפוא,,250.00,100 גרם,false,,11.90,0.0476,true,1,248239
7290013579416,false,אננס קפוא 250 גרם - Shake It,בלדי בעמ,,אננס קפוא 250 גרם שי,,250.00,100 גרם,false,,11.90,0.0476,true,1,248242
7290013579492,false,"פיטאיה קפואה 250 גרם - Shake It - בד""ץ עדה חרדית","הבו-קדו בע""\מn\",,"פיטאיה קפואה בד""ץ 25",,250.00,100 גרם,false,,11.90,0.0476,true,1,249451
7290013579553,false,"אלוורה קפואה 250 גרם - I6 - בד""ץ עדה חרדית","הבו-קדו בע""\מn\",,אלוורה קפואה 250 גרם,,250.00,100 גרם,false,,11.90,0.0476,true,1,249452
7290013580009,false,המבורגר זהב 400 גרם הקצביה בלדי,בלדי בעמ,,המבורגר זהב ארוז 400,,400.00,100 גרם,false,,19.90,0.0497,true,1,227605
7290013581648,false,אל מטאדור מינוט סטייק 250 גרם בלדי,בלדי בעמ,,סטייק מינוט 250 גרם,,250.00,100 גרם,false,,19.90,0.0796,true,1,244001
7290013585233,false,"ספרייט זירו פחית סליק 330 מ""ל",החברה המרכזית להפצת משקאות בעמ,,ספרייט זירו סילק 330,,330.00,"100 מ""ל",false,,6.50,0.0197,true,1,209842
7290013585387,false,בקבוק זירו קוקה-קולה (1 ליטר),החברה המרכזית להפצת משקאות בעמ,,קוקה קולה זירו 1ליטר,,1000.00,100 גרם,false,,7.50,0.0075,true,1,209853
7290013585394,false,בקבוק קוקה-קולה (1 ליטר),החברה המרכזית להפצת משקאות בעמ,,קוקה קולה 1ליטר,,1000.00,100 גרם,false,,7.50,0.0075,true,1,209854
7290013585967,false,מארז ספרייט זירו Fridge Pack פחית 6*33,החברה המרכזית להפצת משקאות בעמ,,ספרייט זירו מארז פחי,,1980.00,100 גרם,false,,28.90,0.0146,true,1,209868
7290013608260,false,מיץ רימונים 100%מיץ סחוט טרי מצונן 1ליט,שטראוס גרופ בעמ/מצונן,,פרימור רימונים סחוט,,1000.00,100 גרם,false,,23.90,0.0239,true,1,195937
7290013608482,false,נקטר מנגו פרימור 1 ליטר,דיפלומט,,פרימור נקטר מנגו 1לי,,1000.00,"100 מ""ל",false,,8.90,0.0089,true,1,179623
7290013608550,false,נקטר תפוזים פרימור 1 ליטר,סטאר סנקס,,פרימור נקטר תפוזים 1,,1000.00,"100 מ""ל",false,,8.90,0.0089,true,1,179627
7290013608604,false,"משקה קל תפוחי עץ פרימור 500 מ""ל",סטאר סנקס,,פרימור תפוחי עץ 500,,500.00,"100 מ""ל",false,,5.90,0.0118,true,1,240781
7290013608680,false,מיץ עגבניות פרימור 1 ליטר,סטאר סנקס,,פרימור מיץ עגבניות 1,,1000.00,100 גרם,false,,8.90,0.0089,true,1,179630
7290013608703,false,"משקה קל אשכליות 500 מ""ל פרימור",סטאר סנקס,,פרימור אשכולית 500 מ,,500.00,"100 מ""ל",false,,5.90,0.0118,true,1,240783
7290013608772,false,"משקה קל תפוזים פרימור 500 מ""ל",סטאר סנקס,,"פרימור תפוזים 500 מ""",,500.00,"100 מ""ל",false,,5.90,0.0118,true,1,240784
7290013608796,false,"משקה קל תות בננה 500 מ""ל פרימור",,,פרימור תות בננה 500,,500.00,"100 מ""ל",false,,5.90,0.0118,true,1,240785
7290013608864,false,פרימור משקה פירות הדר 1 ליטר בתוספת ויטמין C,שטראוס גרופ בעמ/מצונן,,פרימור פירות הדר 1לי,,1000.00,"100 מ""ל",false,,16.90,0.0169,true,1,242875
7290013625922,false,אטריות דקות טעמן 400 גרם,מוטלו,,איטריות דקות טעמן 40,,400.00,100 גרם,false,,5.90,0.0148,true,1,194477
7290013645371,false,עוגיות שוקולד ציפס ללא גלוטן 200,גורי מוצרי צריכה (1991) בעמ,,עוגיות שוקולד ציפס 2,,200.00,100 גרם,false,,17.90,0.0895,true,1,192964
7290013652164,false,"ד""ר פישר - נטורל קר מגבונים להסרת איפור לעור רגיש 30 יח' * 3","פישר תעשיות פרמצביטות בע""מ",,נטורל קר מגבונים להס,יחידה,0.00,יחידה,false,,25.90,0.0000,true,1,213569
7290013652850,false,שמפו נטורל קר לשיער יבש ופגום חינה ושמן ארגאן,"פישר תעשיות פרמצביטות בע""מ",,נטורל קר שמפו לשיער,,700.00,"100 מ""ל",false,,18.90,0.0270,true,1,203979
7290013675545,false,שניצל כלי תחבורה מאמא עוף (700 גרם),תנובה גליל שותפות מוגבלת,,שניצל כלי תחבורה 700,,700.00,100 גרם,false,,37.90,0.0541,true,1,224204
7290013677822,false,"גריסי פנינה מיה 1 ק""ג",מיה תעשיות מזון מ.ת.מ. בעמ,,גריסי פנינה מיה 1קג,,1000.00,100 גרם,false,,7.90,0.0079,true,1,228637
7290013677839,false,"בורגול יבש מיה 1 ק""ג",מיה תעשיות מזון מ.ת.מ. בעמ,,בורגול מיה 1קג,,1000.00,100 גרם,false,,7.90,0.0079,true,1,228638
7290013677846,false,כוסמת מיה (1 קג),מיה תעשיות מזון מ.ת.מ. בעמ,,"כוסמת 1 ק""ג",,1000.00,"100 מ""ל",false,,12.90,0.0129,true,1,231952
7290013702883,false,"שוופס מוגז פירות לימונדה ורודה 500 מ""ל",יפאורה - שותפות מוגבלת לשיווק,,שוופס לימונדה ורודה,,500.00,100 גרם,false,,5.90,0.0118,true,1,181794
7290013724946,false,שקדים בשוקולד מריר בקופסא 140 גרם,דין שיווק וקליה 2021 בעמ,,משוקלדים שקד מריר קו,,160.00,100 גרם,false,,9.90,0.0619,true,1,200445
7290013724953,false,חמוציות בציפוי שוקולד בקופסא שקדיה 140 גרם,דין שיווק וקליה 2021 בעמ,,משוקולדים חמוציות חל,,160.00,100 גרם,false,,9.90,0.0619,true,1,200446
7290013724960,false,שקדים בציפוי שוקולד בקופסא שקדיה 140 גרם,דין שיווק וקליה 2021 בעמ,,משוקלדים שקד חלב קופ,,160.00,100 גרם,false,,9.90,0.0619,true,1,200447
7290013724977,false,צימוקים בשוקולד מריר בקופסא 140 גרם,דין שיווק וקליה 2021 בעמ,,משוקלדים צימוק מריר,,160.00,"100 מ""ל",false,,9.90,0.0619,true,1,200448
7290013724991,false,אגוזי לוז בציפוי שוקולד בקופסא שקדיה 140 גרם,דין שיווק וקליה 2021 בעמ,,משוקולדים לוז חלב קו,,160.00,"100 מ""ל",false,,9.90,0.0619,true,1,200450
7290013725752,false,נודלס דק להכנה מהירה400ג,דין שיווק וקליה 2021 בעמ,,נודלס דק סו שף 400גר,,400.00,100 גרם,false,,8.90,0.0223,true,1,200453
7290013725769,false,נודלס עבה הכנה מהירה400ג,דין שיווק וקליה 2021 בעמ,,נודלס עבה סו שף 400ג,,400.00,100 גרם,false,,8.90,0.0223,true,1,200454
7290013725820,false,אגוזי לוז בשוקולד מריר בקופסא 140 גרם,דין שיווק וקליה 2021 בעמ,,משוקלדים לוז מריר קו,,160.00,100 גרם,false,,9.90,0.0619,true,1,200455
7290013725844,false,שומשום בשוקולד מריר בקופסא 140 גרם,דין שיווק וקליה 2021 בעמ,,משוקלדים שומשום מריר,,160.00,100 גרם,false,,9.90,0.0619,true,1,200457
7290013771216,false,פטאקי 16% גבינות השומרון,מיוצר עי קונדיטוריית,,פטאקי 16% 250גר השומ,,250.00,"100 מ""ל",false,,14.90,0.0596,true,1,174194
7290013771261,false,בולגרית מעודנת 5% 250גרם,מחלבת השומרון,,בולגרית מעודנת 5% 25,,250.00,"100 מ""ל",false,,14.90,0.0596,true,1,174195
7290013771285,false,בולגרית קלאסית 5% 200גרם,מחלבת השומרון,,בולגרית קלאסית 5% 20,,200.00,100 גרם,false,,14.90,0.0745,true,1,174196
7290013771292,false,גבינה פטאקי 16% שומר,מחלבת השומרון,,פטאקי 16% 250גר הסדר,,250.00,"100 מ""ל",false,,14.90,0.0596,true,1,174197
7290013771384,false,יוגורט יווני השומרון,מיוצר עי קונדיטוריית,,יוגורט יווני השומרון,,400.00,100 גרם,false,,10.90,0.0273,true,1,174201
7290013771391,false,גב.צפתית מעודנת5% 200גר,מחלבת השומרון,,צפתית 200 גרם רגילה,,200.00,100 גרם,false,,12.90,0.0645,true,1,221100
7290013847386,false,סטארקיסט נתחי טונה בהירה במים ושמן קנולה בטעם טבעי 140 גרם,סטארקיסט דיפלומט היינץ,,טונה סטארקיסט לייט 4,,140.00,100 גרם,false,,7.80,0.0557,true,1,225919
7290013847393,false,סטארקיסט לייט נתחי טונה בהירה במים ושמן קנולה עם עשבי תיבול 140 גרם,סטארקיסט דיפלומט היינץ,,טונה סטארקיסט לייט 4,,140.00,100 גרם,false,,7.80,0.0557,true,1,225920
7290013847409,false,סטארקיסט לייט נתחי טונה בהירה במים ושמן קנולה עם לימון ופלפל חריף 140 גרם,סטארקיסט דיפלומט היינץ,,טונה סטארקיסט לייט 4,,140.00,"100 מ""ל",false,,7.80,0.0557,true,1,225921
7290013847454,false,טונה סטאריקיסט בשמן קנולה רביעייה 160 גר,דיפלומט מפיצים (1968) בעמ**,,טונה סטארקיסט בשמן ק,,640.00,100 גרם,false,,24.90,0.0389,true,1,246589
7290013847836,false,נתחי טונה בשמן קנולה זוג * 140 ג' סטארקיסט,דיפלומט מפיצים (1968) בעמ**,,טונה סטארקיסט בשמן ק,,140.00,100 מ'ל,false,,10.90,0.0779,true,1,223094
7290013848345,false,מארז מטליות לחיטוי וניקוי יסודי אנטיבקטריאלי 99.9%,החברה הדרומית לשיווק בעמ,,סנו מטליות לחות לחיט,יחידה,0.00,יחידה,false,,24.90,0.0000,true,1,242069
7290013848383,false,קרמה מן גל רחצה אקטיב בלוק 700 מל לגבר,החברה הדרומית לשיווק בעמ,,קרמה מן ג'ל רחצה אקט,,700.00,"100 מ""ל",false,,17.90,0.0256,true,1,180990
7290013861054,false,צימוקים בשוקולד חלב בקופסא 140 גרם,דין שיווק וקליה 2021 בעמ,,משוקלדים צימוק חלב ק,,160.00,100 גרם,false,,9.90,0.0619,true,1,200458
7290013861412,false,המתוקים של ששון קוקוס 250 גרם,דין שיווק וקליה 2021 בעמ,,חטיף קוקוס250גר,,250.00,100 גרם,false,,9.90,0.0396,true,1,200461
7290013861429,false,המתוקים של ששון שומשום 250 גרם,דין שיווק וקליה 2021 בעמ,,חטיף שומשום250גר,,250.00,100 גרם,false,,9.90,0.0396,true,1,200462
7290013861443,false,המתוקים של ששון בוטנים 250 גרם,דין שיווק וקליה 2021 בעמ,,חטיף בוטנים 250גר,,250.00,100 גרם,false,,9.90,0.0396,true,1,200463
7290013883407,false,"דזיטול מרסס לחיטוי כללי יעקבי 750 מ""ל",יעקב יעקבי ובניו בע`מ,,דזיטול מרסס מחטא ומש,,500.00,"100 מ""ל",false,,15.90,0.0318,true,1,183581
7290013906052,false,נקניקיות פרגיות טירת צבי 300 גרם,תנובה מרכז שיתופי לשיווק תוצרת,,נקניקיות פרגיות טירת,,300.00,"100 מ""ל",false,,14.90,0.0497,true,1,188429
7290013906205,false,פסטרמה שום וצילי טירת צבי (400 גרם),תנובה מרכז שיתופי לשיווק תוצרת,,פסטרמה שום וצ'ילי פי,,400.00,"100 מ""ל",false,,27.90,0.0697,true,1,188430
7290013906212,false,"נקנקיות וינר טירת 1 ק""ג טירת צבי",תנובה מרכז שיתופי לשיווק תוצרת,,נקניקיות וינר טירת צ,,1000.00,100 גרם,false,,29.90,0.0299,true,1,188431
7290013906458,false,קבנוס בטעם פיקנטי טירת צבי 120 גרם,תנובה מרכז שיתופי לשיווק תוצרת,,קבנוס פיקנטי טירת צב,,120.00,100 גרם,false,,11.90,0.0992,true,1,188439
7290013906519,false,פרושוטו בקר טירת צבי 100 גרם,תנובה מרכז שיתופי לשיווק תוצרת,,פסטרמה פרושוטו בקר ט,,100.00,100 גרם,false,,32.90,0.3290,true,1,188440
7290013906687,false,פסט' צמד כפרית ברביקיו ודבש 300X2ג' טירת צבי,תנובה מרכז שיתופי לשיווק תוצרת,,פסטרמה צמד מארז כפרי,,600.00,"100 מ""ל",false,,27.90,0.0465,true,1,188441
7290013927101,false,אחווה עוגה תפוחים ללא תוספת סוכר 450גר,אחדות ביחר לטחינה חל,,עוגת תפוחים ללא תוספ,,450.00,100 גרם,false,,13.90,0.0309,true,1,203011
7290013927156,false,אחוה בטעם פירות יער ללא תוספת סוכר 450 גרם.,אחדות ביחר לטחינה חל,,עוגה בטעם פירות יער,,450.00,100 גרם,false,,13.90,0.0309,true,1,203015
7290013927200,false,עוגיות שוקולד צ`יפס עשירה 400גרם אחוה,אחדות ביחר לטחינה חל,,עוגת שוקולד צ'יפס עש,,400.00,100 גרם,false,,12.90,0.0323,true,1,203018
7290013927637,false,חלוה ללא תוספת סוכר במגש 400 גר' אחוה,אחדות ביחר לטחינה חל,,חלווה ללא תוספת סוכר,,400.00,100 גרם,false,,13.90,0.0348,true,1,226200
7290013927996,false,עוגת שמרים קרנץ בטעם שוקולד אחוה 400 גרם,אחדות ביחר לטחינה חל,,עוגת שמרים קרנץ בטעם,,400.00,100 גרם,false,,12.90,0.0323,true,1,241887
7290013946171,false,ת.מ.א.פריחה 300 מל מגיק,סאסאטק,,מטהר אוויר 300מל,,300.00,"100 מ""ל",false,,4.90,0.0163,true,1,202809
7290014002135,false,תה ירוק מיקס 5 טעמים ויסוצקי 25 יחידות,תה ויסוצקי (ישראל) בעמ,,תה ירוק מיקס 25יח,,25.00,גרם,false,,25.90,1.0360,true,1,190675
7290014002197,false,חליטת קמומיל ולימונית הגן הקסום ויסוצקי 25 יחידות,תה ויסוצקי (ישראל) בעמ,,חליטת קמומיל ולימוני,,25.00,גרם,false,,19.90,0.7960,true,1,190677
7290014002203,false,חליטת לימונית ולואיזה הגן הקסום ויסוצקי 25 יחידות,תה ויסוצקי (ישראל) בעמ,,חליטת לימונית ולואיז,,25.00,"100 מ""ל",false,,19.90,0.7960,true,1,190678
7290014002944,false,גן קסום חליטת פירות וצמחים חמדת שקד 25 שקיקים,תה ויסוצקי (ישראל) בעמ,,תה הגן הקסום חליטת פ,,57.50,100 גרם,false,,19.90,0.3461,true,1,190690
7290014002982,false,תה ירוק לימונית ולואיזה ויסוצקי 25 יחידות תוספת סטיביה,תה ויסוצקי (ישראל) בעמ,,תה ירוק לימונית לואי,יחידה,0.00,יחידה,false,,25.90,0.0000,true,1,190691
7290014046016,false,פסטרמה של פעם דל שומן 2% רכיבים טבעיים,מעדני יחיעם ( 1993 ) בע`מ,,פסטרמה הודו 100% חומ,,250.00,100 גרם,false,,26.90,0.1076,true,1,172263
7290014046030,false,"מוס כבד עוף 140 גרם ""יחיעם""",מעדני יחיעם ( 1993 ) בע`מ,,מוס כבד עוף 140גר יח,,140.00,100 גרם,false,,15.90,0.1136,true,1,172265
7290014046047,false,פסטרמת מעודנת ברביקיו 2יח*300גר,מעדני יחיעם ( 1993 ) בע`מ,,צמד פסטרמות פפריקה ו,,600.00,100 גרם,false,,29.90,0.0498,true,1,172266
7290014046474,false,"נקניקיות עוף יחיעם 1.5 ק""ג",מעדני יחיעם ( 1993 ) בע`מ,,נקניקיות עוף יחיעם 1,,1500.00,100 גרם,false,,29.90,0.0199,true,1,172269
7290014046580,false,פסטרמה מעודנת על גחלים יחיעם (300 גרם),מעדני יחיעם (1993) בעמ,,פסטרמה מעודנת על גחל,,300.00,100 גרם,false,,25.90,0.0863,true,1,172277
7290014046757,false,סלמי תה יחיעם (300 גרם),מעדני יחיעם (1993) בעמ,,סלמי תה יחיעם 300 גר,,300.00,100 גרם,false,,24.90,0.0830,true,1,172281
7290014059436,false,"משחת שיניים סנסודיין 75 מ""ל פרימיום לשיקום והגנה מלבינה 75 מ""ל","סמית קליין ביצ'ם בע""",,משחת סנסודיין לשיקום,,75.00,100 גרם,false,,19.90,0.2653,true,1,199340
7290014066359,false,לנדוור-קפסולות אספרסו בלנסד(06) - 10יח'12X יח,"קפה לנדוור בע""\מ",,לנדוור קפסולות אספרס,,50.00,100 גרם,false,,14.90,0.2980,true,1,241877
7290014066373,false,לנדוור-קפסולות אספרסו קלאסיק(09) - 10יח'12X יח,ש.שסטוביץ בעמ,,לנדוור קפסולות אספרס,,50.00,100 גרם,false,,14.90,0.2980,true,1,241879
7290014066441,false,לנדוור-קפסולות אספרסו נטול קפאין(07) - 10יח'12X יח,ש.שסטוביץ בעמ,,לנדוור קפסולות אספרס,,50.00,100 גרם,false,,14.90,0.2980,true,1,241881
7290014066526,false,לנדוור-קפסולות אספרסו תערובת הבית(11) - 10יח'12X יח,ש.שסטוביץ בעמ,,לנדוור קפסולות אספרס,,50.00,100 גרם,false,,14.90,0.2980,true,1,241882
7290014066533,false,לנדוור-קפסולות אספרסו קלייה כפולה(12) - 10יח'12X יח,ש.שסטוביץ בעמ,,לנדוור קפסולות אספרס,,50.00,100 גרם,false,,14.90,0.2980,true,1,241883
7290014079847,false,פטריות בייבי בלה צמד מרינה,קונס`-מרינה פטריות הגליל בעמ*ש,,צמד פטריות בייבי בלה,,500.00,100 גרם,false,,15.90,0.0318,true,1,172648
7290014083813,false,וילי פוד מריגה שפרוטים מעושנים בשמן 190ג,ג. וילי-פוד אינטרנשיונל בע`מ,,שפרוטים מעושנים בשמן,,190.00,100 גרם,false,,9.90,0.0521,true,1,178789
7290014094345,false,גרעיני חמניה קלופים ששון הקולה בקופסא 300 גרם,דין שיווק וקליה 2021 בעמ,,חמניה מקולפת בקופסא,,300.00,100 גרם,false,,9.50,0.0317,true,1,200474
7290014094352,false,אגוז מלך טבעי ששון הקולה (200 גרם),דין שיווק וקליה 2021 בעמ,,אגוזי מלך בקופסא 200,,200.00,100 גרם,false,,16.90,0.0845,true,1,200475
7290014094390,false,חמוציות מסוכרות ששון הקולה 250 גר`,דין שיווק וקליה 2021 בעמ,,חמוציות 250 גרם קופס,,250.00,"100 מ""ל",false,,16.90,0.0676,true,1,200479
7290014094406,false,צימוק לבן בקופסא ששון הקולה 330 גרם,דין שיווק וקליה 2021 בעמ,,צימוק לבן קופסא 330ג,,330.00,100 גרם,false,,16.90,0.0512,true,1,200480
7290014094505,false,אורז בסמתי טהור אהרוני 1 ק''ג,דין שיווק וקליה 2021 בעמ,,אורז בסמטי טהור אהרו,,1000.00,"100 מ""ל",false,,11.90,0.0119,true,1,200486
7290014094611,false,שקד מולבן פרוס בקופסא ששון הקולה 200 גרם,דין שיווק וקליה 2021 בעמ,,שקד מולבן פרוס בקופס,,200.00,100 גרם,false,,19.90,0.0995,true,1,200492
7290014094628,false,פקאן טבעי ששון הקולה (200 גרם),דין שיווק וקליה 2021 בעמ,,פקאן טבעי בקופסא 200,,200.00,100 גרם,false,,22.90,0.1145,true,1,200493
7290014094642,false,אגוזי קשיו טבעיים ששון הקולה (250 גרם),דין שיווק וקליה 2021 בעמ,,קשיו טבעי גדול בקופס,,250.00,100 גרם,false,,21.90,0.0876,true,1,200495
7290014094659,false,בונדוק טבעי 250 גרם בקופסא,דין שיווק וקליה 2021 בעמ,,בונדוק טבעי בקופסא 2,,250.00,100 גרם,false,,22.90,0.0916,true,1,200496
7290014094826,false,שזיפים ללא גלעין בשקית ששון הקולה 300 גרם,דין שיווק וקליה 2021 בעמ,,שזיפים ללא גלעין 300,,300.00,100 גרם,false,,20.00,0.0667,true,1,200505
7290014094833,false,צימוק בהיר 300 גרם ששון הקולה,דין שיווק וקליה 2021 בעמ,,צימוק לבן שקית 300ג,,300.00,100 גרם,false,,11.90,0.0397,true,1,200506
7290014094840,false,צימוק חום בשקית ששון הקולה 300 גרם,דין שיווק וקליה 2021 בעמ,,צימוק חום שקית 300 ג,,300.00,"100 מ""ל",false,,10.90,0.0363,true,1,200507
7290014094895,false,אגוזים קלופים בשקית ששון הקולה 150 גרם,דין שיווק וקליה 2021 בעמ,,אגוזי מלך שקית 150גר,,150.00,"100 מ""ל",false,,10.90,0.0727,true,1,200512
7290014095861,false,שיבולת שועל דקה בשקית שקדיה 500 גרם,דין שיווק וקליה 2021 בעמ,,קוואקר שיבולת שועל ד,,500.00,100 גרם,false,,6.90,0.0138,true,1,200524
7290014095946,false,משוקלדים פקאן בשוקולד מריר 140 גרם,דין שיווק וקליה 2021 בעמ,,פקאן בשוקולד מריר שק,,160.00,100 גרם,false,,9.90,0.0619,true,1,200525
7290014095953,false,פקאן בציפוי שוקולד בקופסא שקדיה 140 גרם,דין שיווק וקליה 2021 בעמ,,משוקלדים פקאן חלב קו,,160.00,100 גרם,false,,9.90,0.0619,true,1,200526
7290014095960,false,שיבולת שועל עבה בשקית שקדיה 500 גרם,דין שיווק וקליה 2021 בעמ,,קוואקר שיבולת שועל ע,,500.00,"100 מ""ל",false,,6.90,0.0138,true,1,200527
7290014204683,false,אלסבון 1 ליטר משאבה סגול פנינה רוזנבלום,פנינה רוזנבלום בעמ,,סבון נוזלי משאבה סגו,,1000.00,"100 מ""ל",false,,10.90,0.0109,true,1,232335
7290014204690,false,אלסבון 1 ליטר משאבה ורוד פנינה רוזנבלום,פנינה רוזנבלום בעמ,,סבון נוזלי משאבה ורו,,1000.00,"100 מ""ל",false,,10.90,0.0109,true,1,232336
7290014217010,false,דגים T130 -BUL בקופ' 90 גר' טעם וריח,"תבליני טעם וריח בע""מ",,תיבול דגים 90גר,,90.00,100 גרם,false,,13.90,0.1544,true,1,198174
7290014217027,false,עוף T130 -BUL בקופ' 120 גר' טעם וריח,"תבליני טעם וריח בע""מ",,תיבול עוף 120גר,,120.00,100 גרם,false,,13.90,0.1158,true,1,198175
7290014217065,false,אורגנו עלים בקופ' 30 גר' טעם וריח,"תבליני טעם וריח בע""מ",,אורגנו מיכל גדול 30ג,,30.00,100 גרם,false,,9.90,0.3300,true,1,198179
7290014217119,false,תערובת לצ'יפס בקופ' 100 גר' טעם וריח,"תבליני טעם וריח בע""מ",,מיכל תערובת לצ'יפס 1,,100.00,"100 מ""ל",false,,9.90,0.0990,true,1,198182
7290014217140,false,"מיכל ראס אל חנות 100 גר' ""טעם וריח""","תבליני טעם וריח בע""מ",,תבלין ראס אל חנות 10,,100.00,"100 מ""ל",false,,9.90,0.0990,true,1,233861
7290014217157,false,תיבול טוסקנה בקופ' 120 גר' טעם וריח,"תבליני טעם וריח בע""מ",,מיכל תערובת תיבול טו,,120.00,100 גרם,false,,9.90,0.0825,true,1,198186
7290014217225,false,גריל עוף בקופ' 120 גר' טעם וריח,"תבליני טעם וריח בע""מ",,גריל עוף מיכל 120גר,,120.00,"100 מ""ל",false,,11.90,0.0992,true,1,198190
7290014217263,false,תיבול לפרגית בקופ' 100 גר' טעם וריח,"תבליני טעם וריח בע""מ",,תערובת תיבול לפרגיות,,100.00,100 גרם,false,,9.90,0.0990,true,1,198191
7290014217348,false,"מיכל צ'ילי כתוש 70 גר' ""טעם וריח""","תבליני טעם וריח בע""מ",,צ'ילי כתוש מיכל 70גר,,70.00,100 גרם,false,,9.90,0.1414,true,1,198194
7290014217355,false,קרי אבקה בקופ' 100 גר' טעם וריח,"תבליני טעם וריח בע""מ",,אבקת קרי מיכל 100גר,,100.00,100 גרם,false,,9.90,0.0990,true,1,198195
7290014217362,false,תיבול לקציצות בקופ' 100 גר' טעם וריח,"תבליני טעם וריח בע""מ",,תיבול לקציצות מיכל 1,,100.00,100 גרם,false,,9.90,0.0990,true,1,198196
7290014217409,false,תערובת עשבי תיבול הרבס דה פרובנס טעם וריח 100 ג',"תבליני טעם וריח בע""מ",,תערובת עשבי תיבול ה,,100.00,100 גרם,false,,10.90,0.1090,true,1,246838
7290014217485,false,תיבול קייג'ון בקופ' 100 גר' טעם וריח,"תבליני טעם וריח בע""מ",,תערובת תיבול קייג'ון,,100.00,100 גרם,false,,9.90,0.0990,true,1,228429
7290014217492,false,תיבול פילדלפיה בקופ' 100 גר' טעם וריח,"תבליני טעם וריח בע""מ",,תערובת תיבול פילדלפי,,100.00,100 גרם,false,,9.90,0.0990,true,1,228430
7290014217911,false,תבלין פלפל אדום מתוק בשקית 150 גר,"תבליני טעם וריח בע""\מ",,פלפל אדום מתוק שלם 1,,150.00,100 גרם,false,,13.90,0.0927,true,1,222651
7290014218321,false,בורקס אישי יפו גבינה מעדנות 600 גרם,תנובה מרכז שיתופי לשיווק תוצרת,,בורקס יפו גבינה מעדנ,,600.00,100 גרם,false,,18.90,0.0315,true,1,188455
7290014218932,false,חטיפי פיצה בתוספ זיתים בשקית מעדנות 710 גרם,מיוצר עי קונדיטוריית,,חטיפי פיצה בתוספת זי,,710.00,"100 מ""ל",false,,29.90,0.0421,true,1,226748
7290014241589,false,מיקס אגוזים טבעי וחמוציות 150 גרם,פיצוחי הטיב,,מיקס אגוזים טבעי וחמ,,150.00,"100 מ""ל",false,,10.90,0.0727,true,1,211381
7290014241763,false,פיצוחי הטיב קשיו טבעי 200 גר,פיצוחי הטיב,,קשיו טבעי 200גר,,200.00,100 גרם,false,,16.90,0.0845,true,1,211382
7290014256637,false,"יין מבעבע מוסקטו באזז יקבי כרמל 750 מ""ל",אגודת הכורמים -כרמל מזרחי,,באז משקה מבוסס יין מ,,750.00,"100 מ""ל",false,,25.90,0.0345,true,1,171295
7290014258723,false,תרכובת מזון צמחי לתינוקות מגיל 0 עד גיל שנה,קבוצת אוסם סחר שותפות מוגבלת,,מטרנה צמחי 700 גרם 0,,700.00,100 גרם,false,,59.90,0.0856,true,1,177327
7290014258730,false,תרכובת מזון צמחי לתינוקות מגיל 12 חודשים ואילך,קבוצת אוסם סחר שותפות מוגבלת,,מטרנה צמחי מגיל שנה,,700.00,100 גרם,false,,69.90,0.0999,true,1,177328
7290014325050,false,קורנפלור 500 גר` מיה ג.,מיה תעשיות מזון מ.ת.מ. בעמ,,קורנפלור 500 גרם,,500.00,100 גרם,false,,6.90,0.0138,true,1,202475
7290014397170,false,"פרש מיכל מילוי אוטומטיק סופט בלאנס 250 מ""ל סנו",החברה הדרומית לשיווק בעמ,,מטהר אוויר סנו פרש,,165.00,100 גרם,false,,15.90,0.0964,true,1,241848
7290014397286,false,מרכך כביסה מרוכז חלב ודבש סנו מקסימה 1 ליטר,החברה הדרומית לשיווק בעמ,,סנו מקסימה קר חלב וד,,1000.00,"100 מ""ל",false,,18.90,0.0189,true,1,181036
7290014397453,false,סנו אוקסיגן גל מסיר כתמים כביסה לבנה 3 ל,החברה הדרומית לשיווק בעמ,,סנו אוקסיגן לכביסה ל,,3000.00,"100 מ""ל",false,,32.90,0.0110,true,1,181040
7290014397514,false,"מבשם אויר סנו פרש הום בניחוח כותנה מלטפת 350 מ""ל",החברה הדרומית לשיווק בעמ,,סנו פרש הום כותנה מל,,350.00,"100 מ""ל",false,,14.90,0.0426,true,1,181043
7290014397538,false,"מבשם אויר סנו פרש הום בניחוח אביב 350 מ""ל",סנו מפעלי ברונוס בעמ,,סנו פרש הום בוקר אבי,,350.00,100 גרם,false,,14.90,0.0426,true,1,181045
7290014397675,false,סנו מקסימה מרכך כביסה חלב ודבש 4 ליטר,החברה הדרומית לשיווק בעמ,,סנו מקסימה מרכך כביס,ליטרים,4.00,ליטר,false,,22.90,5.7250,true,1,181055
7290014397699,false,פוליויקס גרניט פורצלן ושיש ניחוח קלאסי 3 ליטר,החברה הדרומית לשיווק בעמ,,פוליויקס 2+1 גרניט פ,ליטרים,2.00,ליטר,false,,21.90,10.9500,true,1,181057
7290014397705,false,פוליויקס פרקט טבעי וסינטטי סנו (2 ליטר),החברה הדרומית לשיווק בעמ,,פוליויקס פרקט בניחוח,ליטרים,2.00,ליטר,false,,21.90,10.9500,true,1,181058
7290014397767,false,סנו ריצפז פרש הום 2 ליטר בניחוח כותנה-מרכז,החברה הדרומית לשיווק בעמ,,ריצפז פרש הום בניחוח,ליטרים,2.00,ליטר,false,,23.90,11.9500,true,1,181063
7290014397781,false,סנו ריצפז פרש הום 2 ליטר בניחוח סבון,החברה הדרומית לשיווק בעמ,,ריצפז פרש הום בניחוח,ליטרים,2.00,ליטר,false,,23.90,11.9500,true,1,181065
7290014397873,false,מרכך כביסה בבישום עוצמתי ג'נטל בריז,החברה הדרומית לשיווק בעמ,,סנו מקסימה מרכך כביס,,4000.00,"100 מ""ל",false,,22.90,0.0057,true,1,240735
7290014426061,false,משחת שיניים הלו קיטי בטעם ענבים לגיל 2-6,גורי ע.ע.ע. בע`מ,,הלו קיטי משחת שיניים,,50.00,"100 מ""ל",false,,10.90,0.2180,true,1,199348
7290014435704,false,סלמון מעושן פרוס 100ג(שמיר),שבעת הימים - שמיר,,סלמון מעושן 100גר,,100.00,100 גרם,false,,22.90,0.2290,true,1,249734
7290014435803,false,מטיאס הולנדי (פרובנציאל) עם בצל בשמן 180 גרם,שבעת הימים - שמיר,,מטיאס הולנדי (פרובנצ,,180.00,100 גרם,false,,22.90,0.1272,true,1,197986
7290014435810,false,נתחי הרינג כבוש עם בצל במרינת חמוץ מתוק שמיר 220 גרם,שבעת הימים - שמיר,,הרינג כבוש עם בצל במ,,180.00,100 גרם,false,,22.90,0.1272,true,1,197987
7290014435834,false,מקרל מעושן פרוס בשמן שמיר 180 גרם,שבעת הימים - שמיר,,מקרל מעושן פרוס בשמן,,180.00,"100 מ""ל",false,,24.90,0.1383,true,1,197989
7290014435841,false,פילה הרינג עם בצל בשמן מטיאס הולנדי שמיר 200 גרם,סלטי שמיר 2006 בעמ,,פילה מטיאס הולנדי בש,,180.00,100 גרם,false,,22.90,0.1272,true,1,197990
7290014435889,false,סלט מטיאס עם מיונז שמיר 200 גרם,שבעת הימים - שמיר,,סלט מטיאס עם מיונז 2,,200.00,100 גרם,false,,24.90,0.1245,true,1,197992
7290014455245,false,גבינת גרנה פדנו משולש 29% 200 גרם בית יוסף,מחלבות גד שיווק 1992 בעמ,,גרנה פדנו משולש מחלב,,200.00,100 גרם,false,,27.90,0.1395,true,1,171702
7290014455252,false,גבינת גרנה פדנו מגורדת 29% גד (100 גרם),מחלבות גד שיווק 1992 בעמ,,*מבצע* גרנה פדנו מגו,,100.00,100 גרם,false,,10.00,0.1000,true,1,171703
7290014455320,false,גבינה כדורי מוצרלה פרסקה גד 100ג',מחלבות גד שיווק 1992 בעמ,,כדור מוצרלה פרסקה 18,,100.00,100 גרם,false,,9.80,0.0980,true,1,171709
7290014455467,false,ירח מתוק מעדן חלב 2% ושיבולת שועל גד 150ג',מחלבות גד שיווק 1992 בעמ,,מעדן שיבולת שועל וחל,,150.00,100 גרם,false,,5.90,0.0393,true,1,171714
7290014459137,false,"תפוגן סטייק צ'יפס 1.5 ק""ג אסם",קבוצת אוסם סחר שותפות מוגבלת,,ציפס סטייק תפוגן 1.5,,1500.00,100 גרם,false,,26.90,0.0179,true,1,177334
7290014459632,false,"תפוגן צ'יפס טוגן 1.5 ק""ג",קבוצת אוסם סחר שותפות מוגבלת,,ציפס טוגן תפוגן 1.5,,1500.00,"100 מ""ל",false,,22.90,0.0153,true,1,229483
7290014471412,false,"מוזלי בוטנים אגוזים ושקדים 1 ק""ג - 412 ירוק שקדיה",דין שיווק וקליה 2021 בעמ,,מוזלי עם בוטנים אגוז,,1000.00,100 גרם,false,,19.90,0.0199,true,1,200530
7290014471429,false,"מוזלי עם פירות 1 ק""ג - 429 סגול שקדיה",דין שיווק וקליה 2021 בעמ,,מוזלי עם פירות שקדיה,,1000.00,100 גרם,false,,19.90,0.0199,true,1,200531
7290014471436,false,"מוזלי צימוקים תפוח קינמון וגרעיני חמניה 1 ק""ג כחול שקדיה",דין שיווק וקליה 2021 בעמ,,מוזלי עם צימוקים תפ,,1000.00,100 גרם,false,,19.90,0.0199,true,1,200532
7290014472136,false,גרעין שחור קלוי ששון הקולה (150 גרם),דין שיווק וקליה 2021 בעמ,,גרעין שחור קלוי 150ג,,150.00,"100 מ""ל",false,,3.90,0.0260,true,1,200540
7290014472426,false,קונפיטורה דובדבן 70% פרי 450 גרם שקדיה,דין שיווק וקליה 2021 בעמ,,קונפיטורה דובדבן חמו,,450.00,100 גרם,false,,12.90,0.0287,true,1,200549
7290014472433,false,קונפיטורה תות שדה 70% פרי 450 גרם,דין שיווק וקליה 2021 בעמ,,קונפיטורה תות שדה 45,,450.00,100 גרם,false,,12.90,0.0287,true,1,200550
7290014472440,false,קונפיטורה תפוז 70% פרי 450 גרם שקדיה,דין שיווק וקליה 2021 בעמ,,קונפיטורה תפוז 450גר,,450.00,100 גרם,false,,12.90,0.0287,true,1,200551
7290014472464,false,קונפיטוריה משמש 450 גר`שקדיה,דין שיווק וקליה 2021 בעמ,,קונפיטורה משמש 450גר,,450.00,100 גרם,false,,12.90,0.0287,true,1,200553
7290014472990,false,ממרח 100% שקדים שקדיה (300 גרם),דין שיווק וקליה 2021 בעמ,,ממרח 100% שקדים 300ג,,300.00,100 גרם,false,,34.90,0.1163,true,1,200560
7290014525009,false,חטיף סלים פרוט Slim fruit בטעם יוגורט ובמילוי תפוח,סלים דליס Slim Delis,,סלים פרוט חטיף דגנים,,180.00,100 גרם,false,,15.90,0.0883,true,1,185707
7290014525023,false,חטיף בריאות יוגורט במילוי פירות יער 182ג,סלים דליס Slim Delis,,סלים פרוט חטיף דגנים,,215.00,100 גרם,false,,15.90,0.0740,true,1,185709
7290014525177,false,חטיף סלים פרוט Slim fruit בטעם יוגורט ופירות יער,סלים דליס Slim Delis,,סלים פרוט בטעם יוגור,,182.00,100 גרם,false,,15.90,0.0874,true,1,185717
7290014525290,false,חטיפי סלים דליס קריספי תות מרבה 125 גרם,סלים דליס Slim Delis,,חטיפי מרבה סלים דליס,,125.00,100 גרם,false,,15.90,0.1272,true,1,231042
7290014525306,false,חטיפי סלים דליס קריספי אוכמניות מרבה 125 גרם,סלים דליס Slim Delis,,חטיפי מרבה סלים דליס,,125.00,"100 מ""ל",false,,15.90,0.1272,true,1,231043
7290014525313,false,חטיפי סלים דליס קריספי שוקולד מרבה 125 גרם,סלים דליס Slim Delis,,חטיפי מרבה סלים דליס,,125.00,100 גרם,false,,15.90,0.1272,true,1,231044
7290014534650,false,"פסטה ""לה פסטה"" 400 ג' צינור 400 ג'",תומר ייבוא ושיווק מוצרי מזון [,,פסטה לה פסטה צינור 4,,400.00,"100 מ""ל",false,,4.90,0.0123,true,1,175356
7290014534667,false,"פסטה ""לה פסטה"" 400 ג' קונכיה 400 ג'",תומר ייבוא ושיווק מוצרי מזון [,,פסטה לה פסטה קונכיה,,400.00,"100 מ""ל",false,,4.90,0.0123,true,1,175357
7290014534674,false,"פסטה ""לה פסטה"" 400 ג' פרפר 400 ג'",תומר ייבוא ושיווק מוצרי מזון [,,פסטה לה פסטה פרפר 40,,400.00,"100 מ""ל",false,,4.90,0.0123,true,1,175358
7290014534681,false,"פסטה ""לה פסטה"" 400 ג' בורג 400 ג'",תומר ייבוא ושיווק מוצרי מזון [,,פסטה לה פסטה בורג 40,,400.00,"100 מ""ל",false,,4.90,0.0123,true,1,175359
7290014534698,false,"פסטה ""לה פסטה"" 400 ג' תלתל 400 ג'",תומר ייבוא ושיווק מוצרי מזון [,,פסטה לה פסטה תלתל 40,,400.00,"100 מ""ל",false,,4.90,0.0123,true,1,175360
7290014534704,false,"פסטה ""לה פסטה"" 400 ג' אטריות מרק 400 ג'",תומר ייבוא ושיווק מוצרי מזון [,,פסטה לה פסטה אטריות,,400.00,100 גרם,false,,4.90,0.0123,true,1,175361
7290014555082,false,מים מזוקקים 4 ליטר מקסול,סאסטאק אגשח בעמ,,מים מזוקקים מקסול 4ל,ליטרים,4.00,ליטר,false,,10.90,2.7250,true,1,202818
7290014555723,false,"תחליב רחצה אקזוטי 700 מ""ל נובו",סאסאטק,,נובו תחליב רחצה אקזו,,700.00,"100 מ""ל",false,,10.00,0.0143,true,1,202827
7290014555747,false,"תחליב רחצה הרבל 700 מ""ל נובו",סאסאטק,,נובו תחליב רחצה הרבל,,700.00,"100 מ""ל",false,,10.00,0.0143,true,1,202829
7290014555754,false,"תחליב רחצה בלוסום 700 מ""ל נובו",סאסאטק,,נובו תחליב רחצה בלוס,,700.00,"100 מ""ל",false,,10.00,0.0143,true,1,202830
7290014581036,false,"פחם למנגל הלהבה כ2- ק""ג",פחם קוואנגו סחר בעמ,,"פחמים כ- 2 ק""ג",יחידה,0.00,יחידה,false,,11.90,0.0000,true,1,210924
7290014581074,false,רשת למנגל גדול,,,רשת גדול למנגל,יחידה,0.00,יחידה,false,,19.90,0.0000,true,1,210925
7290014581142,false,"מלקחיים לבשר 38 ס""מ",,,"מלקחיים לבשר 38 ס""מ",יחידה,0.00,יחידה,false,,9.90,0.0000,true,1,226937
7290014648081,false,סכיני גילוח חד פעמי לה בלה עשירייה,פארמה דיל (פ.א.ב.) שיווק והפצה,,סכיני גילוח חד פעמי,,10.00,גרם,false,,9.90,0.9900,true,1,207647
7290014648906,false,LA BELLEמסיר לק מהציפורניים 100 מל,פארמה דיל (פ.א.ב.) שיווק והפצה,,לה בלה מסיר לק מהציפ,,100.00,100 גרם,false,,4.90,0.0490,true,1,227150
7290014651920,false,פיצוחי הטיב קבוקים שומשום 200ג,פיצוחי הטיב,,קבוקים שומשום 200גר,,200.00,100 גרם,false,,6.90,0.0345,true,1,219806
7290014692299,false,גבינת ברי EURO CHEESE ויליפוד 125 גרם,ג.וילי-פוד אינטרנשיונל **גבינו,,גבינת ברי קאסטללו יו,,125.00,"100 מ""ל",false,,21.90,0.1752,true,1,178799
7290014692305,false,גבינת קממבר EURO CHEESE ויליפוד 125 גרם,ג.וילי-פוד אינטרנשיונל **גבינו,,גבינת קממבר יורוציז,,125.00,"100 מ""ל",false,,21.90,0.1752,true,1,178800
7290014692541,false,צהובה מגורדת גולדן 500 גרם ויליפוד,ג.וילי-פוד אינטרנשיונל **גבינו,,אמה מגורדת 500גר,,500.00,100 גרם,false,,19.90,0.0398,true,1,178814
7290014692817,false,גבינת מוצרלה מגורדתEURO CHEESE ויליפוד 200 גרם,ג.וילי-פוד אינטרנשיונל **גבינו,,מוצרלה מגורדת יורו צ,,200.00,100 גרם,false,,15.90,0.0795,true,1,178828
7290014725294,false,סוכרזית סוכרלוז סטיוויה 100 שקית,שטראוס גרופ בעמ,,סוכרזית סוכרלוז מבוש,,200.00,100 גרם,false,,25.90,0.1295,true,1,208282
7290014731264,false,ספלאש כוסות 180CC לשתייה קרה 100 יחידות,רם,,כוסות פלסטיק לשתיה ק,יחידה,0.00,יחידה,false,,7.90,0.0000,true,1,215222
7290014731707,false,צלחות גדולות פשוטות 50 יח',W.P.T.R,,צלחות פלסטיק גדול 50,יחידה,0.00,יחידה,false,,14.90,0.0000,true,1,227758
7290014731844,false,"מפיות מודפס 20 יח' שמאי כשל""פ עד""ח",,,מפיות מודפס 20 יח',יחידה,0.00,יחידה,false,,7.90,0.0000,true,1,241038
7290014748613,false,דג טוב מקלוני דגים בציפוי ציפס 600גר,קבוצת אוסם סחר שותפות מוגבלת,,מקלוני דגים בציפוי צ,,600.00,"100 מ""ל",false,,27.90,0.0465,true,1,225295
7290014748651,false,פילה אמנון מצופה נתח שלם דג טוב 360 גרם,קבוצת אוסם סחר שותפות מוגבלת,,פילה אמנון מצופה מנת,,360.00,100 גרם,false,,31.90,0.0886,true,1,225297
7290014748675,false,דג טוב קציצות דגים אסם 600 גרם,קבוצת אוסם סחר שותפות מוגבלת,,קציצות דגים דג טוב 6,,600.00,"100 מ""ל",false,,27.90,0.0465,true,1,225298
7290014749078,false,מקלוני קבנוס עוף טוב 200 גרם,קבוצת אוסם סחר שותפות מוגבלת,,מקלוני קבנוס עוף טוב,,200.00,"100 מ""ל",false,,16.90,0.0845,true,1,240703
7290014749245,false,ספיישל רצועות שניצל שומשום עוף טוב 600 גרם,קבוצת אוסם סחר שותפות מוגבלת,,צ'ונגו רצועות שניצל,,600.00,100 גרם,false,,34.90,0.0582,true,1,242252
7290014749726,false,שניצל עוף ביתי קריספי עוף טוב 700 גרם,קבוצת אוסם סחר-שות.מוגבלת,,שניצל עוף ביתי קריספ,,700.00,100 גרם,false,,43.90,0.0627,true,1,241455
7290014749764,false,עוף טוב שניצל עוף ביתי עדין כזה 700 גרם,קבוצת אוסם סחר שותפות מוגבלת,,שניצל עוף ביתי מעודן,,700.00,"100 מ""ל",false,,43.90,0.0627,true,1,241450
7290014749788,false,צ'ונגו-רצועות שניצל בציפוי צ'יפס עוף טוב 600 גרם,קבוצת אוסם סחר-שות.מוגבלת,,צ'ונגו רצועות שניצל,,600.00,100 גרם,false,,34.90,0.0582,true,1,242097
7290014749849,false,שניצל דק ענק קריספי שומשום עוף טוב 720 גרם,קבוצת אוסם סחר שותפות מוגבלת,,שניצל דק ענק קריספי,,720.00,100 גרם,false,,37.90,0.0526,true,1,245352
7290014749863,false,שניצל דק ענק קריספי צ'יפס עוף טוב 720 גרם,קבוצת אוסם סחר-שות.מוגבלת,,שניצל דק ענק קריספי,,720.00,100 גרם,false,,37.90,0.0526,true,1,245351
7290014749887,false,שניצל דק ענק קריספי קלאסי עוף טוב 720 גרם,קבוצת אוסם סחר שותפות מוגבלת,,שניצל דק ענק קריספי,,720.00,100 גרם,false,,37.90,0.0526,true,1,245346
7290014758100,false,מאגדת יוגורט ביו 3% שומן 8 יח' *150ג' תנובה,מיוצר עי קונדיטוריית,,יוגורט ביו מאגדת שמי,,1200.00,"100 מ""ל",false,,16.90,0.0141,true,1,189751
7290014758117,false,מאגדת יוגורט ביו 1.5% שומן 8 יח' *150 ג' תנובה,מיוצר עי קונדיטוריית,,יוגורט ביו מאגדת שמי,,1200.00,"100 מ""ל",false,,16.90,0.0141,true,1,189752
7290014758162,false,חלב עיזים מלא 3.6% שומן תנובה (1 ליטר),תנובה מרכז שיתופי לש,,חלב עיזים מלה 3.6% 1,,1000.00,"100 מ""ל",false,,15.20,0.0152,true,1,189754
7290014758681,false,גבינת קוטג`1% בגביע תנובה (250 גרם),מיוצר עי קונדיטוריית,,קוטג 1% בגביע 250גר,,250.00,100 גרם,false,,5.90,0.0236,true,1,189783
7290014759084,false,גבינת שמנת נפוליאון 16% מופחת שומן תנובה 225 גרם,תנובה מרכז שיתופי לש,,גבינת נפוליאון 16% 2,,225.00,100 גרם,false,,13.80,0.0613,true,1,189797
7290014759534,false,גבינה בולגרית למריחה טבעי 5% 200 ג' פיראוס,"תנובה, מחלבת תל יוסף",,בולגרית למריחה טבעי,,200.00,100 גרם,false,,14.30,0.0715,true,1,189804
7290014759909,false,פטה עיזים 5% 250 גר`גביע פיראוס תנובה,"תנובה, מחלבת טנא נוג",,פטה עיזים 5% פיראוס,,250.00,100 גרם,false,,28.50,0.1140,true,1,189811
7290014759978,false,קצ`קאבל פלח גלעד 200 גר`קולקשיין תנובה,"תנובה בע""מ ***",,קאשקבל פלח 200 גר,,200.00,100 גרם,false,,26.50,0.1325,true,1,189813
7290014760134,false,"מעדן סויה בטעם וניל תנובה 125 מ""ל","תנובה בע""מ ***",,מעדן סויה בטעם וניל,,125.00,100 גרם,false,,3.90,0.0312,true,1,222741
7290014760141,false,משקה שקדים טרי תנובה (1 ליטר),"תנובה בע""מ ***",IL,משקה שקדים טרי 1ליטר,,1000.00,"100 מ""ל",false,,12.50,0.0125,true,1,189821
7290014760448,false,גבינה צהובה גלבוע 400 גרם 22% שומן תנובה,מחלבת בית יצחק,,גבינה גלבוע 400גר,,400.00,100 גרם,false,,24.90,0.0622,true,1,189830
7290014760912,false,גבינה צהובה 28% מהדרין גוש חלב (400 גרם),תנובה מרכז שיתופי לש,,גבינה גוש חלב מהדרין,,400.00,100 גרם,false,,26.50,0.0663,true,1,230246
7290014761018,false,גיל בטעם וניל תנובה 125 גרם,תנובה מרכז שיתופי לש,,גיל בטעם וניל 3% 125,,125.00,100 גרם,false,,1.40,0.0112,true,1,189847
7290014761056,false,מעדן שוקולד חלב יולו תנובה 123 גרם,מיוצר עי קונדיטוריית,,מעדן YOLO שוקולד חלב,,123.00,"100 מ""ל",false,,4.40,0.0358,true,1,189848
7290014761063,false,מעדן שוקולד מריר יולו תנובה 123 גרם,מיוצר עי קונדיטוריית,,מעדן YOLO שוקולד מרי,,123.00,"100 מ""ל",false,,4.40,0.0358,true,1,189849
7290014761070,false,מעדן שוקולד לבן יולו תנובה 123 גרם,מיוצר עי קונדיטוריית,,מעדן YOLO שוקולד לבן,,123.00,"100 מ""ל",false,,4.40,0.0358,true,1,189850
7290014761193,false,יוגורט עם פירות יער 1.5% שומן 125 ג' פרילי,תנובה מרכז שיתופי לש,,פרילי פירות יער 125ג,,125.00,100 גרם,false,,3.40,0.0272,true,1,189853
7290014761414,false,יולו מעדן שכבות שוקולד חלב ולבן 123 גר,מיוצר עי קונדיטוריית,,מעדן YOLO שכבות שוקו,,123.00,"100 מ""ל",false,,4.40,0.0358,true,1,189865
7290014761612,false,מעדן שכבות שוקולד מריר ולבן יולו 122 גרם,מיוצר עי קונדיטוריית,,מעדן YOLO שכבות שוקו,,123.00,"100 מ""ל",false,,4.40,0.0358,true,1,189872
7290014762756,false,גבינת שמנת נפוליאון 16% עם בצל תנובה 225 גרם,תנובה - חלב,,גבינת נפוליאון 16% ב,,225.00,100 גרם,false,,13.80,0.0613,true,1,189920
7290014762800,false,מעדן סויה שוקולד גביע 125 גרם אלטרנטיב,תנובה מרכז שיתופי לש,,מעדן סויה בטעם שוקול,,125.00,100 גרם,false,,4.10,0.0328,true,1,221361
7290014762831,false,גבינת שמנת נפוליאון 16% עם פלפל חלפיניו תנובה 225 גרם,תנובה מרכז שיתופי לש,,גבינת נפוליאון 25% ע,,225.00,100 גרם,false,,13.80,0.0613,true,1,189922
7290014762848,false,גבינה צהובה מגורדת 22% שומן 500 ג' פתיתי גלבוע,גלבוע - תנובה,,פתית גלבוע 22% 500 ג,,500.00,100 גרם,false,,32.60,0.0652,true,1,221934
7290014762909,false,פתיתי מוצרלה השף הלבן 10% תוספת מתנה,"תנובה, מחלבת תל יוסף",,פתיתי מוצרלה 200גר,,200.00,100 גרם,false,,16.70,0.0835,true,1,189928
7290014763272,false,יוגורט סויה BIO לשתיה תות ובננה אלטרנטיב,תות תעשיות מזון (201,,משקה סויה ביו תות בנ,,236.00,"100 מ""ל",false,,5.60,0.0237,true,1,189940
7290014791091,false,"שוופס מוגז פירות לימונייד 500 מ""ל",יפאורה - שותפות מוגבלת לשיווק,,שוופס לימונייד 500מל,,500.00,"100 מ""ל",false,,5.90,0.0118,true,1,181799
7290014791336,false,מי מינרלים בודד ליטר,יפאורה שותפות מוגבלת לשיווק,,מי עדן 1ליטר,,1000.00,"100 מ""ל",false,,3.90,0.0039,true,1,222439
7290014791725,false,"שוופס מוגז פירות תפוחים 500 מ""ל",יפאורה - שותפות מוגבלת לשיווק,,שוופס מוגז תפוח 500,,500.00,"100 מ""ל",false,,5.90,0.0118,true,1,181822
7290014855434,false,מגבונים בייביסיטר פרפורמנס מבושם רביעיה,בייביסיטר Babysitter,,*מבצע* מגבוני בייביס,יחידה,0.00,יחידה,false,,12.50,0.0000,true,1,171927
7290014855458,false,מגבוני בייביסיטר פרפורמנס ללא בישום מארז 72X4יח',בייביסיטר Babysitter,,*מבצע* מגבוני בייביס,יחידה,0.00,יחידה,false,,12.50,0.0000,true,1,171928
7290014860070,false,"מקלוני אורז ללא גלוטן 5 מ""מ 454גר' (אור)",מזרח ומערב יבוא ושיווק,,מקלוני אורז ללא גלוט,,454.00,100 גרם,false,,10.90,0.0240,true,1,204998
7290014860094,false,"מקלוני אורז ללא גלוטן 3מ""מ 454גר' (אור)",מזרח ומערב יבוא ושיווק,,מקלוני אורז ללא גלוט,,454.00,100 גרם,false,,10.90,0.0240,true,1,204999
7290014860155,false,מחצלת במבו שטוחה 24X24 ס'מ,מזרח ומערב יבוא ושיווק,,מחצלת במבו שטוחה 24*,יחידה,0.00,יחידה,false,,7.90,0.0000,true,1,205001
7290014901247,false,"שמפו קרטין לאחר החלקה ועיצוב בחום סטייל 750 מ""ל",א.ל. ארמן ייצור תמרו,,שמפו סטייל קרטין 750,,750.00,"100 מ""ל",false,,19.90,0.0265,true,1,231721
7290014901315,false,סנסודיין משחה הגנה מלאה אקסטרה פרש 75 מל,"סמית קליין ביצ'ם בע""",,סנסודיין משחת שיניים,,75.00,"100 מ""ל",false,,21.90,0.2920,true,1,214352
7290014901575,false,אל סבון סטייל ארומטי בניחוח תה מרווה,סטייל Style,,אל סבון סטייל תה מרו,,500.00,"100 מ""ל",false,,6.90,0.0138,true,1,199363
7290014901995,false,משחה אקווה פרש קומפלט100,ג.' אס.קיו,,אקווה פרש משחת שיניי,,100.00,"100 מ""ל",false,,7.90,0.0790,true,1,231724
7290014905160,false,"הפי מטהר אוויר פניני ריח בניחוחות, 130 גרם","יעקב יעקבי ובניו בע""מ",,פניני ריח הפי 130גר,,130.00,100 גרם,false,,7.90,0.0608,true,1,183597
7290014905207,false,"הג'ל הכחול לניקוי האסלה יעקבי 750 מ""ל",יעקב יעקבי ובניו בעמ,,הפי גל לניקוי אסלה 7,,750.00,"100 מ""ל",false,,10.90,0.0145,true,1,183599
7290014905689,false,"נוזל כלים הפי מרוכז 24% תפוח 750 מ""ל","יעקב יעקבי ובניו בע""מ",,הפי נוזל כלים ירוק ת,,750.00,"100 מ""ל",false,,7.90,0.0105,true,1,183605
7290014905696,false,"נוזל כלים הפי מרוכז 24% לימון 750 מ""ל","יעקב יעקבי ובניו בע""מ",,הפי נוזל כלים צהוב ל,,750.00,100 גרם,false,,7.90,0.0105,true,1,183606
7290014905719,false,הפי לימונית למדיח כלים - מנטרל ריחות רעים,"יעקב יעקבי ובניו בע""מ",,הפי לימונית למדיח כל,יחידה,0.00,יחידה,false,,9.90,0.0000,true,1,183607
7290014905733,false,נוזל לניקוי חלונות הפי (750 מל),"יעקב יעקבי ובניו בע""מ",,הפי מרסס לניקוי חלונ,,750.00,100 גרם,false,,7.90,0.0105,true,1,183608
7290014945074,false,צימרוני אוזניים בייבי שי,הדר צמר גפן,,צמרוני בייבי 56 גרם,יחידה,0.00,יחידה,false,,4.90,0.0000,true,1,249578
7290014945654,false,מדליק פחם מוצק שייני 48יח',ח.כהן סוכנות מזון ומשקאות בע,,מדליק עץ ופחמים 250ג,,250.00,"100 מ""ל",false,,6.90,0.0276,true,1,197549
7290014945807,false,קיסמי שיניים דנטליים שייני (200 יח'),,,קיסמי שיניים דנטליים,,200.00,גרם,false,,6.90,0.0345,true,1,220967
7290014967441,false,מארז קפסולות אספרסו,אספרסו מור,,קפסולות אלטו 10 יח,יחידה,0.00,יחידה,false,,10.00,0.0000,true,1,222862
7290014967458,false,קפסולות אספרסו מור ק,אספרסו מור,,קפסולות אספרסו מור ק,יחידה,0.00,יחידה,false,,10.00,0.0000,true,1,222863
7290014967465,false,מארז קפסולות אספרסו,אספרסו מור,,קפסולות אינטסו 10 יח,יחידה,0.00,יחידה,false,,10.00,0.0000,true,1,222864
7290014967472,false,קפסולות אספרסו מור א,אספרסו מור,,קפסולות אספרסו מור א,יחידה,0.00,יחידה,false,,10.00,0.0000,true,1,222865
7290014974562,false,גביעי גלידה רגיל טילון עלמה גילרו 24 יח',"א.ג גילרו בע""\מ",,גביעי גלידה 24 עלמה,יחידה,0.00,יחידה,false,,7.90,0.0000,true,1,225379
7290014974593,false,גביעי גלידה 12 מגולגל ללא גלוטן גילרו*,ח.כהן סוכנות מזון ומשקאות בע,,גביע גלידה ללא גלוט,,12.00,גרם,false,,15.90,1.3250,true,1,225388
7290015008037,false,נרות חימום 50 יח' ר.שמאי,,,להבונים 50 יח',,50.00,100 מ'ל,false,,9.90,0.1980,true,1,229462
7290015008280,false,"נייר אפיה 50 דף שמאי נשלף אחד אחד כשל""פ עד""ח",,,נייר אפייה 50דף,יחידה,0.00,יחידה,false,,7.90,0.0000,true,1,229488
7290015008587,false,"קערה ענקית שקופה קשיחה לאירוח ח""פ",,,קערה לאירוח קשיחה וש,יחידה,0.00,יחידה,false,,11.90,0.0000,true,1,233166
7290015008655,false,כפות קרם/שקוף ר.שמאי 50 יח',,,כפות ארוז 50 יח,יחידה,0.00,יחידה,false,,9.90,0.0000,true,1,229489
7290015008662,false,מזלג קרם/שקוף ר.שמאי 50 יח',,,מזלג ארוז 50 יח,יחידה,0.00,יחידה,false,,9.90,0.0000,true,1,229490
7290015008686,false,כפיות קרם/שקוף ר.שמאי 50 יח',,,כפיות ארוז 50 יח,יחידה,0.00,יחידה,false,,9.90,0.0000,true,1,229492
7290015039253,false,עלי גפן במי מלח ויליפוד 620 גרם,ג. וילי-פוד אינטרנשיונל בע`מ,,עלי גפן במי מלח 620ג,,620.00,100 גרם,false,,10.90,0.0176,true,1,178846
7290015138789,false,מיץ ענבים אדום טבעי,,,מיץ ענבים אדום טבעי,,187.00,"100 מ""ל",false,,6.90,0.0369,true,1,222959
7290015150088,false,מחית עגבניות קלה גרנד איטליה 700 גרם,תה ויסוצקי (ישראל) בעמ,,מחית עגבניות גרנד אי,,700.00,100 גרם,false,,12.90,0.0184,true,1,190724
7290015150118,false,שלישיית עגבניות חתוכות דק גרנד איטליה 400 גרם,תה ויסוצקי (ישראל) בעמ,,עגבניות חתוכות 3* 40,,1200.00,"100 מ""ל",false,,13.90,0.0116,true,1,190727
7290015150583,false,תה ירוק בתוספת לימון ודבש ויסוצקי) (25,תה ויסוצקי (ישראל) בעמ,,תה ירוק לימון ודבש 2,,25.00,100 מ'ל,false,,25.90,1.0360,true,1,190733
7290015155823,false,מחית תפוחי עץ חטיפטף ללא תוספת סוכר,גורי מוצרי צריכה (1991) בעמ,,פרינוק פאוץ' בטעם תפ,,120.00,"100 מ""ל",false,,5.90,0.0492,true,1,240773
7290015155830,false,מחית תפוחי עץ ובננה חטיפטף ללא תוספת סוכר,גורי מוצרי צריכה (1991) בעמ,,פרינוק פאוץ' בטעם תפ,,120.00,100 גרם,false,,5.90,0.0492,true,1,240774
7290015155847,false,מחית סלט פירות חטיפטף ללא תוספת סוכר,גורי מוצרי צריכה (1991) בעמ,,פרינוק פאוץ' בטעם סל,,120.00,100 גרם,false,,5.90,0.0492,true,1,240775
7290015156769,false,מחית פרינוק פאוץ' תפוח ואוכמניות 120 גרם,גורי מוצרי צריכה (1991) בעמ,,פרינוק פאוץ תפוח ואו,,120.00,100 גרם,false,,5.90,0.0492,true,1,240776
7290015156776,false,מחית פירות טרופיים חטיפטף ללא תוספת סוכר,גורי מוצרי צריכה (1991) בעמ,,פרינוק פאוץ פירות טר,,120.00,100 גרם,false,,5.90,0.0492,true,1,240777
7290015156790,false,מחית לפתן פירות חטיפטף ללא תוספת סוכר,גורי מוצרי צריכה (1991) בעמ,,פרינוק פאוץ לפתן פיר,,120.00,100 גרם,false,,5.90,0.0492,true,1,240778
7290015156813,false,פאוץ' מחית פירות מעורבים פרינוק 120 גרם,גורי מוצרי צריכה (1991) בעמ,,פרינוק פאוץ פירות מע,,120.00,100 גרם,false,,5.90,0.0492,true,1,240779
7290015161558,false,קמח שיבולת שועל מלאה אורגני ללא גלוטן,י.איטליאנו אחזקות בעמ,,קמח שיבולת שועל מלא,,500.00,100 גרם,false,,24.90,0.0498,true,1,245289
7290015164856,false,רוטב קארי אדומה 400 גרם SUREE כשר,מזרח ומערב יבוא ושיווק,,מחית קארי אדומה 400ג,,400.00,100 גרם,false,,19.90,0.0497,true,1,225678
7290015251181,false,"שלישיית סבון ידים כחול 500 מ""ל נובו",סאסאטק אגשח בעמ,,נובו אל סבון כחול של,,1500.00,"100 מ""ל",false,,10.00,0.0067,true,1,202836
7290015251198,false,סבון ידיים סגול שלישייה( 500 מל)נובו,סאסאטק אגשח בעמ,,נובו אל סבון סגול של,,1500.00,"100 מ""ל",false,,10.00,0.0067,true,1,202837
7290015251204,false,"נובו שלישיית סבון ידיים ורוד 500מ""ל",סאסאטק אגשח בעמ,,נובו אל סבון ורוד של,,1500.00,"100 מ""ל",false,,10.00,0.0067,true,1,202838
7290015251259,false,תחליב רחצה דבש+משאבה 1ל נובו,סאסאטק אגשח בעמ,,נובו תחליב רחצה דבש+,,1000.00,"100 מ""ל",false,,10.00,0.0100,true,1,202839
7290015251280,false,תחליב רחצה הרבל+משאבה 1ל נובו,,,נובו תחליב רחצה הרבל,,1000.00,"100 מ""ל",false,,10.00,0.0100,true,1,202841
7290015282000,false,איקרא אדומה SEVEN SEAS 200 גרם,שבעת הימים - שמיר,,איקרה אדומה 200גר שמ,,200.00,"100 מ""ל",false,,16.90,0.0845,true,1,197996
7290015282024,false,איקרא לבנה SEVEN SEAS 200 גרם,שבעת הימים - שמיר,,איקרה לבנה 200גר שמי,,200.00,"100 מ""ל",false,,16.90,0.0845,true,1,197998
7290015282390,false,סלט תורכי 200 גרם שמיר,"סלטי שמיר 2006 בע""מ",,תורכי 200 גרם גורמה,,200.00,100 גרם,false,,14.90,0.0745,true,1,220211
7290015282581,false,חומוס אבו גוש עם חריף שמיר 200 גרם,"סלטי שמיר 2006 בע""מ",,חומוס אבו גוש עם חרי,,200.00,100 גרם,false,,14.90,0.0745,true,1,198017
7290015282598,false,חומוס מסעדות גורמה שמיר 200 גרם,"סלטי שמיר 2006 בע""מ",,חומוס מסעדות 200 גר,,200.00,"100 מ""ל",false,,14.90,0.0745,true,1,198018
7290015282604,false,טחינה מיוחדת גורמה שמיר 200 גרם,"סלטי שמיר 2006 בע""מ",,טחינה מיוחדת 200 גר,,200.00,100 גרם,false,,14.90,0.0745,true,1,220206
7290015282628,false,חציל בטעם כבד גורמה שמיר 200 גרם,"סלטי שמיר 2006 בע""מ",,חציל בטעם כבד 200 גר,,200.00,100 גרם,false,,14.90,0.0745,true,1,198020
7290015282635,false,חומוס מסבחה גורמה שמיר 200 גרם,"סלטי שמיר 2006 בע""מ",,חומוס מסבחה 200 גר,,200.00,100 גרם,false,,14.90,0.0745,true,1,220207
7290015282642,false,חומוס אבו גוש גורמה שמיר 200 גרם,"סלטי שמיר 2006 בע""מ",,"חומוס אבו ג""וש 200 ג",,200.00,100 גרם,false,,14.90,0.0745,true,1,198021
7290015282666,false,סלט טונה עם ירקות 200 גר,"סלטי שמיר 2006 בע""מ",,סלט טונה עם ירקות שמ,,200.00,100 גרם,false,,16.90,0.0845,true,1,220220
7290015282673,false,חציל במיונז ביתי גורמה שמיר 200 גרם,"סלטי שמיר 2006 בע""מ",,חציל במיונז ביתי שמי,,200.00,"100 מ""ל",false,,14.90,0.0745,true,1,198023
7290015282680,false,קישוא בטעם כבד גורמה שמיר 200 גרם,"סלטי שמיר 2006 בע""מ",,קישוא בטעם כבד 200 ג,,200.00,100 גרם,false,,14.90,0.0745,true,1,198024
7290015282697,false,כרוב אדום שמיר גורמה 200גר,"סלטי שמיר 2006 בע""מ",,כרוב אדום 200 גר,,200.00,100 גרם,false,,14.90,0.0745,true,1,220212
7290015282710,false,קוביות סלק גורמה שמיר 200 גרם,"סלטי שמיר 2006 בע""מ",,קוביות סלק 200 גר,,200.00,"100 מ""ל",false,,14.90,0.0745,true,1,220208
7290015282727,false,גזר מרוקאי ברוטב פיקנטי אסלי שמיר 200 ג',"סלטי שמיר 2006 בע""מ",,גזר מרוקאי ברוטב פיק,,200.00,100 גרם,false,,14.90,0.0745,true,1,220209
7290015282734,false,מטבוחה ביתית גורמה שמיר 200 גרם,"סלטי שמיר 2006 בע""מ",,מטבוחה ביתית 200 גר,,200.00,100 גרם,false,,14.90,0.0745,true,1,220210
7290015282741,false,חציל תאילנדי אסלי שמיר 200 ג',"סלטי שמיר 2006 בע""מ",,חציל תאילנדי 200 גר,,200.00,100 גרם,false,,14.90,0.0745,true,1,220215
7290015282796,false,"סלט תפו""א שמיר במיונז 200ג'","סלטי שמיר 2006 בע""מ",,תפוח אדמה 200 גר גור,,200.00,100 גרם,false,,14.90,0.0745,true,1,220213
7290015320009,false,שלישיית שוקולד מריר השקדיה 100 גרם,דין שיווק וקליה 2021 בעמ,,שוקולד מריר שקדיה 3*,,300.00,100 גרם,false,,10.90,0.0363,true,1,248489
7290015320054,false,עוגיות בטעם חמאה יעד 340 גרם,יעד ממתקים בעמ,,עוגיות בטעם חמאה 340,,340.00,"100 מ""ל",false,,10.90,0.0321,true,1,173717
7290015320481,false,שוקולד מריר 60% קקאו שגוטן 100 גרם,יעד ממתקים בעמ,,שוקולד מריר 60% יעד,,100.00,"100 מ""ל",false,,4.90,0.0490,true,1,241680
7290015324007,false,פלפל שחור גרוס 80 גר' טעם וריח,"תבליני טעם וריח בע""מ",,פלפל שחור גרוס שקית,,80.00,"100 מ""ל",false,,11.90,0.1488,true,1,198201
7290015324014,false,"פלפל שחור טחון בשקית 80 גרם ""טעם וריח""","תבליני טעם וריח בע""מ",,פלפל שחור טחון שקית,,80.00,"100 מ""ל",false,,11.90,0.1488,true,1,198202
7290015324038,false,פפריקה מתוקה בשמן 100 גרם טעם וריח,"תבליני טעם וריח בע""מ",,פפריקה בשמן שקית 80ג,,80.00,"100 מ""ל",false,,6.90,0.0863,true,1,198203
7290015324045,false,תבלין פפריקה חריפה 80 גר' שק',"תבליני טעם וריח בע""מ",,פפריקה חריפה שקית 80,,80.00,"100 מ""ל",false,,6.90,0.0863,true,1,198204
7290015324052,false,פפריקה מתוקה 80 גר' טעם וריח,"תבליני טעם וריח בע""מ",,פפריקה מתוקה שקית 80,,80.00,"100 מ""ל",false,,6.90,0.0863,true,1,198205
7290015324069,false,גריל עוף 80 גר' טעם וריח,"תבליני טעם וריח בע""מ",,גריל עוף שקית 80גר,,80.00,"100 מ""ל",false,,6.90,0.0863,true,1,198206
7290015324076,false,זעתר מעורב 80 גר' טעם וריח,"תבליני טעם וריח בע""מ",,זעתר שקית 80גר,,80.00,100 גרם,false,,7.90,0.0988,true,1,198207
7290015324083,false,מלח לימון 80 גר' טעם וריח,"תבליני טעם וריח בע""מ",,מלח לימון שקית 80גר,,80.00,"100 מ""ל",false,,6.90,0.0863,true,1,198208
7290015324090,false,כמון טחון 80 גר' טעם וריח,"תבליני טעם וריח בע""מ",,כמון שקית 80גר,,80.00,"100 מ""ל",false,,6.90,0.0863,true,1,198209
7290015324106,false,כורכום טחון 80 גר' טעם וריח,"תבליני טעם וריח בע""מ",,כורכום שקית 80גר,,80.00,"100 מ""ל",false,,6.90,0.0863,true,1,198210
7290015324113,false,טעם וריח בהרט שקית 8,"תבליני טעם וריח בע""מ",,בהרט שקית 80גר,,80.00,100 גרם,false,,7.90,0.0988,true,1,198211
7290015324120,false,שום גבישי 80 גר' טעם וריח,"תבליני טעם וריח בע""מ",,שום גבישי שקית 80גר,,80.00,"100 מ""ל",false,,9.90,0.1238,true,1,198212
7290015324168,false,שק 80 גרם על האש ללא מונוסטדיום,"תבליני טעם וריח בע""מ",,על האש ללא מונוסודיו,,80.00,100 גרם,false,,7.90,0.0988,true,1,198214
7290015324175,false,תיבול לשווארמה 80 גר' טעם וריח,"תבליני טעם וריח בע""מ",,שווארמה ללא מונוסודי,,80.00,100 גרם,false,,7.90,0.0988,true,1,198215
7290015324281,false,"בצל מטוגן שקית 200 גרם""טעם וריח""",תבליני טעם וריח בעמ,,בצל מטוגן בשקית 200,,200.00,100 גרם,false,,11.90,0.0595,true,1,220082
7290015324519,false,תערובת לפיצה שקית 80 גרם,"תבליני טעם וריח בע""מ",,תערובת לפיצה 80 גרם,,80.00,100 גרם,false,,7.90,0.0988,true,1,233848
7290015324526,false,תערובת תיבול לפרגיות 80 גרם,"תבליני טעם וריח בע""מ",,תערובת תיבול לפרגיות,,80.00,100 גרם,false,,7.90,0.0988,true,1,233849
7290015324533,false,רוזמרין מיכל גדול 55 גרם,"תבליני טעם וריח בע""מ",,רוזמרין מיכל גדול 55,,55.00,100 גרם,false,,9.90,0.1800,true,1,233859
7290015324540,false,טימין מיכל גדול 30 גרם,"תבליני טעם וריח בע""מ",,טימין מיכל גדול 30 ג,,30.00,100 גרם,false,,9.90,0.3300,true,1,233862
7290015324557,false,בהרט לבישול מיכל גדול 80 גרם,"תבליני טעם וריח בע""מ",,בהרט לבישול מיכל גדו,,80.00,100 גרם,false,,9.90,0.1238,true,1,233863
7290015324564,false,בכוסברה טחונה מיכל גדול 70 גרם,"תבליני טעם וריח בע""מ",,כוסברה טחונה מיכל גד,,70.00,100 גרם,false,,9.90,0.1414,true,1,233860
7290015324588,false,פלפל לבן 100 גר` טעם וריח,"תבליני טעם וריח בע""מ",,פלפל לבן 100 גרם,,100.00,100 גרם,false,,14.90,0.1490,true,1,246837
7290015324670,false,מטחנת פלפל שחור שלם 50 ג' טעם וריח,תבליני טעם וריח בעמ,,מטחנת פלפל שחור שלם,,50.00,100 גרם,false,,13.90,0.2780,true,1,249594
7290015324687,false,מטחנת לקט פלפל 50 ג' טעם וריח,תבליני טעם וריח בעמ,,מטחנת לקט פלפל 50 גר,,50.00,100 גרם,false,,13.90,0.2780,true,1,249595
7290015339414,false,דבש פרחי בר 350 גר' טעמן,טעמן שווק מזון בעמ,,דבש טהור 350גר טעמן,,350.00,100 גרם,false,,15.90,0.0454,true,1,194518
7290015339551,false,פסטה פתיתים קוסקוס טעמן 500 גר',מוטלו מקרנה גזאנטפ,,פתיתים אפויים קוסקוס,,500.00,100 גרם,false,,5.90,0.0118,true,1,194520
7290015339568,false,פסטה פתיתים אורז טעמן 500 גר',מוטלו מקרנה גזאנטפ,,פתיתים אפויים אורז ט,,500.00,100 גרם,false,,5.90,0.0118,true,1,194521
7290015339629,false,שוקולד חלב שברי אגוזים 100 גרם טעמן,הלל תעשיות,,שוקולד חלב שברי אגוז,,100.00,100 גרם,false,,8.90,0.0890,true,1,248905
7290015347358,false,סודה לשתיה בקרטונית מיה 50 גרם,מיה תעשיות מזון מ.ת.מ. בעמ,,סודה לשתיה 50 גר,,50.00,100 גרם,false,,2.30,0.0460,true,1,220483
7290015347457,false,קינואה שחורה יבשה מיה 400 גר',מיה תעשיות מזון מ.ת.מ. בעמ,,קינואה שחורה 400 גרם,,400.00,"100 מ""ל",false,,10.90,0.0273,true,1,247811
7290015347464,false,מיה קינואה מעורבת 400 גרם,מיה תעשיות מזון מ.ת.מ. בעמ,,קינואה מעורבת 400 גר,,400.00,100 גרם,false,,10.90,0.0273,true,1,247812
7290015347525,false,צ'יפס בטטה עם שום ורוזמרין מיה 100 גרם,מיה תעשיות מזון מ.ת.מ. בעמ,,צ'יפס בטטה עם שום ור,,80.00,100 גרם,false,,8.90,0.1113,true,1,233919
7290015366663,false,"משחת שיניים מנטה עדין אקווה פרש 100 מ""ל",גלקסוסמיתקליין,,אקווה פרש עדין משחת,,100.00,100 גרם,false,,8.90,0.0890,true,1,199390
7290015366670,false,משחת שיניים בטעם מנטה אקוהפרש (100 מל),גלקסוסמיתקליין,,אקווה פרש מנטה משחת,,100.00,100 גרם,false,,8.90,0.0890,true,1,199391
7290015374279,false,"סיגר במילוי בשר בד""צ 400גר",חטיפי אלקיים בעמ ~~~,,"סיגר במילוי בשר בד""צ",,400.00,"100 מ""ל",false,,12.90,0.0323,true,1,173932
7290015374286,false,"סיגר במילוי תפו""א בד""צ 400גר",חטיפי אלקיים בעמ ~~~,,"סיגר במילוי תפו""א בד",,400.00,"100 מ""ל",false,,12.90,0.0323,true,1,173933
7290015374293,false,"פסטל במילוי בשר בד""צ 400גר",חטיפי אלקיים בעמ ~~~,,"פסטל במילוי בשר בד""צ",,400.00,100 גרם,false,,12.90,0.0323,true,1,173934
7290015374316,false,"אגרול סיני בד""צ 400גר",חטיפי אלקיים בעמ ~~~,,"אגרול סיני בד""צ 400ג",,400.00,"100 מ""ל",false,,12.90,0.0323,true,1,173936
7290015374323,false,"קובה ביתי במילוי בשר בד""צ 400גר",חטיפי אלקיים בעמ ~~~,,קובה ביתי במילוי בשר,,400.00,100 גרם,false,,12.90,0.0323,true,1,173937
7290015374330,false,"קובה מרק בד""צ 400גר",חטיפי אלקיים בעמ ~~~,,"קובה מרק בד""צ 400גר",,400.00,100 גרם,false,,12.90,0.0323,true,1,173938
7290015374347,false,"קובה חמוסטה בד""צ 400גר",חטיפי אלקיים בעמ ~~~,,"קובה המוסטה בד""צ 400",,400.00,100 גרם,false,,12.90,0.0323,true,1,227906
7290015374354,false,"קרפלך במילוי תפו""א בד""צ 400גר",חטיפי אלקיים בעמ ~~~,,"קרפלך במילוי תפו""א ב",,400.00,100 גרם,false,,12.90,0.0323,true,1,173940
7290015374392,false,"בלינצ`ס במילוי בשר בד""צ 400גר",חטיפי אלקיים בעמ ~~~,,בלינצס במילוי בשר בד,,400.00,100 גרם,false,,12.90,0.0323,true,1,173943
7290015374408,false,"בלינצ`ס במילוי פטריות בד""צ 400גר",חטיפי אלקיים בעמ ~~~,,בלינצס במילוי פטריות,,400.00,100 גרם,false,,12.90,0.0323,true,1,173944
7290015374415,false,"נקניקיות מצופות בד""צ 400גר",חטיפי אלקיים בעמ ~~~,,"נקניקיות מצופות בד""צ",,400.00,100 גרם,false,,12.90,0.0323,true,1,173945
7290015374422,false,"שניצלונים תפו""א במילוי בשר בד""צ 400גר",חטיפי אלקיים בעמ ~~~,,"שניצלונים תפו""א במיל",,400.00,100 גרם,false,,12.90,0.0323,true,1,173946
7290015374439,false,"שניצלונים תפו""א במילוי פטריות בד""צ 400",חטיפי אלקיים בעמ ~~~,,"שניצלונים תפו""א במיל",,400.00,"100 מ""ל",false,,12.90,0.0323,true,1,173947
7290015395021,false,גוג`י ברי מיובש 200 גר`קופסא,דין שיווק וקליה 2021 בעמ,,גרגירי גוג'י ברי ששו,,180.00,"100 מ""ל",false,,21.90,0.1217,true,1,200561
7290015437585,false,מוזלי קראנצי בתוספת צימוק ושוקולד 600 גרם,תומר ייבוא ושיווק מוצרי מזון [,,מוזלי קראנץ צימוק שו,,600.00,100 גרם,false,,13.90,0.0232,true,1,175375
7290015528177,false,מגש קלאסי 9/13 סידרת מאי שקוף 1יח',,,"מגש קלאסי 9/13 ""סיד",יחידה,0.00,יחידה,false,,8.90,0.0000,true,1,197361
7290015528566,false,גביע 270 ארוז 10 יח',,,גביע 270 ארוז 10 יח',יחידה,0.00,יחידה,false,,6.90,0.0000,true,1,197384
7290015528573,false,גביע בינוני לסלטים,,,גביע 500 ארוז 10 יח',יחידה,0.00,יחידה,false,,6.90,0.0000,true,1,197385
7290015528580,false,גביע 1000 ארוז 5 יח',,,גביע 1000 ארוז 5 יח',יחידה,0.00,יחידה,false,,6.90,0.0000,true,1,197386
7290015528641,false,מיכל 1 ליטר ארוז 3 י,,,מיכל 1 ליטר ארוז 3 י,יחידה,0.00,יחידה,false,,8.90,0.0000,true,1,233397
7290015528658,false,מיכל 2 ליטר ארוז 3 י,,,מיכל 2 ליטר ארוז 3 י,יחידה,0.00,יחידה,false,,8.90,0.0000,true,1,233398
7290015528665,false,מיכל 3 ליטר ארוז 2 י,,,מיכל 3 ליטר ארוז 2 י,יחידה,0.00,יחידה,false,,8.90,0.0000,true,1,233399
7290015528696,false,כוס נייר OZ16 אר'50,,,כוס נייר OZ16 אר'50,יחידה,0.00,יחידה,false,,24.90,0.0000,true,1,226466
7290015528825,false,צלחת 7 מתכלה אר 25 יח' דנטס,,,צלחת 7 מתכלה אר 25 י,יחידה,0.00,יחידה,false,,11.90,0.0000,true,1,228383
7290015528832,false,צלחת 9 מתכלה אר' 25 יח' דנטס,,,צלחת 9 מתכלה אר' 25,יחידה,0.00,יחידה,false,,14.90,0.0000,true,1,228384
7290015528849,false,צלחת 10 מתכלה אר' 25 יח' דנטס,,,צלחת 10 מתכלה אר' 25,יחידה,0.00,יחידה,false,,18.90,0.0000,true,1,228385
7290015528863,false,מרקיה מתכלה אר' 25 יח' דנטס,,,"מרקיה 340 מ""ל מתכלה",יחידה,0.00,יחידה,false,,10.90,0.0000,true,1,228386
7290015528870,false,ליפתנית מתכלה אר' 25 יח' דנטס,,,"ליפתנית 200 מ""ל מתכל",יחידה,0.00,יחידה,false,,7.90,0.0000,true,1,228387
7290015528887,false,צלחת 6 קטנה מתכלה אר 25 יח',,,צלחת 6 קטנה מתכלה אר,יחידה,0.00,יחידה,false,,7.90,0.0000,true,1,228388
7290015528993,false,קינוחי סופלה אר' 12,,,קינוחי סופלה אר' 12,יחידה,0.00,יחידה,false,,15.90,0.0000,true,1,197400
7290015597210,false,מאגדת טילון קורנטו פרווה טבעוני-וויגן פרנדלי,"גלידת שטראוס בע""\מ, רחוב",,טילון קורנטו מאגדת פ,,378.00,100 גרם,false,,36.90,0.0976,true,1,223659
7290015603201,false,אטריות מחיטה מלאה 454ג' (כ) (fu),קסמיאן קסינגשנג פודסטטפס,,אטריות מחיטה מלאה 45,,454.00,"100 מ""ל",false,,10.90,0.0240,true,1,205006
7290015603218,false,אטריות עם עגבניה מזרח מערב 454 גרם,מזרח ומערב יבוא ושיווק,,איטריות בתוספת עגבני,,454.00,100 גרם,false,,10.90,0.0240,true,1,205007
7290015603225,false,איטריות בתוספת גזר 454 גרם,מזרח ומערב יבוא ושיווק,,איטריות בתוספת גזר 4,,454.00,100 גרם,false,,10.90,0.0240,true,1,205008
7290015603232,false,איטריות בתוספת דלעת 454 גרם,מזרח ומערב יבוא ושיווק,,איטריות בתוספת דלעת,,454.00,100 גרם,false,,10.90,0.0240,true,1,205009
7290015603546,false,"שימורי קרם קוקוס 17-19% 400 מ""ל (ASIATIC)(כ)",מזרח ומערב יבוא ושיווק,,קרם קוקוס 17-19% 400,,400.00,100 גרם,false,,9.90,0.0248,true,1,224513
7290015603560,false,"שימורי קרם קוקוס 20-22% 400 מ""ל (ASIATIC)(כ)",אסיאטיק אגרו אינדוסטרי,,קרם קוקוס 20-22% 400,,400.00,100 גרם,false,,9.90,0.0248,true,1,226857
7290015603584,false,ג'ינגר לבן כבוש ללא מונוסודיום 160 גרם (כ),מזרח ומערב יבוא ושיווק,,גינגר לבן כבוש ללא מ,,160.00,100 גרם,false,,8.90,0.0556,true,1,205011
7290015603591,false,גינגר ורוד כבוש ללא מונוסודיום 160 גרם,מזרח ומערב יבוא ושיווק,,גינגר ורוד כבוש ללא,,160.00,"100 מ""ל",false,,8.90,0.0556,true,1,221517
7290015640541,false,קרם ידיים סנשואל 150,,,קרם ידיים סנשואל 150,,150.00,"100 מ""ל",false,,7.90,0.0527,true,1,243838
7290015652070,false,קשוי קלוי בשקית ששון הקולה 150 גרם,דין שיווק וקליה 2021 בעמ,,קשיו קלוי 150גרם,,150.00,"100 מ""ל",false,,10.90,0.0727,true,1,200575
7290015652087,false,תערובת פיצוחים בשקית ששון הקולה 150 גרם,דין שיווק וקליה 2021 בעמ,,תערובת פיצוחים 150גר,,150.00,100 גרם,false,,10.90,0.0727,true,1,200576
7290015652254,false,גרעיני חמניה קלויים ששון הקולה (400 גרם),דין שיווק וקליה 2021 בעמ,,גרעינים שחורים 400 ג,,400.00,100 גרם,false,,10.00,0.0250,true,1,200580
7290015652261,false,בוטנים קלויים ששון הקולה 350 גרם,דין שיווק וקליה 2021 בעמ,,בוטנים קלויים 300 גר,,300.00,100 גרם,false,,10.00,0.0333,true,1,200581
7290015652278,false,תערובת פיצוחים ששון הקולה 300 גרם,דין שיווק וקליה 2021 בעמ,,תערובת פיצוחים 250גר,,250.00,100 גרם,false,,20.00,0.0800,true,1,200582
7290015652285,false,אגוזים קלופים ששון הקולה 250 גרם,דין שיווק וקליה 2021 בעמ,,אגוזי מלך קלופים 250,,250.00,100 גרם,false,,19.90,0.0796,true,1,200583
7290015652292,false,קבוקים עם שומשום ששון הקולה 400 גרם,דין שיווק וקליה 2021 בעמ,,קבוקים עם שומשום 500,,500.00,100 גרם,false,,10.00,0.0200,true,1,200584
7290015652308,false,מנצ'ס ששון הקולה 400 גרם,דין שיווק וקליה 2021 בעמ,,מנצס ששון הקולה 300,,300.00,100 גרם,false,,10.00,0.0333,true,1,200585
7290015652315,false,חמוציות מסוכרות ששון הקולה (300 גרם),דין שיווק וקליה 2021 בעמ,,חמוציות מסוכרות 300ג,,300.00,"100 מ""ל",false,,10.00,0.0333,true,1,200586
7290015652322,false,בוטנים אמריקאיים מצופים 400 גר ששון הקלה,דין שיווק וקליה 2021 בעמ,,בוטנים אמריקאים מצופ,,400.00,100 גרם,false,,10.00,0.0250,true,1,200587
7290015652407,false,פיסטוק קלוי ששון הקולה (250 גרם),דין שיווק וקליה 2021 בעמ,,פיסטוק 250גר,,250.00,100 גרם,false,,20.00,0.0800,true,1,200592
7290015652605,false,פיסטוק קלוף השף 100 גרם,דין שיווק וקליה 2021 בעמ,,פיסטוק מקולף 100 גר,,100.00,100 גרם,false,,21.90,0.2190,true,1,200604
7290015695800,false,נבטי ברוקולי אורגני יח,הנבטים של אודי,,נבטי ברוקולי,,1000.00,100 גרם,false,,9.90,0.0099,true,1,214796
7290015695855,false,נבטי חמניה אורגני יח,הנבטים של אודי,,נבטי חמניה,,1000.00,100 גרם,false,,9.90,0.0099,true,1,214801
7290015695893,false,מיקס נבטוטים אורגני יח,אודי,,מיקס נבטוטים,,1000.00,100 גרם,false,,9.90,0.0099,true,1,214805
7290015695916,false,מיקס נבטים ענק אורגני יח,הנבטים של אודי,,מיקס נבטים ענק,,1000.00,100 גרם,false,,15.90,0.0159,true,1,214806
7290015695923,false,נבטים סיניים אורגני יח,מושב אחיטוב,,נבטים סיניים,,1000.00,100 גרם,false,,6.90,0.0069,true,1,214807
7290015699730,false,סבון דה מארסיי יעקבי 1.5 ליטר *חדש-,"יעקב יעקבי ובניו בע""מ",,הפי לרצפות מבושמת 1.,ליטרים,1.50,ליטר,false,,14.90,9.9333,true,1,183614
7290015733168,false,מטרנה גולד שלב שלוש 700 ג',קבוצת אוסם סחר-שות.מוגבלת,,מטרנה גולד שלב3 700ג,,700.00,100 גרם,false,,74.90,0.1070,true,1,241363
7290015733205,false,תרכובת מזון לתינוקות חלבי שלב 1 אקסטרה קר מהדרין,קבוצת אוסם סחר שותפות מוגבלת,,מטרנה אקסטרה קר שלב,,700.00,100 גרם,false,,59.90,0.0856,true,1,245134
7290015733229,false,תרכובת מזון לתינוקות חלבי שלב 2 אקסטרה קר מהדרין,קבוצת אוסם סחר שותפות מוגבלת,,מטרנה אקסטרה קר שלב,,700.00,100 גרם,false,,59.90,0.0856,true,1,245128
7290015733243,false,מטרנה אקסטרה קייר מהדרין שלב 3 700 גרם,קבוצת אוסם סחר שותפות מוגבלת,,מטרנה אקסטרה קר שלב,,700.00,100 גרם,false,,59.90,0.0856,true,1,245129
7290015733427,false,מטרנה דייסת גם וגם וניל פרו12*300ג 2019,קבוצת אוסם סחר שותפות מוגבלת,,דייסת גם וגם וניל פר,,300.00,100 גרם,false,,24.90,0.0830,true,1,234370
7290015733441,false,מטרנה דייסת גם וגם דגנים פרו 300 גר`,קבוצת אוסם סחר שותפות מוגבלת,,דייסת גם וגם דגנים פ,,300.00,100 גרם,false,,24.90,0.0830,true,1,234371
7290015733977,false,תרכובת מזון קומפורט על בסיס חלבי דל לקטוז,קבוצת אוסם סחר שותפות מוגבלת,,מטרנה קומפורט 700 גר,,700.00,100 גרם,false,,59.90,0.0856,true,1,244644
7290015775632,false,חמאת בוטנים הטיב 35,g&g,,חמאת בוטנים 350גר,,350.00,"100 מ""ל",false,,15.90,0.0454,true,1,247081
7290015781008,false,"יין VISION מרלו אדום טפרברג 750 מ""ל",יקב טפרברג 1870 בעמ (יינות ומש,,"יין ויז'ן מרלו 750מ""",,750.00,"100 מ""ל",false,,39.90,0.0532,true,1,172768
7290015781091,false,"יין VISION קברנה סוביניון טפרברג 750 מ""ל",יקב טפרברג 1870 בעמ (יינות ומש,,יין ויז'ן קברנה סובי,,750.00,100 גרם,false,,39.90,0.0532,true,1,172772
7290015781114,false,יין אדום אימפרשיין מרלו טפרברג (750 מל),יקב טפרברג 1870 בעמ (יינות ומש,,יין אימפרזיון מרלו 7,,750.00,"100 מ""ל",false,,49.90,0.0665,true,1,172774
7290015781121,false,"יין IMPRESSION קברנה סוביניון יבש טפרברג 750 מ""ל",יקב טפרברג 1870 בעמ (יינות ומש,,יין אימפרזיון קברנה,,750.00,"100 מ""ל",false,,49.90,0.0665,true,1,172775
7290015781299,false,יין שיראז ויזון יקב טפרברג (750 מל),יקב טפרברג 1870 בעמ (יינות ומש,,יין ויז'ן שיראז 750מ,,750.00,"100 מ""ל",false,,39.90,0.0532,true,1,172782
7290015804400,false,עגבניות מרוסקות טל 250 גרם,ויטה- פרי גליל (החדשה) בעמ,,עגבניות מרוסקות 250ג,,250.00,"100 מ""ל",false,,4.90,0.0196,true,1,201042
7290015804417,false,עגבניות מרוסקות מתובלות עם שום,ויטה- פרי גליל (החדשה) בעמ,,עגבניות מרוסקות שום,,250.00,"100 מ""ל",false,,4.90,0.0196,true,1,201043
7290015804424,false,עגבניות מרוסקות בטעם בזיל ועשבי תיבול 260 ג' טל,ויטה- פרי גליל (החדשה) בעמ,,עגבניות מרוסקות בזיל,,250.00,100 גרם,false,,4.90,0.0196,true,1,201044
7290015855013,false,פלפלונים -טינקרבל א.אדמה,א.אדמה (2007) בעמ,,פלפל טינקרבל ארוז,יחידה,0.00,יחידה,false,,7.90,0.0000,true,1,204790
7290015855037,false,פלפל צ`ילי בשקית,א.אדמה (2007) בעמ,,פלפל צ'ילי.,יחידה,0.00,יחידה,false,,6.90,0.0000,true,1,204792
7290015855051,false,מלפפון מיני ארוז א.אדמה,,,מלפפון מיני ארוז,יחידה,0.00,יחידה,false,,7.90,0.0000,true,1,204793
7290015855129,false,כרוב קייל רעננים,רעננים,,כרוב קייל ארוז,יחידה,0.00,יחידה,false,,9.90,0.0000,true,1,226428
7290015855143,false,שיני שום קלופות בנספ,א.אדמה (2007) בעמ,,שום קלוף 170גרם,יחידה,0.00,יחידה,false,,11.90,0.0000,true,1,204801
7290015855181,false,גינג`ר יחידה טרי,א.אדמה (2007) בעמ,,גינג'ר ארוז,יחידה,0.00,יחידה,false,,12.90,0.0000,true,1,204802
7290015855228,false,אספרגוס א.אדמה,א.אדמה (2007) בעמ,,אספרגוס,יחידה,0.00,יחידה,false,,24.90,0.0000,true,1,204805
7290015855273,false,בזיליקום מארז גדול א.אדמה,א.אדמה (2007) בעמ,,בזיליקום מארז גדול,יחידה,0.00,יחידה,false,,9.90,0.0000,true,1,249229
7290015855341,false,אנדיב לבן (עלוש),א.אדמה (2007) בעמ,,אנדיב (עולש),,0.00,100 גרם,false,,15.90,0.0000,true,1,225033
7290015855358,false,בצלצלי שאלוט 280 גרם,ביכורי השדה צפון 1994 ג.ד. בעמ,,בצלצלי שאלוט,יחידה,0.00,יחידה,false,,9.90,0.0000,true,1,226956
7290015855495,false,חסה לאליק כ 150 גר,א.אדמה (2007) בעמ,,חסה לאליק,יחידה,0.00,יחידה,false,,12.90,0.0000,true,1,248059
7290015856171,false,בייגלה שמיניות עם מלח הדר 200 ג',,,בייגלה שמיניות עם מל,,200.00,"100 מ""ל",false,,5.90,0.0295,true,1,246989
7290015856607,false,קרקר תירוש מלוח מתוק חצי מצופה בטעם שוקולד,אפיפית נצרת תעשיות ב,,קרקר תירוש 175ג חצי,,175.00,100 גרם,false,,7.90,0.0451,true,1,240967
7290015856621,false,ביסקויט תירוש בטעם קרמל[לוטוס]175 גרם,אפיפית נצרת תעשיות ב,,ביסקוויט תירוש קרמל,,175.00,100 גרם,false,,7.90,0.0451,true,1,240969
7290015856690,false,"קרקר קרם קרקר רגיל 1 ק""ג הדר.",ח.כהן סוכנות מזון ומשקאות בע,,"קרם קרקר 1 ק""ג",קילוגרמים,1.00,"ק""ג",false,,19.90,19.9000,true,1,242311
7290015856850,false,"בסקויט פתי בר וניל 1 ק""ג",,,בסקויט פתי בר וניל 1,,1000.00,100 גרם,false,,14.90,0.0149,true,1,245386
7290015856935,false,ביסקויט אקסטרא גליל טעם חמאה 400 גרם,ח.כהן סוכנות מזון ומשקאות בע,,ביסקוויט אקסטרה בטעם,,400.00,100 גרם,false,,7.90,0.0198,true,1,246997
7290015856942,false,קרם קרקר עם זעתר אפיפית,אפיפית,,קרם קרקר עם זעתר 250,,250.00,100 גרם,false,,6.90,0.0276,true,1,247927
7290015858106,false,"ממרח פסטו ביתי 180 גרם ""עללחם""",שטראוס גרופ בעמ/מצונן,,ממרח פסטו ביתי 180 ג,,180.00,"100 מ""ל",false,,15.90,0.0883,true,1,227028
7290015858113,false,"ממרח עגבניות מיובשות 180 גרם ""טריטרי""",שטראוס גרופ בעמ/מצונן,,ממרח עגבניות מיובשות,,180.00,100 גרם,false,,15.90,0.0883,true,1,227049
7290015858175,false,ממרח פלפלים קלויים עללחם 180 גרם,שטראוס גרופ בעמ/מצונן,,ממרח פלפלים קלויים 1,,180.00,100 גרם,false,,15.90,0.0883,true,1,227044
7290015858212,false,ממרח לימון כבוש עללחם 180 גרם,שטראוס גרופ בעמ/מצונן,,ממרח לימון כבוש 180,,180.00,100 גרם,false,,15.90,0.0883,true,1,227045
7290015858229,false,"טפנד זיתי קלמטה 180 גרם ""עללחם""",שטראוס גרופ בעמ/מצונן,,ממרח טפנד זיתי קלמטה,,180.00,100 גרם,false,,15.90,0.0883,true,1,227041
7290015858243,false,ממרח צימיצורי עללחם 180 גרם,שטראוס גרופ בעמ/מצונן,,ממרח צ'ימיצ'ורי 180,,180.00,"100 מ""ל",false,,15.90,0.0883,true,1,227042
7290015858328,false,עללחם ממרח איולי פסטו 295 גרם,"מדשא תעשיות מזון בע""\מ",,עללחם ממרח איולי פסט,,295.00,100 גרם,false,,15.90,0.0539,true,1,250267
7290015858441,false,עללחם ממרח איולי פלפלים 295 גרם,"מדשא תעשיות מזון בע""\מ",,עללחם ממרח איולי פלפ,,295.00,"100 מ""ל",false,,15.90,0.0539,true,1,250268
7290015858687,false,עללחם ממרח איולי שום 295 גרם,"מדשא תעשיות מזון בע""\מ",,עללחם ממרח איולי שום,,295.00,100 גרם,false,,15.90,0.0539,true,1,250270
7290015858694,false,עללחם ממרח איולי שום לימון 295 גרם,"מדשא תעשיות מזון בע""\מ",,עללחם ממרח איולי שום,,295.00,"100 מ""ל",false,,15.90,0.0539,true,1,250269
7290015865708,false,ענבי ציון תענוג פרי אוכמניות 400 גר`,אבאל יזמות בעמ,,קונפיטורה תענוג פרי,,400.00,100 גרם,false,,16.90,0.0422,true,1,250212
7290015865715,false,ענבי ציון תענוג פרי פירות יער 400 גר`,אבאל יזמות בעמ,,קונפיטורה תענוג פרי,,400.00,100 גרם,false,,16.90,0.0422,true,1,250213
7290015951869,false,"יין הר חרמון רוזה 750 מ""ל",מיוצר וממולא על ידי יקב,,יין הר חרמון רוזה עב,,750.00,"100 מ""ל",false,,37.90,0.0505,true,1,242950
7290016006025,false,שוופס סודה 0.50 ליטר בקבוק,יפאורה שותפות מוגבלת לשיווק,,שוופס סודה 500מל,,500.00,"100 מ""ל",false,,3.90,0.0078,true,1,181832
7290016006148,false,"שוופס מוגז עדין ענבים בקבוק 500מ""ל",יפאורה - שותפות מוגבלת לשיווק,,שוופס מוגז ענבים 500,,500.00,100 גרם,false,,5.90,0.0118,true,1,181834
7290016006292,false,נקטר מנגו בננה מלון קרטונית 1 ל' ספרינג,יפאורה שותפות מוגבלת לשיווק,,ספרינג מנגו בננה מלו,,1000.00,"100 מ""ל",false,,7.90,0.0079,true,1,181841
7290016006339,false,מים מינרלים מי עדן (1x4 ליטר),יפאורה שותפות מוגבלת לשיווק,,מי עדן רביעייה 4*1לי,,4000.00,"100 מ""ל",false,,11.90,0.0030,true,1,181843
7290016006346,false,שוופס סודה 0.5 ליטר מארז שישייה,יפאורה שותפות מוגבלת לשיווק,,שוופס סודה מארז שישי,,3000.00,100 גרם,false,,15.90,0.0053,true,1,181844
7290016028065,false,קינוחי טירמיסו קטן אר' 24 יח',,,קינוחי טירמיסו קטן א,יחידה,0.00,יחידה,false,,15.90,0.0000,true,1,197402
7290016028348,false,מפת אל בד חתוך 11/18,,,מפת אל בד חתוך 11/18,יחידה,0.00,יחידה,false,,4.90,0.0000,true,1,220924
7290016028423,false,קינוחי פנקוטה עם מכסה אר' 12 יח',,,קינוחי פנקוטה עם מכס,יחידה,0.00,יחידה,false,,15.90,0.0000,true,1,226471
7290016028522,false,מגש עגול זהב 12 אר',,,מגש עגול זהב 12 אר',יחידה,0.00,יחידה,false,,10.90,0.0000,true,1,197410
7290016028805,false,קש מתקפל צבעוני אר',,,קש מתקפל צבעוני אר',יחידה,0.00,יחידה,false,,17.90,0.0000,true,1,247356
7290016028836,false,קש מתקפל צבעוני אר' 150 יח' דנטס,,,קש מתקפל צבעוני אר',יחידה,0.00,יחידה,false,,7.90,0.0000,true,1,247357
7290016102062,false,"מגש מחולק ל-4 צבעוני שמאי כשל""פ עד""ח",,,מגש מחולק ל 4,יחידה,0.00,יחידה,false,,9.90,0.0000,true,1,233184
7290016102550,false,צלחות 10 ענק באסקט שקוף קשיח אחת שתיים שמאי 10 יח',,,צלחות 10 ענק שקוף קש,יחידה,0.00,יחידה,false,,33.90,0.0000,true,1,240620
7290016102789,false,צלחות קטנות אקו 50 יח',,,צלחות קטן 50 יח',יחידה,0.00,יחידה,false,,8.90,0.0000,true,1,241343
7290016136722,false,פתיתים פנה ללא גלוטן 340 גרם גי פרי,גורי מוצרי צריכה (1991) בעמ,,פתיתים פנה ללא גלוטן,,340.00,"100 מ""ל",false,,9.90,0.0291,true,1,225559
7290016136739,false,GFREE פתיתי פוזילי על בסיס קמח תירס וקמח,גורי מוצרי צריכה (1991) בעמ,,פתיתים פוזילי ללא גל,,340.00,100 גרם,false,,9.90,0.0291,true,1,225566
7290016144017,false,"קמח מלא נפלאות 100% ללא ניפוי 1 ק""ג",תה ויסוצקי (ישראל)בעמ,,קמח נפלאות חיטה מלא,,1000.00,100 גרם,false,,9.90,0.0099,true,1,248479
7290016144031,false,"נפלאות קמח חיטה לבן מנופה 1 ק""ג",תה ויסוצקי (ישראל)בעמ,,קמח נפלאות חיטה לבן,,1000.00,100 גרם,false,,6.90,0.0069,true,1,248478
7290016144055,false,קמח כוסמין 80% קמח נפלאות 1 קג,תה ויסוצקי (ישראל)בעמ,,קמח נפלאות כוסמין 80,,1000.00,100 גרם,false,,14.90,0.0149,true,1,248481
7290016150117,false,סלק אדום מבושל 500 ג' בוואקום,ביג פוד כחול לבן בעמ*שיק 30 יו,,סלק וואקום,,500.00,"100 מ""ל",false,,6.90,0.0138,true,1,211980
7290016162219,false,כדורי שוקולד פרווה קפולסקי (280 גרם),תופינים מקבוצת קפולסקי,,כדורי שוקולד פרווה,יחידה,0.00,יחידה,false,,29.90,0.0000,true,1,212760
7290016188592,false,למברוסקו אדום חצי יבש 750 מל יקבי כרמל,אגודת הכורמים -כרמל מזרחי,,יין למברוסקו אדום חצ,,750.00,"100 מ""ל",false,,24.90,0.0332,true,1,171337
7290016188608,false,GIACOBAZZI למברוסקו לבן חצי יבש יקבי כרמל,אגודת הכורמים -כרמל מזרחי,,יין למברוסקו לבן חצי,,750.00,"100 מ""ל",false,,24.90,0.0332,true,1,171338
7290016197488,false,מטליות מיקרופייבר למשטחים ניקול 3יח',קימברלי קלארק ישראל שיווק בעמ,,מטלית קסם לשיש ניקול,יחידה,0.00,יחידה,false,,15.90,0.0000,true,1,181567
7290016197495,false,ניקול זוג מטליות הקסם מיקרופייבר לרצפה,קימברלי קלארק ישראל שיווק בעמ,,מטליות מיקרופייבר זו,יחידה,0.00,יחידה,false,,19.90,0.0000,true,1,181568
7290016197600,false,דיפנד - תחבושת לנשים נורמל 12 יח',קימברלי קלארק ישראל שיווק בעמ,,תחבושות דיפנד נורמל,יחידה,0.00,יחידה,false,,20.90,0.0000,true,1,181572
7290016197624,false,תחבושות לנשים סופר דיפנד 8 יחידות,קימברלי קלארק ישראל שיווק בעמ,,תחבושות דיפנד סופר 8,יחידה,0.00,יחידה,false,,20.90,0.0000,true,1,181574
7290016197839,false,ניקול השקית החזקה 20 יח' XL,קימברלי קלארק ישראל שיווק בעמ,,השקית החזקה 20יח XL,יחידה,0.00,יחידה,false,,19.90,0.0000,true,1,181576
7290016197877,false,שקיות אשפה לפחים בינוניים עם שרוך 50 * 53 ניקול 50 יחידות,קימברלי קלארק ישראל שיווק בעמ,,שקית לפחי מטבח קטנים,יחידה,0.00,יחידה,false,,19.90,0.0000,true,1,181577
7290016217735,false,חציל על האש 200גרם גורמה,"סלטי שמיר 2006 בע""מ",,חציל אש 200 גר שמיר,,200.00,100 גרם,false,,14.90,0.0745,true,1,220217
7290016217742,false,חציל בטחינה 200גרם גורמה,"סלטי שמיר 2006 בע""מ",,חציל אש בטחינה 200 ג,,200.00,100 גרם,false,,14.90,0.0745,true,1,220218
7290016217759,false,חציל מרוקאי 200גרם גורמה,"סלטי שמיר 2006 בע""מ",,סלט חציל מרוקאי 200,,200.00,100 גרם,false,,14.90,0.0745,true,1,220219
7290016217988,false,גרבלקס-סלמון כבוש שמיר 100 גרם,"סלטי שמיר 2006 בע""מ",,גרבדלקס 100גר,,100.00,100 גרם,false,,22.90,0.2290,true,1,249735
7290016233384,false,גפילטע פיש 7 קציצות תומר 555 גרם,דג טעים ירושלים,,גפילטע פיש 7קציצות מ,,550.00,100 גרם,false,,14.90,0.0271,true,1,175389
7290016233575,false,פתיתי שיבולת שועל 600 גר גוד מורנינג,,,שיבולת שועל 600גר,,600.00,100 גרם,false,,6.90,0.0115,true,1,175393
7290016246452,false,בארכה טחינה גולמית מעודנת שום לימון 310 גרם,קבוצת אוסם סחר שותפות מוגבלת,,טחינה גולמית מעודנת,,310.00,100 גרם,false,,14.90,0.0481,true,1,225435
7290016246711,false,טחינה גולמית מעודנת הריסה בארכה 310 גרם,קבוצת אוסם סחר שותפות מוגבלת,,טחינה בארכה מעודנת ה,,310.00,100 גרם,false,,14.90,0.0481,true,1,233340
7290016255300,false,"ת.רחצה לגבר בריח ווייב נובו 700מ""ל",סאסאטק אגשח בעמ,,נובו תחליב רחצה לגבר,,700.00,100 גרם,false,,10.00,0.0143,true,1,202859
7290016270709,false,עגבניות שרי אשכולות,ביכורי השדה צפון 1994 ג.ד. בעמ,,שרי אשכולות ארוז כ-4,יחידה,0.00,יחידה,false,,9.90,0.0000,true,1,226160
7290016276534,false,"שמן קוקוס לא מזוכך 500 מ""ל",קונסיגנציה-דין שיווק וקליה 202,,שמן קוקוס לא מזוכך 5,,500.00,100 גרם,false,,29.90,0.0598,true,1,200625
7290016276756,false,מעדן 4 פירות 100% רכיבי פרי שקדיה 284 ג',דין שיווק וקליה 2021 בעמ,,מעדן 4 פירות 100% רכ,,284.00,100 גרם,false,,11.90,0.0419,true,1,200626
7290016276763,false,מעדן שזיף 100% רכיבי פרי ללא סוכר שקדיה 284 ג',דין שיווק וקליה 2021 בעמ,,מעדן שזיף 100% רכיבי,,284.00,"100 מ""ל",false,,11.90,0.0419,true,1,200627
7290016276787,false,מעדן אננס 100% רכיבי פרי ללא סוכר שקדיה 284 ג',דין שיווק וקליה 2021 בעמ,,מעדן אננס 100% רכיבי,,284.00,100 גרם,false,,11.90,0.0419,true,1,200629
7290016276794,false,מעדן תפוז 100% רכיבי פרי ללא תוספת סוכ,דין שיווק וקליה 2021 בעמ,,מעדן תפוז 100% רכיבי,,284.00,"100 מ""ל",false,,11.90,0.0419,true,1,200630
7290016276800,false,מעדן תפוח עץ 100% רכיבי פרי ללא סוכר שקדיה 284 ג',דין שיווק וקליה 2021 בעמ,,"מעדן תפו""ע 100% רכיב",,284.00,100 גרם,false,,11.90,0.0419,true,1,200631
7290016276831,false,תבשיל איטריות בטעם בקר 70 גרם סו שף,דין שיווק וקליה 2021 בעמ,,תבשיל איטריות בטעם ב,,70.00,"100 מ""ל",false,,5.90,0.0843,true,1,200632
7290016276855,false,תבשיל אטריות בטעם ירקות 70 גרם סו שף,דין שיווק וקליה 2021 בעמ,,תבשיל איטריות בטעם י,,70.00,100 גרם,false,,5.90,0.0843,true,1,200634
7290016321661,false,פרש וואנס SENSITIVE מגבונים ללא בישום רביעייה 72 יחידות,עלבד משואות יצחק,,מגבוני פרשוואנס רביע,יחידה,0.00,יחידה,false,,18.90,0.0000,true,1,233270
7290016321678,false,מגבונים לחים בניחוח מרענן עם תמציות קמומיל ואלוורה,עלבד משואות יצחק,,מגבוני פרשוואנס רביע,יחידה,0.00,יחידה,false,,18.90,0.0000,true,1,233271
7290016321722,false,פרש וואנס מגבונים בו,על בד,,פרש וואנס מגבונים בו,יחידה,0.00,יחידה,false,,5.90,0.0000,true,1,227670
7290016321890,false,פרשוואנס נייר טואלט מתכלה למבוגרים -מארז שלישייה,עלבד משואות יצחק בעמ,,מגבוני נייר טואלט פר,יחידה,0.00,יחידה,false,,14.90,0.0000,true,1,240405
7290016329308,false,"ד""ר פישר - סרקל קרם רוזמרין לשיער מתולתל 325 מ""ל","פישר תעשיות פרמצביטות בע""מ",,סרקל קרם רוזמרין לשי,,325.00,"100 מ""ל",false,,27.90,0.0858,true,1,220078
7290016370959,false,חציל קלוי (פירה) בצנצנת קבוצת יבנה 530 גרם,"קבוצת יבנה מוצרי מזון בע""מ",,חציל קלויי על האש קב,,530.00,"100 מ""ל",false,,10.90,0.0206,true,1,210807
7290016370973,false,פלפל קלוי (גמביה) בצנצנת קבוצת יבנה 390 גרם,"קבוצת יבנה מוצרי מזון בע""מ",,פלפל קלויי על האש קב,,540.00,100 גרם,false,,10.90,0.0202,true,1,210809
7290016372397,false,"תה ויסוצקי ירוק תפוז,ג'ינגר וכורכום 25 יח'",תה ויסוצקי (ישראל) בעמ,,תה ירוק תפוז גינגר ו,,37.50,100 גרם,false,,25.90,0.6907,true,1,221594
7290016372458,false,חליטת לימונית ולואיזה הגן הקסום ויסוצקי 50 יחידות,תה ויסוצקי (ישראל) בעמ,,תה לימונית ולואיזה ו,,50.00,גרם,false,,36.90,0.7380,true,1,221596
7290016387339,false,מטליות מיקרופייבר ג'מבו לרצפה זוג,מ.א.ייצור ויבוא מטליות בעמ,,2 מטליות מיקרופייבר,יחידה,0.00,יחידה,false,,16.90,0.0000,true,1,244267
7290016387483,false,כריות יפניות דו צדדיות שייני 3 יחידות,מ.א.ייצור ויבוא מטליות בעמ,,כריות יפניות דו צדדי,,3.00,גרם,false,,6.90,2.3000,true,1,222520
7290016408294,false,"מרשמלו ורוד לבן וסטהיים 150 ג', 26 בקרטון",כרמית תעשיות ממתקים בעמ,,מרשמלו ורוד לבן כרמי,,150.00,100 גרם,false,,5.90,0.0393,true,1,212670
7290016408744,false,מרשמלו טוויסטר כרמית 150 גרם,כרמית תעשיות ממתקים בעמ,,"מרשמלו טוויסטר בד""ץ",,150.00,100 גרם,false,,5.90,0.0393,true,1,248779
7290016416961,false,מוס גבינה תות שדה קפולסקי 400 גרם,קפולסקי שיווק וקמעונ,,פס גבינה שמנת בציפוי,,400.00,100 גרם,false,,39.90,0.0997,true,1,227141
7290016437621,false,חיתולי האגיס פרידום דריי pants מידה 4 36 יחידות,קימברלי קלארק ישראל שיווק בעמ,,האגיס פרידום דריי PA,יחידה,0.00,יחידה,false,,47.90,0.0000,true,1,222848
7290016437645,false,חיתולי האגיס פרידום דריי pants מידה 5 34 יחידות,קימברלי קלארק ישראל שיווק בעמ,,האגיס פרידום דריי PA,יחידה,0.00,יחידה,false,,47.90,0.0000,true,1,222849
7290016437652,false,חיתולי האגיס פרידום דריי pants מידה 6 30 יחידות,קימברלי קלארק ישראל שיווק בעמ,,האגיס פרידום דריי PA,יחידה,0.00,יחידה,false,,47.90,0.0000,true,1,222850
7290016440928,false,מעדני עופר - ירקות כבושים חמוץ מתוק (סיני),קפוא זן תעשיות מזון בעמ,,ירקות כבושים חומץ מת,,0.00,גרם,false,,19.90,0.0000,true,1,245653
7290016509304,false,סוד סבון לאסלה 4 כדוריותבניחוח לבנדר 50 ג',גורי שיווק בעמ,,סוד כדוריות לבנדר לא,,50.00,100 גרם,false,,8.90,0.1780,true,1,220726
7290016509786,false,פרסיל גל לכביסה לבנה וצבעונית-ירוק 2.5 ל,גורי שיווק בעמ,,פרסיל ג'ל 2.5ליטר יר,ליטרים,2.50,ליטר,false,,32.90,13.1600,true,1,224615
7290016509847,false,פרסיל ג'ל לכביסה כהה בלאק 2.5 ליטר,גורי שיווק בעמ,,פרסיל גל כביסה שחור2,ליטרים,2.50,ליטר,false,,32.90,13.1600,true,1,225366
7290016580174,false,צלחות 9 צבעומיות דנט,,,צלחת 9 צבעוני לבן/ ק,,100.00,100 מ'ל,false,,39.90,0.3990,true,1,226133
7290016580440,false,תבניות עגולות גדולות,,,תבניות עגולות גדולות,יחידה,0.00,יחידה,false,,9.90,0.0000,true,1,226487
7290016580549,false,צלחת 7 צבעוני לבן/ ק,,,צלחת 7 צבעוני לבן/ ק,,100.00,100 ליטר,false,,24.90,0.2490,true,1,226134
7290016580570,false,סיר עם מכסה קטן ארוז,,,סיר עם מכסה קטן ארוז,יחידה,0.00,יחידה,false,,14.90,0.0000,true,1,226486
7290016580662,false,מרקיית רויאל 10 OZ אר' 10 יח',,,מרקיית רויאל 10 OZ א,יחידה,0.00,יחידה,false,,19.90,0.0000,true,1,226465
7290016580693,false,"צלחת רויאל 10"" אר' 1",,,"צלחת רויאל 10"" אר' 1",יחידה,0.00,יחידה,false,,25.90,0.0000,true,1,226464
7290016601886,false,תרסיס נירוסטה 500 מל מגיק,,,תרסיסי נירוסטה מגיק,,500.00,"100 מ""ל",false,,15.90,0.0318,true,1,220970
7290016717044,false,"יין מוסקטו סלקטד באז כרמל 750 מ""ל",אגודת הכורמים -כרמל מזרחי,,באז משקה מבוסס יין מ,,750.00,"100 מ""ל",false,,25.90,0.0345,true,1,243517
7290016717051,false,משקה Buzz מוגז בטעם רימון מבוסס יין אדום מתוק,אגודת הכורמים -כרמל מזרחי,,באז משקה מבוסס יין מ,,750.00,"100 מ""ל",false,,25.90,0.0345,true,1,241081
7290016717099,false,"יין כרמל סלקטד אדום חצי יבש, 750 מ""ל",אגודת הכורמים בעמ,,יין סלקטד אדום חצי י,,750.00,"100 מ""ל",false,,28.90,0.0385,true,1,171344
7290016717754,false,יין היובל ישן נושן יקבי כרמל (750 מל),אגודת הכורמים הקואופרטיב,,"יין ישן נושן 750 מ""ל",,750.00,100 גרם,false,,17.90,0.0239,true,1,224989
7290016866643,false,פרודונטקס מ.שיניים אקסטרה פרש 75 מל,פרודונטקס Parodontax,,פרודונטקס משחת שיניי,,75.00,"100 מ""ל",false,,29.90,0.3987,true,1,225833
7290016866650,false,"פרודונטקס - משחת שיניים אוריג'ינל 75 מ""ל",פרודונטקס Parodontax,,פרודונטקס משחת שיניי,,75.00,"100 מ""ל",false,,29.90,0.3987,true,1,225832
7290016866667,false,"פרודונטקס - משחת שיניים ללא פלאוריד 75 מ""ל",פרודונטקס Parodontax,,פרודונטקס משחת שיניי,,75.00,"100 מ""ל",false,,24.90,0.3320,true,1,224663
7290016866674,false,"פרודונטקס - משחת שיניים מלבינה 75 מ""ל",פרודונטקס Parodontax,,פרודונטקס משחת שיניי,,75.00,"100 מ""ל",false,,29.90,0.3987,true,1,224664
7290016882414,false,קונפיטורה שזיפים 70% פרי 450 גרם שקדיה,דין שיווק וקליה 2021 בעמ,,קונפיטורה שזיף 70 %,,450.00,100 גרם,false,,12.90,0.0287,true,1,229478
7290016898187,false,נרות מס' 20 אחת שתיים שמאי,,,נרות שבת מס 20,יחידה,0.00,יחידה,false,,3.50,0.0000,true,1,246108
7290016912609,false,"סרקל מסיכת הזנה לשיער ילדים 200 מ""ל",פישר תעשיות פרמבצטיות בעמ,,סרקל מסכת הזנה לשיער,,200.00,"100 מ""ל",false,,24.90,0.1245,true,1,221914
7290017023212,false,"שוויפס מוגז פירות תפוח מארז רביעייה* 330 מ""ל",יפאורה שותפות מוגבלת לשיווק,,שוופס מוגז פירות רבי,,1320.00,"100 מ""ל",false,,14.90,0.0113,true,1,224014
7290017023229,false,רביעיית פחיות שוופס מוגז פירות תות ליים 330 מל.,יפאורה שותפות מוגבלת לשיווק,,שוופס מוגז פירות רבי,,1320.00,"100 מ""ל",false,,14.90,0.0113,true,1,224015
7290017023236,false,רביעיית פחיות שוופס מוגז פירות ענבים 330 מל.,יפאורה שותפות מוגבלת לשיווק,,שוופס מוגז פירות ענב,,1320.00,"100 מ""ל",false,,14.90,0.0113,true,1,224016
7290017023663,false,"שוופס מיץ פירות לימונייד פחית מארז 330X4מ""ל",יפאורה שותפות מוגבלת לשיווק,,שוופס מוגז פירות למו,,1320.00,"100 מ""ל",false,,14.90,0.0113,true,1,227077
7290017023816,false,"ספרינג  פירות טרופיים 250 מ""ל רביעייה",יפאורה שותפות מוגבלת לשיווק,,ספרינג פירות טרופיים,,1000.00,"100 מ""ל",false,,14.90,0.0149,true,1,227079
7290017023823,false,"רביעיית ספרינג תות בננה 250 מ""ל",יפאורה שותפות מוגבלת לשיווק,,ספרינג תות בננה 4*25,,1000.00,"100 מ""ל",false,,14.90,0.0149,true,1,227080
7290017023854,false,מי סודה בקבוקים אישיים - מארז 4 יח',יפאורה שותפות מוגבלת לשיווק,,"שוופס סודה 4*250מ""ל",,1000.00,100 גרם,false,,13.90,0.0139,true,1,227074
7290017023861,false,סודה בטעם לימון בקבוקים אישיים - מארז 4 יח',יפאורה שותפות מוגבלת לשיווק,,שוופס סודה לימון 4*2,,1000.00,"100 מ""ל",false,,13.90,0.0139,true,1,227075
7290017023878,false,סודה בטעם נענע ליים בקבוקים אישיים - מארז 4 יח',יפאורה שותפות מוגבלת לשיווק,,שוופס סודה נענע ליים,,1000.00,"100 מ""ל",false,,13.90,0.0139,true,1,227076
7290017031705,false,"סנסודיין משחת שיניים קלין & פרש 75 מ""ל",גלקסוס סמית קליין,,סנסודיין משחת שיניים,,75.00,"100 מ""ל",false,,21.90,0.2920,true,1,225828
7290017031859,false,"פרודונטקס - משחת שיניים אולטרא קלין 75 מ""ל","מאסטרפוד אוסטריה בע""מ",,פרודונטקס משחת שיניי,,75.00,"100 מ""ל",false,,29.90,0.3987,true,1,225829
7290017040332,false,בסיס פיצה מכרובית לל,בלדי,,בסיס פיצה מכרובית 19,,190.00,100 גרם,false,,21.90,0.1153,true,1,248524
7290017058092,false,שיבולת שועל שלמה 600 גר גוד מורנינג,,,שיבולת שועל שלמה 600,,600.00,100 גרם,false,,6.90,0.0115,true,1,222176
7290017058139,false,רביעיית מחית תפוח עץ ותות שדה תומר 113 גרם,תומר יבוא ושיווק מוצרי מזון (1,,רסק תפוח עץ עם תות ש,יחידה,0.00,יחידה,false,,11.90,0.0000,true,1,224507
7290017058146,false,רסק תפוע רביעייה עם אפרסק תומר,תומר יבוא ושיווק מוצרי מזון (1,,רסק תפוח עץ עם אפרסק,יחידה,0.00,יחידה,false,,11.90,0.0000,true,1,224508
7290017058573,false,תומר פרוסות פלפל חלפיניו בחומץ 340 גרם,תומר יבוא ושיווק מוצרי מזון (1,,פרוסות פלפל חלפיניו,,340.00,100 גרם,false,,7.90,0.0232,true,1,226054
7290017062037,false,"ג'ל אלוורה נובו 200 מ""ל",,,ג'ל אלוורה נובו 200מ,,200.00,100 מ'ל,false,,9.90,0.0495,true,1,220744
7290017062976,false,מארז מטליות רצפה חד פעמי גרניט פורצלן טאצ 10יחי',סאסאטק אגשח בעמ,,טאצ' מטליות רצפה חד,יחידה,0.00,יחידה,false,,10.00,0.0000,true,1,247463
7290017062983,false,מטליות רצפה בתוספת ווקס 10 יח' טאצ',,,טאצ' מטליות רצפה חד,יחידה,0.00,יחידה,false,,10.00,0.0000,true,1,247464
7290017062990,false,מארז מטליות רצפה חד פעמי מלון בוטיק טאצ 10יחי',סאסאטק אגשח בעמ,,טאצ' מטליות רצפה חד,יחידה,0.00,יחידה,false,,10.00,0.0000,true,1,247465
7290017065007,false,פרוסות גבינה מוצרלה חצי קשה 22% שומן 200 ג' גד,מחלבות גד שיווק 1992 בעמ,,מוצרלה פרוסה 150 גרם,,150.00,100 גרם,false,,18.70,0.1247,true,1,219941
7290017065137,false,ריקוטה למריחה 5% טבעית 200 גר`מחלבות גד,מחלבות גד שיווק 1992 בעמ,,ריקוטה למריחה 5% טבע,,200.00,"100 מ""ל",false,,10.70,0.0535,true,1,222719
7290017065144,false,ריקוטה למריחה בתוספת בזיליקום 5% גד 200 גם,מחלבות גד שיווק 1992 בעמ,,ריקוטה למריחה 5% עפ,,200.00,100 גרם,false,,10.70,0.0535,true,1,222721
7290017065168,false,גבינה כחולה denish blue cheese 100 גרם,מחלבות גד שיווק 1992 בעמ,,גבינה כחולה 100 גרם,,100.00,100 גרם,false,,17.90,0.1790,true,1,224020
7290017065212,false,גבינת קרם מסקרפונה מחלבות גד 250 גר,מחלבות גד שיווק 1992 בעמ,,קרם מסקרפונה 250 גרם,,250.00,"100 מ""ל",false,,19.90,0.0796,true,1,224022
7290017065236,false,גבינה בולגרית מעודנת 24% גד (250 גרם),מחלבות גד שיווק 1992 בעמ,,בולגרית מעודנת 250גר,,250.00,100 גרם,false,,23.90,0.0956,true,1,223555
7290017065380,false,גרנה פדנו שבבים 100 גר`מחלבות גד,מחלבות גד שיווק 1992 בעמ,,גרנה פדנו שבבים 100ג,,100.00,100 גרם,false,,14.90,0.1490,true,1,226946
7290017065434,false,גבינה גאודה פרוסה הולנדית 200 גר',מחלבות גד שיווק 1992 בעמ,,פרוסות גאודה 200 גרם,,200.00,100 גרם,false,,21.90,0.1095,true,1,227309
7290017065441,false,גבינה גאודה עיזים פרוסה הולנדית 200 גר',מחלבות גד שיווק 1992 בעמ,,פרוסות גאודה עיזים 2,,200.00,100 גרם,false,,34.90,0.1745,true,1,227310
7290017065526,false,קוואטרו פורמאג'י 4 גבינות מגוררות 26%,מחלבות גד שיווק 1992 בעמ,,קוואטרו פורמאג'י 300,,300.00,100 גרם,false,,29.90,0.0997,true,1,227318
7290017065588,false,יוגורט יווני 600 גר`מחלבות גד,מחלבות גד שיווק 1992 בעמ,,יוגורט יווני 600 גרם,,600.00,100 גרם,false,,16.50,0.0275,true,1,242027
7290017065618,false,גבינת פקורינו פרוס גד 150 גרם,מחלבות גד שיווק 1992 בעמ,,פקורינו פרוס 150 גרם,,150.00,100 גרם,false,,21.90,0.1460,true,1,242028
7290017065649,false,קרם פטיסייר מחלבות גד,מחלבות גד שיווק 1992 בעמ,,קרם פטיסייר 250 גרם,,250.00,100 גרם,false,,19.90,0.0796,true,1,242024
7290017065731,false,גבינת שמנת 30% ניו יורק +כמהין 200 גרם רבנות,מחלבות גד שיווק 1992 בעמ,,גבינת שמנת ניו יורק,,200.00,"100 מ""ל",false,,13.90,0.0695,true,1,245139
7290017065786,false,גבינה אנגלית קשה צ`דר 210 גר`גד,מחלבות גד שיווק 1992 בעמ,,גבינת צ'דר פלח מחלבו,,210.00,100 גרם,false,,22.90,0.1090,true,1,246905
7290017068411,false,"אבקת אפייה בד""ץ עדה חרדית",מיה תעשיות מזון מ.ת.מ בעמ,,"אבקת אפייה מיה בד""צ",,100.00,100 גרם,false,,2.00,0.0200,true,1,241689
7290017088105,false,טיטולי בייביסיטר מידה 3 38 יח,די.פי.אל תעשיות מוצר,,בייביסיטר פרפורמנס נ,,38.00,100 מ'ל,false,,29.90,0.7868,true,1,223956
7290017088112,false,חיתולי בייביסיטר נוחות מידה 4 36 יח',די.פי.אל תעשיות מוצר,,בייביסיטר פרפורמנס נ,,36.00,100 מ'ל,false,,29.90,0.8306,true,1,223957
7290017088129,false,טיטולי בייביסיטר מידה 4+ 34 יח,די.פי.אל תעשיות מוצר,,בייביסיטר פרפורמנס נ,,34.00,100 מ'ל,false,,29.90,0.8794,true,1,223958
7290017088136,false,חיתולי בייביסיטר נוחות מידה 5 32 יח',די פי אל,,בייביסיטר פרפורמנס נ,,32.00,"100 מ""ל",false,,29.90,0.9344,true,1,223959
7290017088327,false,רבעיית מגבונים בייביסיטר אקסטרא סופט ללא בישום 64 יחידות,די.פי.אל בעמ,,*מבצע* מגבוני בייביס,יחידה,0.00,יחידה,false,,12.50,0.0000,true,1,242068
7290017088693,false,קוויק מטליות לחות לניקוי וחיטוי רצפות ניחוח לוונדר 10 יחידות,שקד תבל בעמ,,קוויק מגבונים לניקוי,יחידה,0.00,יחידה,false,,10.90,0.0000,true,1,240987
7290017088822,false,BREEZE תחבושות לבריחת שתן אקסטרה (10 יח'),שקד תבל בעמ,,תחבושות בריז אקסטרה,יחידה,0.00,יחידה,false,,18.90,0.0000,true,1,246008
7290017088846,false,BREEZE תחבושות לבריחת שתן מקסי (8 יח'),שקד תבל בעמ,,תחבושות בריז מקסי 8י,יחידה,0.00,יחידה,false,,18.90,0.0000,true,1,246010
7290017094847,false,סלט תפוחי אדמה אסלי שמיר 400 ג',"סלטי שמיר 2006 בע""מ",,סלט תפוחי אדמה 400 ג,,400.00,100 גרם,false,,13.90,0.0348,true,1,226113
7290017094861,false,חומוס עם רוטב מסבחה אסלי שמיר 400 ג',"סלטי שמיר 2006 בע""מ",,חומוס עם רוטב מסבחה,,400.00,"100 מ""ל",false,,13.90,0.0348,true,1,226115
7290017100142,false,כוסיות יין 80CC ספלאש ארוז 50 יח',,,"כוסיות ליין 80 ס""ס",יחידה,0.00,יחידה,false,,8.90,0.0000,true,1,241041
7290017105369,false,סירופ דיאט בטעם תה אפרסק יכין (1 ליטר),זנלכל בעמ,,סירופ דיאט אייס אפרס,,1000.00,"100 מ""ל",false,,16.90,0.0169,true,1,227717
7290017105383,false,מארז גרעיני תירס קידס מתוק יכין,זנלכל בעמ,,תירס קיד יכין שלישיי,,495.00,100 גרם,false,,14.90,0.0301,true,1,241309
7290017105468,false,מארז שלישייה אפונה קטנה יכין 3*200 גר,קשקמט קונסרב הונגריה,,אפונה גינה יכין Oz2,,600.00,100 גרם,false,,14.90,0.0248,true,1,240688
7290017105550,false,רביעיית רסק עגבניות 100% יכין 4X100 גרם,היינץ צפון אמריקה מק,,רסק עגבניות 100% מאג,,400.00,100 גרם,false,,11.90,0.0298,true,1,234436
7290017121048,false,"פלפל צ'ומה 250 גרם ""עללחם""",שטראוס גרופ בעמ/מצונן,,ממרח פלפל צ'ומה 250,,250.00,"100 מ""ל",false,,12.90,0.0516,true,1,227053
7290017121086,false,"אריסה ביתית מתוקה עללחם, 250 גרם",שטראוס גרופ בעמ/מצונן,,אריסה ביתית מתוקה 25,,250.00,100 גרם,false,,12.90,0.0516,true,1,247999
7290017121093,false,"אריסה חריפה 250 גרם ""עללחם""",שטראוס גרופ בעמ/מצונן,,ממרח אריסה חריפה 250,,250.00,"100 מ""ל",false,,12.90,0.0516,true,1,227055
7290017129754,false,"שוקולד מריר מעולה 70% מוצקי קקאו 100 גר בד""ץ",כרמית תעשיות ממתקים בעמ,,אגו שוקולד פרימיום 7,,100.00,"100 מ""ל",false,,7.90,0.0790,true,1,224908
7290017129761,false,שוקולד פרימיום 70% מריר בטעם תפוז כרמית 100 גרם,כרמית תעשיות ממתקים בעמ,,אגו שוקולד פרימיום 7,,100.00,100 גרם,false,,7.90,0.0790,true,1,224909
7290017129846,false,עוגיות מיני קוקיס בטעם קרמל בצנצנת כרמית 600 גרם,כרמית תעשיות ממתקים בעמ,,מיני קוקיס בטעם קרמל,,600.00,100 גרם,false,,16.90,0.0282,true,1,224915
7290017142111,false,פתיתי טונה בשמן זית טו גו עץ הזית 85 גרם,"יוניקורד ח.צ בע""מ",,פתיתי טונה בהירה בשמ,יחידה,0.00,יחידה,false,,9.90,0.0000,true,1,224195
7290017142128,false,"שמן זית כתית מעולה קלאסי עץ הזית 750 מ""ל",סוגת תעשיות בעמ,,שמן זית כתית מעולה ק,,750.00,"100 מ""ל",false,,34.90,0.0465,true,1,222989
7290017142159,false,"שלישיית נתחי טונה בהירה בשמן זית 80 גרם ""עץ הזית""",הנסיך- מפעל לייצור ט,,נתחי טונה בהירה בשמן,,240.00,"100 מ""ל",false,,24.90,0.1037,true,1,224196
7290017142166,false,"פילה טונה פרוס עם שמן זית 120 גרם ""עץ הזית""","יוניקורד ח.צ בע""מ",,פילה טונה פרוס עם שמ,,120.00,100 גרם,false,,14.90,0.1242,true,1,226808
7290017142180,false,פילה טונה בשמן זית בטעם לימון עם פלפל שחור 120 ג',"יוניקורד ח.צ בע""מ",,פילה טונה פרוס עם שמ,,120.00,100 גרם,false,,14.90,0.1242,true,1,226809
7290017142203,false,"פילה טונה פרוס עם שמן זית בטעם מעושן 120 גרם ""עץ הזית""","יוניקורד ח.צ בע""מ",,פילה טונה פרוס עם שמ,,120.00,100 גרם,false,,14.90,0.1242,true,1,226810
7290017142289,false,תרסיס שמן חמניות 200 מל ללא תוספת גז עץ,י.ב טכנולוגיות אריזה בעמ,,תרסיס שמן חמניות עץ,,200.00,"100 מ""ל",false,,17.90,0.0895,true,1,226006
7290017142340,false,שמן זרעי ענבים מזוכך 1 ליטר עץ הזית*,אף.ג'\יי.סנצ'\ז סוקחורס,,שמן זרעי ענבים מזוכך,,1000.00,"100 מ""ל",false,,29.90,0.0299,true,1,246555
7290017142371,false,"שמן שומשום לא מזוכך עץ הזית 250 מ""ל",סוגת תעשיות בעמ,,"שמן שומשום ""עץ הזית""",,250.00,"100 מ""ל",false,,29.90,0.1196,true,1,246553
7290017142388,false,שמן חמניות פלוס אומגה 3 עץ הזית 1 ליטר,סוגת תעשיות בעמ,,שמן חמניות פלוס 1 לי,ליטרים,1.00,ליטר,false,,17.90,17.9000,true,1,246556
7290017142395,false,"LUNCH TO GO פסטה עם טונה בשמן זית 160 גרם ""עץ הזית""",יוניקורד ח.צ בעמ,,טונה עם פסטה בשמן זי,,160.00,100 גרם,false,,13.90,0.0869,true,1,241470
7290017142487,false,"LUNCH TO GO בורגול עם חומוס טונה בשמן זית 160 גרם ""עץ הזית""",יוניקורד ח.צ בעמ,,בורגול עם גרגירי חומ,,160.00,100 גרם,false,,13.90,0.0869,true,1,245625
7290017142609,false,"תרסיס שמן זית בטעם לימון עץ הזית 150 מ""ל",סוגת תעשיות בעמ,,תרסיס שמן זית בטעם,,150.00,"100 מ""ל",false,,19.90,0.1327,true,1,249599
7290017142623,false,"תרסיס שמן זית בטעם צ'ילי עץ הזית 150 מ""ל",סוגת תעשיות בעמ,,תרסיס שמן זית בטעם צ,,150.00,"100 מ""ל",false,,19.90,0.1327,true,1,249598
7290017197029,false,אל סבון la belle מאסק לבן 1 ל,פארמה דיל (פ.א.ב.) שיווק והפצה,,אל סבון מאסק לבן 1 ל,ליטרים,1.00,ליטר,false,,9.90,9.9000,true,1,227652
7290017197364,false,אל סבון לבנדר סגול 1 ליטר LA BELLE,פארמה דיל (פ.א.ב.) שיווק והפצה,,אל סבון תות ורוד 1 ל,ליטרים,1.00,ליטר,false,,9.90,9.9000,true,1,227655
7290017239101,false,פילה סלמון נורווגי עישון קר עדין פרוס בא,פוד קולקשן בעמ,,פילה סלמון אטלנטי מע,,100.00,100 גרם,false,,22.90,0.2290,true,1,241562
7290017275345,false,"טחינה גולמית בבקבוק לחיץ , 350 גרם אחווה",אחדות ביתחרושת לטחינה חלבה,,טחינה גולמית בקבוק ל,,350.00,"100 מ""ל",false,,9.90,0.0283,true,1,250014
7290017275741,false,חלווה עם אגוזי לוז במגש 400 גר אחווה,אחדות ביתחרושת לטחינה חלבה,,חלבה עם אגוזי לוז אח,,400.00,100 גרם,false,,14.90,0.0373,true,1,250200
7290017289618,false,"יין IMPRESSION פטיט סירה 150 שנה טפרברג 750 מ""ל",יקב טפרברג 1870 בעמ (יינות ומש,,"יין פטיט סירה 750 מ""",,750.00,"100 מ""ל",false,,49.90,0.0665,true,1,241966
7290017297149,false,גרגירי חומוס להכנת חומוס ביתי פרי הגליל 550 גרם,ויטה- פרי גליל (החדשה) בעמ,,גרגירי חומוס להכנה ח,,550.00,"100 מ""ל",false,,7.90,0.0144,true,1,244091
7290017297330,false,"טל רוטב עגבניות מרוכז, 240 גרם",ויטה- פרי גליל (החדשה) בעמ,,רוטב עגבניות מרוכז ט,,260.00,100 גרם,false,,4.90,0.0188,true,1,250647
7290017297620,false,רסק עגבניות טל וטרי 570 גרם,ויטה- פרי גליל (החדשה) בעמ,,רוטב עגבניות מרוכז 2,,570.00,"100 מ""ל",false,,7.90,0.0139,true,1,247402
7290017297637,false,רכז עגבניות A2 BX28 טל וטרי 580 גר',ויטה-פרי גליל (החדשה) בעמ,,רוטב עגבניות מרוכז 2,,580.00,100 גרם,false,,8.90,0.0153,true,1,247403
7290017297682,false,כרובית מוקפאת גרין אנד פרש 800 גר',ויטה- פרי גליל (החדשה) בעמ,,כרובית גרין אנד פרש,,800.00,"100 מ""ל",false,,12.90,0.0161,true,1,247416
7290017303482,false,מלאווח שחף 700 גרם,,,מלאווח 700 גרם שחף,,700.00,100 גרם,false,,14.90,0.0213,true,1,249511
7290017440286,false,"ד""ר פישר - קידס מרכך ויטמינים 750 מ""ל","פישר תעשיות פרמצביטות בע""מ",,מרכך שיער קידס פישר,,750.00,100 ליטר,false,,16.90,0.0225,true,1,233673
7290017440965,false,אל סבון היגייני לניקוי יסודי ולהזנת העור clean & nourish,"פישר תעשיות פרמבצטיות בע""מ",,קמיל אל סבון 1 ליטר,,1000.00,"100 מ""ל",false,,15.90,0.0159,true,1,233670
7290017457598,false,"מרכך כביסה סוד מרוכז סאמר בלוסום 900 מ""ל",גורי שיווק בעמ,,סוד מרכך מרוכז קיץ 9,,900.00,"100 מ""ל",false,,13.90,0.0154,true,1,227373
7290017457703,false,"מרכך כביסה סוד מרוכז ארומתרפי זהב 900 מ""ל",גורי שיווק בעמ,,סוד מרכך מרוכז ארומת,,900.00,"100 מ""ל",false,,13.90,0.0154,true,1,227374
7290017457727,false,"סוד כחול מרכך כביסה מרוכז20%+בישום 900 מ""ל",גורי שיווק בעמ,,סוד מרכך מרוכז כחול,,900.00,"100 מ""ל",false,,13.90,0.0154,true,1,227371
7290017457734,false,"סוד ורוד מרכך כביסה מרוכז20%+בישום 900 מ""ל",גורי שיווק בעמ,,סוד מרכך מרוכז ורוד,,900.00,"100 מ""ל",false,,13.90,0.0154,true,1,227376
7290017457741,false,"מרכך כביסה סוד מרוכז סגול 900 מ""ל",הנקל,,סוד מרכך מרוכז סגול,,900.00,"100 מ""ל",false,,13.90,0.0154,true,1,227377
7290017457925,false,סוד מרכך כביסה מרוכז פרש קונטרול ורוד,גורי שיווק בעמ,,סוד מרכך מרוכז פרש ב,,900.00,"100 מ""ל",false,,13.90,0.0154,true,1,244252
7290017470252,false,כוסות קרטון שתיה חמה B-8 שווה,ח.כהן סוכנות מזון ומשקאות,,כוסות נייר 50 יח 8B,יחידה,0.00,יחידה,false,,8.90,0.0000,true,1,233145
7290017470450,false,צימרוני אוזניים בקופסא תינוקות 55 יחי',,,צימרוני אוזניים תינו,יחידה,0.00,יחידה,false,,4.90,0.0000,true,1,242701
7290017470610,false,צלחות קלאסיק ענק לבן שמאי 10 יח',,,צלחות קלאסיק ענק קרם,יחידה,0.00,יחידה,false,,27.90,0.0000,true,1,240609
7290017470719,false,"מגש מחולק עגול קטן 6 חלקים כשלפ עד""ח ר.שמאי",,,מגש מחולק עגול קטן 6,יחידה,0.00,יחידה,false,,15.90,0.0000,true,1,233186
7290017470764,false,קערה בועות 7.5' לאירוח קשיחה ושקופה שמאי,,,קערה לאירוח קשיחה וש,יחידה,0.00,יחידה,false,,11.90,0.0000,true,1,233162
7290017470795,false,כפות מוכסף 40 י''ח קשיח ר. שמאי,,,כפות מוכסף 40 יח ארו,יחידה,0.00,יחידה,false,,13.90,0.0000,true,1,233377
7290017470801,false,כפיות מוכסף 40 י''ח קשיח ר. שמאי,,,כפיות מוכסף 40 יח אר,יחידה,0.00,יחידה,false,,13.90,0.0000,true,1,233376
7290017470818,false,מזלגות מוכסף 40 י''ח קשיח ר. שמאי,,,מזלגות מוכסף 40 יח א,יחידה,0.00,יחידה,false,,13.90,0.0000,true,1,233378
7290017470825,false,סכין מוכסף 40 י''ח קשיח ר. שמאי,,,סכינים מוכסף 40 יח,יחידה,0.00,יחידה,false,,13.90,0.0000,true,1,233379
7290017477169,false,קשיו קלוי 250 גרם ששון הקולה,דין שיווק וקליה 2021 בעמ,,קשיו קלוי ששון הקולה,,250.00,100 גרם,false,,20.00,0.0800,true,1,248873
7290017477244,false,שקד מולבן טחון 180 גרם,דין שיווק,,שקד מולבן טחון 180 ג,,180.00,100 גרם,false,,19.90,0.1106,true,1,224393
7290017477299,false,תערובת געלה שקדיה 20,דין שיווק וקליה 2021 בעמ,,ג'עלה 200 גרם.,,200.00,100 גרם,false,,10.00,0.0500,true,1,224398
7290017477558,false,"שמן זית כתית מעולה אספניולה 750 מ""ל",דין שיווק וקליה 2021 בעמ,,שמן זית ספרדי לה איס,,750.00,100 גרם,false,,29.90,0.0399,true,1,225609
7290017477596,false,תמר מג'הול פרימיום בקופסא ששון הקולה 400 גרם,דין שיווק וקליה 2021 בעמ,,תמר מג'הול 400 גרם א,,400.00,100 גרם,false,,19.90,0.0497,true,1,240598
7290017513409,false,תה ירוק SUPER GREEN 87 גרםבטעם אוכמניות ואסאי,תה ויסוצקי (ישראל) בעמ,,תה ירוק סופר גרין בט,,87.00,100 גרם,false,,25.90,0.2977,true,1,233669
7290017513485,false,מחית עגבניות רוסטיקה גרנד איטליה 680 גרם,תה ויסוצקי (ישראל) בעמ,,מחית עגבניות רוסטיקה,,680.00,100 גרם,false,,12.90,0.0190,true,1,240771
7290017513775,false,פליפז בייגלה מצופה שוקולד חלב מקוויטיס 140 גרם,תה ויסוצקי (ישראל) בעמ,,בייגלה מצופה שוקולד,,140.00,"100 מ""ל",false,,9.90,0.0707,true,1,243410
7290017513782,false,פליפז בייגלה מצופה שוקולד מריר מקוויטיס 140 גרם,תה ויסוצקי (ישראל) בעמ,,בייגלה מצופה שוקולד,,140.00,"100 מ""ל",false,,9.90,0.0707,true,1,243411
7290017513867,false,תה ירוק לימונית ולואיזה סתוספת ויטמינים ויסוצקי 25 יחידות,תה ויסוצקי (ישראל) בעמ,,תה ירוק לימונית לואי,,37.50,100 גרם,false,,25.90,0.6907,true,1,243563
7290017516424,false,שוקלד + פנגיאה שוקולד קוקוס ואגוזי לוז 300 גרם,י.איטליאנו אחזקות בעמ,,פנגיאה חטיפי בריאות,,300.00,100 גרם,false,,29.90,0.0997,true,1,245301
7290017516448,false,"שוקלד + פנגיאה שוקולד קוקוס תמרים,שקדים וחרוב 300 גרם",פנגיאה,,פנגיאה חטיפי בריאות,,300.00,100 גרם,false,,29.90,0.0997,true,1,245303
7290017520025,false,ערק שליט אקסוס 700 מ,,,ערק שליט אקסוס 700 מ,,700.00,"100 מ""ל",false,,49.90,0.0713,true,1,241833
7290017589633,false,"רזרב גולד אדישיין קברנה סוביניון 750 מ""ל",טמפו משקאות בעמ,,יין רזרב ברקן גולד א,,750.00,"100 מ""ל",false,,49.90,0.0665,true,1,226728
7290017599229,false,ממתיק סוכרלוז 200 טבליות סוכרזית,שטראוס גרופ בע`מ,,סוכרזית סוכרלוז 200,,200.00,100 מ'ל,false,,24.90,0.1245,true,1,247059
7290017599267,false,סוכרלוז 120 שקיות ממתיק שולחני,שטראוס גרופ בע`מ,,סוכרזית סוכרלוז 120,יחידה,0.00,יחידה,false,,29.90,0.0000,true,1,249970
7290017599304,false,סוכרזית מהטבע סטיוויה כפית לכפית 400 גרם,שטראוס גרופ בע`מ,,סוכרזית סטיוויה כפית,,400.00,100 גרם,false,,39.90,0.0997,true,1,249972
7290017617046,false,נתחי טונה בשמן זית כתית מעולה רביעיה * 140 ג',דיפלומט מפיצים (1968) בעמ**,,טונה סטארקיסט בשמן ז,,560.00,"100 מ""ל",false,,27.90,0.0498,true,1,240664
7290017617138,false,רביעיית טונה סטארקיסט בשמן קנולה דל נתרן 160 גרם,דיפלומט מפיצים (1968) בעמ**,,טונה סטארקיסט בשמן ק,,640.00,100 גרם,false,,24.90,0.0389,true,1,244291
7290017637013,false,"מרכך שיער בניחוח הדרים נובו 700 מ""ל כשלפ",סאסא טק,,נובו מרכך לשיער 700,,700.00,"100 מ""ל",false,,10.00,0.0143,true,1,246877
7290017637020,false,"תחליב רחצה מרענן בניחוח הדרים נובו 700 מ""ל כשלפ.",סאסא טק,,נובו תחליב רחצה מרענ,,700.00,"100 מ""ל",false,,10.00,0.0143,true,1,246878
7290017637150,false,"נובו ג'ל אלכוהול משאבה 500 מ""ל",שניב תעשיות נייר,,ג'ל אלכוהול נובו 500,,500.00,100 ליטר,false,,10.90,0.0218,true,1,241601
7290017641744,false,"חטיפי קרח גדולים בטעמי פטל, לימון, ענבים ואננס",כרמית תעשיות ממתקים בעמ,,איגלו סטיקס שלוקים 8,יחידה,0.00,יחידה,false,,6.90,0.0000,true,1,242468
7290017675015,false,טחינת היונה המקורית,,,טחינה היונה 450 גרם,,450.00,100 גרם,false,,14.90,0.0331,true,1,241112
7290017696409,false,פטריות פורטובלה,,,פטריות פורטובלה,יחידה,0.00,יחידה,false,,12.90,0.0000,true,1,226355
7290017715889,false,מוזלי גרנולה עם אגוזים 600 גרם,ויטליה,,גרנולה עם אגוזים 600,,600.00,100 גרם,false,,13.90,0.0232,true,1,243412
7290017812052,false,יין שיראז-קברנה סוביניון אקסלנס יקבי כרמל,אגודת הכורמים בעמ,,יין אקסלנס שיראז-קבר,,750.00,"100 מ""ל",false,,24.90,0.0332,true,1,226209
7290017812069,false,יין אמרלד ריזלינג שרדונה אקסלנס Excellence,אגודת הכורמים -כרמל מזרחי,,יין אקסלנס ריזלינג-ש,,750.00,"100 מ""ל",false,,24.90,0.0332,true,1,226210
7290017812588,false,מיץ ענבים תירוש לבן 100% טבעי כרמל 1 ליטר,אגודת הכורמים -כרמל מזרחי,,מיץ ענבים לבן 100% ט,,1000.00,"100 מ""ל",false,,19.90,0.0199,true,1,240991
7290017812618,false,מיץ ענבים תירוש אדום רוזה כרמל 1 ליטר,אגודת הכורמים -כרמל מזרחי,,תירוש מיץ ענבים רוזה,,1000.00,"100 מ""ל",false,,19.90,0.0199,true,1,240999
7290017812861,false,יין לבש יבש ( 750 מל) וינו,אגודת הכורמים -כרמל מזרחי,,יין וינו לבן יבש 750,,750.00,"100 מ""ל",false,,19.90,0.0265,true,1,244852
7290017812885,false,"יין P.C סוביניון בלאן גוורצטרמינר כרמל 750 מ""ל",אגודת הכורמים א.ת אל,,סוביניון גוורצטרמינר,,750.00,"100 מ""ל",false,,39.90,0.0532,true,1,245350
7290017812977,false,"יין קריניאנו סלקטדאננס באז כרמל 750 מ""ל",אגודת הכורמים -כרמל מזרחי,,באז משקה יין מוגז א,,750.00,"100 מ""ל",false,,25.90,0.0345,true,1,245348
7290017870458,false,מכסים לתבנית אלומיני,,,מכסים לתבנית אלומיני,יחידה,0.00,יחידה,false,,6.90,0.0000,true,1,245810
7290017870465,false,מכסים לתבנית אלומיני,,,מכסים לתבנית אלומיני,יחידה,0.00,יחידה,false,,6.90,0.0000,true,1,245813
7290017870472,false,מכסים לתבנית אלומיני,,,מכסים לתבנית אלומיני,יחידה,0.00,יחידה,false,,6.90,0.0000,true,1,245814
7290017871363,false,פמילי יהלום- פמלי סבון ידיים מועשר בשמן מקדמיה לניקוי וטיפוח עור הידיים,המאפיה של הרמן,,פמלי יהלום סבון ידיי,,500.00,"100 מ""ל",false,,9.90,0.0198,true,1,242400
7290017871370,false,פמילי יהלום- סבון ידיים מועשר בשמן אבוקדו לניקוי וטיפוח עור הידיים,המאפיה של הרמן,,פמלי יהלום סבון ידיי,,500.00,"100 מ""ל",false,,9.90,0.0198,true,1,242401
7290017871424,false,טוסו חטיף תמרים ובוטנים ללא גלוטן וללא תוספת סוכר,תות תעשיות מזון,,טוסו חטיף תמרים ובוט,,135.00,100 גרם,false,,14.90,0.1104,true,1,233637
7290017871974,false,טוסו אבקת ג'לי טעם תות 30גרם,אשבל מזון פונקציונלי בע\,,ג'לי בטעם תות שדה 25,,25.00,100 גרם,false,,10.90,0.4360,true,1,242355
7290017871998,false,פודינג אינסטנט בטעם וניל 30 גר` טוסו,אשבל מזון פונקציונלי בע\,,פודינג בטעם וניל טוס,,30.00,100 גרם,false,,10.90,0.3633,true,1,242357
7290017872049,false,"פמלי אל סבון בניחוח לוונדר ארומטי- שלישייה 500 מ""ל",אברנסל קוסמטיקס,,פמלי אל סבון שלישייה,,1500.00,"100 מ""ל",false,,14.90,0.0099,true,1,242333
7290017872056,false,פמלי אל סבון 3*1 הסדרה הלבנה-מעורב 500 גרם*3,אברנסל קוסמטיקס,,פמלי אל סבון אפרסק 3,יחידה,0.00,יחידה,false,,14.90,0.0000,true,1,242334
7290017872063,false,אל סבון ארומתרפי מארז שלישייה 500 מל פמ,אברנסל קוסמטיקס,,"פמלי אל סבון 500 מ""ל",ליטרים,1.50,ליטר,false,,14.90,9.9333,true,1,242335
7290017872162,false,טוסו - עוגיות אגוזי לוז ללא סוכר 200 גרם,"הגביע מוצרי וופלים בע""\מ",,טוסו עוגיות אגוזי לו,,200.00,100 גרם,false,,15.90,0.0795,true,1,242337
7290017872179,false,טוסו - עוגיות טחינה ללא סוכר 200 גרם,"הגביע מוצרי וופלים בע""\מ",,טוסו עוגיות טחינה לל,,200.00,100 גרם,false,,15.90,0.0795,true,1,242338
7290017872278,false,טוסו חטיף קראנצ'י בטעם בוטנים וחלווה 105 גר',תות ממתקי איכות,,טוסו חטיף דגנים קראנ,,105.00,100 גרם,false,,14.90,0.1419,true,1,242361
7290017872667,false,"פמלי יהלום-סבון ידיים עם שמן קמומיל 500 מ""ל",המאפיה של הרמן,,פמלי יהלום סבון ידיי,,500.00,"100 מ""ל",false,,9.90,0.0198,true,1,242801
7290017888026,false,"משקה אננס תפוח גזר פרות & ווג 350 מ""ל",יפאורה שותפות מוגבלת לשיווק,,פרוט & וג' אננס תפוח,,350.00,"100 מ""ל",false,,8.90,0.0254,true,1,242409
7290017888095,false,"רביעיית פחיות שוופס מוגז עדין פירות יער 330 מ""ל.",יפאורה שותפות מוגבלת לשיווק,,שוופס מוגז עדין פירו,,1320.00,"100 מ""ל",false,,14.90,0.0113,true,1,227069
7290017888101,false,"שוויפס מוגז עדין אפרסק מארז רביעייה* 330 מ""ל",יפאורה שותפות מוגבלת לשיווק,,שוופס מוגז עדין אפרס,,1320.00,"100 מ""ל",false,,14.90,0.0113,true,1,227070
7290017888354,false,מים מינרליים בקבוק ס,יפאורה שותפות מוגבלת לשיווק,,מי עדן 750מל,,750.00,"100 מ""ל",false,,3.50,0.0047,true,1,244461
7290017888644,false,"משקה אננס בננה כורכום פרות & ווג 350 מ""ל",יפאורה שותפות מוגבלת לשיווק,,פרוט & וג' אננס בננה,,350.00,גרם,false,,8.90,0.0254,true,1,242411
7290017888972,false,בקבוק מי עדן פקק ספורט 1 ליטר,יפאורה שותפות מוגבלת לשיווק,,מי עדן 1 ליטר פקק ספ,,1000.00,"100 מ""ל",false,,3.90,0.0039,true,1,242471
7290017907215,false,קמח תמי למאפי שמרים ללא גלוטן 500 גרם,י.איטליאנו אחזקות בעמ,,קמח תמי למאפי שמרים,,500.00,100 גרם,false,,18.90,0.0378,true,1,245262
7290017907222,false,תערובת קמח תופח לנמנעים מגלוטן,י.איטליאנו אחזקות בעמ,,קמח תמי תופח ללא גלו,,500.00,100 גרם,false,,18.90,0.0378,true,1,245263
7290017928463,false,מאיר בייגל -סמאש-שבורים בטעם דבש חרדל ובצל 300 גרם,דנשר (1963) בעמ,,סמאש- שבורים בטעם ד,,300.00,100 גרם,false,,12.90,0.0430,true,1,246265
7290017928661,false,מאיר בייגל -סמאש-שבורים בטעם צ'דר 300 גרם,"דנשר (1963) בע,מ",,סמאש- שבורים בטעם צ',,300.00,100 גרם,false,,12.90,0.0430,true,1,246267
7290017938264,false,"חומוס בתוספת רוטב פיקנטי, 200 גרם","סלטי שמיר 2006 בע""\מ",,חומוס עם חריף 200 גר,,200.00,100 גרם,false,,8.90,0.0445,true,1,249744
7290017946382,false,סוד קפסולות ג'ל לכביסה 28 יחידות,קריות זול,,סוד קפסולות ג'ל לכבי,יחידה,0.00,יחידה,false,,29.90,0.0000,true,1,247529
7290017946399,false,"מרכך כביסה מרוכז ארומתרפי אדום 900 מ""ל סוד",גורי שיווק בעמ,,סוד מרכך מרוכז ארומת,,900.00,"100 מ""ל",false,,13.90,0.0154,true,1,247325
7290017969084,false,ר.שמאי מרקיות אקו 25,,,מרקיות 25 יחידות,יחידה,0.00,יחידה,false,,8.90,0.0000,true,1,241340
7290017969091,false,לפתניות 25 יחידות שמאי,,,לפתניות 25 יחידות,יחידה,0.00,יחידה,false,,7.90,0.0000,true,1,233968
7290017969190,false,"מרקיות 7=מתכלות=20 יח' קנה סוכר עד""ח",,,מרקיות 7` ר.שמאי 20י,יחידה,0.00,יחידה,false,,10.90,0.0000,true,1,250812
7290017969251,false,פלסטרים 25 יח בצמיקס גדלים שונים ר.שמאי,,,פלסטרים 30יח מיקס גד,יחידה,0.00,יחידה,false,,4.90,0.0000,true,1,242705
7290017969299,false,קיסמי שיניים במבוק 500 יח',,,קיסמי שיניים 500 יח',יחידה,0.00,יחידה,false,,4.90,0.0000,true,1,248389
7290017973081,false,קונפיטורה משמש רוסמן 900 גרם,,,ריבת משמש מעובד 900,,900.00,"100 מ""ל",false,,22.90,0.0254,true,1,227116
7290017973098,false,קונפיטורה שזיף מעובד,,,ריבת שזיף מעובד 900,,900.00,100 גרם,false,,22.90,0.0254,true,1,227117
7290017978215,false,קרמבו מוקה 16 יחידות(ריאו).,ריאו נתניה ביחר לגלידה וממתקים,,קרמבו ריאו מוקה 16 י,יחידה,0.00,יחידה,false,,22.90,0.0000,true,1,242955
7290017978857,false,מאגדת שלגונים בטעם וניל קראנצי 6*80 ג' ריאו,"ריאו ביח""\ר לגלידה וממת",,שלגונים פרווה בטעם ו,,480.00,100 גרם,false,,19.90,0.0415,true,1,248645
7290018023495,false,טחינה גולמית 500ג' סבא חביב,בני פוזי שמשום בעמ,,טחינה גולמית סבא חבי,,500.00,100 גרם,false,,14.90,0.0298,true,1,249723
7290018045084,false,דגני בוקר בון בון במילוי קרם בטעם בראוני,ר.ב. מוצרי דגנים בעמ,,דגני בוקר בון בון במ,,480.00,100 גרם,false,,22.90,0.0477,true,1,248077
7290018045497,false,דגני בוקר בון בון במילוי קרם שוקולד 480,ר.ב. מוצרי דגנים בעמ,,דגני בוקר בון בון במ,,480.00,100 גרם,false,,22.90,0.0477,true,1,248074
7290018045695,false,דגני בוקר בון בון במילוי קרם בטעם קרמל מ,ר.ב. מוצרי דגנים בעמ,,דגני בוקר בון בון במ,,480.00,100 גרם,false,,22.90,0.0477,true,1,248076
7290018045893,false,דגני בוקר בון בון במילוי קרם נוגט 480 גר,ר.ב. מוצרי דגנים בעמ,,דגני בוקר בון בון במ,,480.00,100 גרם,false,,22.90,0.0477,true,1,248075
7290018050224,false,שקד טבעי 200 גרם קופ,,,שקד טבעי 200 גרם קופ,,200.00,100 גרם,false,,19.90,0.0995,true,1,244244
7290018091029,false,מקלות פילו תפוחי אדמה מעדנות 450 ג',תנובה ענף ב.ע.ד,,מקלות פילו תפוחי אדמ,,450.00,"100 מ""ל",false,,16.90,0.0376,true,1,242826
7290018091234,false,פיצה מקסיקנית 270 גר מעדנות,תנובה קפואים,,פיצה מקסיקנית מעדנות,,260.00,"100 מ""ל",false,,14.90,0.0573,true,1,243802
7290018091272,false,בצק עוגיות קקאו טריפל שוקולד צ'יפס 300 גרם מעדנות,תנובה מרכז שיתופי לשיווק תוצרת,,בצק עוגיות קקאו טריפ,,300.00,100 גרם,false,,17.90,0.0597,true,1,249066
7290018091616,false,מקלות פילו גבינה מעדנות 450 גרם,מיוצר עי קונדיטוריית,,מקלות פילו גבינה 450,,450.00,100 גרם,false,,16.90,0.0376,true,1,242827
7290018091661,false,פיצה ירקות שוק מעדנות 380 גרם,תנובה מרכז שיתופי לשיווק תוצרת,,פיצה שוק משפחתי מעדנ,,380.00,"100 מ""ל",false,,19.90,0.0524,true,1,247805
7290018091876,false,"מאפה פילו גבינה, 320 גרם מעדנות",תנובה מרכז שיתופי לשיווק תוצרת,,מאפה פילו גבינה מעדנ,,320.00,100 גרם,false,,19.90,0.0622,true,1,248944
7290018098257,false,מרק שעועית ירוק מן הצומח 500גר,קפוא זן תעשיות מזון בעמ,,מרק שעועית+חלבון ירו,,500.00,100 גרם,false,,16.90,0.0338,true,1,250657
7290018098592,false,שווארמה טבעוניות ביף,גורי מוצרי צריכה (1991) בעמ,,שווארמה 300 גרם ביף,,300.00,100 גרם,false,,21.90,0.0730,true,1,250023
7290018131336,false,שלגון ליון בטעם קרמל עם,שוורצקוף& הנקל דיסלד,,שלגון ליון 66גרם,,66.00,100 גרם,false,,9.90,0.1500,true,1,245904
7290018131534,false,מאגדת מיני בייטס מילקה 201 גרם,שוורצקוף& הנקל דיסלד,,מאגדת בייטס מילקה של,,250.00,100 גרם,false,,10.00,0.0400,true,1,245933
7290018131640,false,קראנץ בלונד עם ליבת נוגט בוטנים 100 גרם,גלידות נסטלה )נגה גלידות,,קראנץ בלונד עם ליבת,,100.00,100 גרם,false,,10.90,0.1090,true,1,245908
7290018131770,false,שלגון נסטלה מצופה וניל תות 60 גרם,גלידות נסטלה (נגה גל,,שלגון וניל מצופה תות,,55.00,100 גרם,false,,5.90,0.1073,true,1,245917
7290018131831,false,נסטלה מאגדת שלגון מילקה וניל חדש8 4*66ג,נגה גלידות שותפות מוגבלת,,מאגדת מילקה וניל שלג,,284.00,100 גרם,false,,34.90,0.1229,true,1,245928
7290018131978,false,טילון נסטלה אוראו 68.5 גרם,פרונרי פולין,,אוראו טילון 68.50גר,,68.50,100 גרם,false,,7.90,0.1153,true,1,245902
7290018165447,false,רזרב גולד מרלו ( 750 מל) יקבי ברקן,יקבי ברקן שיווק והפצה בע,,יין רזרב גולד מרלו 7,,750.00,"100 מ""ל",false,,49.90,0.0665,true,1,244816
7290018192658,false,מארז זוג פטריות פורטובלה ושמפיניון מרינה,קונס`-מרינה פטריות הגליל בעמ*ש,,פטריות צמד חמד איטלק,יחידה,0.00,יחידה,false,,15.90,0.0000,true,1,243804
7290018195178,false,שוקולד מריר 62% קקאו 100 גרם טעמן,אס.קיי ראיס אינטרנשי,,שוקולד מריר 62% 100,,100.00,100 גרם,false,,6.90,0.0690,true,1,248912
7290018198056,false,תפוגן קוביות תפוחי אדמה 9*1.5קג,קבוצת אוסם סחר שותפות מוגבלת,,תפוגן קוביות תפוחי א,,1500.00,100 גרם,false,,26.90,0.0179,true,1,242039
7290018198148,false,"תפוגן קריספי צ'יפס קלאסי 1.25 ק""ג",קבוצת אוסם סחר-שות.מוגבלת,,תפוגן קריספי צ'יפס ק,,1250.00,"100 מ""ל",false,,25.90,0.0207,true,1,245356
7290018204108,false,כוסות קרטון 16 איכותי 25 י'ח ר. שמאי,,,כוסות קרטון ענק OZ16,יחידה,0.00,יחידה,false,,15.90,0.0000,true,1,244658
7290018204429,false,קעריות אובלי מתכלות שמאי 20 יח',,,קערות אובלי 20 יח`,יחידה,0.00,יחידה,false,,15.90,0.0000,true,1,250823
7290018204597,false,מנג'טים לאפיה צבעוניים 3 100 יח' PVC ר. שמאי,,,גביעי נייר צבעוני מס,,100.00,100 מ'ל,false,,5.90,0.0590,true,1,247961
7290018204603,false,מנג'טים לאפיה צבעוניים 4 100 יח' PVC ר. שמאי,,,גביעי נייר צבעוני מס,,100.00,גרם,false,,5.90,0.0590,true,1,247962
7290018213254,false,שלישיית מגבות מטבח עבות SHINY,,,שלישיית מגבות מטבח ע,יחידה,0.00,יחידה,false,,12.90,0.0000,true,1,244268
7290018213995,false,3 מטליות מיקורפייבר לרצפה SWIFT,,,*מבצע* 3 מטליות מיקר,יחידה,0.00,יחידה,false,,10.90,0.0000,true,1,249512
7290018236659,false,צ'ונגו-פופקורן ציפ מתובל עוף טוב 600 גרם,קבוצת אוסם סחר-שות.מוגבלת,,צ'ונגו רצועות שניצל,,600.00,100 גרם,false,,34.90,0.0582,true,1,244337
7290018237281,false,עוף טוב נקניק סלמי ירדן 550 גר',קבוצת אוסם סחר-שות.מוגבלת,,נקניק סלמי ירדן עוף,,550.00,100 גרם,false,,23.90,0.0435,true,1,248672
7290018237373,false,עוף טוב פסטרמה צרובה על הגריל נתח שלם 8*300 גרם,קבוצת אוסם סחר-שות.מוגבלת,,פסטרמה צרובה על הגרי,,300.00,100 גרם,false,,26.90,0.0897,true,1,248665
7290018237397,false,עוף טוב פסטרמה מקורמלת נתח שלם 8*300 גרם,קבוצת אוסם סחר שותפות מוגבלת,,פסטרמה מקורמלת מנתח,,300.00,100 גרם,false,,26.90,0.0897,true,1,248664
7290018237410,false,עוף טוב פסטרמה במעשנה נתח שלם 8*300 גרם,קבוצת אוסם סחר-שות.מוגבלת,,פסטרמה במעשנה מנתח ש,,300.00,"100 מ""ל",false,,26.90,0.0897,true,1,248663
7290018237489,false,פסטרמה ברביקיו דק דק עוף טוב 200 גרם,קבוצת אוסם סחר-שות.מוגבלת,,פסטרמה ברביקיו דק-דק,,220.00,100 גרם,false,,19.90,0.0905,true,1,248670
7290018237496,false,פסטרמה בדבש דק דק עוף טוב 200 גרם,קבוצת אוסם סחר-שות.מוגבלת,,פסטרמה בדבש דק-דק 22,,220.00,100 גרם,false,,19.90,0.0905,true,1,248671
7290018237922,false,שניצלונים ציפוי צ'יפס עוף טוב 700 גרם,קבוצת אוסם סחר שותפות מוגבלת,,שניצלונים בציפוי ציפ,,700.00,"100 מ""ל",false,,18.90,0.0270,true,1,248763
7290018237939,false,שניצלונים ציפוי שומשום עוף טוב 700 גרם,קבוצת אוסם סחר שותפות מוגבלת,,שניצלונים בציפוי שומ,,700.00,"100 מ""ל",false,,18.90,0.0270,true,1,248762
7290018237960,false,עוף טוב כתף בקר עסיסי 265 גרם,קבוצת אוסם סחר שותפות מוגבלת,,עוף טוב כתף בקר עסיס,,265.00,100 גרם,false,,24.90,0.0940,true,1,249847
7290018294192,false,"יין בלנד היינן אדום יבש 750 מ""ל p.c",אגודת הכורמים -כרמל מזרחי,,בלנד היינן אדום פריי,,750.00,"100 מ""ל",false,,39.90,0.0532,true,1,250183
7290018294208,false,"סלקטדאדום ישראלי יבש כרמל 750 מ""ל",אגודת הכורמים בעמ,,יין סלקטד אדום ישראל,,750.00,"100 מ""ל",false,,28.90,0.0385,true,1,246453
7290018294352,false,"ארק יקבי כרמל 700 מ""",אגודת הכורמים -כרמל מזרחי,,ארק 37.5% כרמל 700,,700.00,100 גרם,false,,49.90,0.0713,true,1,249776
7290018307212,false,תבנית רוסטר גדול 2 י,,,תבנית רוסטר גדול 2 י,יחידה,0.00,יחידה,false,,10.90,0.0000,true,1,248019
7290018307243,false,תבנית רוסטר קטן 3 יח,,,תבנית רוסטר קטן 3 יח,יחידה,0.00,יחידה,false,,10.90,0.0000,true,1,244443
7290018307250,false,תבנית רוסטר אובלית 5,,,תבנית רוסטר אובלית 5,יחידה,0.00,יחידה,false,,10.90,0.0000,true,1,244445
7290018307700,false,תבנית רוסטר בנוני 3,,,תבנית רוסטר בנוני 3,יחידה,0.00,יחידה,false,,10.90,0.0000,true,1,248020
7290018359112,false,פאסאטה מחית עגבניות איטלקיות קלה יכין690,אמיליאנה קונסרב,,פאסאטה מחית עגבניות,,690.00,100 גרם,false,,9.90,0.0143,true,1,242860
7290018359129,false,פולפה עגבניות חתוכות מקולפות דק יכין 690 גרם,אמיליאנה קונסרב,,פולפה עגבניות מקולפו,,690.00,"100 מ""ל",false,,9.90,0.0143,true,1,242861
7290018359358,false,שלישית רוטב עגבניות מרוכז מאודפריכוז יכין 200 גרם,זנלכל בעמ,,פריכוז רכז עגבניות מ,,600.00,100 גרם,false,,12.90,0.0215,true,1,250457
7290018359495,false,תירס מהשדה בלי תוספת סוכר יכין 550 גרם,היינץ צפון אמריקה מק,,תירס מהשדה בלי תוספת,,550.00,100 גרם,false,,9.90,0.0180,true,1,244193
7290018359518,false,תירס מהשדה בלי תוספת סוכר יכין מארז 200X3 גר',היינץ צפון אמריקה מק,,תירס מהשדה בלי תוספת,,600.00,100 גרם,false,,14.90,0.0248,true,1,244194
7290018359570,false,"שלישיית שעועית צ'ילי ""הקטניה הטובה"" יכין",זנלכל בעמ,,שעועית צ'ילי הקטניה,,200.00,100 גרם,false,,12.90,0.0645,true,1,244708
7290018359587,false,חומוס שלם הקטניה הטובה יכין מארז 3*200,זנלכל בעמ,,חומוס הקטניה הטובה י,,200.00,100 גרם,false,,12.90,0.0645,true,1,244709
7290018359679,false,הקיסרית-שעועית לימה יכין 550 גרם,קריות זול,,הקיסרית- שעועית לימה,,550.00,100 גרם,false,,8.90,0.0162,true,1,248376
7290018359686,false,יכין חומוס גדול 550 גר A2,היינץ צפון אמריקה מק,,חומוס ענק יכין 550 ג,,550.00,100 גרם,false,,8.90,0.0162,true,1,248377
7290018359716,false,רוטב עגבניות פיצה טוסקנה 240 גרם יכין,"זנלכל בע""\מ",,רוטב פיצה טוסקנה יכי,,240.00,100 גרם,false,,5.90,0.0246,true,1,245029
7290018376416,false,פילה דג ברבוניה קפוא,,,פילה ברבוניה קפוא 40,,400.00,100 גרם,false,,24.90,0.0622,true,1,250331
7290018380505,false,"אורז פרסי לבן ארוך 1 קג ""20X",,,"אורז פרסי ארוך 1 ק""ג",,1000.00,"100 מ""ל",false,,9.90,0.0099,true,1,246053
7290018380628,false,צלפים שלמים עם גבעול בחומץ תומר 370 גרם,תומר יבוא ושיווק מוצרי מזון (1,,צלפים שלמים עם גבעול,,370.00,100 גרם,false,,9.90,0.0268,true,1,249400
7290018380925,false,פרוזן שעועית ירוקה עדינה 800 גר' רובין,,,פרוזן שעועית ירוקה ע,,800.00,"100 מ""ל",false,,11.90,0.0149,true,1,250373
7290018380932,false,פרוזן אפונה אקסטרא עדין 600 גר' רובין,,,פרוזן אפונה אקסטרא ע,,600.00,"100 מ""ל",false,,11.90,0.0198,true,1,250371
7290018380949,false,פרוזן אפונה עדינה 800 גר' רובין,,,פרוזן אפונה עדינה 80,,800.00,100 גרם,false,,11.90,0.0149,true,1,250372
7290018380956,false,פרוזן גזר גמדי 800 גר' רובין,,,פרוזן גזר גמדי 800 ג,,800.00,100 גרם,false,,11.90,0.0149,true,1,250376
7290018440193,false,פליפז בייגלה בציפוי קרם בטעם חמאת בוטנים מקוויטיס 140 גרם,תה ויסוצקי (ישראל) בעמ,,בייגלה בציפוי קרם חמ,,140.00,100 גרם,false,,9.90,0.0707,true,1,244483
7290018440209,false,פליפז בייגלה בציפוי פאדג' לבן מקוויטיס 140 גרם,תה ויסוצקי (ישראל) בעמ,,בייגלה בציפוי פאד'ג,,140.00,100 גרם,false,,9.90,0.0707,true,1,244484
7290018440247,false,תה צ'אי שקדים0 25 שקיקים ויסוצקי,תה ויסוצקי (ישראל) בעמ,,תה צאי שקדים 25שק,יחידה,0.00,יחידה,false,,19.90,0.0000,true,1,248027
7290018440254,false,תה צ'אי קרמל מלוח 25 שקיקים ויסוצקי,תה ויסוצקי (ישראל) בעמ,,תה צאי קרמל מלוח 25ש,יחידה,0.00,יחידה,false,,19.90,0.0000,true,1,248029
7290018440384,false,תה ירוק מאטה לימון נענע ויסוצקי 25 יחידות,תה ויסוצקי (ישראל) בעמ,,תה ירוק מאטה לימון נ,יחידה,0.00,יחידה,false,,25.90,0.0000,true,1,247085
7290018440391,false,תה ירוק מאטה נענע גוארנה ויסוצקי 25 יחידות,תה ויסוצקי (ישראל) בעמ,,תה ירוק מאטה נענע גו,יחידה,0.00,יחידה,false,,25.90,0.0000,true,1,247086
7290018440476,false,פליפז בייגלה מצופה בקרם עוגת גבינה ותותים מקוויטיס 140 גרם,תה ויסוצקי (ישראל) בעמ,,בייגלה מצופה בקרם עו,,140.00,100 גרם,false,,9.90,0.0707,true,1,246389
7290018440483,false,פליפז בייגלה מצופה בקרמל מלוח ושוקולד מקוויטיס 140 גרם,תה ויסוצקי (ישראל) בעמ,,בייגלה מצופה בקרמל מ,,140.00,100 גרם,false,,9.90,0.0707,true,1,246388
7290018440896,false,הגן הקסום חליטה ג'ינגר כורכום ויסוצקי 25 יח,תה ויסוצקי (ישראל) בעמ,,חליטת ג'ינג'ר וכורכו,,37.50,100 גרם,false,,19.90,0.5307,true,1,247713
7290018471029,false,"סודה בטעם לימון - מארז 6 בקבוקים 500 מ""ל",יפאורה שותפות מוגבלת לשיווק,,שוופס סודה לימון מאר,,3000.00,100 גרם,false,,15.90,0.0053,true,1,244016
7290018471180,false,משקה פרוט& ווג' אננס תפוח גזר 1 ליטר,יפאורה שותפות מוגבלת לשיווק,,פרוט & ווג' אננס תפו,,1000.00,"100 מ""ל",false,,13.90,0.0139,true,1,245163
7290018471401,false,משקה פרוט& ווג' אננס בננה כורכום 1 ליטר,יפאורה שותפות מוגבלת לשיווק,,פרוט & ווג' אננס בננ,,1000.00,"100 מ""ל",false,,13.90,0.0139,true,1,245166
7290018471449,false,קרטונית ספרינג שייק בננה תמר תפוז 1 ליטר,יפאורה - שותפות מוגבלת לשיווק,,ספרינג שייק בננה תמר,,1000.00,"100 מ""ל",false,,13.60,0.0136,true,1,246308
7290018471463,false,תפוזינה נקטר תפוז מנגו קרטונית 1 ליטר,יפאורה שותפות מוגבלת לשיווק,,תפוזינה נקטר תפוז מנ,,1000.00,"100 מ""ל",false,,7.90,0.0079,true,1,245691
7290018471470,false,תפוזינה נקטר תפוז פסיפלורה קרטונית 1 ליטר,יפאורה שותפות מוגבלת לשיווק,,תפוזינה נקטר תפוז פס,,1000.00,"100 מ""ל",false,,7.90,0.0079,true,1,245692
7290018471487,false,תפוזינה נקטר תפוז אננס קרטונית 1 ליטר,יפאורה שותפות מוגבלת לשיווק,,תפוזינה נקטר תפוז אנ,,1000.00,"100 מ""ל",false,,7.90,0.0079,true,1,245689
7290018471494,false,תפוזינה משקה תפוז גזר קרטונית 1 ליטר,יפאורה שותפות מוגבלת לשיווק,,תפוזינה משקה תפוז גז,,1000.00,"100 מ""ל",false,,7.90,0.0079,true,1,245693
7290018471548,false,"רביעיית ספרינג ענבים 250 מ""ל",יפאורה שותפות מוגבלת לשיווק,,ספרינג ענבים 4*250 מ,,1000.00,"100 מ""ל",false,,14.90,0.0149,true,1,245160
7290018471906,false,שוופס מוגז פירות לימונדה ורודה 1.5 ליטר פיקדון,יפאורה - שותפות מוגבלת לשיווק,,שוופס מוגז לימונדה ו,,1500.00,100 גרם,false,,9.90,0.0066,true,1,247587
7290018471913,false,משקה מוגז פירות תפוחים שוופס 1.5 ליטר,יפאורה - שותפות מוגבלת לשיווק,,שוופס מוגז תפוחים 1.,,1500.00,100 גרם,false,,9.90,0.0066,true,1,247584
7290018471920,false,שוופס מוגז פירות ענבים 1.5 ליטר פיקדון,יפאורה - שותפות מוגבלת לשיווק,,שוופס מוגז ענבים 1.5,,1500.00,100 גרם,false,,9.90,0.0066,true,1,247588
7290018471937,false,שוופס מוגז פירות תות ליים 1.5 ליטר פיקדון,יפאורה - שותפות מוגבלת לשיווק,,שוופס מוגז פירות תות,,1500.00,100 גרם,false,,9.90,0.0066,true,1,247589
7290018471944,false,שוופס מוגז פירות לימונייד 1.5 ליטר פיקדון,יפאורה - שותפות מוגבלת לשיווק,,שוופס מוגז למונייד 1,,1500.00,"100 מ""ל",false,,9.90,0.0066,true,1,247585
7290018471951,false,שוופס מוגז פירות אשכולית אדומה 1.5 ליטר פיקדון,יפאורה - שותפות מוגבלת לשיווק,,שוופס מוגז אשכולית א,,1500.00,"100 מ""ל",false,,9.90,0.0066,true,1,247586
7290018516447,false,פסטה מקרוני עם גבינה,,,מקרוני 206 גרם,,206.00,100 גרם,false,,11.90,0.0578,true,1,250791
7290018564592,false,שף הטבע - שום כתוש בצנצנת 200 גרם,קפוא זן תעשיות מזון בעמ,,שום כתוש בצנצנת שף ה,,200.00,100 גרם,false,,14.90,0.0745,true,1,248803
7290018564622,false,"בני דרום - שום כתוש טבליות 80 ג""ר",קפוא זן תעשיות מזון בעמ,,שום כתוש טבליות שף ה,,80.00,100 גרם,false,,10.90,0.1363,true,1,247117
7290018608432,false,תבניות אינגליש גדול מקרטון שמאי 3 יח',,,תבניות אינגליש קייק,יחידה,0.00,יחידה,false,,10.90,0.0000,true,1,245830
7290018608449,false,תבניות אינגליש ענק מקרטון ארוז שמאי 3 יח',,,תבניות אינגליש קייק,יחידה,0.00,יחידה,false,,10.90,0.0000,true,1,245831
7290018608647,false,צלחות קטנות 7' עלי דקל מתכלות שמאי 10 יח',,,צלחות קטנות 7' עלי ד,יחידה,0.00,יחידה,false,,10.90,0.0000,true,1,250842
7290018608814,false,צלחות יוניק ענקיות 12 יח' ר.שמאי,,,צלחות יוניק 26*26 מר,יחידה,0.00,יחידה,false,,16.90,0.0000,true,1,250834
7290018652039,false,לה קרמריה קרמל מלוח ונוגט בדצ 6*1.4 ליטר,נגה גלידות שותפות מוגבלת,,לה קרמריה קרמל מלוח,,1400.00,"100 מ""ל",false,,21.90,0.0156,true,1,245939
7290018652053,false,"יסקולידה אקסטרה גלידה בטעמי וניל ושוקולד, 90 גרם",גלידות נסטלה )נגה גלידות,,ביסקולידה אקסטרא 68ג,,68.00,100 גרם,false,,7.90,0.1162,true,1,245916
7290018652190,false,חטיף גלידה קראנץ בר 60 גרם,פרונרי איטליה,,קראנץ בר אימפלס 60 ג,,60.00,100 גרם,false,,7.90,0.1317,true,1,248275
7290018652213,false,מאגדת חטיפי גלידה קראנץ בר 41X6 גרם,נגה גלידות שותפות מוגבלת,,מאגדת קראנץ בר וניל,,246.00,100 גרם,false,,25.90,0.1053,true,1,248284
7290018652657,false,נסטלה מאגדת מניוגו לייט 312 גרם,נגה גלידות שותפות מוגבלת,,נסטלה מאגדת מניוגו ל,,312.00,100 גרם,false,,29.90,0.0958,true,1,248287
7290018652671,false,"לה קרמריה שוקולד וניל 1.4 ליטר [תו אי""ל]",נגה גלידות שותפות מוגבלת,,לה קרמריה שוקו וניל,,1.40,"100 מ""ל",false,,21.90,15.6429,true,1,248281
7290018652688,false,לה קרמריה פירות טרופיים ופירות יער נסטלה 700 גרם,נגה גלידות שותפות מוגבלת,,לה קרמריה פירות טרופ,,1.40,"100 מ""ל",false,,21.90,15.6429,true,1,248283
7290018652886,false,שלגונים בשומן צמחי בטעמי שוקו ובננה מצופים צימקאו,נגה גלידות שותפות מוגבלת,,מאגדת מצופים בננה 8,,440.00,100 גרם,false,,29.90,0.0680,true,1,249003
7290018652909,false,מאגדת מאגנום קפה שוקולד ופקאן 5 *43 ג' נסטלה,נגה גלידות שותפות מוגבלת,,מאגדת גלידה קפה שוקו,,215.00,100 גרם,false,,29.90,0.1391,true,1,248285
7290018652923,false,פרוייקט סער-תות עוגת גבינה נסטלה 5*43 גרם,נגה גלידות שותפות מוגבלת,,נסטלה מאגדת תות שוקו,,215.00,100 גרם,false,,29.90,0.1391,true,1,248286
7290018724897,false,פירורי לחם ללא גלוטן 300 גרם אביב ירוק,,,פירורי לחם נטורלה לל,,300.00,100 גרם,false,,12.90,0.0430,true,1,245320
7290018770252,false,זית ירוק מגולען בטעם שום 190 גר`,אבאל יזמות בעמ,,זית ירוק מגולען בטעם,,190.00,100 גרם,false,,13.90,0.0732,true,1,249637
7290018770269,false,זית קלמטה עם שמן זית 215 גר`,אבאל יזמות בעמ,,זית קלמטה עם שמן זית,,190.00,100 גרם,false,,13.90,0.0732,true,1,249638
7290018770276,false,זית עריביקה עם שמן זית 215 גר`,אבאל יזמות בעמ,,זית עריביקה עם שמן ז,,215.00,100 גרם,false,,13.90,0.0647,true,1,249639
7290018770283,false,זית סורי בטעם לימון 215 גר`,אבאל יזמות בעמ,,זית סורי בטעם לימון,,215.00,100 גרם,false,,13.90,0.0647,true,1,249640
7290018790038,false,ביסקויט פתי בר בטעם תפוז,קריות זול,,בסקוויט תה תפוז 110,,110.00,100 גרם,false,,3.50,0.0318,true,1,250744
7290018792841,false,אבקת קקאו טבעי 150 גר` גאנה,תה ויסוצקי (ישראל) בעמ,,אבקת קקאו טבעי 150 ג,,150.00,100 גרם,false,,9.90,0.0660,true,1,250416
7290018860724,false,מקלוני אורז עבות ללא,סא ג'אנג אוספורט,,אטריות אורז 454 גרם,,454.00,100 גרם,false,,10.90,0.0240,true,1,247939
7290018879979,false,מרשמלו רגיל לבן בטעם וניל 150 גרם ויסטהיים,כרמית תעשיות ממתקים בעמ,,מרשמלו לבן בטעם וניל,,150.00,100 גרם,false,,5.90,0.0393,true,1,248780
7290018893005,false,"חטיפי בייגלה אפוי בטעם חרדל ודבש, 160 גרם",ש.שסטוביץ בעמ,,בייגלה שטוח חרדל ודב,,160.00,100 גרם,false,,8.90,0.0556,true,1,247867
7290018893036,false,צ'וקטה ביסקוויט בטעם שוקוטלד במילוי קרם בטעם וניל 176 גרם,ש. שסטוביץ בע`מ,,צ'וקטה ביסקוויט שוקו,,176.00,100 גרם,false,,8.90,0.0506,true,1,248227
7290018893098,false,צ'וקטה עוגויות ביסקוויט מצופה שוקולד חלב 100 גרם,דיסטרופר אוליבייר,,ביסקוויט מצופה שוקול,,100.00,100 גרם,false,,7.90,0.0790,true,1,247881
7290018893104,false,צ'וקטה עוגויות ביסקוויט מצופה שוקולד מריר 100 גרם,דיסטרופר אוליבייר,,ביסקוויט מצופה שוקול,,100.00,"100 מ""ל",false,,7.90,0.0790,true,1,247882
7290018893128,false,צ'וקטה שוקולד חלב בלגי 34% 100 גרם,ש.שסטוביץ בעמ,,שוקולד חלב בלגי 34%,,100.00,100 גרם,false,,9.90,0.0990,true,1,247884
7290018893135,false,מקלות אפויים בתוספת מלח Salty,ש.שסטוביץ בעמ,,צ'וקטה גריסיני מלח 1,,120.00,100 גרם,false,,7.90,0.0658,true,1,250098
7290018893142,false,צ'וקטה גריסיני בתוספת שמן זית 120 גרם,ש.שסטוביץ בעמ,,צ'וקטה גריסיני שמן ז,,120.00,"100 מ""ל",false,,7.90,0.0658,true,1,250099
7290018893265,false,צ'וקטה עוגות אישיות בטעם שוקולד מריר 8 יח 240 גרם,"פרדי קונדיטוריה אס,פי.אי",,עוגות אישיות 5 שכבות,,240.00,"100 מ""ל",false,,13.90,0.0579,true,1,247872
7290018893289,false,צ'וקטה עוגות מגולגלות בטעם קקאו במילוי קרם קקאו וציפוי בטעם שוקולד 6 יח' 222 גרם,ש. שסטוביץ בע`מ,,עוגות אישיות מגולגלו,,222.00,100 גרם,false,,10.90,0.0491,true,1,247876
7290018893296,false,עוגיות חמאה מצופות שוקולד בעיטורי שוקולד לבן 100 ג',דיסטרופר אוליבייר,,צ'וקטה עוגיות מיני ח,,100.00,100 גרם,false,,9.90,0.0990,true,1,250087
7290018893340,false,מקלות אפויים בתוספת שומשום Salty,ש. שסטוביץ בע`מ,,צ'וקטה גריסיני שומשו,,120.00,100 גרם,false,,7.90,0.0658,true,1,250100
7290018893401,false,צ'וקטה שוקולד מריר מוצקי קקאו 100 70% גרם,ש.שסטוביץ בעמ,,צ'וקטה שוקולד מריר 7,,100.00,100 גרם,false,,9.90,0.0990,true,1,248228
7290018893647,false,עוגיות סנדוויץ במילוי קרם וניל בציפוי שוקולד 150 גרם צ'וקטה,ש.שסטוביץ בעמ,,עוגיות סנדביץ מצופות,,150.00,"100 מ""ל",false,,9.90,0.0660,true,1,247894
7290018893661,false,עוגות אישיות במילוי קרם קקאו ציפוי בטעם שוקולד מריר,"פרדי קונדיטוריה אס,פי.אי",,עוגות אישיות מצופה מ,,240.00,"100 מ""ל",false,,13.90,0.0579,true,1,247874
7290018893753,false,עלי וופל חמאה בטעם לימון 100 גר` צוקטה,ש.שסטוביץ בעמ,,צ'וקטה וופל בלגי ט.ל,,100.00,100 גרם,false,,10.90,0.1090,true,1,250097
7290018893876,false,עוגות אישיות רכות עם מילוי קרם בטעם וניל,פרדי קונדיטוריה אס.פ,,עוגות אישיות וניל ונ,,200.00,"100 מ""ל",false,,13.90,0.0695,true,1,247870
7290018893913,false,"צ`וקטה ממרח אגוזי לוז עם מקלות גריסיני קקאו, 52 גרם",ש.שסטוביץ בעמ,,צ'וקטה חטיף מקלות גר,,52.00,100 גרם,false,,4.90,0.0942,true,1,250088
7290018894002,false,קוביות וופל במילוי קרם קקאו - חלבי,ש. שסטוביץ בע`מ,,בלקוני וופל קוביות ק,,250.00,100 גרם,false,,13.90,0.0556,true,1,250091
7290018894019,false,עוגות אישיות במילוי קרם חלבי ובציפוי קרם קקאו,ש. שסטוביץ בע`מ,,בלקוני עוגות אישיות,,350.00,100 גרם,false,,15.90,0.0454,true,1,250095
7290018894200,false,וופל קוביות ווניל בלקוני 250 גרם,ש. שסטוביץ בע`מ,,בלקוני וופל קוביות ו,,250.00,100 גרם,false,,13.90,0.0556,true,1,250089
7290018894217,false,עוגות אישיות במילוי קרם קקאו ובציפוי קרם קקאו,ש. שסטוביץ בע`מ,,בלקוני עוגות מיקס מק,,350.00,100 גרם,false,,15.90,0.0454,true,1,250096
7290018894248,false,צ'וקטה - שוקולד חלב שלישייה 3 * 100 גרם,ש. שסטוביץ בע`מ,,צוקטה שוקול חלב שליש,,100.00,100 גרם,false,,12.90,0.1290,true,1,250101
7290018894408,false,קוביות וופל במילוי קרם אגוזי לוז - חלבי,ש. שסטוביץ בע`מ,,בלקוני וופל קוביות א,,250.00,100 גרם,false,,13.90,0.0556,true,1,250090
7290018894606,false,בלקוני וופל קקאו 175 גרם חלבי OU,ש. שסטוביץ בע`מ,,בלקוני וופל קקאו 175,,175.00,100 גרם,false,,8.90,0.0509,true,1,250092
7290018894804,false,וופלים במילוי קרם אגוזי לוז - חלבי,ש. שסטוביץ בע`מ,,בלקוני וופל אגוזי ל,,175.00,100 גרם,false,,8.90,0.0509,true,1,250093
7290018925065,false,מיץ תפוזים סחוט פרימור (2 ליטר),שטראוס גרופ בעמ/מצונן,,פרימור מיץ תפוזים סח,,2000.00,100 גרם,false,,29.50,0.0148,true,1,247714
7290018925072,false,פרימור טרי מיץ לימונים עם נענע 2 ליטר,שטראוס גרופ בעמ/מצונן,,פרימור משקה קל לימונ,,2000.00,"100 מ""ל",false,,29.50,0.0148,true,1,247715
7290018925089,false,"מיץ פרימור תפו""ע צלול סחוט 2 ליטר-",שטראוס גרופ בעמ/מצונן,,פרימור מיץ תפוחים צל,,2000.00,100 גרם,false,,29.50,0.0148,true,1,247716
7290018925096,false,משקה קל תפוזים פרימור 1.5 ליטר,פרימור,,משקה קל תפוזים ‏5‏.‏,,1500.00,100 גרם,false,,8.90,0.0059,true,1,247545
7290018925102,false,משקה קל ענבים פרימור 1.5 ליטר,גניר (1992) בעמ,,משקה קל ענבים ‏5‏.‏1,,1500.00,100 גרם,false,,8.90,0.0059,true,1,247546
7290018925119,false,משקה קל דיאט אשכוליות פרימור 1.5 ליטר,פרימור,,משקה קל דיאט אשכוליו,,1500.00,"100 מ""ל",false,,8.90,0.0059,true,1,247547
7290018925126,false,משקה קל תפוחי עץ פרימור 1.5 ליטר,גניר (1992) בעמ,,משקה קל תפוחי עץ ‏5‏,,1500.00,"100 מ""ל",false,,8.90,0.0059,true,1,247548
7290018925133,false,פרימור משקה קל מנגו ‏5‏.‏1‏ ליטר,פרימור,,משקה קל מנגו ‏5‏.‏1‏,,1500.00,100 גרם,false,,8.90,0.0059,true,1,247551
7290018925140,false,משקה קל אשכוליות פרימור 1.5 ליטר,פרימור,,משקה קל אשכולית ‏5‏.,,1500.00,100 גרם,false,,8.90,0.0059,true,1,247549
7290018925157,false,משקה קל לימונים פרימור 1.5 ליטר,פרימור,,משקה קל לימונים 1.5,,1500.00,100 גרם,false,,8.90,0.0059,true,1,247552
7290018925164,false,משקה קל תות בננה פרימור 1.5 ליטר,פרימור,,משקה קל תות-בננה ‏5‏,,1500.00,100 גרם,false,,8.90,0.0059,true,1,247550
7290018929001,false,5 מטליות מיקורפייבר לניקוי SWIFT,,,5 מטליות מיקרופייבר,יחידה,0.00,יחידה,false,,8.90,0.0000,true,1,249513
7290018935279,false,מגש אובלי גדול מעוטר 10 יח',,,מגש אובלי גדול 12.5,יחידה,0.00,יחידה,false,,15.90,0.0000,true,1,250814
7290018935576,false,שמאי מזלגות איכותי מ,,,מזלגות איכותי מעץ 20,יחידה,0.00,יחידה,false,,6.90,0.0000,true,1,250824
7290018935590,false,שמאי כפיות איכותי מע,,,כפיות איכותי מעץ 20י,יחידה,0.00,יחידה,false,,6.90,0.0000,true,1,250826
7290018972274,false,פרוזן שעועית ירוקה חתוכה 800 גר' רובין,,,פרוזן שעועית ירוקה ח,,800.00,100 גרם,false,,11.90,0.0149,true,1,250375
7290018972335,false,פרוזן שעועית ירוקה אקסטרא עדינה 600 גרם,,,פרוזן שעועית ירוקה א,,600.00,"100 מ""ל",false,,11.90,0.0198,true,1,250374
7290018972366,false,"פרוזן אדממה 1 ק""ג",,,"פרוזן אדממה 1 ק""ג",,1000.00,100 גרם,false,,15.90,0.0159,true,1,248692
7290018972625,false,פרוזן במיה 600 גר' קהילות,,,פרוזן במיה 600 גרם,,600.00,100 גרם,false,,11.90,0.0198,true,1,250368
7290018972632,false,ארטישוק תחתיות 400 גר' קהילות,,,פרוזן ארטישוק תחתיות,,400.00,100 גרם,false,,11.90,0.0298,true,1,250369
7290018972649,false,פרוזן פול ירוק 600 גר' קהילות,,,פרוזן פול ירוק 600 ג,,600.00,100 גרם,false,,11.90,0.0198,true,1,250370
7290018972779,false,נודלס מנה חמה בקר תומר 72 גרם,,,נודלס טעם בקר להכנה,,72.00,"100 מ""ל",false,,6.90,0.0958,true,1,249407
7290018972786,false,נודלס טעם ירקות להכנה מהירה 72 גרם,,,נודלס טעם ירקות להכנ,,72.00,"100 מ""ל",false,,6.90,0.0958,true,1,249408
7290018989005,false,שלישיית פולפה עגבניות טבעי יכין 400X3 גרם,זנלכול יכין,,פולפה טבעית יכין 400,,1200.00,100 גרם,false,,14.90,0.0124,true,1,249258
7290018989128,false,סירופ בטעם ענבים יכין 1 ליטר,זנלכול יכין,,סירופ בטעם ענבים יכי,,1000.00,"100 מ""ל",false,,18.90,0.0189,true,1,249259
7290018989135,false,סירופ בטעם פטל יכין 1 ליטר,זנלכול יכין,,סירופ בטעם פטל יכין,,1000.00,"100 מ""ל",false,,18.90,0.0189,true,1,249260
7290019014386,false,"ניקוי והברקת רהיטי עץ פלירוסול 500 מ""ל טאצ",סאסאטק אגשח בעמ,,ניקוי והברקת רהיטי ע,,500.00,"100 מ""ל",false,,29.90,0.0598,true,1,248407
7290019014409,false,"ניקוי ושימור משטחי עור פלירוסול 500 מ""ל טאצ",סאסאטק אגשח בעמ,,ניקוי ושימור משטחי ע,,500.00,"100 מ""ל",false,,29.90,0.0598,true,1,248408
7290019056027,false,שוופס מוגז פירות תפוחים ללא סוכר 1.5 ליטר פיקדון,יפאורה - שותפות מוגבלת לשיווק,,שוופס מוגז פירות תפו,,1500.00,100 גרם,false,,9.90,0.0066,true,1,247590
7290019056034,false,שוופס מוגז פירות אננס ללא סוכר 1.5 ליטר פיקדון,יפאורה - שותפות מוגבלת לשיווק,,שוופס מוגז פירות אננ,,1500.00,"100 מ""ל",false,,9.90,0.0066,true,1,247591
7290019056041,false,שוופס מוגז פירות לימונייד ללא סוכר 1.5 ליטר פיקדון,יפאורה - שותפות מוגבלת לשיווק,,שוופס מוגז פירות ללא,,1500.00,"100 מ""ל",false,,9.90,0.0066,true,1,247592
7290019056058,false,שוופס מוגז עדין תפוח ליים 1.5 ליטר פיקדון,יפאורה - שותפות מוגבלת לשיווק,,שוופס מוגז עדין תפוח,,1500.00,100 גרם,false,,8.90,0.0059,true,1,247579
7290019056065,false,שוופס מוגז עדין פירות יער 1.5 ליטר פיקדון,יפאורה - שותפות מוגבלת לשיווק,,שוופס מוגז עדין פירו,,1500.00,"100 מ""ל",false,,8.90,0.0059,true,1,247580
7290019056072,false,שוופס מוגז עדין אננס 1.5 ליטר פיקדון,יפאורה - שותפות מוגבלת לשיווק,,שוופס מוגז עדין אננס,,1500.00,100 גרם,false,,8.90,0.0059,true,1,247581
7290019056089,false,שוופס מוגז עדין ענבי ריזלינג 1.5 ליטר פיקדון,יפאורה - שותפות מוגבלת לשיווק,,שוופס מוגז עדין טעם,,1500.00,100 גרם,false,,8.90,0.0059,true,1,247582
7290019056096,false,שוופס מוגז עדין אפרסק 1.5 ליטר פיקדון,יפאורה - שותפות מוגבלת לשיווק,,שוופס מוגז עדין אפרס,,1500.00,100 גרם,false,,8.90,0.0059,true,1,247583
7290019056119,false,שוופס סודה 1.5 ליטר פיקדון,יפאורה שותפות מוגבלת לשיווק,,שוופס סודה 1.5ליטר,,1500.00,"100 מ""ל",false,,4.20,0.0028,true,1,247568
7290019056126,false,שוופס סודה לימון 1.5 ליטר בק' בודד פיקדון,יפאורה - שותפות מוגבלת לשיווק,,שוופס סודה לימון 1.5,,1500.00,"100 מ""ל",false,,4.20,0.0028,true,1,247655
7290019056133,false,שוופס סודה נענע ליים 1.5 ליטר בק' בודד,יפאורה שותפות מוגבלת לשיווק,,שוופס סודה נענע ליים,,1500.00,"100 מ""ל",false,,4.20,0.0028,true,1,247656
7290019056164,false,שוופס סודה 1.5 ליטר רביעייה פיקדון,יפאורה - שותפות מוגבלת לשיווק,,שוופס סודה מארז 4*1.,,6000.00,100 גרם,false,,12.90,0.0021,true,1,247628
7290019056171,false,שוופס סודה לימון 1.5 ליטר רביעייה פיקדון,יפאורה - שותפות מוגבלת לשיווק,,שוופס סודה לימון מאר,,6000.00,100 גרם,false,,12.90,0.0021,true,1,247629
7290019056188,false,שוופס סודה נענע ליים 1.5 ליטר רביעייה פיקדון,יפאורה - שותפות מוגבלת לשיווק,,שוופס סודה נענע ליים,,6000.00,100 גרם,false,,12.90,0.0021,true,1,247630
7290019056195,false,שוופס סודה למון גראס ג'ינג'ר 1.5 ליטר רביעייה פיקדון,"יפאורה תבורי בע""\מ",,שוופס סודה למון גראס,,6000.00,"100 מ""ל",false,,12.90,0.0021,true,1,247631
7290019056201,false,שוופס סודה פירות יער 1.5 ליטר רביעייה פיקדון,יפאורה - שותפות מוגבלת לשיווק,,שוופס סודה פירות יער,,6000.00,"100 מ""ל",false,,12.90,0.0021,true,1,247632
7290019056249,false,שוופס מים בטעמים ענבים 1.5 ליטר פיקדון,יפאורה - שותפות מוגבלת לשיווק,,שוופס וואטר ענבים 1.,,1500.00,"100 מ""ל",false,,8.90,0.0059,true,1,247614
7290019056256,false,שוופס מים בטעמים תפוחים 1.5 ליטר פיקדון,יפאורה - שותפות מוגבלת לשיווק,,שוופס וואטר תפוח 1.5,,1500.00,"100 מ""ל",false,,8.90,0.0059,true,1,247615
7290019056263,false,שוופס מים בטעמים אפרסק 1.5 ליטר פיקדון,יפאורה - שותפות מוגבלת לשיווק,,שוופס וואטר אפרסק 1.,,1500.00,100 גרם,false,,8.90,0.0059,true,1,247616
7290019056270,false,שוופס מים בטעמים פירות יער 1.5 ליטר פיקדון,יפאורה - שותפות מוגבלת לשיווק,,שוופס וואטר פירות יע,,1500.00,100 גרם,false,,8.90,0.0059,true,1,247617
7290019056287,false,שוופס מים בטעמים אפרסק ללא סוכר 1.5 ליטר פיקדון,יפאורה - שותפות מוגבלת לשיווק,,שוופס וואטר אפס קלור,,1500.00,"100 מ""ל",false,,8.90,0.0059,true,1,247618
7290019056294,false,שוופס ג`ינג`ר אייל 1.5 ליטר פיקדון,יפאורה - שותפות מוגבלת לשיווק,,שוופס ג'ינג'ר אייל 1,,1500.00,"100 מ""ל",false,,13.90,0.0093,true,1,247623
7290019056300,false,משקה בטעם ביטר לימון 1.5 ל' שוויפס,יפאורה - שותפות מוגבלת לשיווק,,שוופס ביטר לימון 1.5,,1500.00,"100 מ""ל",false,,13.90,0.0093,true,1,247624
7290019056317,false,שוופס ראשן 1.5 ליטר פיקדון,יפאורה - שותפות מוגבלת לשיווק,,שוופס רסצ'יין 1.5ליט,,1500.00,100 גרם,false,,13.90,0.0093,true,1,247625
7290019056324,false,שוופס טוניק 1.5 ליטר פיקדון,יפאורה - שותפות מוגבלת לשיווק,,שוופס מי טוניק 1.5לי,,1500.00,"100 מ""ל",false,,13.90,0.0093,true,1,247626
7290019056331,false,שוופס טוניק ללא סוכר 1.5 ליטר פיקדון,יפאורה - שותפות מוגבלת לשיווק,,שוופס מי טוניק ללא ס,,1500.00,"100 מ""ל",false,,13.90,0.0093,true,1,247627
7290019056355,false,תפוזינה לימונדה מיקס לימונענע 1.5 ליטר,יפאורה - שותפות מוגבלת לשיווק,,תפוזינה לימונענע 1.5,,1500.00,"100 מ""ל",false,,9.90,0.0066,true,1,247574
7290019056362,false,תפוזינה משקה קל ענבים 1.5 ליטר,יפאורה - שותפות מוגבלת לשיווק,,תפוזינה ענבים 1.5ליט,,1500.00,100 גרם,false,,9.90,0.0066,true,1,247569
7290019056379,false,משקה קל תפוזינה 1.5 ליטר תפוזים,יפאורה - שותפות מוגבלת לשיווק,,תפוזינה תפוזים 1.5לי,,1500.00,"100 מ""ל",false,,9.90,0.0066,true,1,247570
7290019056386,false,משקה קל תפוזינה 1.5 ליטר אשכוליות,יפאורה - שותפות מוגבלת לשיווק,,תפוזינה אשכוליות 1.5,,1500.00,"100 מ""ל",false,,9.90,0.0066,true,1,247571
7290019056393,false,משקה קל תפוזינה 1.5 ליטר תות בננה,יפאורה - שותפות מוגבלת לשיווק,,תפוזינה תות בננה 1.5,,1500.00,"100 מ""ל",false,,9.90,0.0066,true,1,247572
7290019056409,false,תפוזינה משקה קל מנגו עסיסי1.5ליטר,יפאורה - שותפות מוגבלת לשיווק,,תפוזינה מנגו עסיסי 1,,1500.00,100 גרם,false,,9.90,0.0066,true,1,247575
7290019056416,false,מיץ בטעם לימונדה ורודה 1.5 ל' תפוזינה,יפאורה - שותפות מוגבלת לשיווק,,תפוזינה לימונים 1.5ל,,1500.00,100 גרם,false,,9.90,0.0066,true,1,247576
7290019056423,false,תפוזינה משקה קל תפוח רענן 1.5ליטר,יפאורה - שותפות מוגבלת לשיווק,,תפוזינה תפוח רענן 1.,,1500.00,"100 מ""ל",false,,9.90,0.0066,true,1,247577
7290019056430,false,משקה קל תפוזינה 1.5 ליטר תפוזים לייט,יפאורה - שותפות מוגבלת לשיווק,,תפוזינה דיאט תפוזים,,1500.00,"100 מ""ל",false,,9.90,0.0066,true,1,247578
7290019056461,false,מארז משקה בטעם קולה שישייה * 1.5 ל' אר.סי,יפאורה - שותפות מוגבלת לשיווק,,אר.סי קולה שישייה 6*,,9000.00,"100 מ""ל",false,,39.90,0.0044,true,1,247595
7290019056478,false,ספרינג טי קר אפרסק 1.5ליטר פיקדון,יפאורה - שותפות מוגבלת לשיווק,,ספרינג טי קר אפרסק 1,,1500.00,100 גרם,false,,9.90,0.0066,true,1,247619
7290019056485,false,ספריג תה ירוק לימון לואיזה 1.5 ליטר פיקדון,יפאורה - שותפות מוגבלת לשיווק,,ספרינג טי קר לימון ל,,1500.00,"100 מ""ל",false,,9.90,0.0066,true,1,247620
7290019056492,false,ספרינג תה מנגו אפרסק 1.5 ליטר פיקדון,יפאורה - שותפות מוגבלת לשיווק,,ספרינג טי מנגו אפרסק,,1500.00,"100 מ""ל",false,,9.90,0.0066,true,1,247621
7290019056508,false,פרוט ווטר ענבים 1.5 ליטר פיקדון,יפאורה - שותפות מוגבלת לשיווק,,משקה וואטר פרוט ענבי,,1500.00,"100 מ""ל",false,,8.90,0.0059,true,1,247596
7290019056515,false,פרוט ווטר אננס 1.5 ליטר פיקדון,יפאורה - שותפות מוגבלת לשיווק,,משקה וואטר פרוט אננס,,1500.00,100 גרם,false,,8.90,0.0059,true,1,247597
7290019056522,false,פרוט ווטר תות 1.5 ליטר פיקדון,יפאורה - שותפות מוגבלת לשיווק,,משקה וואטר פרוט תות,,1500.00,"100 מ""ל",false,,8.90,0.0059,true,1,247598
7290019056539,false,פרוט ווטר אפרסק 1.5 ליטר פיקדון,יפאורה שותפות מוגבלת לשיווק,,משקה וואטר פרוט אפרס,,1500.00,"100 מ""ל",false,,8.90,0.0059,true,1,247599
7290019056546,false,פרוט ווטר אבטיח 1.5 ליטר פיקדון,יפאורה - שותפות מוגבלת לשיווק,,משקה וואטר פרוט אבטי,,1500.00,"100 מ""ל",false,,8.90,0.0059,true,1,247600
7290019056553,false,שישיית מים מינרלים עין גדי 2 ליטר,יפאורה - שותפות מוגבלת לשיווק,,עין גדי מים מינרלים,,12000.00,100 גרם,false,,13.80,0.0012,true,1,247556
7290019056560,false,עין גדי מים מינרלים בקבוק 2 ליטר,יפאורה שותפות מוגבלת לשיווק,,עין גדי 2ליטר,,2000.00,100 גרם,false,,3.30,0.0016,true,1,247554
7290019056577,false,ספרינג קל מנגו 1.5 ליטר פיקדון,יפאורה - שותפות מוגבלת לשיווק,,ספרינג מנגו 1.5ליטר,,1500.00,100 גרם,false,,9.90,0.0066,true,1,247557
7290019056584,false,משקה קל תפוזים ספרינג 1.5 ליטר,יפאורה - שותפות מוגבלת לשיווק,,ספרינג תפוזים 1.5ליט,,1500.00,100 גרם,false,,9.90,0.0066,true,1,247558
7290019056591,false,משקה קל ענבים ספרינג 1.5 ליטר,יפאורה - שותפות מוגבלת לשיווק,,ספרינג ענבים 1.5ליטר,,1500.00,100 גרם,false,,9.90,0.0066,true,1,247561
7290019056607,false,משקה קל תפוחים ספרינג 1.5 ליטר,יפאורה - שותפות מוגבלת לשיווק,,ספרינג תפוחים 1.5ליט,,1500.00,"100 מ""ל",false,,9.90,0.0066,true,1,247562
7290019056614,false,משקה קל ספרינג 1.5 ליטר אפרסק,יפאורה - שותפות מוגבלת לשיווק,,ספרינג אפרסק 1.5ליטר,,1500.00,100 גרם,false,,9.90,0.0066,true,1,247559
7290019056621,false,משקה קל פירות טרופיים ספרינג 1.5 ליטר,יפאורה - שותפות מוגבלת לשיווק,,ספרינג פירות טרופיים,,1500.00,100 גרם,false,,9.90,0.0066,true,1,247563
7290019056638,false,משקה קל תות בננה ספרינג 1.5 ליטר,יפאורה - שותפות מוגבלת לשיווק,,ספרינג תות בננה 1.5ל,,1500.00,100 גרם,false,,9.90,0.0066,true,1,247564
7290019056645,false,משקה קל ספרינג 1.5 ליטר אגס תפוח סברס,יפאורה - שותפות מוגבלת לשיווק,,ספרינג אגס סברס תפוח,,1500.00,100 גרם,false,,9.90,0.0066,true,1,247565
7290019056652,false,משקה קל ספרינג 1.5 ליטר אננס בננה,יפאורה - שותפות מוגבלת לשיווק,,ספרינג אננס בננה 1.5,,1500.00,100 גרם,false,,9.90,0.0066,true,1,247566
7290019056669,false,משקה קל תפוחים דיאט ספרינג 1.5 ליטר,יפאורה - שותפות מוגבלת לשיווק,,ספרינג תפוחים דיאט 1,,1500.00,"100 מ""ל",false,,9.90,0.0066,true,1,247567
7290019056720,false,קריסטל מיץ ענבים 2 ליטר פיקדון,יפאורה - שותפות מוגבלת לשיווק,,קריסטל מיץ ענבים 2 ל,,2000.00,"100 מ""ל",false,,7.90,0.0039,true,1,247601
7290019056737,false,משקה קל קריסטל (2 ליטר)אשכוליות,יפאורה - שותפות מוגבלת לשיווק,,קריסטל מיץ אשכוליות,,2000.00,"100 מ""ל",false,,7.90,0.0039,true,1,247602
7290019056744,false,קריסטל מיץ תפוזים 2 ליטר פיקדון,יפאורה - שותפות מוגבלת לשיווק,,קריסטל מיץ תפוזים 2,,2000.00,100 גרם,false,,7.90,0.0039,true,1,247603
7290019056751,false,קריסטל מיץ אשכוליות דיאט 2 ליטר פיקדון,יפאורה - שותפות מוגבלת לשיווק,,קריסטל דיאט מיץ אשכו,,2000.00,"100 מ""ל",false,,7.90,0.0039,true,1,247612
7290019056768,false,קריסטל משקה קל מנגו 2 ליטר פיקדון,יפאורה - שותפות מוגבלת לשיווק,,קריסטל מיץ מנגו 2 לי,,2000.00,"100 מ""ל",false,,7.90,0.0039,true,1,247610
7290019056775,false,משקה קל קריסטל (2 ליטר)מוגז ענבים,יפאורה - שותפות מוגבלת לשיווק,,קריסטל ענבים 2 ליטר,,2000.00,100 גרם,false,,7.90,0.0039,true,1,247604
7290019056782,false,משקה קל קריסטל (2 ליטר)מוגז למון ליים,יפאורה - שותפות מוגבלת לשיווק,,קריסטל למון ליים 2 ל,,2000.00,100 גרם,false,,7.90,0.0039,true,1,247605
7290019056799,false,משקה קל קריסטל (2 ליטר)מוגז אקזוטי,יפאורה - שותפות מוגבלת לשיווק,,קריסטל אקזוטי 2ליטר,,2000.00,100 גרם,false,,7.90,0.0039,true,1,247613
7290019056805,false,משקה קל קריסטל (2 ליטר)מוגז תפוחים,יפאורה - שותפות מוגבלת לשיווק,,קריסטל תפוח 2 ליטר,,2000.00,"100 מ""ל",false,,7.90,0.0039,true,1,247611
7290019056812,false,משקה קל קריסטל (2 ליטר)מוגז מנטה,יפאורה - שותפות מוגבלת לשיווק,,קריסטל מנטה 2 ליטר,,2000.00,100 גרם,false,,7.90,0.0039,true,1,247606
7290019056829,false,משקה קל קריסטל (2 ליטר)מוגז תפוזים,יפאורה - שותפות מוגבלת לשיווק,,קריסטל אורנג' 2 ליטר,,2000.00,"100 מ""ל",false,,7.90,0.0039,true,1,247607
7290019056836,false,משקה קל קריסטל (2 ליטר)מוגז תות,יפאורה - שותפות מוגבלת לשיווק,,קריסטל תות 2 ליטר,,2000.00,"100 מ""ל",false,,7.90,0.0039,true,1,247608
7290019056843,false,משקה קל קריסטל (2 ליטר)מוגז קולה,יפאורה - שותפות מוגבלת לשיווק,,קריסטל קולה 2 ליטר,,2000.00,"100 מ""ל",false,,7.90,0.0039,true,1,247609
7290019056898,false,שוופס סודה לימון 1.5 ליטר,"כד בני דרום בע""מ",,שוופס סודה לימון 1.5,,1500.00,"100 מ""ל",false,,4.20,0.0028,true,1,247928
7290019056959,false,מי עדן בקבוק מתכווץ שקט 1.5 מ``ל,יפאורה - שותפות מוגבלת לשיווק,,מי עדן 1.5ליטר,,1500.00,"100 מ""ל",false,,3.30,0.0022,true,1,247553
7290019056966,false,מי עדן בקבוק פיקדון 1.5 ליטר,תבורי-שותפות מוגבלת לשיווק,,מי עדן 1.5ליטר,,1500.00,100 גרם,false,,3.30,0.0022,true,1,247721
7290019056973,false,מי עדן שישיה בק `1.5ליטר פיקדון,יפאורה - שותפות מוגבלת לשיווק,,מי עדן שישייה 6*1.5,,9000.00,100 גרם,false,,13.70,0.0015,true,1,247555
7290019153078,false,שוופס ביטר למון 1.5 לייט ליטר פיקדון,יפאורה - שותפות מוגבלת לשיווק,,שוופס ביטר לימון לי,,1500.00,"100 מ""ל",false,,13.90,0.0093,true,1,248150
7290019153085,false,שוופס מוגז ליים מוחיטו ללא סוכר 1.5 ליטר-,יפאורה - שותפות מוגבלת לשיווק,,שוופס מוחיטו ללא סוכ,,1500.00,"100 מ""ל",false,,8.90,0.0059,true,1,248105
7290019153252,false,שוופס סודה תפוח 1.5 ליטר רביעייה פיקדון,יפאורה - שותפות מוגבלת לשיווק,,שוופס סודה תפוח מארז,,6000.00,"100 מ""ל",false,,12.90,0.0021,true,1,248986
7290019153269,false,שוופס סודה אננס 1.5 ליטר רביעייה פיקדון,יפאורה - שותפות מוגבלת לשיווק,,שוופס סודה אננס מארז,,6000.00,"100 מ""ל",false,,12.90,0.0021,true,1,248985
7290019153351,false,משקה קל תפוזינה 1.5 ליטר פינק אוזו,יפאורה - שותפות מוגבלת לשיווק,,תפוזינה פינק אוזו 1,,1500.00,"100 מ""ל",false,,9.90,0.0066,true,1,249188
7290019153375,false,משקה קל תפוזינה 1.5 ליטר מוחיטו,יפאורה - שותפות מוגבלת לשיווק,,תפוזינה מוחיטו 1.5 ל,,1500.00,"100 מ""ל",false,,9.90,0.0066,true,1,249189
7290019153535,false,"רביעיית שוופס מוגז פירות למונייד ללא סוכר 330 מ""ל פחיות",יפאורה - שותפות מוגבלת לשיווק,,שוופס מוגז פירות למו,,1320.00,"100 מ""ל",false,,14.90,0.0113,true,1,249840
7290019204008,false,עוף טוב פסטרמה ארבעה פלפלים 350 גרם,קבוצת אוסם סחר שותפות מוגבלת,,עוף טוב פסטרמה ארבעה,,350.00,"100 מ""ל",false,,24.90,0.0711,true,1,249844
7290019204107,false,עוף טוב פסטרמה בטעם אווז 320 גרם,קבוצת אוסם סחר-שות.מוגבלת,,עוף טוב פסטרמה בטעם,,320.00,"100 מ""ל",false,,24.90,0.0778,true,1,249845
7290019204206,false,עוף טוב פסטרמה בסגנון רומני 320 גרם,קבוצת אוסם סחר-שות.מוגבלת,,עוף טוב פסטרמה בסגנו,,320.00,100 גרם,false,,24.90,0.0778,true,1,249849
7290019204305,false,חזה הודו פסטרמה ברביקיו 350 גר',קבוצת אוסם סחר שותפות מוגבלת,,עוף טוב פסטרמה ברביק,,350.00,"100 מ""ל",false,,24.90,0.0711,true,1,249846
7290019232155,false,"חליטת ""לילה טוב"" קמומיל לבנדר ו25 שקיקים ויסוצקי",תה ויסוצקי (ישראל) בעמ,,תה ירוק קמומיל לבנדר,,25.00,גרם,false,,26.90,1.0760,true,1,250467
7290019232162,false,"חליטת ""לילה טוב"" קמומיל מליסה 25 שקיקים ויסוצקי",תה ויסוצקי (ישראל) בעמ,,תה ירוק קמומיל מליסה,,25.00,גרם,false,,26.90,1.0760,true,1,250468
7290019232186,false,תה ירוק לימונית לואיזהSTAY WELL 25 שקיקים ויסוצקי,תה ויסוצקי (ישראל) בעמ,,תה ירוק לימונית לואי,,25.00,גרם,false,,26.90,1.0760,true,1,250465
7290019232803,false,הולגריין ביסקוויט+קרם חלב ושוקולד חלב 300 גרם רבנות,"אולקר ביסקווי סנאי, א.ס.",,הולגריין ביסקוויט עם,,300.00,100 גרם,false,,10.90,0.0363,true,1,250393
7290019232827,false,הולגריין ביסקוויט במילוי אגוזי לוז 300 גרם רבנות,"אולקר ביסקווי סנאי, א.ס.",,הולגריין ביסקוויט במ,,300.00,"100 מ""ל",false,,10.90,0.0363,true,1,250395
7290019232834,false,פליפז בייגלה מצופה קרם עוגיות ושוקולד מקוויטיס 140 גרם,תה ויסוצקי (ישראל) בעמ,,בייגלה מצופה עוגיות,,140.00,100 גרם,false,,9.90,0.0707,true,1,249190
7290019233008,false,רוטב עגבניות עם קוביות ארטישוק ושמן זית 420ג ויסוצקי,תה ויסוצקי (ישראל) בעמ,,זיתא רוטב לשקשוקה א,,420.00,100 גרם,false,,14.90,0.0355,true,1,250401
7290019233015,false,רוטב שקשוקה תבשיל ירקות עם שמן זית כתית מעולה 420ג זיתא,תה ויסוצקי (ישראל) בעמ,,זיתא רוטב לשקשוקה יר,,420.00,100 גרם,false,,14.90,0.0355,true,1,250399
7290019233039,false,רוטב עגבניות עם קוביות פלפלים ושמן זית 420ג' ויסוצקי,תה ויסוצקי (ישראל) בעמ,,זיתא רוטב לשקשוקה ק,,420.00,"100 מ""ל",false,,14.90,0.0355,true,1,250400
7290019251118,false,"קשים לשתיה=מתקפלים= מנייר 100 יח' 0.6*21 ס""מ מתכלה",,,קשים לשתיה מתקפלים מ,יחידה,0.00,יחידה,false,,13.90,0.0000,true,1,250819
7290019251125,false,קשים מנייר מתקפלים לשתיה ארומה 50 יחי' שמאי,,,קשים לשתיה מנייר50יח,יחידה,0.00,יחידה,false,,10.90,0.0000,true,1,250820
7290019297161,false,טורטיה ראפ מקמח תירס שקדיה 450 גרם,דין שיווק וקליה 2021 בעמ,,טורטיות ראפ מקמח תיר,,450.00,100 גרם,false,,10.00,0.0222,true,1,227609
7290019297246,false,שזיפים מיובשים ששון הקולה (330 גרם),דין שיווק וקליה 2021 בעמ,,שזיפים בקופסא 330גר,,330.00,100 גרם,false,,21.90,0.0664,true,1,200652
7290019297383,false,מעדן משמש 100% רכיבי פרי ללא תוספת סוכ,דין שיווק וקליה 2021 בעמ,,מעדן משמש שקדיה 100%,,284.00,100 גרם,false,,11.90,0.0419,true,1,200653
7290019297406,false,מעדן דובדובן ללא סוכר שקדיה 284 ג',דין שיווק וקליה 2021 בעמ,,מעדן דובדבן שקדיה 10,,284.00,100 גרם,false,,11.90,0.0419,true,1,200655
7290019297413,false,מעדן אפרסק 100% רכיבי פרי ללא תוספת סו,דין שיווק וקליה 2021 בעמ,,מעדן אפרסק שקדיה 100,,284.00,100 גרם,false,,11.90,0.0419,true,1,200656
7290019297420,false,מעדן תות שדה 100% רכיבי פרי 284 גר' ללא תוספת סוכר,דין שיווק וקליה 2021 בעמ,,מעדן תות שדה שקדיה 1,,284.00,"100 מ""ל",false,,11.90,0.0419,true,1,200657
7290019297437,false,מעדן אוכמניות 100% רכיבי פרי ללא תוספת,דין שיווק וקליה 2021 בעמ,,מעדן אוכמניות שקדיה,,284.00,"100 מ""ל",false,,11.90,0.0419,true,1,200658
7290019297512,false,"רוטב רימונים שקדיה 340 מ""ל בדץ",דין שיווק וקליה 2021 בעמ,,רוטב רימונים שקדיה 3,,350.00,100 גרם,false,,10.90,0.0311,true,1,200660
7290019297543,false,חמאת בוטנים 510 גר` דין שיווק,דין שיווק וקליה 2021 בעמ,,חמאת בוטנים 510גרם,,510.00,100 גרם,false,,10.90,0.0214,true,1,200662
7290019297628,false,שקד טבעי בשקית ששון הקולה 150 גרם,דין שיווק וקליה 2021 בעמ,,שקד טבעי 150גרם,,150.00,"100 מ""ל",false,,16.90,0.1127,true,1,200667
7290100240137,false,"תרסיס ריחני למייבש כחול בדין 500 מ""ל",יוניליוור ישראל שיווק בע`מ,,בדין תרסיס כחול למיי,,500.00,"100 מ""ל",false,,19.90,0.0398,true,1,182835
7290100240632,false,קרקר פתית 200-300ג' 6 דגנים 250 גרם,יוניליוור ישראל שיווק בע`מ,,פתית 6 דגנים 250 גרם,,250.00,"100 מ""ל",false,,18.90,0.0756,true,1,182845
7290100240656,false,"פתית שיפון בד""צ חדש 300X24 גר'",יוניליוור ישראל שיווק בע`מ,,פתית שיפון 300גר,,300.00,100 גרם,false,,18.90,0.0630,true,1,182846
7290100243671,false,"מרכך כביסה מרוכז אקסטרה כחול בדין 960 מ""ל",יוניליוור ישראל שיווק בע`מ,,בדין אקסטרא כחול 960,,960.00,100 גרם,false,,17.90,0.0186,true,1,182932
7290100249598,false,רוטב לעוף בטעם שום ודבש קנור (320 גרם),יוניליוור ישראל שיווק בע`מ,,רוטב לעוף שום ודבש ק,,320.00,100 גרם,false,,14.90,0.0466,true,1,183096
7290100249659,false,"רוטב לעוף צ'ילי מתוק ושום קנור 320 גרם בד""צ",יוניליוור ישראל שיווק בע`מ,,רוטב לעוף צילי שום ק,,320.00,100 גרם,false,,14.90,0.0466,true,1,183102
7290100411254,false,מחית בוליווד תפוח ובננה 190 גרם ללא תוספ,שקד תבל בע`מ,,בלאבד מחית תפוח ובננ,,190.00,100 גרם,false,,5.90,0.0311,true,1,171949
7290100412343,false,קוויק מטליות לחות 99.9% לניקוי כללי בריח לימון 50 יחידות,שקד תבל בע`מ,,קוויק מגבונים לניקוי,יחידה,0.00,יחידה,false,,8.90,0.0000,true,1,171959
7290100412442,false,קוויק מטליות לחות 99.9% לניקוי שירותים ומקלחות בריח מנטה 50 יחידות,שקד תבל בע`מ,,קוויק מגבונים לניקוי,יחידה,0.00,יחידה,false,,8.90,0.0000,true,1,171961
7290100412459,false,קוויק מטליות לחות 99.9% לניקוי שירותים ומקלחות בריח לוונדר 50 יחידות,שקד תבל בע`מ,,קוויק מגבונים לניקוי,יחידה,0.00,יחידה,false,,8.90,0.0000,true,1,171962
7290100412466,false,מגבונים קוויק לניקוי וחיטוי רצפות בניחוח לימון 10 יח',שקד תבל בע`מ,,קוויק מגבונים לניקוי,יחידה,0.00,יחידה,false,,10.90,0.0000,true,1,240988
7290100412770,false,"ד""ר עור - תחליב רחצה קלאסי בניחוח מאסק 700 מ""ל","אמיליה קוסמטיקס בע""מ",,"תחליב רחצה ד""ר עור ק",,700.00,"100 מ""ל",false,,15.90,0.0227,true,1,225177
7290100412831,false,תחליב רחצה אנטי אייג'ינג בניחוח וניל טרופי,"אמיליה קוסמטיקס בע""מ",,"תחליב רחצה ד""ר עור א",,700.00,"100 מ""ל",false,,15.90,0.0227,true,1,225180
7290100413593,false,קוויק מטליות לחות גדולות לניקוי כללי בריח פרחי בר 40 יחידות,שקד תבל בע`מ,,קוויק מטליות XL בניח,יחידה,0.00,יחידה,false,,8.90,0.0000,true,1,171964
7290100413609,false,קוויק מטליות לחות דוחה אבק לימון 50 יחידות,שקד תבל בע`מ,,קוויק מטליות לחות לנ,יחידה,0.00,יחידה,false,,8.90,0.0000,true,1,171965
7290100659090,false,פרי חטיפים ללא גלוטן ותוספת סוכר מארז 5 תמרים וקינמון,טבעית מוצרים מן הטבע בעמ,,פרי חטיף דגנים תמרים,,110.00,100 גרם,false,,18.90,0.1718,true,1,185810
7290100680650,false,מנה חמה נודלס-אטריות ירקות טעם תאילנדי אסם 76 ג',קבוצת אוסם סחר שותפות מוגבלת,,מנה חמה אסם נודלס-אט,,76.00,100 גרם,false,,6.90,0.0908,true,1,177395
7290100680711,false,פירורית זהב אסם זהב 350ג',קבוצת אוסם סחר שותפות מוגבלת,,פירורית זהב שקית אסם,,350.00,"100 מ""ל",false,,9.90,0.0283,true,1,177398
7290100680728,false,פירורית רגילה שקית 350 גרם,קבוצת אוסם סחר שותפות מוגבלת,,פירורית אסם שקית 350,,350.00,"100 מ""ל",false,,7.50,0.0214,true,1,177399
7290100681138,false,מארז אפרופו חטיף תירס 3 יחידות,קבוצת אוסם סחר שותפות מוגבלת,,אפרופו מארז אסם 3*50,,150.00,100 גרם,false,,12.90,0.0860,true,1,177405
7290100683880,false,פירה אסם ללא צורך בבישול 260 גרם,קבוצת אוסם סחר שותפות מוגבלת,,תערובת להכנת פירה אס,,260.00,100 גרם,false,,15.50,0.0596,true,1,177466
7290100684764,false,במבה יום הולדת על סרט אסם 25 ג',קבוצת אוסם סחר שותפות מוגבלת,,במבה על סרט אסם 25גר,,25.00,100 גרם,false,,2.50,0.1000,true,1,177479
7290100685136,false,"אבקת מרק טעם עוף 1 ק""ג 1/8 אסם",קבוצת אוסם סחר שותפות מוגבלת,,*מבצע* מרק טעם עוף 1,,1000.00,100 גרם,false,,12.00,0.0120,true,1,177489
7290100685341,false,אבקת מרק טעם עוף זך רכיבים טבעיים אסם 400 גרם,קבוצת אוסם סחר שותפות מוגבלת,,*מבצע* מרק טעם עוף ז,,400.00,100 גרם,false,,16.90,0.0422,true,1,177500
7290100686164,false,מארז מולטיפק ביסלי ברביקיו 6 יח 35 גר יח,קבוצת אוסם סחר שותפות מוגבלת,,ביסלי ברביקיו מארז א,,210.00,100 גרם,false,,14.90,0.0710,true,1,177531
7290100686171,false,מארז מולטיפק ביסלי גריל 6 יח 35 גר ליח,קבוצת אוסם סחר שותפות מוגבלת,,ביסלי גריל מארז אסם,,210.00,100 גרם,false,,14.90,0.0710,true,1,177532
7290100689301,false,אבקת מרק בטעם עוף זך עדיף אסם 400 גרם,קבוצת אוסם סחר שותפות מוגבלת,,מרק בטעם עוף זך אסם,,400.00,"100 מ""ל",false,,15.90,0.0398,true,1,177616
7290100700006,false,"סוגת חיטה 1 ק""ג","סוגת תעשיות בע""\מ",,חיטה סוגת 1קג,,1000.00,100 גרם,false,,7.90,0.0079,true,1,192214
7290100700020,false,גריסי פנינה סוגת (500 גרם),האי נאם סי או אל.טי.,,גריסי פנינה סוגת 500,,500.00,"100 מ""ל",false,,6.90,0.0138,true,1,192215
7290100700068,false,סוגת שעועית צבעונית 500גרם,"סוגת תעשיות בע""מ",,שעועית צבעונית סוגת,,500.00,100 גרם,false,,10.90,0.0218,true,1,228316
7290100700075,false,פירורי לחם מוזהבים סוגת (200 גרם),"סוגת תעשיות בע""\מ",,פירורי לחם מוזהבים ס,,200.00,100 גרם,false,,4.90,0.0245,true,1,192217
7290100700242,false,אורז מלא עגול סוגת (1 קג),"סוגת תעשיות בע""\מ",,אורז מלא עגול סוגת 1,,1000.00,100 גרם,false,,9.90,0.0099,true,1,192224
7290100700273,false,קינואה לבנה 500 ג סו,האי נאם סי או אל.טי.,,קינואה סוגת 500 גר,,500.00,"100 מ""ל",false,,15.90,0.0318,true,1,192226
7290100700297,false,עדשים שחורות מנומרות סוגת 500 גרם,"סוגת תעשיות בע""מ",,עדשים שחורות סוגת 50,,500.00,"100 מ""ל",false,,8.90,0.0178,true,1,192228
7290100700310,false,"סוגת כוסמת סוגת 1ק""ג","סוגת תעשיות בע""מ",,כוסמת סוגת 1קג,,1000.00,100 גרם,false,,15.90,0.0159,true,1,192229
7290100700327,false,"גריסי פנינה סוגת 1 ק""ג","סוגת תעשיות בע""\מ",,גריסי פנינה סוגת 1קג,,1000.00,"100 מ""ל",false,,7.90,0.0079,true,1,192230
7290100700365,false,"שעועית אדומה 1 ק""ג סוגת",סוגת תעשיות בעמ,,שעועית אדומה סוגת 1ק,,1000.00,100 גרם,false,,18.90,0.0189,true,1,192232
7290100700372,false,"אורז בסגנון בסמטי מלא 1 ק""ג",האי נאם סי או אל.טי.,,אורז בסמטי מלא סוגת,,1000.00,100 גרם,false,,12.90,0.0129,true,1,192233
7290100700389,false,"אורז אדום 1 ק""ג ""סוגת""","סוגת תעשיות בע""\מ",,אורז אדום סוגת 1קג,,1000.00,100 גרם,false,,15.90,0.0159,true,1,192234
7290100700396,false,"סוגת אורז יסמין קלאסי 1 ק""ג",האי נאם סי או אל.טי.,,אורז יסמין קלאסי סוג,,1000.00,100 גרם,false,,12.90,0.0129,true,1,192235
7290100700419,false,"סוגת בורגול 1 ק""ג","סוגת תעשיות בע""\מ",,בורגול סוגת 1קג,,1000.00,100 גרם,false,,7.90,0.0079,true,1,192237
7290100700563,false,אורז מיקס קלאסי סוגת (1 קג),סוגת תעשיות בעמ,,אורז מיקס סוגת 1קג,,1000.00,100 גרם,false,,15.50,0.0155,true,1,192242
7290100700587,false,בורגול סוגת (500 גרם),האי נאם סי או אל.טי.,,בורגול סוגת 500 גר,,500.00,100 גרם,false,,6.90,0.0138,true,1,192243
7290100701126,false,סוגת שעועית מש סוגת 500 גרם,סוגת תעשיות בעמ,,שעועית מש סוגת 500גר,,500.00,100 גרם,false,,10.90,0.0218,true,1,192261
7290100701140,false,"אורז ריזוטו ארבוריו 1 ק""ג ""סוגת""","סוגת תעשיות בע""מ",,אורז ארבוריו סוגת 1ק,,1000.00,100 גרם,false,,15.90,0.0159,true,1,192262
7290100701157,false,אורז להכנת סושי סוגת (1 קג),"סוגת תעשיות בע""\מ",,אורז להכנת סושי סוגת,,1000.00,100 גרם,false,,14.90,0.0149,true,1,192263
7290100701300,false,קינואה אדומה סוגת (500 גרם),"סוגת תעשיות בע""\מ",,קינואה אדומה סוגת 50,,500.00,100 גרם,false,,15.90,0.0318,true,1,192270
7290100701331,false,קמח רב תכליתי שטיבל קמח חיטה לבן בהיר,"שטיבל בע""\מ - טחנות קמח",,קמח רב תכליתי סוגת 1,,1000.00,100 גרם,false,,7.90,0.0079,true,1,192272
7290100701348,false,"קמח שיפון מלא סוגת 1 ק""ג",שטיבל טחנות קמח,,קמח שיפון מלא סוגת 1,,1000.00,100 גרם,false,,7.90,0.0079,true,1,192273
7290100701454,false,בורגול דק גרישה סוגת (500 גרם),"סוגת תעשיות בע""\מ",,גרישה סוגת 500גר,,500.00,"100 מ""ל",false,,6.90,0.0138,true,1,192279
7290100701577,false,קמח לחם קמח חיטה לבן שטיבל,טחנות קמח שטיבל באר שבע,,קמח לחם סוגת 1קג,,1000.00,100 גרם,false,,7.90,0.0079,true,1,192280
7290100701874,false,"קמח כוסמין מלא סוגת 1 ק""ג",טחנות קמח שטיבל באר,,קמח כוסמין סוגת 1קג,,1000.00,100 גרם,false,,15.90,0.0159,true,1,192291
7290100701881,false,קמח פיצה ופוקצ'ה- קמח חיטה לבן בהיר שטיבל,"שטיבל בע""\מ - טחנת קמח",,קמח פיצה ופוקצה סוגת,,1000.00,100 גרם,false,,7.90,0.0079,true,1,192292
7290100702246,false,"שמרים יבשים בוואקום 500 גרם ""סוגת""",אייבי מאורי,,שמרים יבשים בוואקום,,500.00,"100 מ""ל",false,,10.90,0.0218,true,1,192300
7290100702260,false,קוסקוס דק סוגת 350 גרם,"אסיף תעשיות מזון בע""\מ",,קוסקוס דק סוגת 350 ג,,350.00,100 גרם,false,,6.90,0.0197,true,1,192301
7290100702277,false,קוסקוס עבה סוגת 350 גרם,"אסיף תעשיות מזון בע""",,קוסקוס עבה סוגת 350,,350.00,100 גרם,false,,6.90,0.0197,true,1,192302
7290100702284,false,קוסקוס מלא סוגת (350 גרם),"אסיף תעשיות מזון בע""",,קוסקוס מלא סוגת 350,,350.00,"100 מ""ל",false,,6.90,0.0197,true,1,192303
7290100702383,false,קמח תופח מס' 13 סוגת,"שטיבל בע""\מ - טחנות קמח",,קמח תופח סוגת 1 קג,,1000.00,"100 מ""ל",false,,7.90,0.0079,true,1,192308
7290100702611,false,פתיתים אפויים אורז סוגת 500 גרם,"אסיף תעשיות מזון בע""\מ",,פתיתים אפויים אורז ס,,500.00,"100 מ""ל",false,,6.90,0.0138,true,1,192319
7290100702628,false,פתיתים אפויים קוסקוס סוגת 500 גרם,"אסיף תעשיות מזון בע""\מ",,פתיתים אפויים קוסקוס,,500.00,"100 מ""ל",false,,6.90,0.0138,true,1,192320
7290100702635,false,פתיתים אפויים כוכבים סוגת 500 גרם,"אסיף תעשיות מזון בע""",,פתיתים אפויים כוכבים,,500.00,"100 מ""ל",false,,6.90,0.0138,true,1,192321
7290100702642,false,פתיתים אפויים טבעות סוגת 500 גרם,"אסיף תעשיות מזון בע""",,פתיתים אפויים טבעות,,500.00,100 גרם,false,,6.90,0.0138,true,1,192322
7290100702659,false,פתיתים קוסקוס קמח מלא סוגת 400 גרם,"אסיף תעשיות מזון בע""",,פתיתים אפויים מקמח מ,,400.00,100 גרם,false,,6.90,0.0173,true,1,192323
7290100702666,false,פתיתים אפויים עם בצל 400 גר גרם סוגת,"אסיף תעשיות מזון בע""",,פתיתים אפויים עם בצל,,400.00,100 גרם,false,,6.90,0.0173,true,1,192324
7290100702741,false,"סוכר חום בהיר בצנצנת סוגת 1 ק""ג",סוגת תעשיות בעמ,,סוכר חום קלאסי בקופס,,1000.00,100 גרם,false,,12.90,0.0129,true,1,192331
7290100702987,false,שיבולת שועל פתיתים סוגת 500 גרם,סוגת תעשיות בעמ,,פתיתי שיבולת שועל סו,,500.00,100 גרם,false,,5.90,0.0118,true,1,192342
7290100703007,false,עדשים שחורות בלוגה סוגת (500 גרם),האי נאם סי או אל.טי.,,עדשים שחורות בלוגה ס,,500.00,100 גרם,false,,8.90,0.0178,true,1,192343
7290100703458,false,כוסמת לא קלויה 500ג סוגת*,"סוגת תעשיות בע""\מ",,כוסמת ללא קליה סוגת,,500.00,100 גרם,false,,8.90,0.0178,true,1,192362
7290100703557,false,"קמח פוקצה 1 ק""ג ""סוגת""",סוגת תעשיות בעמ,,קמח פוקצ'ה סוגת 1קג,,1000.00,100 גרם,false,,7.90,0.0079,true,1,192364
7290100703564,false,"פתיתי שיבולת שועל עבה 500 גרם ""סוגת""",סוגת תעשיות בעמ,,פתיתי שיבולת שועל עב,,500.00,100 גרם,false,,5.90,0.0118,true,1,192365
7290100703670,false,"קמח כוסמין ללא ניפוי 1 ק""ג סוגת",סוגת תעשיות בעמ,,קמח כוסמין מלא ללא צ,,1000.00,"100 מ""ל",false,,13.90,0.0139,true,1,225672
7290100703854,false,קוביות סוכר לבן דמררה 500 ג' סוגת,סוגת תעשיות בעמ,,קוביות סוכר דמררה סו,,500.00,100 גרם,false,,9.90,0.0198,true,1,222715
7290100703861,false,"תערובת קסם לחלה ללא צורך בניפוי סוגת 1 ק""ג","שטיבל בע""\מ - טחנות קמח",,קמח תערובת קסם לחלה,,1000.00,100 גרם,false,,9.90,0.0099,true,1,221365
7290100703908,false,"סוכר דמררה 1 ק""ג בלמינט סוגת",סוגת תעשיות בעמ,,סוכר דמררה סוגת בשקי,,1000.00,"100 מ""ל",false,,8.90,0.0089,true,1,242649
7290100704066,false,עדשים צהובות סוגת 500 גרם,האי נאם סי או אל.טי.,,עדשים צהובות סוגת 50,,500.00,100 גרם,false,,8.90,0.0178,true,1,225184
7290100704141,false,סוגת אבקת סודה לשתיה 100 גר`,א.ל. ייצור ושיווק תב,,סודה לשתיה סוגת 100ג,,100.00,100 גרם,false,,2.90,0.0290,true,1,225675
7290100704530,false,"קמח כוסמין לבן תפוח מנופה סוגת 1 ק""ג",טחנות קמח שטיבל באר,,קמח כוסמין לבן ללא צ,,1000.00,"100 מ""ל",false,,15.90,0.0159,true,1,245608
7290100704639,false,"קמח שמרים פיתה סוגת 1 ק""ג","שטיבל בע""\מ - טחנות קמח",,קמח שמרים פיתה סוגת,,1000.00,100 גרם,false,,9.90,0.0099,true,1,245414
7290100704660,false,"קינואה מיקס סוגת, 500 גרם","סוגת תעשיות בע""\מ",,קינואה מיקס סוגת 500,,500.00,100 גרם,false,,15.90,0.0318,true,1,245419
7290100704684,false,"קמח שמרים כוסמין סוגת רב תכליתי 1 ק""ג סוגת",סוגת תעשיות בעמ,,"קמח כוסמין שמרים 1ק""",,1000.00,100 גרם,false,,19.00,0.0190,true,1,249497
7290100850909,false,חטיף תירס נאצ`ו מקסיקני דוריטוס (70 גרם),"שטראוס פריטו ליי בע""\מ",,דוריטוס נאצו מקסיקני,,70.00,"100 מ""ל",false,,3.90,0.0557,true,1,184014
7290100850916,false,דוריטוס חמוץ חריף מעודן 70 גרם כשר לפסח,"שטראוס פריטו ליי בע""\מ )",,דוריטוס חמוץ חריף 70,,70.00,100 גרם,false,,3.90,0.0557,true,1,184015
7290100850923,false,חטיף תירס גריל דוריטוס (70 גרם),"שטראוס פריטו ליי בע""\מ )",,דוריטוס גריל 70גר,,70.00,100 גרם,false,,3.90,0.0557,true,1,184016
7290100850930,false,חטיף תירס בטעם טבעי דוריטוס (70 גרם),"שטראוס פריטו ליי בע""\מ )",,דוריטוס דיפ טבעי 70ג,,70.00,100 גרם,false,,3.90,0.0557,true,1,184017
7290100858592,false,אבקת קקאו עלית שקית 150 ג',הנסיך- מפעל לייצור ט,,קקאו עלית 150גר,,150.00,"100 מ""ל",false,,10.90,0.0727,true,1,208376
7290100921623,false,מנקה אסלה סוד 4 כדוריות נתלה אקונומיקה נתלה 50 ג',גורי שיווק בעמ,,סוד כדוריות אקונומיק,,50.00,100 גרם,false,,8.90,0.1780,true,1,210281
7290100924464,false,כדוריות סבון נתלה לאסלה עם אקונומיקה - 3 יח',גורי שיווק בעמ,,כדוריות סוד סבון לאס,,0.00,100 ליטר,false,,16.90,0.0000,true,1,232295
7290100924693,false,סבון סוד 4 כדוריות מוצק כחול אקטיבי-אקנומיקה 50ג',גורי שיווק בעמ,,סוד כדוריות אקונומיק,,50.00,100 גרם,false,,8.90,0.1780,true,1,210311
7290100925676,false,קולור קאצר 20 דפים לוכדי צבע למכונת כביס,גורי שיווק בעמ,,לוכד צבעים קולור קאצ,יחידה,0.00,יחידה,false,,21.90,0.0000,true,1,232301
7290100926109,false,סוד לבן חלומי 4 ל מרכך כביסה,גורי שיווק בעמ,,סוד מרכך כביסה האהבה,ליטרים,4.00,ליטר,false,,16.90,4.2250,true,1,210373
7290100926147,false,אבקת כביסה פרסיל קולור שקית 2.5 קג,גורי שיווק בעמ,,פרסיל אבקת כביסה 2.5,קילוגרמים,2.50,"ק""ג",false,,24.90,9.9600,true,1,210374
7290100928561,false,"אבקת כביסה בניחוח פרחים סוד 5 ק""ג",גורי שיווק בעמ,,סוד אבקת כביסה שושן,קילוגרמים,5.00,"ק""ג",false,,29.90,5.9800,true,1,210405
7290100928585,false,"סוד אבקה שושן מרענן לצבעונית 5 ק""ג",גורי שיווק בעמ,,סוד אבקת כביסה קולור,קילוגרמים,5.00,"ק""ג",false,,29.90,5.9800,true,1,210407
7290101110279,false,גלידה משפחתית שוקולד פאדג פקאן 1.3ל,גלידות פלדמן,,בליסימו גלידה בטעם ש,,1300.00,"100 מ""ל",false,,19.90,0.0153,true,1,244602
7290101110460,false,גלידה בליסימו וניל צרפתי 1.3 ל' פלדמן,פלקו בעמ חברה ישראלית,,בליסימו גלידה בטעם ו,,1300.00,100 גרם,false,,19.90,0.0153,true,1,244600
7290101110811,false,מאגדת גלידל וניל מצופה סורבה פסיפלורה[8],פלקו בעמ חברה ישראלית,,גלידל חלבי מאגדת בטע,,8.00,יח',false,,29.90,3.7375,true,1,244592
7290101112228,false,מאגדת פופסיקל גלידל פרי אננס 8 יח`,פלקו בעמ חברה ישראלית,,גלידל פרי מאגדת בטעם,,8.00,גרם,false,,22.90,2.8625,true,1,244589
7290101112921,false,"גלידל פרי פירות טרופים לל""ס 8 יחידות",פלקו בעמ חברה ישראלית,,גלידל פרי מאגדת בטעם,,8.00,100 מ'ל,false,,22.90,2.8625,true,1,244590
7290101113157,false,מאגדת גלידל וניל עוגיות פלדמן 6 יחידות,"פלקו בע""\מ, חברה ישראלית",,גלידל חלבי מאגדת בטע,,6.00,גרם,false,,25.90,4.3167,true,1,244594
7290101113454,false,מאגדת גלידל יוגורט אפרסק 8 יח 480 גרם,פלקו בעמ חברה ישראלית,,גלידל חלבי מאגדת בטע,,8.00,גרם,false,,29.90,3.7375,true,1,244593
7290101450900,false,נרות ג'מבו כוכבים ממ,שמחה זה אנחנו,,נרות ג'מבו כוכבים ממ,יחידה,0.00,יחידה,false,,7.90,0.0000,true,1,186498
7290101488286,false,"ליידי ספיד סטיק - דאודורנט ספריי לאישה 24/7 פרש פיוזן ורוד 150 מ""ל",ליידי ספיד סטיק Lady Speed Stick,,ליידי ספיד סטיק 24/7,,150.00,"100 מ""ל",false,,14.90,0.0993,true,1,185886
7290101488316,false,ליידי ספיד סטיק - דאודורנט סטיק לאישה ללא סימן ורוד סטיק 65 גרם,ליידי ספיד סטיק Lady Speed Stick,,ליידי ספיד סטיק ללא,,65.00,100 גרם,false,,19.90,0.3062,true,1,185889
7290101488323,false,ליידי ספיד סטיק - דאודורנט סטיק לאישה ללא סימן ירוק סטיק 65 גרם,ליידי ספיד סטיק Lady Speed Stick,,ליידי ספיד סטיק ללא,,65.00,100 גרם,false,,19.90,0.3062,true,1,185890
7290101551027,false,קפסולות קפה אספרסו חזק במיוחד 14 עלית 10 יח',הנסיך- מפעל לייצור ט,,קפסולות מס'14,,50.00,100 גרם,false,,18.90,0.3780,true,1,226169
7290101551263,false,סילאן טבעי ללא תוספת סוכר,שטראוס גרופ בע`מ,,*מבצע* סילאן טבעי יד,,700.00,100 גרם,false,,20.90,0.0299,true,1,225108
7290101551300,false,סילאן טבעי ללא תוספת סוכר בקבוק לחיץ,מכוורת יד מרדכי שטראוס ב,,סילאן טבעי לחיץ יד מ,,380.00,100 גרם,false,,15.90,0.0418,true,1,225109
7290101551539,false,יוגורט PRO בטעם אפרסק 0% 20 גרם חלבון בגביע,שטראוס גרופ בעמ/מצונן,,דנונה פרו אפרסק 20 ג,,200.00,"100 מ""ל",false,,6.30,0.0315,true,1,225243
7290101551584,false,תפוצ'יפס קידס מארז 10 יח' * 20 ג',"שטראוס פריטו ליי בע""מ )פ",,תפוציפס קידס מארז 10,,200.00,100 גרם,false,,12.90,0.0645,true,1,225783
7290101551614,false,חטיף צ'יטוס קראנץ בטעם גבינה - מארז 8 יח',"שטראוס פריטו ליי בע""מ )פ",,ציטוס קראנץ גבינה מא,,240.00,100 גרם,false,,12.90,0.0538,true,1,225785
7290101551638,false,חטיף צ'יטוס כאפה בטעם קטשופ - מארז 10 יח',"שטראוס פריטו ליי בע""מ )פ",,ציטוס כאפה אפוי מארז,,200.00,100 מ'ל,false,,12.90,0.0645,true,1,225421
7290101582359,false,יין בנימינה שרדונה 2017,בנימינה Binyamina,,יין שרדונה המושבה בי,,750.00,100 מ'ל,false,,29.90,0.0399,true,1,229765
7290101582373,false,יין המושבה גרנאש בלאש רוזה 2017,ויטה- פרי גליל (החדשה) בעמ,,יין גרנאש רוזה המושב,,750.00,100 מ'ל,false,,29.90,0.0399,true,1,229767
7290101821151,false,דבק מגע ע. הבית,עולם הבית שיווק והפצה בעמ,,דבק מגע,יחידה,0.00,יחידה,false,,4.90,0.0000,true,1,227479
7290101863410,false,"סיליט באנג ספריי ניקוי עוצמתי מכיל אקונומיקה 750 מ""ל",רקיט בנקיזר (ניר איסט) בעמ,,סיליט באנג ספריי אקו,,750.00,100 גרם,false,,12.90,0.0172,true,1,199823
7290101864127,false,ספריי להסרת כתמים וניש קליה (750 מל),רקיט בנקיזר (ניר איסט) בעמ,,קליה אוקסי ספריי 750,,750.00,"100 מ""ל",false,,23.90,0.0319,true,1,199836
7290101865261,false,נוזל הברקה למדיח כלים פיניש (800 מל),רקיט בנקיזר (ניר איסט) בעמ,,פיניש נוזל הברקה למד,,800.00,"100 מ""ל",false,,19.90,0.0249,true,1,199862
7290101866633,false,וניש קליה גל להסרת כתמים 3 ליטר אוקסיפרש,רקיט בנקיזר (ניר איסט) בעמ,,קליה גל ורוד 3ליטר,,3000.00,100 גרם,false,,29.90,0.0100,true,1,199890
7290101868958,false,פיניש נוזל הברקה למדיח בניחוח לימון,רקיט בנקיזר (ניר איסט) בעמ,,פיניש נוזל הברקה למד,,800.00,100 מ'ל,false,,19.90,0.0249,true,1,199945
7290101869702,false,ג`ל למדיח כלים All in 1 פיניש (600 מל),רקיט בנקיזר (ניר איסט) בעמ,,פיניש ג'ל למדיח 600מ,,600.00,"100 מ""ל",false,,36.90,0.0615,true,1,199952
7290101869719,false,ג'ל מרוכז למדיח פיניש all in one max בניחוח לימון,רקיט בנקיזר (ניר איסט) בעמ,,פיניש ג'ל למדיח לימו,,600.00,"100 מ""ל",false,,36.90,0.0615,true,1,199953
7290101869726,false,ג'ל מרוכז למדיח הכל ב-1 פיניש 1 ליטר,רקיט בנקיזר (ניר איסט) בעמ,,פיניש ג'ל למדיח 1ליט,,1000.00,"100 מ""ל",false,,45.90,0.0459,true,1,199954
7290101869733,false,פיניש ג'ל למדיח כלים בניחוח לימון 1 ליטר ALL IN 1,רקיט בנקיזר (ניר איסט) בעמ,,פיניש ג'ל למדיח לימו,,1000.00,"100 מ""ל",false,,45.90,0.0459,true,1,199955
7290101869740,false,אירויק מכשיר חטא מתוק250,רקיט בנקיזר,,מכשיר אוטומטי מבשם א,,250.00,"100 מ""ל",false,,39.90,0.1596,true,1,199956
7290101869764,false,אירוויק מכשיר אוטומט+מילוי בניחוח חלום ליל קיץ,רקיט בנקיזר (ניר איסט) בעמ,,מכשיר אוטומטי מבשם א,יחידה,0.00,יחידה,false,,39.90,0.0000,true,1,199958
7290101869788,false,"אירוויק ספריי אוטומטי מילוי בניחוח אואזיס 250 מ""ל*",רקיט בנקיזר (ניר איסט) בעמ,,איירוויק מילוי מבשם,,250.00,"100 מ""ל",false,,19.90,0.0796,true,1,199960
7290101869795,false,"מטהר אוויר אירוויק ספריי מילוי חלום ליל קיץ 250 מ""ל",רקיט בנקיזר (ניר איסט) בעמ,,איירוויק מילוי מבשם,,250.00,"100 מ""ל",false,,19.90,0.0796,true,1,199961
7290101869818,false,"אירוויק מכשיר חשמלי+מילוי בניחוח חלום ליל קיץ 19 מ""ל",רקיט בנקיזר (ניר איסט) בעמ,,אירוויק מבשם אויר חש,,19.00,100 גרם,false,,24.90,1.3105,true,1,199963
7290101869825,false,"אירוויק מילוי למכשיר חשמלי בניחוח אואזיס 19 מ""ל",רקיט בנקיזר (ניר איסט) בעמ,,איירוויק מילוי מבשם,,19.00,"100 מ""ל",false,,17.90,0.9421,true,1,199964
7290101869917,false,"אירוויק מילוי מבשם אויר אטומטי היער הקסום 19 מ""ל",רקיט בנקיזר (ניר איסט) בעמ,,איירוויק מילוי מבשם,,250.00,"100 מ""ל",false,,19.90,0.0796,true,1,199968
7290101869979,false,"אירוויק מקלות ריחניים בניחוח אואזיס 30 מ""ל",רקיט בנקיזר (ניר איסט) בעמ,,איירוויק מקלות ריחני,,30.00,"100 מ""ל",false,,17.90,0.5967,true,1,199973
7290102030330,false,תפוצ`יפס אקסטרא מקסיקני 200 גרם +20 תו,"שטראוס פריטו ליי בע""\מ )",,תפוציפס קראנץ מקסיקנ,,200.00,100 גרם,false,,10.90,0.0545,true,1,184041
7290102031276,false,מארז 8 יחידות אקטימל משקה יוגורט בטעם תות בננה,שטראוס גרופ בעמ/מצונן,,אקטימל תות בננה 8*10,,800.00,"100 מ""ל",false,,21.90,0.0274,true,1,196034
7290102032334,false,אבקה להכנת משקה קפה בטעם וניל,שטראוס קפה בי.וי,,קפה נמס עלית בטעם ונ,,200.00,"100 מ""ל",false,,28.90,0.1445,true,1,208424
7290102060764,false,מרידול מברשת שיניים אריזת זוג,יבואן ומשווק: ש. שסט,,מברשות שיניים מרידול,יחידה,0.00,יחידה,false,,29.90,0.0000,true,1,231050
7290102060979,false,"אלמקס משחת שיניים למניעת עששת 100מ""ל",יבואן ומשווק: ש. שסט,,אלמקס משחת שיניים 10,,100.00,"100 מ""ל",false,,21.90,0.2190,true,1,207208
7290102390427,false,יוגורט ביו עם קציפת תות 3% שומן 150 ג' מולר,החברה המרכזית טלהפצת משקאות בע,,מולר פרופ תות 3% 150,,150.00,100 גרם,false,,5.50,0.0367,true,1,184632
7290102390465,false,יוגורט ביו עם קציפת אפרסק ופסיפלורה 3% שומן 150 ג' מולר,החברה המרכזית טלהפצת משקאות בע,,מולר פרופ אפרסק פסיפ,,150.00,100 גרם,false,,5.50,0.0367,true,1,184635
7290102390489,false,יוגורט ביו עם קציפת לימון 3% שומן 150 ג' מולר,החברה המרכזית טלהפצת משקאות בע,,מולר פרופ לימון 3% 1,,150.00,100 גרם,false,,5.50,0.0367,true,1,184637
7290102391844,false,יוגורט ביו עם קציפת פירות יער3% שומן 150 ג' מולר,החברה המרכזית טלהפצת משקאות בע,,מולר פרופ לבן+קציפת,,150.00,100 גרם,false,,5.50,0.0367,true,1,184697
7290102392049,false,גבינה לאפיה תבור ללא תוספת מלח 5% משק צוריאל 500 גרם,החברה המרכזית טלהפצת משקאות בע,,גבינה תבור לאפייה 5%,,500.00,100 גרם,false,,27.90,0.0558,true,1,184706
7290102392094,false,חלב עיזים 3.7% בקרטון משק צוריאל 1 ליטר,החברה המרכזית טלהפצת משקאות בע,,חלב עיזים צוריאל 1ל,,1000.00,"100 מ""ל",false,,17.90,0.0179,true,1,184710
7290102392254,false,"חלב בקרטון 1% 2 ליטר בד""צ - מוצר בפיקוח",החברה המרכזית טלהפצת משקאות בע,,חלב בקרטון טרה 1% 2,,2000.00,100 גרם,false,,11.72,0.0059,true,1,184723
7290102393039,false,"יוגורט ביו קרמי מיקס פצפוצי שוקולד 7.6% מולר 170 מ""ל",החברה המרכזית טלהפצת משקאות בע,,מולר מיקס בתוספת פצפ,,150.00,100 גרם,false,,6.40,0.0427,true,1,184771
7290102393060,false,"יוגורט ביו קרמי מיקס גלילי ופל ואגוזים 5.9% מולר 170 מ""ל",*החברה המרכזית להפצת משקאותבעמ,,מולר מיקס גליליות 15,,150.00,100 גרם,false,,6.40,0.0427,true,1,184772
7290102393169,false,"יוגורט סימפלי פרוט בטעם תות 3% מולר 150 מ""ל",*החברה המרכזית להפצת משקאותבעמ,,מולר סימפלי פרוט תות,,150.00,100 גרם,false,,5.50,0.0367,true,1,184781
7290102393176,false,סימפלי פרוט יוגורט אפרסק 3% שומן 150 ג' מולר,*החברה המרכזית להפצת משקאותבעמ,,מולר סימפלי פרוט אפר,,150.00,100 גרם,false,,5.50,0.0367,true,1,184782
7290102393190,false,"יוגורט סימפלי פרוט בטעם פירות יער 3% מולר 150 מ""ל",*החברה המרכזית להפצת משקאותבעמ,,מולר סימפלי פרוט פיר,,150.00,100 גרם,false,,5.50,0.0367,true,1,184784
7290102393268,false,"גבינה לבנה 5% שומן, רכיבים טבעיים 750 גרם",*החברה המרכזית להפצת משקאותבעמ,,גבינה לבנה 5% 750גר,,750.00,100 גרם,false,,14.94,0.0199,true,1,184788
7290102393299,false,יוגורט עיזים לשתייה 3% משק צוריאל 500 גרם,*החברה המרכזית להפצת משקאותבעמ,,יוגורט עיזים לשתייה,,500.00,"100 מ""ל",false,,14.50,0.0290,true,1,184789
7290102393848,false,יוגורט עיזים 2.4% עם תות משק צוריאל 150 גרם,*החברה המרכזית להפצת משקאותבעמ,,יוגורט עיזים 3% תות,,150.00,100 גרם,false,,7.30,0.0487,true,1,184810
7290102393855,false,יוגורט עיזים 2.5% עם אפרסק משק צוריאל 150 גרם,*החברה המרכזית להפצת משקאותבעמ,,יוגורט עיזים 3% אפרס,,150.00,"100 מ""ל",false,,7.30,0.0487,true,1,184811
7290102393947,false,סימפלי פרוט יוגורט בטעם קיווי 3% שומן 150 ג' מולר,*החברה המרכזית להפצת משקאותבעמ,,מולר סימפלי פרוט קיו,,150.00,100 גרם,false,,5.50,0.0367,true,1,184815
7290102394463,false,נעם גבינה צהובה פרוסה ואקום 28% טרה 500 גרם,החברה המרכזית טלהפצת משקאות בע,,גבינה צהובה נעם ואקו,,500.00,"100 מ""ל",false,,29.90,0.0598,true,1,184849
7290102394821,false,גבינה צהובה 28% דק דק לפתיחה חוזרת 200,החברה המרכזית טלהפצת משקאות בע,,גבינה צהובה נעם דק ד,,200.00,100 גרם,false,,17.90,0.0895,true,1,184858
7290102394845,false,נעם גבינה צהובה לייט פרוסה דק דק 9% טרה 200 גרם,החברה המרכזית טלהפצת משקאות בע,,גבינה צהובה נעם דק ד,,200.00,100 גרם,false,,18.90,0.0945,true,1,184859
7290102395101,false,ממרח גבינה ושוקולד מוו טרה 200 גרם,החברה המרכזית טלהפצת משקאות בע,,ממרח על בסיס גבינה ש,,200.00,100 גרם,false,,12.90,0.0645,true,1,184873
7290102395217,false,מאגדת שמיניה מולר במתיקות מעודנת 1.2% 8*150 ג',החברה המרכזית טלהפצת משקאות בע,,מולר ביאנקו במתיקות,יחידה,0.00,יחידה,false,,21.90,0.0000,true,1,184881
7290102395224,false,שמיניית יוגורט ביו ביאנקו 1.7% מולר 150 גרם,החברה המרכזית טלהפצת משקאות בע,,מולר נטורל 1.7% מארז,,1200.00,100 גרם,false,,19.50,0.0163,true,1,184882
7290102395231,false,שמיניית יוגורט ביו ביאנקו 2.8% מולר 150 גרם,*החברה המרכזית להפצת משקאותבעמ,,מולר נטורל 2.8% מארז,,1200.00,100 גרם,false,,19.50,0.0163,true,1,184883
7290102395262,false,מארז 8 גביעים יוגורט בטעם תות שדה ואפרסק 3% Simply Fruit,החברה המרכזית טלהפצת משקאות בע,,מולר סימפלי פרוט מאג,יחידה,0.00,יחידה,false,,31.90,0.0000,true,1,184886
7290102395378,false,נעם גבינה צהובה פרוסה ואקום 28% טרה 360 גרם,*החברה המרכזית להפצת משקאותבעמ,,גבינה צהובה פרוסה וא,,360.00,100 גרם,false,,22.90,0.0636,true,1,184889
7290102395439,false,מארז 8 גביעים יוגורט בטעם פירות יער וקיווי 3% Simply Fruit,החברה המרכזית טלהפצת משקאות בע,,מולר סימפלי פרוט מאג,,1200.00,100 גרם,false,,31.90,0.0266,true,1,184892
7290102395446,false,מעדן חלב בטעם וניל עם קצפת 123 ג' טרה,*החברה המרכזית להפצת משקאותבעמ,,מוו וניל קצפת 123גר,,123.00,100 גרם,false,,3.20,0.0260,true,1,184893
7290102395477,false,מעדן חלב בטעם שוקולד עם קצפת 123 ג' טרה,החברה המרכזית טלהפצת משקאות בע,,מוו שוקולד קצפת 123ג,,123.00,100 גרם,false,,3.20,0.0260,true,1,184896
7290102395521,false,"שמנת לבישול 15% שומן 500 מ""ל טרה",החברה המרכזית טלהפצת משקאות בע,,שמנת לבישול 15% 500מ,,500.00,"100 מ""ל",false,,18.50,0.0370,true,1,184900
7290102396399,false,שמיניית מעדן שוקולד מוו 1.5% טרה 100 גרם,החברה המרכזית טלהפצת משקאות בע,,מוו מעדן שוקולד מארז,,800.00,100 גרם,false,,14.90,0.0186,true,1,184950
7290102396405,false,שמיניית מעדן וניל מוו 1.5% טרה 100 גרם,החברה המרכזית טלהפצת משקאות בע,,מוו מעדן וניל מארז 8,,800.00,100 גרם,false,,14.90,0.0186,true,1,184951
7290102396436,false,מעדן בטעם שוקולד 1.5% שומן מוו (125 גרם),החברה המרכזית טלהפצת משקאות בע,,מוו מעדן חלב בטעם שו,,125.00,100 גרם,false,,3.20,0.0256,true,1,184954
7290102396443,false,מעדן בטעם וניל 1.5% שומן מוו (125 גרם),*החברה המרכזית להפצת משקאותבעמ,,מוו מעדן חלב בטעם ונ,,125.00,100 גרם,false,,3.20,0.0256,true,1,184955
7290102396580,false,מעדן מוו שוקולד ומוס שוקולד טרה 118 גרם,החברה המרכזית טלהפצת משקאות בע,,מוו שוקולד ומוס שוקו,,118.00,100 גרם,false,,3.20,0.0271,true,1,184963
7290102396597,false,מעדן מוו וניל ומוס שוקולד טרה 118 גרם,החברה המרכזית טלהפצת משקאות בע,,מוו וניל ומוס שוקולד,,118.00,"100 מ""ל",false,,3.20,0.0271,true,1,184964
7290102396665,false,צהובה פרוסות דקדק פתח סגור 15% 200 גר`,החברה המרכזית טלהפצת משקאות בע,,גבינה צהובה נעם 15%,,200.00,100 גרם,false,,17.90,0.0895,true,1,184969
7290102396672,false,גבינה צהובה נעם דק דק 9% פתח סגור 360 ג,החברה המרכזית טלהפצת משקאות בע,,גבינה צהובה גבינת נע,,360.00,100 גרם,false,,29.90,0.0831,true,1,184970
7290102396719,false,יוגורט 0% תות סימפלי מולר (150 גרם),החברה המרכזית טלהפצת משקאות בע,,מולר סימפלי פרוט תות,,150.00,100 גרם,false,,5.50,0.0367,true,1,184973
7290102397204,false,"גבנ""צ דק דק נעם פתיחה חוזרת 22% 200 גרם",*החברה המרכזית להפצת משקאותבעמ,,גבינה צהובה נעם 22%ד,,200.00,100 גרם,false,,17.90,0.0895,true,1,185005
7290102397310,false,מעדן מיני בטעם שוקולד קצפת מוו מאגדת 8 יח' * 70 ג',החברה המרכזית טלהפצת משקאות בע,,מיני מוו שוקולד קצפת,,560.00,100 גרם,false,,13.30,0.0238,true,1,185011
7290102397464,false,יוגורט ביו בתוספת גרעינים אגוזים וחמוציות 170 ג' מולר,החברה המרכזית טלהפצת משקאות בע,,מולר מיקס גרעינים פק,יחידה,0.00,יחידה,false,,6.40,0.0000,true,1,219951
7290102397600,false,מיקס יוגורט בתוספת שקדים ובוטנים מקורמלים 170 ג' מולר,החברה המרכזית טלהפצת משקאות בע,,מולר מיקס+ שקדים ובו,,170.00,100 גרם,false,,6.40,0.0376,true,1,185029
7290102397617,false,יוגורט ביו קרמי עם כדורים מצופים שוקולד חום לבן,החברה המרכזית טלהפצת משקאות בע,,מולר מיקס קליק 150גר,,150.00,100 גרם,false,,6.40,0.0427,true,1,185030
7290102397679,false,קוטג' וחצי טרה 5% מרכיבים טבעיים,החברה המרכזית טלהפצת משקאות בע,,קוטג 5% 375גר טרה,,375.00,100 גרם,false,,8.50,0.0227,true,1,185032
7290102397730,false,פרוסות גבינה אמנטל חצי קשה 30% שומן 200 ג' נעם,החברה המרכזית טלהפצת משקאות בע,,גבינה אמנטל נעם 200ג,,200.00,100 גרם,false,,18.90,0.0945,true,1,220990
7290102397891,false,גבינה ניו יורק מותכת %16 4*25 גרם,החברה המרכזית טלהפצת משקאות בע,,גבינה מותכת צוריאל 1,,100.00,100 גרם,false,,8.50,0.0850,true,1,219955
7290102398065,false,חלב טרה בקרטון 2 ליטר מהדרין 3% - מוצר בפיקוח,החברה המרכזית טלהפצת משקאות בע,,חלב בקרטון טרה 3% 2,,2000.00,"100 מ""ל",false,,12.46,0.0062,true,1,221093
7290102398331,false,חלב מועשר דל לקטוז 2% שומן טרה 1 ליטר,החברה המרכזית טלהפצת משקאות בע,,חלב מועשר דל לקטוז 1,,1000.00,"100 מ""ל",false,,8.40,0.0084,true,1,222724
7290102398553,false,משקה שוקו בקבוק 1.5 ליטר בבקבוק,*החברה המרכזית להפצת משקאותבעמ,,שוקו טרה בקבוק 1.5ל',,1500.00,"100 מ""ל",false,,17.90,0.0119,true,1,241296
7290102398560,false,משקה שוקו מועשר בבקבוק 1 ליטר טרה,החברה המרכזית טלהפצת משקאות בע,,שוקו טרה מועשר 1 ליט,,1000.00,"100 מ""ל",false,,12.90,0.0129,true,1,224597
7290102398577,false,משקה חלב בטעם שוקו 2% בבקבוק אישי,החברה המרכזית טלהפצת משקאות בע,,שוקו טרה מועשר 250 מ,,250.00,"100 מ""ל",false,,5.70,0.0228,true,1,224596
7290102398614,false,משקה חלב טרה ט. בננה 1ליטר בקבוק,החברה המרכזית טלהפצת משקאות בע,,משקה חלב בטעם בננה 1,,1000.00,"100 מ""ל",false,,12.90,0.0129,true,1,224598
7290102398638,false,משקה חלב טרה ט.מוקה 1ליטר בקבוק,החברה המרכזית טלהפצת משקאות בע,,משקה חלב טרה בטעם מו,,1000.00,"100 מ""ל",false,,12.90,0.0129,true,1,224599
7290102398669,false,משקה חלב אייס קפוצ'ינו טרה 1 ליטר,החברה המרכזית טלהפצת משקאות בע,,אייס קפוצ'ינו 1 ליטר,,1000.00,"100 מ""ל",false,,12.90,0.0129,true,1,241828
7290102398782,false,.משקה סויה קלאסי 1ל בקבוק משק צוריא,החברה המרכזית טלהפצת משקאות בע,,משקה סויה קלאסי 1 לי,,1000.00,100 מ'ל,false,,11.90,0.0119,true,1,234305
7290102398799,false,משקה סויה במתיקות מופחתת משק צוריאל 1 ליטר,החברה המרכזית טלהפצת משקאות בע,,משקה סויה במתיקות מו,,1000.00,100 מ'ל,false,,11.90,0.0119,true,1,234306
7290102398805,false,משקה סויה בטעם וניל 1ל בקבוק משק צוריא,החברה המרכזית טלהפצת משקאות בע,,משקה סויה בטעם וניל,,1000.00,100 מ'ל,false,,11.90,0.0119,true,1,234307
7290102398836,false,משקה שקדים קלאסי משק צוריאל 1 ליטר,החברה המרכזית טלהפצת משקאות בע,,משקה שקדים קלאסי 1 ל,,1000.00,גרם,false,,12.70,0.0127,true,1,234309
7290102399635,false,"מולר פרופ יוגורט ביו עם קציפת קוקוס ואננס 150 מ""ל",החברה המרכזית טלהפצת משקאות בע,,מולר פרופ טרופיקל 4.,,150.00,100 גרם,false,,5.50,0.0367,true,1,242630
7290102399697,false,סימפלי פרוט מנגו 1.5% שומן 150 ג' מולר,*החברה המרכזית להפצת משקאותבעמ,,מולר סימפלי פרוט 1.5,,150.00,100 גרם,false,,5.20,0.0347,true,1,233732
7290102399796,false,מעדן יוגורט לבן מועשר בחלבון 200 ג' מולר אקטיב,החברה המרכזית טלהפצת משקאות בע,,מולר אקטיב 25 יוגורט,,200.00,100 גרם,false,,5.90,0.0295,true,1,234312
7290102399802,false,יוגורט עם תות מולר אקטיב מועשר בחלבון 200 גר',החברה המרכזית טלהפצת משקאות בע,,מולר אקטיב יוגורט 20,,200.00,100 גרם,false,,6.40,0.0320,true,1,234316
7290102399819,false,יוגורט עם פירות יער מולר אקטיב מועשר בחלבון 200 גר',החברה המרכזית טלהפצת משקאות בע,,מולר אקטיב יוגורט 20,,200.00,"100 מ""ל",false,,6.40,0.0320,true,1,234317
7290102399857,false,מולר אקטיב לייט 20 גרם חלבון 0% שומן עם תות 200 גרם,החברה המרכזית טלהפצת משקאות בע,,מולר אקטיב לייט 20 ע,,200.00,100 גרם,false,,6.40,0.0320,true,1,242631
7290102601547,false,כפיות פרמיום שקוף/קרם/לבן/זהב א'ר 50 דנטס,,,כפיות פרמיום שקוף/קר,יחידה,0.00,יחידה,false,,9.90,0.0000,true,1,197423
7290102611904,false,"כפות אמריקאי איכותי ח""פ 100 יח'",,,כפות אמריקאי שמאי 10,יחידה,0.00,יחידה,false,,8.90,0.0000,true,1,229498
7290103120658,false,דאודורנט ספיד סטיק גל שחור 85 גרם,הנסיך- מפעל לייצור ט,,ספיד סטיק ג'ל שחור 8,,85.00,"100 מ""ל",false,,19.90,0.2341,true,1,185925
7290103124601,false,"תחליב רחצה נוזל חלב ודבש משאבה 750מ""ל פלמוליב",הנסיך- מפעל לייצור ט,,פלמוליב תחליב רחצה נ,,750.00,"100 מ""ל",false,,21.90,0.0292,true,1,185946
7290103126797,false,"משחת שיניים קולגייט סנסיטיב פרו רליף 75 מ""ל",הנסיך- מפעל לייצור ט,,קולגייט סנסטיב פרו ר,,75.00,"100 מ""ל",false,,24.90,0.3320,true,1,185961
7290103400194,false,כרוב לבן 400 ג בדצ ירקות שטראוס טעם הטבע,שטראוס בריאות ירקות טריי,,כרוב לבן שטראוס 400ג,,400.00,100 גרם,false,,8.90,0.0223,true,1,196154
7290103400231,false,גזר גוליאן 400גר שטראוס טעם הטבע,שטראוס בריאות ירקות טריי,,גזר גוליאן בדצ שטראו,,400.00,100 גרם,false,,8.90,0.0223,true,1,196156
7290103400255,false,סלט קולסלאו 400 ג בדצ ירקות שטראוס טעם ה,שטראוס בריאות ירקות טריי,,סלט קולסלאו שטראוס 4,,400.00,100 גרם,false,,8.90,0.0223,true,1,196158
7290103401429,false,קפה קצב ברזילאי אוריגינס 200 גר,הנסיך- מפעל לייצור ט,,קפה מגורען קצב ברזיל,,200.00,100 גרם,false,,29.90,0.1495,true,1,208512
7290103404758,false,סלט כרוב אדום במיונז אחלה 120 גרם,שטראוס גרופ בעמ/מצונן,,סלט כרוב אדום אחלה 1,,200.00,"100 מ""ל",false,,5.50,0.0275,true,1,196213
7290103408206,false,עלי חסה ערבית שטופים 250 גר טעם הטבע,שטראוס בריאות ירקות טריי,,עלי חסה ערבית שטופים,,250.00,"100 מ""ל",false,,11.50,0.0460,true,1,196249
7290103700072,false,טאצ מטליות זיג זג לריצפה שלישייה,שניב,,טאצ' מטליות זיג זג ל,יחידה,0.00,יחידה,false,,8.90,0.0000,true,1,226510
7290103700195,false,שאפו רדיד אלומיניום צר 30*7.5 2יח',"שניב תעשיות נייר בע""",,רדיד אלומיניום צר 30,,2.00,100 גרם,false,,9.90,4.9500,true,1,202122
7290103700225,false,רדיד אלומניום רוחב 45 עובי 14 מיקרון,שניב תעשיות,,שאפו רדיד אלומיניום,יחידה,0.00,יחידה,false,,12.90,0.0000,true,1,202123
7290103700324,false,שאפו זוג שקיות אוכל מתכלות בקרטון 300יח',שניב תעשיות נייר בעמ,,טאצ זוג שקיות אוכל ב,יחידה,0.00,יחידה,false,,9.90,0.0000,true,1,202125
7290103700331,false,טאצ שקיות אוכל רב תכליתיות 250 יחידות,שניב תעשיות נייר בעמ,,שאפו שקית אוכל רב תכ,יחידה,0.00,יחידה,false,,10.90,0.0000,true,1,202126
7290103700379,false,טאצ' כריות קרצוף ענקיות 3 יח',שניב תעשיות נייר בעמ,,טאצ' כריות קרצוף 3יח,,3.00,100 מ'ל,false,,8.90,2.9667,true,1,202128
7290103700386,false,טאצ כריות יפניות מארז שישיה,שניב תעשיות נייר בעמ,,טאצ' כריות קרצוף 6יח,יחידה,0.00,יחידה,false,,8.90,0.0000,true,1,202129
7290103700393,false,טאצ' כריות יפניות עבות עם תעלות 4 יח',שניב תעשיות נייר בעמ,,טאצ' כריות יפניות עב,,4.00,ק'ג,false,,8.90,2.2250,true,1,202130
7290103700652,false,טאצ' ספוג הפלא מארז שישייה,שניב תעשיות נייר בעמ,,טאצ' ספוג הפלא 6יח,יחידה,0.00,יחידה,false,,8.90,0.0000,true,1,202132
7290103701017,false,נייר אפיה נשלף טאצ 50 יחידות כשלפ,שניב תעשיות נייר בעמ,,טאצ' נייר אפייה 50 י,יחידה,0.00,יחידה,false,,9.90,0.0000,true,1,202137
7290103701031,false,טאצ כוס קרטון 4 אוז,שניב תעשיות נייר בעמ,,טאצ כוס קרטון 4 אוז,יחידה,0.00,יחידה,false,,6.90,0.0000,true,1,247892
7290103701055,false,כוסות חד פעמי שתיה חמה 8OZ,שניב תעשיות נייר בעמ,,כוס קרטון טאץ' ב8 או,יחידה,0.00,יחידה,false,,9.90,0.0000,true,1,242207
7290103701093,false,"זוג מטליות מיקרו פייבר לריצפה ""פאצ'""","שניב תעשיות נייר בע""",,טאצ מטליות מיקרופייב,,7.00,100 מ'ל,false,,10.90,1.5571,true,1,202138
7290103701130,false,"מארז מטליות מייקרופייבר לניקוי כללי ""טאצ'""",שניב,,טאצ מטליות מיקרופייב,,7.00,100 מ'ל,false,,10.90,1.5571,true,1,202139
7290103701147,false,טאצ' רדיד אלומיניום 200 מטר,שניב תעשיות,,רדיד אלומיניום 200 פ,יחידה,0.00,יחידה,false,,25.90,0.0000,true,1,202140
7290103701178,false,טאצ ספוג הפלא בלוק 1 יחי,שניב תעשיות נייר בעמ,,טאצ`ספוג הפלא,יחידה,0.00,יחידה,false,,4.90,0.0000,true,1,202142
7290103702212,false,ממחטות כיס טאצ`מארז 10 יח,שניב תעשיות נייר בעמ,,טאצ ממחטות כיס,יחידה,0.00,יחידה,false,,6.90,0.0000,true,1,202143
7290103702229,false,טאצ`מפות שולחן שמינייה עבות במיוחד,שניב תעשיות נייר בעמ,,טאצ מפות עבות במיוחד,,8.00,100 מ'ל,false,,6.90,0.8625,true,1,202144
7290103702236,false,טאצ מפות שולחן שישייה עבות במיוחד,שניב תעשיות נייר בעמ,,טאצ מפות עבות במיוחד,,6.00,100 מ'ל,false,,6.90,1.1500,true,1,202145
7290103702298,false,טאצ' אשפתון עבה בגליל 77*90 50 יח',"שניב תעשיות נייר בע""",,טאצ אשפתון עבה 50יח',,50.00,100 מ'ל,false,,15.90,0.3180,true,1,202146
7290103702304,false,טאצ`אשפתון עבה במיוחד 35יח בגליל 90*7,שניב תעשיות נייר בעמ,,טאצ אשפתון בגליל 35,,35.00,100 מ'ל,false,,15.90,0.4543,true,1,202147
7290103702311,false,טאצ' ממחטות כיס עשירייה מנטול,שניב תעשיות נייר בעמ,,טאצ ממחטות כיס 10*10,יחידה,0.00,יחידה,false,,6.90,0.0000,true,1,202148
7290103702328,false,טאצ`אשפתון עבה וחזק במיוחד 25יח בגליל,שניב תעשיות נייר בעמ,,טאצ אשפתון בגליל 25,,25.00,100 גרם,false,,15.90,0.6360,true,1,202149
7290103702489,false,נייר טואלט חתוך טאצ`מארז 4*200גר,שניב תעשיות נייר בעמ,,טאצ נייר טואלט חתוך,יחידה,0.00,יחידה,false,,15.90,0.0000,true,1,202150
7290103702724,false,"טאצ' שקיות אשפה 52*65 ס""מ עם שרוך 60 יח'",שניב תעשיות נייר בעמ,,טאצ שקיות אשפה 52*65,,60.00,100 מ'ל,false,,15.90,0.2650,true,1,202154
7290103703080,false,טאץ`שקית אשפה 90*78 עם שרוך מארז זוג,שניב תעשיות נייר בעמ,,טאצ זוג שקיות אשפה ע,יחידה,0.00,יחידה,false,,15.90,0.0000,true,1,202158
7290103703219,false,דלי מטליות לחות לניקוי כללי בניחוח לימון טאצ',סאסאטק אגשח בעמ,,טאצ' מטליות לחות לני,,400.00,100 מ'ל,false,,19.90,0.0497,true,1,227144
7290103703226,false,מטליות לחות לניקוי כללי טאץ,שניב תעשיות נייר בעמ,,טאצ מטליות לחות לניק,,50.00,100 גרם,false,,9.90,0.1980,true,1,225371
7290103703370,false,טאצ מגבוני טואלט לחים מארז שלישייה,שניב תעשיות נייר בעמ,,טאצ מגבוני טואלט לחי,יחידה,0.00,יחידה,false,,14.90,0.0000,true,1,224943
7290103703684,false,נייר טאולט לובלי 30,Unknown,,לאבלי נייר טואלט 30,יחידה,0.00,יחידה,false,,29.90,0.0000,true,1,226704
7290103703905,false,ממחטות נייר טישו טוט,Unknown,,ממחטות נייר טישו טוט,יחידה,0.00,יחידה,false,,10.90,0.0000,true,1,242150
7290103704155,false,נייר מגבת טאצ' 6 גלילים מהדורת 2021,שניב תעשיות נייר בעמ,,מגבות טאצ 6 מהדורת 2,יחידה,0.00,יחידה,false,,11.90,0.0000,true,1,250746
7290104061417,false,סלט חומוס עם טחינה אחלה 400 גרם,שטראוס גרופ בעמ/מצונן,,חומוס טחינה אחלה קלא,,400.00,"100 מ""ל",false,,10.90,0.0273,true,1,196280
7290104061424,false,סלט חומוס עם זעתר אחלה 400 גרם,שטראוס גרופ בעמ/מצונן,,חומוס זעתר אחלה קלאס,,400.00,100 גרם,false,,10.90,0.0273,true,1,196281
7290104061431,false,סלט חומוס עם צנובר אחלה 400 גרם,שטראוס גרופ בעמ/מצונן,,חומוס צנובר אחלה קלא,,400.00,"100 מ""ל",false,,10.90,0.0273,true,1,196282
7290104061448,false,סלט חומוס עם חריף אחלה 400 גרם,שטראוס גרופ בעמ/מצונן,,חומוס חריף אחלה קלאס,,400.00,"100 מ""ל",false,,10.90,0.0273,true,1,196283
7290104062599,false,מארז 8 יחידות מעדן גמדים בטעמי תות ובננה,שטראוס גרופ בעמ/מצונן,,גמדים תות בננה 8*100,,800.00,100 גרם,false,,19.50,0.0244,true,1,196292
7290104065187,false,אבקה להכנת משקה קפה בטעם מוקה,שטראוס גרופ בע`מ,,קפה נמס בטעם מוקה על,,200.00,100 גרם,false,,21.90,0.1095,true,1,208648
7290104065934,false,עלי רוקט שטראוס 150 גר`-טעם הטבע,שטראוס בריאות ירקות טריי,,שטראוס עלי רוקט 150ג,,150.00,100 גרם,false,,11.50,0.0767,true,1,196320
7290104066566,false,סלט טחינה שומשום מלא 500גר אחלה,שטראוס גרופ בעמ/מצונן,,טחינה משומשום מלא אח,,400.00,"100 מ""ל",false,,14.90,0.0373,true,1,196328
7290104068539,false,מאסט פליפטופ מלון ואבטיח ללא גרעינים,שטראוס גרופ בע`מ,,מסטיק מאסט מלון ואבט,,28.00,"100 מ""ל",false,,4.70,0.1679,true,1,208697
7290104068546,false,גומי מאסט בטעם לימון קולה ללא סוכר 28 ג' עלית,שטראוס גרופ בע`מ,,מסטיק מאסט קולה 28גר,,28.00,100 גרם,false,,4.70,0.1679,true,1,208698
7290104501661,false,אינסטנט פודינג בטעם וניל צרפתי אסם 80 גרם,קבוצת אוסם סחר-שות.מוגבלת,,פודינג וניל צרפתי אס,,80.00,"100 מ""ל",false,,5.90,0.0738,true,1,177650
7290104508189,false,אסם 24 גביעי גלידה ממותקים 95 גרם,קבוצת אוסם סחר שותפות מוגבלת,,גביעי גלידה אסם 24יח,,24.00,גרם,false,,13.90,0.5792,true,1,177710
7290104508202,false,גביעי גלידה אמריקאים אסם 120 גרם 24 יחידות,קבוצת אוסם סחר-שות.מוגבלת,,גביעי גלידה אמריקאים,,24.00,100 מ'ל,false,,13.90,0.5792,true,1,177711
7290104508943,false,במבה חטיף בוטנים אסם 200 גרם,קבוצת אוסם סחר-שות.מוגבלת,,במבה אסם 200גרם,,200.00,100 מ'ל,false,,9.90,0.0495,true,1,244711
7290104570162,false,תמרים ללא חרצנים תמר כבוש 500 גרם,מ.ד אטיאס סוכנויות מזון בע`מ,,תמר כבוש 500 גר,,500.00,100 גרם,false,,14.90,0.0298,true,1,198311
7290104720499,false,מארז 8 יחידות מעדן דני בטעם וניל 1.5%,שטראוס גרופ בעמ/מצונן,,דני וניל מארז 8*125ג,,1000.00,100 גרם,false,,16.80,0.0168,true,1,196356
7290104721533,false,רצועות פלפלים קלויים אחלה (400 גרם),שטראוס גרופ בעמ/מצונן,,פלפלים קלויים אחלה ט,,400.00,100 גרם,false,,15.90,0.0398,true,1,196369
7290104721762,false,מארז שלשות קפה טורקי עלית 85 ג',שטראוס גרופ בע`מ,,קפה טורקי עלית מארז,,255.00,100 מ'ל,false,,17.90,0.0702,true,1,208727
7290104721953,false,לקט מסולסלים 350 גרם שטראוס טעם הטבע,שטראוס בריאות ירקות טריי,,לקט מסולסלים ירקות ש,,350.00,100 גרם,false,,12.90,0.0369,true,1,196375
7290104722530,false,תפוצ'יפס בטעם שמנת בצל עלית 200 גרם,"שטראוס פריטו ליי בע""\מ )",,תפוציפס שמנת בצל 200,,200.00,"100 מ""ל",false,,10.90,0.0545,true,1,184122
7290104726712,false,מארז 8 יחידות מעדן מילקי בטעם שוקולד עם קצפת,שטראוס גרופ בעמ/מצונן,,מילקי שמינייה מארז 8,,1064.00,100 מ'ל,false,,21.40,0.0201,true,1,196435
7290104728310,false,"שמנת מתוקה עמידה 38% שומן ""יטבתה"" -מוצר בפיקוח",שטראוס גרופ בעמ/מצונן,,שמנת להקצפה 38% 250,,250.00,"100 מ""ל",false,,6.47,0.0259,true,1,196449
7290104960239,false,תחליב רחצה בניחוח קמומיל נקה (7507 מל),טרופיקל דגיל תעשיות קוסמ,,נקה 7 תחליב רחצה ארו,,750.00,"100 מ""ל",false,,12.90,0.0172,true,1,181073
7290104960253,false,נקה 7 ארומה תחליב רחצה לבנדר ענוג 750,טרופיקל דגיל תעשיות קוסמ,,נקה 7 תחליב רחצה ארו,,750.00,"100 מ""ל",false,,12.90,0.0172,true,1,181075
7290104960338,false,"נקה 7 תחליב רחצה ארומה אלוורה ותה ירוק 750מ""ל",טרופיקל דגיל תעשיות קוסמ,,נקה 7 תחליב רחצה ארו,,750.00,"100 מ""ל",false,,12.90,0.0172,true,1,181076
7290104961205,false,"נקה 7 תחליב רחצה מגע קטיפה מ""לפפון קיווי 750 מ""ל",טרופיקל דגיל תעשיות קוסמ,,נקה 7 תחליב רחצה מגע,,750.00,"100 מ""ל",false,,12.90,0.0172,true,1,181081
7290104961526,false,דאודורנט ספריי גוף טיטניום קלאסיק Titanium Classic,החברה הדרומית לשיווק בעמ,,טיטניום דאודורנט ספר,,150.00,"100 מ""ל",false,,11.90,0.0793,true,1,181087
7290104961533,false,דאודורנט ספריי גוף טיטניום בלק Titanium Black,החברה הדרומית לשיווק בעמ,,טיטניום דאודורנט ספר,,150.00,"100 מ""ל",false,,11.90,0.0793,true,1,181088
7290104961892,false,מסכת קרטין טהור לשיער שעבר החלקה או עיצוב בחום,החברה הדרומית לשיווק בעמ,,מסיכה לשיער נטורל פו,,350.00,"100 מ""ל",false,,39.90,0.1140,true,1,231313
7290104962868,false,"מסכת אמפולה לטיפול אינטנסיבי לשיער יבש, צבוע ופגום",נטורל פורמולה Natural Formula,,מסיכת אמפולה אינטנס,,350.00,"100 מ""ל",false,,39.90,0.1140,true,1,240922
7290104965647,false,קרליין דאו רול און נושם סוויט קיס לנערות,החברה הדרומית לשיווק בעמ,,דאודורנט רול און נו,,75.00,"100 מ""ל",false,,13.90,0.1853,true,1,245531
7290105360250,false,קפסולות 09 עשיר וארומטי למכונת נספרסו עלית 10יח',הנסיך- מפעל לייצור ט,,קפסולות מס9 עשיר ואר,יחידה,0.00,יחידה,false,,18.90,0.0000,true,1,208811
7290105360328,false,קפסולות אספרסו חזק למכונות נספרסו 10 יח',הנסיך- מפעל לייצור ט,,קפסולות מס'10 חזק וע,יחידה,0.00,יחידה,false,,18.90,0.0000,true,1,208812
7290105360335,false,קפסולות אספרסו למכונות נספרסו 50 גר,הנסיך- מפעל לייצור ט,,קפסולות מס7 עדין וקט,יחידה,0.00,יחידה,false,,18.90,0.0000,true,1,208813
7290105360755,false,שמן זית כתית מעולה חזק750 מל,מכוורת יד מרדכי שטראוס ב,,"שמן זית 3 חזק 750 מ""",,750.00,"100 מ""ל",false,,35.90,0.0479,true,1,208821
7290105360762,false,"שמן זית 1 עדין 750 מ""ל יד מרדכי",מכוורת יד מרדכי שטראוס ב,,שמן זית כתית מעולה 1,,750.00,"100 מ""ל",false,,35.90,0.0479,true,1,208822
7290105360878,false,תפוציפס טבעי 50 גרם מארז רביעייה,"שטראוס פריטו ליי בע""\מ )",,תפוציפס מארז 4*50גר,,200.00,"100 מ""ל",false,,10.90,0.0545,true,1,184150
7290105362339,false,"שמנת לבישול 15% 250 מ""ל יטבתה מהדרין",שטראוס גרופ בעמ/מצונן,,שמנת לבישול 15% 250מ,,250.00,"100 מ""ל",false,,8.50,0.0340,true,1,196500
7290105363602,false,מקלות כיף כף קלאסי עלית (40 גרם),שולן צ'\יקולטה גידה סאן.,,כיף כף מקלות קלאסי 4,,40.00,100 גרם,false,,5.70,0.1425,true,1,208847
7290105364289,false,מקלות כיף כף פצפוצים עלית 40 גרם,שולן צ'\יקולטה גידה סאן.,,כיף כף מקלות פצפוצים,,40.00,"100 מ""ל",false,,5.70,0.1425,true,1,208850
7290105364302,false,"עלית חטיף שוקולד כיף כף מקלות אגוזים, 40 גרם",שולן צ'\יקולטה גידה סאן.,,כיף כף מקלות אגוזים,,40.00,"100 מ""ל",false,,5.70,0.1425,true,1,208851
7290105364678,false,"אקטיביה משקה יוגורט בטעם אפרסק שטראוס 250 מ""ל",שטראוס גרופ בעמ/מצונן,,אקטיביה משקה בטעם אפ,,250.00,100 גרם,false,,5.30,0.0212,true,1,196523
7290105366023,false,סלט חצילים בטעם כבד אחלה 400 גרם,שטראוס גרופ בעמ/מצונן,,חציל טעם כבד אחלה טע,,400.00,"100 מ""ל",false,,15.90,0.0398,true,1,196542
7290105366047,false,טחינה לבנה אחלה (400 גרם),שטראוס גרופ בעמ/מצונן,,טחינה לבנה אחלה טעמי,,400.00,100 גרם,false,,15.90,0.0398,true,1,196544
7290105366993,false,סימפוניה גבינת שמנת פלפל שיפקה 5% שטראוס 200 גרם,שטראוס גרופ בעמ/מצונן,,גבינת סימפוניה פלפל,,200.00,100 מ'ל,false,,11.70,0.0585,true,1,196553
7290105368225,false,חומוס עם פלפל שיפקה אחלה (400 גרם),שטראוס גרופ בעמ/מצונן,,חומוס עם פלפל שיפקה,,400.00,"100 מ""ל",false,,10.90,0.0273,true,1,196585
7290105368331,false,מעדן מילקי בטעם תות עם קצפת,שטראוס גרופ בעמ/מצונן,,"מילקי תות 170מ""ל",,170.00,"100 מ""ל",false,,2.90,0.0171,true,1,196587
7290105368904,false,"שמנת מתוקה להקצפה 32% שומן 250 מ""ל יוטבתה",שטראוס גרופ בעמ/מצונן,,שמנת מתוקה להקצפה 32,,500.00,"100 מ""ל",false,,7.90,0.0158,true,1,196604
7290105368928,false,שמנת חמוצה יטבתה %9 200 מל גביע מהדרין,שטראוס גרופ בעמ/מצונן,,שמנת 9% 200מל יטבתה,,200.00,"100 מ""ל",false,,3.40,0.0170,true,1,196606
7290105369130,false,סימפוניה גבינת שמנת בצל ירוק 5% שטראוס 200 גרם,שטראוס גרופ בעמ/מצונן,,גבינת סימפוניה בצל י,,200.00,100 מ'ל,false,,11.70,0.0585,true,1,196616
7290105431868,false,"פלמוליב ספא קוקוס גרגרים נוזלי 500 מ""ל",הנסיך- מפעל לייצור ט,,פלמוליב תחליב רחצה ס,,500.00,100 גרם,false,,16.90,0.0338,true,1,185996
7290105434029,false,"ספיד סטיק - דאודורנט ספריי לגבר נוטרו פאואר 150 מ""ל",הנסיך- מפעל לייצור ט,,ספיד סטיק נוטרו ספרי,,165.00,"100 מ""ל",false,,14.90,0.0903,true,1,186007
7290105439505,false,מאסטר שף קרם בטעם מיונז לייט 479 גר כשלפ,רמיה סי.וי. הולנד,,ממרח מיונז לייט מאסט,,479.00,100 גרם,false,,11.90,0.0248,true,1,186020
7290105474124,false,"מזון לכלבים בונזו מזון כלבים בשר 12 ק""ג מחולק",דיפלומט מפיצים (1968) בעמ**,,בונזו בשר 12קג,קילוגרמים,12.00,"ק""ג",false,,145.00,12.0833,true,1,179691
7290105500151,false,וודקה פינלנדיה רגיל 700,"אלטיה קורפ, הלסינקי,",,וודקה פינלנדיה 700 מ,,700.00,"100 מ""ל",false,,69.90,0.0999,true,1,171373
7290105500236,false,וויסקי ג'ק דניאלס מס' 7 Brand No,ג'ק דניאלס Jack Daniel's,,וויסקי ג'ק דניאלס 70,,700.00,"100 מ""ל",false,,109.90,0.1570,true,1,171374
7290105691224,false,אסם חטיפי פריכונים טורטייה שום בצל 60 גרם,קבוצת אוסם סחר-שות.מוגבלת,,פריכונים חטיפי טורטי,,60.00,100 גרם,false,,8.90,0.1483,true,1,177761
7290105691248,false,אסם חטיפי פריכונים טורטייה תירס 60 גרם,קבוצת אוסם סחר שותפות מוגבלת,,פריכונים חטיפי טורטי,,60.00,"100 מ""ל",false,,8.90,0.1483,true,1,177762
7290105691712,false,אסם עוגיות הפסקת קפה דגנים מלאים 230 גרם,קבוצת אוסם סחר שותפות מוגבלת,,עוגיות הפסקת קפה דגנ,,230.00,"100 מ""ל",false,,12.90,0.0561,true,1,177771
7290105691934,false,קמח שמרים אסם 1 קילו,קבוצת אוסם סחר שותפות מוגבלת,,קמח שמרים אסם 1קג,,1000.00,"100 מ""ל",false,,11.90,0.0119,true,1,177779
7290105693341,false,מארז עשיריית במבה אסם 25*10 גרם,קבוצת אוסם סחר שותפות מוגבלת,,*מבצע* במבה מארז אסם,,250.00,100 גרם,false,,15.00,0.0600,true,1,177802
7290105693952,false,פירורית זהב אסם זהב שומשום 200 ג',קבוצת אוסם סחר שותפות מוגבלת,,פירורית זהב שומשום א,,200.00,100 גרם,false,,6.50,0.0325,true,1,177814
7290105695024,false,פתיתים אפויים אורז עם אטריות אסם 500 גרם,קבוצת אוסם סחר שותפות מוגבלת,,פתיתים אפויים אורז ע,,500.00,100 גרם,false,,7.90,0.0158,true,1,177839
7290105695321,false,עוגת הבית בראוניס פאדג' אסם 380 גרם,קבוצת אוסם סחר שותפות מוגבלת,,עוגות הבית בראוניס פ,,380.00,100 גרם,false,,18.50,0.0487,true,1,177845
7290105962331,false,סחוג תימני אדום חריף מאוד זהבי הכרם 220 גרם,שטראוס גרופ בעמ/מצונן,,סחוג חריף אדום מאוד,,220.00,"100 מ""ל",false,,14.90,0.0677,true,1,196634
7290105965738,false,יוגורט לשתיה בטעם תות בננה267 ג' דנונה,שטראוס גרופ בעמ/מצונן,,דנונה לשתיה תות בננה,,250.00,100 גרם,false,,5.20,0.0208,true,1,196663
7290105966469,false,חומץ בלסמי ממודנה יד מרדכי (250 מל),אצטייה ג'וזפה קרמוני,,חומץ בלסמי יד מרדכי,,2500.00,"100 מ""ל",false,,16.90,0.0068,true,1,208963
7290105968098,false,סלט קולסלאו אחלה (500 גרם),שטראוס גרופ בעמ/מצונן,,קולסלאו אחלה 500גר,,500.00,100 גרם,false,,15.90,0.0318,true,1,196688
7290105968654,false,רביולי עם בטטה פרווה שטראוס (400 גרם),שטראוס גרופ בעמ/מצונן,,רביולי בטטה שטראוס 4,,400.00,"100 מ""ל",false,,20.90,0.0522,true,1,196689
7290105968777,false,פריכיות 5 דגנים עם תחתית שוקולד מריר 70 גרם,"טחנת האבן תעשיות בע""",,פריכיות תחתית שוקולד,,80.00,100 גרם,false,,8.90,0.1113,true,1,208981
7290106520066,false,"רבע לשבע שוקולד חלב במילוי אגוזים עלית 160 גרם בד""צ","הגביע מוצרי וופלים בע""\מ",,רבע לשבע גלילי וופל,,160.00,100 גרם,false,,11.90,0.0744,true,1,208984
7290106520288,false,יוגורט פרו חלבון עם תות 2.4% שומן 150 ג' דנונה,שטראוס גרופ בעמ/מצונן,,דנונה WOW תות 150 ג,,150.00,"100 מ""ל",false,,4.80,0.0320,true,1,196691
7290106520905,false,סלט טורקי אחלה (400 גרם),שטראוס גרופ בעמ/מצונן,,סלט טורקי אחלה טעמי,,400.00,100 גרם,false,,15.90,0.0398,true,1,196707
7290106520912,false,שמנת לבישול 9% שומן 258גר מהדרין יטבתה,שטראוס גרופ בעמ/מצונן,,שמנת לבישול 9% יטבתה,,250.00,100 גרם,false,,8.50,0.0340,true,1,196708
7290106521049,false,אחלה טעמי השוק קוביות סלק 400 גר,שטראוס גרופ בעמ/מצונן,,סלטי קוביות סלק אחלה,,400.00,100 גרם,false,,15.90,0.0398,true,1,196717
7290106525320,false,אבקת שוקולית לאפייה קופסא 500ג' עלית,הנסיך- מפעל לייצור ט,,שוקולית לאפיה 500גר,,500.00,100 גרם,false,,16.90,0.0338,true,1,213673
7290106525399,false,קפסולות 06 ברזיל למכונות נספרסו עלית 10יח',הנסיך- מפעל לייצור ט,,קפסולות ברזיל 06 למכ,,50.00,100 גרם,false,,18.90,0.3780,true,1,209021
7290106525405,false,קפסולות קפה עלית נטול קפאין אספרסו) (10,שטראוס קפה בי.וי.,,קפסולות מס7 נטול קופ,יחידה,0.00,יחידה,false,,18.90,0.0000,true,1,209022
7290106526822,false,פריכיות אורז חום מלא תחתית שוקולד חלב 80 גרם,"טחנת האבן תעשיות בע""",,פריכיות עם תחתית שוק,,80.00,100 גרם,false,,8.90,0.1113,true,1,209039
7290106528628,false,חטיף תירס בטעם טבעי דוריטוס (185 גרם),"שטראוס פריטו ליי בע""\מ )",,דוריטוס טבעי 185גר,,185.00,100 גרם,false,,7.90,0.0427,true,1,184207
7290106528949,false,סלט ערוגות שטראוס 450 גר`-טעם הטבע,שטראוס בריאות ירקות טריי,,לקט ערוגות שטראוס 45,,450.00,"100 מ""ל",false,,11.90,0.0264,true,1,196769
7290106571921,false,פיטנס עוגיות עם חמוציות נסטלה (180 גרם),קבוצת אוסם סחר שותפות מוגבלת,,פיטנס עוגיות חמוציות,,180.00,100 גרם,false,,12.90,0.0717,true,1,177873
7290106572027,false,קרקר לחמית חמישה דגנים אסם (190 גרם),קבוצת אוסם סחר-שות.מוגבלת,,לחמית חמישה דגנים אס,,190.00,100 גרם,false,,9.90,0.0521,true,1,177877
7290106572065,false,חטיפי טורטיה בטעם חמוץ מתוק אסם (60 גרם),קבוצת אוסם סחר שותפות מוגבלת,,פריכונים חטיפי טורטי,,60.00,100 גרם,false,,8.50,0.1417,true,1,177878
7290106573277,false,חטיף קרקר קריספי עם זיתים כבושים,קבוצת אוסם סחר שותפות מוגבלת,,קריספי טאפאס זיתים א,,150.00,100 גרם,false,,12.50,0.0833,true,1,177896
7290106573598,false,חומוס לבנוני צבר (400 גרם),קבוצת אוסם סחר שותפות מוגבלת,,חומוס לבנוני צבר 400,,400.00,100 גרם,false,,12.90,0.0323,true,1,177902
7290106573628,false,חומוס עם טחינה צבר (400 גרם),קבוצת אוסם סחר שותפות מוגבלת,,חומוס עם טחינה צבר 4,,400.00,100 גרם,false,,12.90,0.0323,true,1,177903
7290106574120,false,שלגון שרבט סוכריות גומיגם נסטלה 90 גרם,נגה גלידות שותפות מוגבלת,,גומי גם,יחידה,0.00,יחידה,false,,6.90,0.0000,true,1,245897
7290106574793,false,עוגת הבית בטעם שוקו-שוקוצ'יפס 350 ג' אסם,קבוצת אוסם סחר שותפות מוגבלת,,עוגת הבית שוקו שוקוצ,,350.00,100 גרם,false,,13.90,0.0397,true,1,177925
7290106574953,false,בייגלה שטוחים כעכים שטוחים עם שומשום,קבוצת אוסם סחר שותפות מוגבלת,,בייגלה שטוחים שומשום,,300.00,"100 מ""ל",false,,11.90,0.0397,true,1,177926
7290106574977,false,בייגלה שטוחים טבעות עם מלח אסם (300 גרם),קבוצת אוסם סחר שותפות מוגבלת,,בייגלה שטוחים עם מלח,,300.00,"100 מ""ל",false,,11.90,0.0397,true,1,177927
7290106575011,false,פתיתים אפויים קוסקוס מחיטה מלאה אסם 400 גרם,קבוצת אוסם סחר שותפות מוגבלת,,פתיתים אפויים קוסקוס,,400.00,100 גרם,false,,7.90,0.0198,true,1,177928
7290106575257,false,עוגת הבית סופלה בטעם שוקולד 340 ג' אסם,קבוצת אוסם סחר שותפות מוגבלת,,עוגת הבית סופלה בטעם,,340.00,100 מ'ל,false,,13.90,0.0409,true,1,177933
7290106575431,false,עוגת הבית סופלה בטעם שוקוניל 340 ג' אסם,קבוצת אוסם סחר-שות.מוגבלת,,עוגת הבית סופלה בטעם,,340.00,100 גרם,false,,13.90,0.0409,true,1,177939
7290106576223,false,"אפרופו שוקולד 40 גרם ""אסם""",קבוצת אוסם סחר שותפות מוגבלת,,אפרופו שוקולד אסם 40,,40.00,100 גרם,false,,5.30,0.1325,true,1,177950
7290106576513,false,סלט רק חומוס צבר 400 גרם,קבוצת אוסם סחר שותפות מוגבלת,,חומוס צבר 400גר,,400.00,100 גרם,false,,10.90,0.0273,true,1,177957
7290106576537,false,חומוס מסעדות צבר 700 גרם,קבוצת אוסם סחר שותפות מוגבלת,,*מבצע* חומוס מסעדות,,700.00,100 גרם,false,,10.90,0.0156,true,1,177958
7290106576797,false,"לה קרמריה גלידת וניל איטלקי כשל""פ 1.4ל'",נגה גלידות שותפות מוגבלת,,לה קרמריה וניל איטלק,,1400.00,"100 מ""ל",false,,21.90,0.0156,true,1,183881
7290106576810,false,גלידה לה קרמריה ריבת חלב 1.4 ל' נסטלה,נגה גלידות שותפות מוגבלת,,לה קרמריה ריבת חלב 1,,1400.00,100 גרם,false,,21.90,0.0156,true,1,183882
7290106576834,false,גלידה לה קרמריה פונטש בננה1.4 ל' נסטלה,נגה גלידות שותפות מוגבלת,,לה קרמריה פונטש בננה,,1400.00,100 גרם,false,,21.90,0.0156,true,1,183883
7290106576858,false,גלידה לה קרמריה תותים בשמנת 1.4 ל' נסטלה,נגה גלידות שותפות מוגבלת,,לה קרמריה תותים בשמנ,,1400.00,"100 מ""ל",false,,21.90,0.0156,true,1,183884
7290106576919,false,"לה קרמריה סורבה תות לימו 1.4 ליטר כשל""פ",נגה גלידות שותפות מוגבלת,,לה קרמריה סורבה תות,,1400.00,100 גרם,false,,21.90,0.0156,true,1,183886
7290106576971,false,גלידה לה קרמריה שוקולד בלגי 1.4 ל' נסטלה,נגה גלידות שותפות מוגבלת,,לה קרמריה שוקולד בלג,,1400.00,"100 מ""ל",false,,21.90,0.0156,true,1,183889
7290106577039,false,גלידה לה קרמריה שוקו וניל פליק 1.4 ל' נסטלה,נגה גלידות שותפות מוגבלת,,לה קרמריה וניל שוקו,,1400.00,"100 מ""ל",false,,21.90,0.0156,true,1,183891
7290106577282,false,טחינה אמיתית מרובע 400 ג' צבר,קבוצת אוסם סחר-שות.מוגבלת,,טחינה צבר 400גרם,,400.00,100 גרם,false,,12.90,0.0323,true,1,177963
7290106577527,false,סלט קולסלאו כרוב לבן וגזר 400 ג' צבר,קבוצת אוסם סחר-שות.מוגבלת,,סלט קולסלאו צבר 400,,400.00,100 גרם,false,,12.90,0.0323,true,1,177971
7290106577541,false,צבר כרוב אדום מרובע 400גרם,קבוצת אוסם סחר-שות.מוגבלת,,כרוב אדום צבר 400גרם,,400.00,100 גרם,false,,12.90,0.0323,true,1,177972
7290106577572,false,מטבוחה אמיתית מרובע 400 ג' צבר,קבוצת אוסם סחר-שות.מוגבלת,,מטבוחה צבר 400גרם,,400.00,"100 מ""ל",false,,12.90,0.0323,true,1,177973
7290106578692,false,ביסלי במבה מיקס מהדורת אליפות אסם 80 גרם,קבוצת אוסם סחר שותפות מוגבלת,,במבה ביסלי מיקס אסם,,80.00,100 מ'ל,false,,4.90,0.0613,true,1,177985
7290106653689,false,לקט לסלט אסייתי 350 גר`-טעם הטבע,שטראוס בריאות ירקות טריי,,לקט לסלט אסייתי שטרא,,350.00,100 גרם,false,,11.90,0.0340,true,1,219552
7290106654099,false,מילקי CAKE עוגות אישיות במילוי קרם חלב,בובארד איטליה אס.פי.איי,,מילקי קייק שמינייה 8,,272.00,100 מ'ל,false,,19.90,0.0732,true,1,196803
7290106656727,false,"עוגיות חיוכים שוקולד עלית 600 גרם בד""צ",אפיפית נצרת תעשיות ב,,עוגיות חיוכים שוקו ב,,600.00,100 גרם,false,,17.90,0.0298,true,1,209098
7290106656734,false,"עוגיות חיוכים וניל עלית 600 גרם בד""צ",אפיפית נצרת תעשיות ב,,עוגיות חיוכים וניל ב,,600.00,100 גרם,false,,17.90,0.0298,true,1,209099
7290106660410,false,רביולי תרד וגבינה שטראוס (400 גרם),שטראוס גרופ בעמ/מצונן,,רביולי תרד וגבינה שט,,400.00,100 גרם,false,,20.90,0.0522,true,1,196836
7290106663091,false,"לאבנה 9 % עם שמן זית 500 גר' ""שטראוס""",שטראוס גרופ בעמ/מצונן,,לאבנה 9 % 500 גר שטר,,500.00,100 גרם,false,,18.90,0.0378,true,1,196857
7290106663121,false,"עוגה אישית במילוי קרם חלב ""מילקי קייק"" שטראוס",בובארד איטליה אס.פי.איי,,מילקי קייק 34 גר,,34.00,100 גרם,false,,3.20,0.0941,true,1,196858
7290106663503,false,קונפיטורת תות לייט יד מרדכי (230 גרם),אף.סי תבליני בגליל ב,,קונפיטורת לייט תות י,,250.00,100 גרם,false,,13.90,0.0556,true,1,209166
7290106663558,false,"רוטב טריאקי ורימון יד מרדכי 280מ""ל",אף.סי תבליני בגליל ב,,רוטב טריאקי רימון יד,,320.00,100 גרם,false,,14.90,0.0466,true,1,209171
7290106664067,false,לאבנה עם שמן זית וזעתר 10% שטראוס 400 ג',שטראוס גרופ בעמ/מצונן,,לאבנה שמן זית וזעתר,,400.00,100 גרם,false,,14.90,0.0373,true,1,196866
7290106664555,false,"רוטב שמנת עם עגבניות 9% שומן 250 מ""ל יוטבתה",שטראוס גרופ בעמ/מצונן,,רוטב שמנת עם עגבניות,,250.00,"100 מ""ל",false,,10.90,0.0436,true,1,196869
7290106664562,false,רוטב שמנת עם פטריות 9% שומן 258 ג' יוטבתה,שטראוס גרופ בעמ/מצונן,,רוטב שמנת עם פטריות,,250.00,100 גרם,false,,10.90,0.0436,true,1,196870
7290106666788,false,עלית - סוכריות נוסטלגיה דבש ממולאות 80 גרם,שטראוס גרופ בע`מ,,סוכריות נוסטלגיה דבש,,80.00,100 גרם,false,,5.90,0.0738,true,1,209190
7290106667266,false,חטיף תירס חמוץ חריף דוריטוס (185 גרם),"שטראוס פריטו ליי בע""\מ )",,דוריטוס חמוץ חריף 18,,185.00,100 גרם,false,,7.90,0.0427,true,1,184284
7290106668577,false,"מיץ לימון טיבעי 250 מ""ל יד מרדכי",האי נאם סי או אל.טי.,,מיץ לימון טבעי 250 מ,,250.00,100 גרם,false,,8.90,0.0356,true,1,213853
7290106668713,false,יוגורט עם פירות יער 3% שומן 150 ג' דנונה,שטראוס גרופ בעמ/מצונן,,דנונה פירות יער 3% 1,,150.00,"100 מ""ל",false,,3.90,0.0260,true,1,196892
7290106669857,false,קפסולות אספרסו בטעם וניל עלית 10 יחידות,הנסיך- מפעל לייצור ט,,קפסולות אספרסו בטעם,,50.00,100 גרם,false,,18.90,0.3780,true,1,219794
7290106720626,false,חטיף תירס בטעם גבינה צ`יטוס (80 גרם),"שטראוס פריטו ליי בע""\מ )",,ציטוס קראנצ בטעם גבי,,80.00,"100 מ""ל",false,,4.60,0.0575,true,1,220155
7290106721913,false,מסטיק מאסט MUST ללא סוכר בטעם מנטה מרעננת,שטראוס גרופ בע`מ,,מסטיק מאסט ריח פה צ',,66.00,100 גרם,false,,9.90,0.1500,true,1,209246
7290106721920,false,צנצנת מסטיק מאסט בטעם ספירמינט עדין 66 ג' עלית,"שטראוס גרופ בע""\מ.",,מסטיק מאסט ספירימינט,,66.00,"100 מ""ל",false,,9.90,0.1500,true,1,209247
7290106723689,false,עלי תרד בייבי 200 גר`שטראוס טעם הטבע,שטראוס בריאות ירקות טריי,,עלי תרד בייבי שטראוס,,200.00,100 גרם,false,,11.50,0.0575,true,1,196909
7290106725867,false,סירופ מייפל טהור ללס יד מרדכי 189 גר,שטראוס גרופ בע`מ,,סירופ מייפל טהור 189,,189.00,"100 מ""ל",false,,32.90,0.1741,true,1,209301
7290106726178,false,יוגורט PRO עם פירות יער 2.4% 10 גרם חלבון בגביע,שטראוס גרופ בעמ/מצונן,,דנונה WOW פירות יער,,150.00,100 גרם,false,,4.80,0.0320,true,1,196920
7290106729650,false,יוגורט עם תות מאגדת 8 יח' * 150ג' דנונה,שטראוס גרופ בעמ/מצונן,,דנונה תות מארז 8יח 3,,1200.00,100 גרם,false,,24.90,0.0207,true,1,196944
7290107280013,false,"חמישיית מגבונים ל.מבושם ""ליטופים""",החברה הדרומית לשיווק בעמ,,מגבוני ליטופים חמישי,,5.00,גרם,false,,21.90,4.3800,true,1,230875
7290107280020,false,שלישיית מטליות לחות לניקוי כללי סנו סושי 50 יחידות,החברה הדרומית לשיווק בעמ,,מגבוני ניקוי כללי סנ,יחידה,0.00,יחידה,false,,21.90,0.0000,true,1,230876
7290107280099,false,שלישיית מגובנים נשטפים באסלה סופט סוד 48 יחידות,החברה הדרומית לשיווק בעמ,,מגבוני טואלט סופט של,יחידה,0.00,יחידה,false,,19.90,0.0000,true,1,213681
7290107280341,false,ריצפז מטליות לחות לניקוי הרצפה בניחוח מלון מפנק,החברה הדרומית לשיווק בעמ,,ריצפז מטליות לחות לנ,יחידה,0.00,יחידה,false,,13.90,0.0000,true,1,240736
7290107280396,false,"סנו - ג'ט מרסס לניקוי יסודי במטבח 750 מ""ל",החברה הדרומית לשיווק בעמ,,סנו ג'ט למטבח 750מל,,750.00,"100 מ""ל",false,,12.90,0.0172,true,1,181137
7290107280563,false,סנו אוקסיג`ן ג`ל לכביסה בייבי 3 ל`,החברה הדרומית לשיווק בעמ,,סנו אוקסיגן בייבי 3ל,,3000.00,"100 מ""ל",false,,32.90,0.0110,true,1,181146
7290107280587,false,שלישיית סנובון מוצק דאבל אקשן פריחה ורודה 55 גרם,החברה הדרומית לשיווק בעמ,,סנובון דאבל אקשן בני,יחידה,0.00,יחידה,false,,12.90,0.0000,true,1,181148
7290107280594,false,שלישיית סנובון מוצק דאבל אקשן לבנדר 55 גרם,סנו מפעלי ברונוס בעמ,,סנובון דאבל אקשן בני,יחידה,0.00,יחידה,false,,12.90,0.0000,true,1,181149
7290107280662,false,"סנו מקסימה בייבי אבקת לכביסה 1.25 ק""ג",סנו מקסימה,,סנו מקסימה אבקת כביס,קילוגרמים,1.25,"ק""ג",false,,14.90,11.9200,true,1,181154
7290107280709,false,ספארק נוזל הברקה למדיח סנו (700 מל),החברה הדרומית לשיווק בעמ,,סנו ספארק נוזל הברקה,,900.00,"100 מ""ל",false,,14.90,0.0166,true,1,181155
7290107280747,false,נוזל לניקוי כלים סנו ספארק Spark קלאסי,החברה הדרומית לשיווק בעמ,,ספארק נוזל לניקוי כל,,700.00,100 גרם,false,,9.90,0.0141,true,1,181159
7290107280761,false,נוזל לניקוי כלים בניחוח לימון רענן סנו ספארק Spark,החברה הדרומית לשיווק בעמ,,סנו ספארק משאבה לימו,,1000.00,"100 מ""ל",false,,12.90,0.0129,true,1,181161
7290107280822,false,סנו ריצפז פרש הום 2 ליטר בניחוח ספא,החברה הדרומית לשיווק בעמ,,ריצפז פרש הום ספא מר,ליטרים,2.00,ליטר,false,,23.90,11.9500,true,1,181164
7290107340243,false,מטען בית אייפון,קונסיגנציה-איי.איקס.אם ישראל ב,,מטען אייפון IMX,יחידה,0.00,יחידה,false,,39.90,0.0000,true,1,242974
7290107340526,false,מטען בית טייפ סי,קונסיגנציה-איי.איקס.אם ישראל ב,,מטען טייפסי IMX,יחידה,0.00,יחידה,false,,39.90,0.0000,true,1,242976
7290107646062,false,אבקת מרק בצל רכיבים טבעיים קנור 400 ג',יוניליוור ישראל שיווק בע`מ,,מרק בצל רכיבים טבעיי,,400.00,"100 מ""ל",false,,22.90,0.0572,true,1,223815
7290107646147,false,"חטיף שוגי קורנפלקס תלמה 156 גרם מארז 6 יחידות בד""צ",יוניליוור ישראל שיווק בע`מ,,שוגי קורנפלקס מאגדת,,156.00,100 גרם,false,,14.90,0.0955,true,1,223809
7290107646154,false,"חטיף קוקומן פצפוצים תלמה 126 גרם מארז 6 יחידות בד""צ",יוניליוור ישראל שיווק בע`מ,,קוקומן פצפוצים מאגדת,,126.00,100 גרם,false,,14.90,0.1183,true,1,223811
7290107646826,false,"חטיף שוגי שוקו תלמה 156 גרם מארז 6 יחידות בד""צ",יוניליוור ישראל שיווק בע`מ,,שוגי שוקו מאגדת חטיפ,,156.00,100 גרם,false,,14.90,0.0955,true,1,223810
7290107646833,false,תלמה שוגי חטיף דגנים פצפוצי שוקולד שישי,יוניליוור ישראל שיווק בע`מ,,שוגי פצפוצים מאגדת ח,,138.00,100 גרם,false,,14.90,0.1080,true,1,223812
7290107646918,false,רוטב עגבניות ופלפלים לשקשוקה 415 ג' קנור,יוניליוור ישראל שיווק בע`מ,,רוטב עגבניות ופלפלים,,415.00,"100 מ""ל",false,,11.90,0.0287,true,1,222038
7290107647731,false,קוקומן חום לבן 20% פחות סוכר 375 גרם ב,יוניליוור ישראל שיווק בע`מ,,קוקומן חום לבן בדצ 3,,375.00,100 גרם,false,,21.90,0.0584,true,1,221756
7290107647816,false,"דגני ברנפלקס ללא תוספת סוכר 500 גרם בד""צ",יוניליוור ישראל שיווק בע`מ,,ברנפלקס בדצ ללא סוכר,,500.00,"100 מ""ל",false,,22.90,0.0458,true,1,222501
7290107647823,false,"ברנפלקס פתיתי חיטה מלאה וסובין 500 גרם ""תלמה""",יוניליוור ישראל שיווק בע`מ,,ברנפלקס בדצ 500גר,,500.00,100 גרם,false,,22.90,0.0458,true,1,222500
7290107647854,false,"שוגי מופחת סוכר תלמה 500 ג' בד""צ",יוניליוור ישראל שיווק בע`מ,,שוגי בדצ 500 גר,,500.00,100 גרם,false,,21.90,0.0438,true,1,221841
7290107648974,false,קנור רוטב לפסטה עגבניות עם בזיליקום,יוניליוור ישראל שיווק בע`מ,,רוטב לפסטה בזיליקום,,415.00,100 גרם,false,,11.90,0.0287,true,1,225481
7290107649100,false,בייגלה טבעות שומשום 300 גרם.,יוניליוור ישראל שיווק בע`מ,,טבעות שומשום 300 גרם,,300.00,100 גרם,false,,10.90,0.0363,true,1,226871
7290107870047,false,טילון אקסטרים115-120 גרם ענק נסטלה 120 גרם,נגה גלידות שותפות מוגבלת,,אקסטרים מטבע ענק ברא,,115.00,100 גרם,false,,10.90,0.0948,true,1,245900
7290107871297,false,אוסם - מיני פריכונים עשבי תיבול 25 גרם,קבוצת אוסם סחר שותפות מוגבלת,,פירכונים מיני עשבי ת,,25.00,100 גרם,false,,4.50,0.1800,true,1,178018
7290107871532,false,מאגדת קרחוני מלון דובדבן נסטלה 10 יחידות,נגה גלידות שותפות מוגבלת,,קרחוני דובדבן מלון נ,,800.00,100 גרם,false,,10.90,0.0136,true,1,183906
7290107871990,false,פסטה צינורות מהדרין אסם (500 גרם),קבוצת אוסם סחר שותפות מוגבלת,,פסטה צינורות אסם 500,,500.00,"100 מ""ל",false,,6.50,0.0130,true,1,178029
7290107874427,false,מיני פריכונים בטעם זעתר אסם (25 גרם),קבוצת אוסם סחר שותפות מוגבלת,,פריכונים מיני זעתר א,,25.00,100 גרם,false,,4.50,0.1800,true,1,178067
7290107874441,false,פריכונים מיני בצל מקורמל אסם (25 גרם),קבוצת אוסם סחר שותפות מוגבלת,,פריכונים מיני בצל מק,,25.00,100 גרם,false,,4.50,0.1800,true,1,178068
7290107874502,false,ביסלי גריל קדמ. מארז אחיד 10 4*55 גרם,קבוצת אוסם סחר שותפות מוגבלת,,ביסלי גריל מארז אסם,,220.00,100 גרם,false,,12.90,0.0586,true,1,178069
7290107875400,false,גלידה לה קרמריה פיסטוק מוקה 1.4 ל' נסטלה,נגה גלידות שותפות מוגבלת,,לה קרמריה פיסטוק מוק,,1400.00,"100 מ""ל",false,,21.90,0.0156,true,1,183911
7290107875820,false,קרוטונים אפויים בתיבול ביתי אוסם 180 ג',קבוצת אוסם סחר שותפות מוגבלת,,קרוטונים אפויים בתיב,,180.00,"100 מ""ל",false,,12.90,0.0717,true,1,213856
7290107876889,false,אוסם - במבה במילוי קרם נוגט 45 גרם,קבוצת אוסם סחר שותפות מוגבלת,,במבה במילוי קרם נוגט,,45.00,100 גרם,false,,4.30,0.0956,true,1,248335
7290107879521,false,קרחון לה פרוטה שרבט תות מאגדת 5יח',נגה גלידות שותפות מוגבלת,,מאגדת לה פרוטה תות 5,יחידה,0.00,יחידה,false,,25.90,0.0000,true,1,183925
7290107879620,false,קרחון שרבט מלון תפוח לה פרוטה נסטלה 70 גרם,גלידות נסטלה )נגה גלידות,,קרחון שרבט לה פרוטה,,70.00,100 גרם,false,,6.90,0.0986,true,1,228138
7290107879668,false,קרחון שרבט תות לה פרוטה נסטלה 70 גרם,נגה גלידות שותפות מוגבלת,,קרחון שרבט לה פרוטה,,70.00,100 גרם,false,,6.90,0.0986,true,1,183930
7290107879699,false,קרחון שרבט מנגו לה פרוטה נסטלה 70 גרם,נגה גלידות שותפות מוגבלת,,קרחון שרבט לה פרוטה,,70.00,100 גרם,false,,6.90,0.0986,true,1,228140
7290107930321,false,קונפיטורת יד מרדכי דובדובן 340 גרם,"שטראוס גרופ בע""מ",,קונפיטורת דובדבן יד,,340.00,100 גרם,false,,13.90,0.0409,true,1,209320
7290107931397,false,כיף כף פצפוצים במילוי שוקולד 40 גרם,שולן צ'\יקולטה גידה סאן.,,כיף כף פצפצים 40גר,,40.00,"100 מ""ל",false,,5.70,0.1425,true,1,209334
7290107932080,false,חלב מועשר יוטבתה בבקבוק 3% 1 ליטר,שטראוס גרופ בעמ/מצונן,,חלב מועשר בבקבוק 3%,,1000.00,100 גרם,false,,7.80,0.0078,true,1,196958
7290107932134,false,חלב מועשר יוטבתה בבקבוק 1% 1 ליטר,שטראוס גרופ בעמ/מצונן,,חלב מועשר בבקבוק 1%,,1000.00,100 גרם,false,,7.80,0.0078,true,1,196960
7290107933155,false,לקט סלנובה 200 גר ירקות שטראוס טעם הטבע,שטראוס בריאות ירקות טריי,,לקט סלנובה 200גר,,200.00,100 גרם,false,,14.90,0.0745,true,1,196962
7290107934473,false,שמינייה יוגורט לבן אקטיביה 1.5% דנונה 150 גרם,שטראוס גרופ בעמ/מצונן,,אקטיביה מארז שמינייה,,1200.00,100 גרם,false,,20.90,0.0174,true,1,196976
7290107936309,false,דנונה יוגורט 7% יווני לבן 130 ג',שטראוס גרופ בעמ/מצונן,,דנונה יווני לבן 130ג,,130.00,"100 מ""ל",false,,3.50,0.0269,true,1,196987
7290107936460,false,מארז 8 יח' דנכול משקה יוגורט בטעם מעודן,שטראוס גרופ בעמ/מצונן,,דנכול מארז שמינייה מ,,800.00,100 גרם,false,,31.70,0.0396,true,1,196990
7290107936958,false,עד חצות ביסקוויט אצבעות שוקולד 125 גרם,ביסקוויטס טור ד'\אלבון,,עד חצות ביסקוויט אצב,,125.00,100 גרם,false,,11.50,0.0920,true,1,221878
7290107936965,false,עיגולים עד חצות עם שוקולד חלב 225 גר,ביסקווטרי עוגיות סנט,,עד חצות ביסקוויט עיג,,225.00,100 גרם,false,,13.90,0.0618,true,1,221879
7290107937542,false,משקה יוגורט אקטיביה עם תות 1.2% שומן,שטראוס גרופ בעמ/מצונן,,אקטיביה משקה תות 1.2,,265.00,100 גרם,false,,5.30,0.0200,true,1,196994
7290107937627,false,מסטיק מאסט Must קוביות ללא סוכר בטעם מנטה עדינה,שטראוס גרופ בע`מ,,מסטיק מאסט קוביות ספ,,58.00,100 גרם,false,,9.90,0.1707,true,1,209374
7290107937856,false,קפסולות 11חזק למכונות נספרסו עלית 10יח',הנסיך- מפעל לייצור ט,,קפסולות עלית מס 11 ל,יחידה,0.00,יחידה,false,,18.90,0.0000,true,1,209379
7290107938396,false,שמיניית אקטימל תות דיסני בנים 108 גרם,שטראוס גרופ בעמ/מצונן,,אקטימל תות שמינייה ב,,864.00,100 גרם,false,,21.90,0.0253,true,1,197000
7290107939027,false,גזר דק דק 250 גר שטראוס ירקות טעם הטבע,שטראוס בריאות ירקות טריי,,גזר דק דק ירקות שטרא,,250.00,"100 מ""ל",false,,6.90,0.0276,true,1,197006
7290107940030,false,"חומוס אחלה מופחת שומן 650 גרם ""אחלה""","שטראוס גרופ ***בע""מ",,*מבצע* חומוס אחלה 65,,650.00,"100 מ""ל",false,,8.90,0.0137,true,1,223519
7290107940467,false,אקטיביה יוגורט קרמי 1.5% דנונה (200 גרם),שטראוס גרופ בעמ/מצונן,,אקטיביה 1.5% 200גר,,200.00,"100 מ""ל",false,,3.90,0.0195,true,1,197028
7290107943192,false,"שמנת חמוצה מהערבה 27% שומן 200 מ""ל יטבתה",שטראוס גרופ בעמ/מצונן,,שמנת חמוצה מהערבה 27,,200.00,"100 מ""ל",false,,4.30,0.0215,true,1,221854
7290107944472,false,סימפוניה גבינה במרקם שמנת 5% שום שמיר,שטראוס גרופ בעמ/מצונן,,גבינת סימפוניה שום ש,,200.00,100 מ'ל,false,,11.70,0.0585,true,1,197062
7290107945165,false,קונפיטורת משמש יד מרדכי 340 גרם,אף.סי תבליני בגליל ב,,קונפיטורת משמש יד מר,,340.00,100 גרם,false,,13.90,0.0409,true,1,219792
7290107950190,false,מעדן חלב דל קלוריות בטעם שוקולד מריר 0.5% שומן,שטראוס גרופ בעמ/מצונן,,מעדן שטראוס דיאט שוק,,130.00,"100 מ""ל",false,,3.40,0.0262,true,1,197071
7290107950206,false,מעדן דיאט שוקולד שטראוס 130 גרם,שטראוס גרופ בעמ/מצונן,,מעדן שטראוס דיאט שוק,,130.00,100 גרם,false,,3.40,0.0262,true,1,197072
7290107953559,false,"מארז קפה טורקי עלית לדרך כשל""פ 168 גרם",הנסיך- מפעל לייצור ט,,מארז קפה טורקי לדרך,,168.00,100 מ'ל,false,,18.90,0.1125,true,1,232275
7290107954709,false,"קונפיטורת פירות יער ""יד מרדכי"" 340 גר'",שטראוס גרופ בע`מ,,קונפיטורת פירות יער,,340.00,100 גרם,false,,13.90,0.0409,true,1,220952
7290107954976,false,משקה חלב PRO עם קפה 1.5% 25 גרם חלבון בבקבוק,שטראוס גרופ בעמ/מצונן,,משקה חלב יטבתה פרו 3,,350.00,100 גרם,false,,6.90,0.0197,true,1,221250
7290107956642,false,"תרסיס שמן זית 150 מ""ל יד מרדכי כשלפ",פארייפאבה אגרואינדוס,,"תרסיס שמן זית 150 מ""",,150.00,"100 מ""ל",false,,17.90,0.1193,true,1,223619
7290107956895,false,קפסולות טעם קרמל למכונות נספרסו 50גר,שטראוס קפה בי.וי.,,קפסולות אספרסו בטעם,,50.00,100 גרם,false,,18.90,0.3780,true,1,223802
7290107956901,false,קפסולות בטעם אגוזים למכונת נספרסו עלית 10 יחידות,שטראוס קפה בי.וי.,,קפסולות אספרסו בטעם,,150.00,100 גרם,false,,18.90,0.1260,true,1,222258
7290107956925,false,קפסולות 13 אוגנדה למכונת נספרסו עלית 10יח',שטראוס קפה בי.וי.,,קפסולות אוגנדה מס 13,יחידה,0.00,יחידה,false,,18.90,0.0000,true,1,225347
7290107956932,false,קפסולות אספרסו אידונזיה למכונות 50 גר,שטראוס קפה בי.וי.,,קפסולות קפה עלית איד,,50.00,100 גרם,false,,18.90,0.3780,true,1,221882
7290107957991,false,מילקי CAKE מיניס קרם חלב בציפוי שוקולד חלב שקית 16X9ג',בובארד איטליה אס.פי.איי,,מילקי מינייס מארז 6י,,144.00,100 מ'ל,false,,14.90,0.1035,true,1,225125
7290107958035,false,יוגורט במתיקות מעודנת 2% ללא תוספת סוכר- מארז 8 יח,שטראוס גרופ בעמ/מצונן,,דנונה מארז שמינייה מ,,1200.00,100 גרם,false,,19.90,0.0166,true,1,222268
7290107973311,false,קולגייט מברשת שיניים 360 פחם זהב זוג,הנסיך- מפעל לייצור ט,,מברשת קולגייט 360 פח,יחידה,0.00,יחידה,false,,33.90,0.0000,true,1,186055
7290107973861,false,מאסטר שף עגבניות קצוצות דק שלישיה 400ג*3 כשלפ,קונסרזיו קאסאלאסקו ד,,עגבניות קצוצות דק מא,,1200.00,"100 מ""ל",false,,16.90,0.0141,true,1,186061
7290107974301,false,ליידי ספיד סטיק - דאודורנט ג'ל לאישה אלוורה 45 גרם,ליידי ספיד סטיק Lady Speed Stick,,ליידי ספיד סטיק אלוו,,65.00,100 גרם,false,,19.90,0.3062,true,1,250869
7290107974820,false,ממרח בטעם ספייסי מיונז מאסטר שף 250 גרם,רמיה סי.וי.הולנד,,ממרח מתובל ספייסי מא,,250.00,100 גרם,false,,8.90,0.0356,true,1,186072
7290107974837,false,מנה מאסטר שף ממרח מתובל שום 246 גר,רמיה סי.וי.הולנד,,ממרח מתובל שום מאסטר,,250.00,"100 מ""ל",false,,8.90,0.0356,true,1,186073
7290107977456,false,"פלמוליב - ג'ל רחצה ושמפו ספורט לגבר 750 מ""ל",קולגייט פלמוליב,,פלמוליב לגבר ג'ל רחצ,,750.00,"100 מ""ל",false,,21.90,0.0292,true,1,234402
7290107978453,false,חטיף בטעם גריל קראנצ,ש. שסטוביץ בע`מ,,קראנצוס גריל 55 גרם,,55.00,100 גרם,false,,3.90,0.0709,true,1,221797
7290107978460,false,קראנצ וס פלאפל 60ג חדש,ש. שסטוביץ בע`מ,,קראנצוס פלאפל 55 גר,,55.00,100 גרם,false,,3.90,0.0709,true,1,221798
7290108201284,false,איירוויק מקלות ריחניים בניחוח לבנדר מתוק,רקיט בנקיזר (ניר איסט) בעמ,,איירוויק מקלות ריחני,,30.00,"100 מ""ל",false,,17.90,0.5967,true,1,220093
7290108201864,false,קולון קפסולות גל לכביסה 28 יחידות,רקיט בנקיזר (ניר איסט) בעמ,,קולון קפסולות לכביסה,יחידה,0.00,יחידה,false,,25.90,0.0000,true,1,241961
7290108350128,false,סנו סושי שקיות אשפה חזקות במיוחד 40 יח',החברה הדרומית לשיווק בעמ,,שקיות אשפה סנו סושי,,40.00,100 מ'ל,false,,29.90,0.7475,true,1,181166
7290108350142,false,"שקיות רב שימושיות גדולות 25*35 ס""מ סנו סושי 270 יחידות",החברה הדרומית לשיווק בעמ,,שקיות סנו סושי רב שי,,270.00,100 מ'ל,false,,14.90,0.0552,true,1,181168
7290108350500,false,סנובון מוצק דאבל אקשן בניחוח תפוז שלישייה,החברה הדרומית לשיווק בעמ,,סנובון דאבל אקשן בני,יחידה,0.00,יחידה,false,,12.90,0.0000,true,1,181174
7290108350531,false,סנו ספארק נוזל כלים בניחוח קלאסי עם משאבה 1 ל',מיוצר עי קונדיטוריית,,סנו ספארק משאבה קלאס,,1000.00,"100 מ""ל",false,,12.90,0.0129,true,1,231323
7290108350616,false,סנו - מקסימה מרכך כביסה מרוכז פריחה כחולה 1 ליטר,החברה הדרומית לשיווק בעמ,,סנו מקסימה בלו בלוסו,,1000.00,"100 מ""ל",false,,18.90,0.0189,true,1,181178
7290108350623,false,מרכך כביסה סופר מרוכז סופט סילק מקסימה 1 ל' סנו,החברה הדרומית לשיווק בעמ,,סנו מקסימה סופט סילק,,1000.00,"100 מ""ל",false,,18.90,0.0189,true,1,181179
7290108351149,false,ג'ל ניקוי כללי בתוספת אבקת סודה ריח כביסה סנו ג'ט 1.5 ליטר,החברה הדרומית לשיווק בעמ,,סנו ג'ט פלוס לניקוי,ליטרים,1.50,ליטר,false,,13.90,9.2667,true,1,219820
7290108351156,false,ג'ל ניקוי כללי בתוספת חומץ בריח לבנדר סנו ג'ט 1.5 ליטר,החברה הדרומית לשיווק בעמ,,סנו ג'ט פלוס לניקוי,ליטרים,1.50,ליטר,false,,13.90,9.2667,true,1,219821
7290108351507,false,מרכך כביסה אינספרישיין סנו מקסימה 4 ליטר,החברה הדרומית לשיווק בעמ,,סנו מקסימה מרכך כביס,ליטרים,4.00,ליטר,false,,22.90,5.7250,true,1,225733
7290108351514,false,מרכך כביסה בלו בלוסום סנו מקסימה 4 ליטר,החברה הדרומית לשיווק בעמ,,סנו מקסימה מרכך כביס,ליטרים,4.00,ליטר,false,,22.90,5.7250,true,1,181189
7290108351552,false,"סנו - ג'ט לניקוי כללי בתוספת חומץ בניחוח לבנדר 750 מ""ל",החברה הדרומית לשיווק בעמ,,סנו ג'ט פלוס עם חומץ,,750.00,"100 מ""ל",false,,12.90,0.0172,true,1,222312
7290108351569,false,מבשם ומרכך למייבש כביסה Baby לתינוקות ולעור רגיש,החברה הדרומית לשיווק בעמ,,סנו מקסימה למייבש בי,,750.00,"100 מ""ל",false,,19.90,0.0265,true,1,221285
7290108351583,false,"סנו - ג'ט פלוס חומץ ג'ל לניקוי אסלות לבנדר 750 מ""ל",החברה הדרומית לשיווק בעמ,,סנו גט+לניקוי אסלות,,750.00,"100 מ""ל",false,,12.90,0.0172,true,1,224483
7290108351590,false,"סנופרש הום בלו בלוסון בניחוח מרכך כביסה 350 מ""ל",החברה הדרומית לשיווק בעמ,,סנו פרש נטול גז בניח,,350.00,"100 מ""ל",false,,14.90,0.0426,true,1,221282
7290108351606,false,מטהר אוויר בלו בלוסום סנו פרש הום 350 מל,החברה הדרומית לשיווק בעמ,,סנו פרש הום נטול גז,,350.00,"100 מ""ל",false,,14.90,0.0426,true,1,221283
7290108351613,false,סנו ריצפז פרש הום 2 ליטר בניחוח מלון חלומי,החברה הדרומית לשיווק בעמ,,ריצפז פרש הום בניחוח,ליטרים,2.00,ליטר,false,,23.90,11.9500,true,1,222323
7290108351699,false,סנו - ג'ט מטליות לחות לניקוי כללי בתוספת חומץ לבנדר שלישיה,החברה הדרומית לשיווק בעמ,,מגבוני ניקוי ג'ט +חו,יחידה,0.00,יחידה,false,,21.90,0.0000,true,1,240728
7290108351804,false,מרכך כביסה סופר מרוכז Gentl Breeze סנו מקסימה 1 ליטר,החברה הדרומית לשיווק בעמ,,סנו מקסימה סופר מרוכ,,1000.00,"100 מ""ל",false,,18.90,0.0189,true,1,229896
7290108351811,false,מרכך כביסה סופר מרוכז Floral touch סנו מקסימה 1 ליטר,החברה הדרומית לשיווק בעמ,,סנו מקסימה סופר מרוכ,,1000.00,"100 מ""ל",false,,18.90,0.0189,true,1,229897
7290108351835,false,מרכך כביסה Pure Sensation סנו מקסימה 4 ליטר,החברה הדרומית לשיווק בעמ,,סנו מקסימה מרכך כביס,,4000.00,"100 מ""ל",false,,22.90,0.0057,true,1,240737
7290108352092,false,משחת שיניים אורביטול פרוטקטיב סולט בטעם מנטה,טרופיקל דגיל תעשיות קוסמ,,אורביטול פרוטקטיב סא,,145.00,100 גרם,false,,14.90,0.1028,true,1,242934
7290108352108,false,משחת שיניים אורביטול רעננות חריפה 145 גר,טרופיקל דגיל תעשיות קוסמ,,אורביטול שוקינג פרש,,145.00,100 גרם,false,,14.90,0.1028,true,1,242935
7290108352207,false,מקסימה 40 קפסולות לכביסה בניחוח fresh burst,החברה הדרומית לשיווק בעמ,,סנו מקסימה 40 קפסולו,,40.00,גרם,false,,34.90,0.8725,true,1,242473
7290108352214,false,סנו - מקסימה קפסולות כביסה בניחוח בריזה מרעננת 40 יח',החברה הדרומית לשיווק בעמ,,סנו מקסימה 40 קפסולו,,40.00,גרם,false,,34.90,0.8725,true,1,242474
7290108352252,false,נוזל לניקוי כלים מתאים לניקוי ירקות ופירות סנו ספארק,החברה הדרומית לשיווק בעמ,,סנו ספארק לניקוי כלי,,1000.00,"100 מ""ל",false,,12.90,0.0129,true,1,242930
7290108352320,false,"מבשם אויר סנו פרש הום בניחוח כותנה מלטפת 350 מ""ל",החברה הדרומית לשיווק בעמ,,סנו פרש הום מלון בוט,,350.00,"100 מ""ל",false,,14.90,0.0426,true,1,242129
7290108352498,false,מכשיר אוטומטי מעוצב ואלגנטי עם מילוי מלון בוטיק סנו פרש,החברה הדרומית לשיווק בעמ,,סנו פרש מכשיר אוטומט,יחידה,0.00,יחידה,false,,44.90,0.0000,true,1,246024
7290108352566,false,מרכך כביסה בבישום עוצמתי 4 ל' סנו מקסינה,החברה הדרומית לשיווק בעמ,,סנו מקסימה מרכך כביס,,4000.00,"100 מ""ל",false,,22.90,0.0057,true,1,247835
7290108352573,false,מרכך כביסה סנו מקסימה בבישום עוצמתי 4 ליטר,החברה הדרומית לשיווק בעמ,,סנו מקסימה מרכך כביס,,4000.00,100 גרם,false,,22.90,0.0057,true,1,248434
7290108352672,false,צמד מטליות הפלא לרצפה מיקרפייבר סנו סושי,החברה הדרומית לשיווק בעמ,,מטלית הפלא לריצפה סנ,יחידה,0.00,יחידה,false,,21.90,0.0000,true,1,241143
7290108352689,false,כריות קרצוף ללכלוך קשה סנו סושי 9 יחידות,החברה הדרומית לשיווק בעמ,,סנו סושי כריות קרצוף,,9.00,גרם,false,,10.90,1.2111,true,1,181193
7290108352825,false,ספוג הפלא נירוסטה סנו סושי 3יח',החברה הדרומית לשיווק בעמ,,ספוג הפלא נירוסטה סנ,יחידה,0.00,יחידה,false,,10.90,0.0000,true,1,241145
7290108352849,false,שלישיית מטליות הפלא לניקוי כללי דקור סנו סושי,החברה הדרומית לשיווק בעמ,,סנו סושי מטלית הפלא,,3.00,100 מ'ל,false,,15.90,5.3000,true,1,244831
7290108353068,false,ספוג הפלא נירוסטה עם סיבי קירצוף סנו סושי 2 יח',החברה הדרומית לשיווק בעמ,,כריות סיבי הירוסטה ס,יחידה,0.00,יחידה,false,,10.90,0.0000,true,1,241144
7290108353433,false,שטיפת פה לרעננות מתמשכת מנטה עדין Protect & Fresh,"קוסמופארם בע""\מ",,אורביטול מי פה פרוטק,,500.00,100 ליטר,false,,19.90,0.0398,true,1,240918
7290108353747,false,"תחליב רחצה אירוודה, בניחוח טונקה 600 מ""ל קרימה",החברה הדרומית לשיווק בעמ,,קרמה תחליב רחצה ספא,,600.00,"100 מ""ל",false,,17.90,0.0298,true,1,249725
7290108353891,false,"קרמה - דאודורנט רול און לאישה קרמה מאסק 75 מ""ל",החברה הדרומית לשיווק בעמ,,קרמה דאודורנט רול או,,75.00,"100 מ""ל",false,,15.90,0.2120,true,1,243589
7290108353969,false,"קרמה - דאודורנט ספריי לאישה קרמה מאסק 150 מ""ל",החברה הדרומית לשיווק בעמ,,קרמה דאודורנט ספריי,,150.00,"100 מ""ל",false,,15.90,0.1060,true,1,246749
7290108353983,false,"קרמה - קרם גוף קרמה קלאסי 500 מ""ל",החברה הדרומית לשיווק בעמ,,קרמה קרם גוף קלאסי 5,,500.00,"100 מ""ל",false,,25.90,0.0518,true,1,243605
7290108354270,false,מרכך כביסה מרוכז בבישום עוצמתי 1 ל' סנו מקסימה,החברה הדרומית לשיווק בעמ,,מקסימה מרכך כביסה מר,,1000.00,"100 מ""ל",false,,18.90,0.0189,true,1,247083
7290108354416,false,"תחליב רחצה יוגה, בניחוח ברגמוט 600מ""ל קרימה",החברה הדרומית לשיווק בעמ,,קרמה תחליב רחצה ספא,,600.00,"100 מ""ל",false,,17.90,0.0298,true,1,249727
7290108354447,false,"מרכך כיף לשיקום והזנה שמן קוקוס וקרטין 700 מ""ל",החברה הדרומית לשיווק בעמ,,כיף מרכך לשיער שמן ק,,700.00,100 גרם,false,,12.90,0.0184,true,1,244317
7290108354485,false,"קרליין מרכך 10 לשיער שמן ארגן 700 מ""ל",החברה הדרומית לשיווק בעמ,,קרליין מרכך 10 שמן א,,700.00,"100 מ""ל",false,,13.90,0.0199,true,1,248369
7290108354492,false,"קרליין שמפו 10 לשיער שמן ארגן 700 מ""ל",החברה הדרומית לשיווק בעמ,,קרליין שמפו 10 שמן א,,700.00,"100 מ""ל",false,,13.90,0.0199,true,1,248370
7290108354614,false,"מרכך בניחוח מי קקטוס ושמן באבאסו 750 מ""ל נקה 7",החברה הדרומית לשיווק בעמ,,נקה 7 מרכך ביו 750מל,,750.00,"100 מ""ל",false,,12.90,0.0172,true,1,249342
7290108354751,false,"סנו - ג'ט מרסס לניקוי כללי בתוספת אבקת סודה 750 מ""ל",החברה הדרומית לשיווק בעמ,,סנו ג'ט פלוס עם חומץ,,750.00,"100 מ""ל",false,,12.90,0.0172,true,1,225956
7290108354768,false,"קרמה קרם גוף דבש 500 מ""ל",החברה הדרומית לשיווק בעמ,,קרמה קרם גוף דבש 500,,500.00,100 גרם,false,,25.90,0.0518,true,1,246746
7290108354829,false,"קרם ידיים קרמה ורד וניל 100 מ""ל מ""ל",החברה הדרומית לשיווק בעמ,,קרמה קרם ידיים ורד ו,,100.00,100 גרם,false,,10.00,0.1000,true,1,244288
7290108355079,false,לחו.לשיער מקצועי קוקוס נטורל פורמולה 400,החברה הדרומית לשיווק בעמ,,נטורל פורמולה קרם לח,,400.00,"100 מ""ל",false,,29.90,0.0747,true,1,221280
7290108355123,false,בייבי כיף קרם גוף לפני השינה 500 מל,החברה הדרומית,,בייבי כיף קרם גוף לפ,,500.00,"100 מ""ל",false,,23.90,0.0478,true,1,225713
7290108355147,false,תחליב רחצה שמנהי הזנה נקה (7507 מל),טרופיקל דגיל תעשיות קוסמ,,נקה 7 תחליב רחצה שמנ,,750.00,"100 מ""ל",false,,12.90,0.0172,true,1,224484
7290108355154,false,נקה 7 שמפו לשיער שמני הזנה 750 מל,החברה הדרומית לשיווק בעמ,,נקה 7 שמפו שמני הזנה,,750.00,"100 מ""ל",false,,12.90,0.0172,true,1,224485
7290108355161,false,"מרכך שיער שמני הזנה 750 מ""ל נקה 7",החברה הדרומית לשיווק בעמ,,נקה 7 מרכך שמני הזנה,,750.00,"100 מ""ל",false,,12.90,0.0172,true,1,224486
7290108355178,false,"קרמה - קרם ידיים חמאת שיאה וקוקוי 100 מ""ל",החברה הדרומית לשיווק בעמ,,קרמה קרם ידיים חמאת,,100.00,"100 מ""ל",false,,10.00,0.1000,true,1,244289
7290108355314,false,מרכך לסירוק קל בתוספת רוזמרין,החברה הדרומית לשיווק בעמ,,נקה 7 מרכך סירוק קל,,750.00,"100 מ""ל",false,,11.90,0.0159,true,1,240928
7290108356007,false,"כיף תחליב רחצה בניחות גלידת מרשמ""לו 700 מ""ל",החב. הדרומית לשיווק,,כיף תחליב רחצה בניחו,,700.00,"100 מ""ל",false,,12.90,0.0184,true,1,226399
7290108356021,false,כיף תחליב רחצה בניחוח גלידת קרם עוגיות,החברה הדרומית לשיווק בעמ,,כיף תחליב רחצה בניחו,,700.00,"100 מ""ל",false,,12.90,0.0184,true,1,226395
7290108356106,false,כיף תחליב רחצה חלב שקדים 700 מל,החברה הדרומית לשיווק בעמ,,כיף תחליב רחצה שקד 7,,700.00,"100 מ""ל",false,,12.90,0.0184,true,1,226008
7290108356113,false,תחליב רחצה כיף ניחוח דבש 700 מל,החברה הדרומית לשיווק בעמ,,כיף תחליב רחצה דבש 7,,700.00,100 גרם,false,,12.90,0.0184,true,1,226009
7290108356120,false,תחליב רחצה כיף ניחוח קוקוס וניל700 מל,החברה הדרומית לשיווק בעמ,,כיף תחליב רחצה קוקוס,,700.00,100 גרם,false,,12.90,0.0184,true,1,226010
7290108356137,false,תחליב רחצה כיף ניחוח לבנדר 700 מל,החברה הדרומית לשיווק בעמ,,כיף תחליב רחצה לבנדר,,700.00,100 גרם,false,,12.90,0.0184,true,1,226011
7290108356151,false,תחליב רחצה כיף ניחוחמאסק יסמין 700 מל,החברה הדרומית לשיווק בעמ,,כיף תחליב רחצה מאסק,,700.00,"100 מ""ל",false,,12.90,0.0184,true,1,226012
7290108356229,false,ג'ל גילוח לכל סוגי העור מועשר בפחם פעיל,החברה הדרומית לשיווק בעמ,,קרמה גל גילוח קרבון,,200.00,"100 מ""ל",false,,12.90,0.0645,true,1,242939
7290108356298,false,"כיף - מוס רחצה בניחוח קרם עוגיות 150 מ""ל",החברה הדרומית לשיווק בעמ,,כיף מוס רחצה בניחוח,,150.00,"100 מ""ל",false,,12.90,0.0860,true,1,247213
7290108356489,false,"כיף - תחליב רחצה אפרסק וחמאת מורומורו 700 מ""ל",החברה הדרומית לשיווק בעמ,,כיף תחליב רחצה אפרסק,,700.00,"100 מ""ל",false,,12.90,0.0184,true,1,248359
7290108356519,false,קרליין שמפו 10למניעת קשקשים 700מל,החברה הדרומית לשיווק בעמ,,קרליין שמפו 10 לשיער,,700.00,"100 מ""ל",false,,13.90,0.0199,true,1,248141
7290108356533,false,קרוליין 10 שמפו לשיער מתולתל 700 מל,החברה הדרומית לשיווק בעמ,,קרליין שמפו 10 לשיער,,700.00,"100 מ""ל",false,,13.90,0.0199,true,1,248143
7290108356557,false,"שמפו 10 לשיער למניעת קשקשים 700 מ""ל קרליין",החברה הדרומית לשיווק בעמ,,קרליין שמפו 10 למניע,,700.00,"100 מ""ל",false,,13.90,0.0199,true,1,248145
7290108356588,false,קרוליין 10 מרכך לשיער מתולתל 700 מל,החברה הדרומית לשיווק בעמ,,קרליין מרכך 10 לשיער,,700.00,100 גרם,false,,13.90,0.0199,true,1,248148
7290108357004,false,כיף שמפו ורד ושמן קוקוי לרכות וברק,החברה הדרומית לשיווק בעמ,,כיף שמפו לשיער ורד ו,,700.00,100 גרם,false,,12.90,0.0184,true,1,240738
7290108357011,false,כיף קונדישינר לשיער שמן קוקוי 700 מל,החברה הדרומית לשיווק בעמ,,כיף מרכך לשיער ורד ו,,700.00,"100 מ""ל",false,,12.90,0.0184,true,1,240739
7290108357028,false,"תחליב רחצה כיף ורד ושמן קוקוי 700 מ""ל",החברה הדרומית לשיווק בעמ,,כיף תחליב רחצה ורד ו,,700.00,"100 מ""ל",false,,12.90,0.0184,true,1,240740
7290108357042,false,"קרליין - נושם ביו דאודורנט רול און 75 מ""ל Citrus Blossoms לאישה",החברה הדרומית לשיווק בעמ,,קרליין רולאון נושם ב,,75.00,"100 מ""ל",false,,13.90,0.1853,true,1,248365
7290108357073,false,"קרליין - נושם ביו דאודורנט ספריי 150 מ""ל Blossoms Citrus לאישה",החברה הדרומית לשיווק בעמ,,קרליין ספריי נושם בי,,150.00,"100 מ""ל",false,,13.90,0.0927,true,1,248371
7290108357110,false,"קרליין - נושם ביו דאודורנט רול און 75 מ""ל Valvet Rose לאישה",החברה הדרומית לשיווק בעמ,,קרליין רולאון נושם ב,,75.00,"100 מ""ל",false,,13.90,0.1853,true,1,248367
7290108357189,false,"מבשם ומרכך למייבש הכביסה מקסימה פלורל 750 מ""ל סנו",החברה הדרומית לשיווק בעמ,,סנו מקסימה למייבש פל,,750.00,"100 מ""ל",false,,19.90,0.0265,true,1,240741
7290108357196,false,"ג'ט פלוס לניקוי כללי בתוספת תמצית עץ התה 750 מ""ל סנו",החברה הדרומית לשיווק בעמ,,סנו ג'ט +לניקוי וחיט,,750.00,"100 מ""ל",false,,12.90,0.0172,true,1,246019
7290108357226,false,"אוקסיגן POWER אבקה לכביסה לבנה והסרת כתמים 1.4 ק""ג סנו",החברה הדרומית לשיווק בעמ,,סנו אוקסיג'ן פאוור א,,1400.00,"100 מ""ל",false,,29.90,0.0214,true,1,248151
7290108357240,false,"אוקסיג'ן פאוור תוסף להסרת כתמים קשים 1.4 ק""ג",החברה הדרומית לשיווק בעמ,,סנו אוקסיג'ן פאוור א,,1400.00,100 גרם,false,,29.90,0.0214,true,1,248152
7290108357257,false,סנו - פרש מכשיר אוטומטי לבישום אוויר בתוספת מילוי אולטרא פרש,החברה הדרומית לשיווק בעמ,,סנו פרש מכשיר+מילוי,יחידה,0.00,יחידה,false,,44.90,0.0000,true,1,249346
7290108357264,false,"פרש אוטומטי מילוי בניחוח מרכך הכביסה אולטרה 375 מ""ל סנו",החברה הדרומית לשיווק בעמ,,פרש אוטומטי מילוי או,,250.00,"100 מ""ל",false,,15.90,0.0636,true,1,249345
7290108357288,false,אקונומיקה ז'אוול בניחוח פריחה לבנה 4 ל' סנו,החברה הדרומית לשיווק בעמ,,אקונומיקה סנו ז'אוול,ליטרים,4.00,ליטר,false,,17.90,4.4750,true,1,248361
7290108357295,false,"מרסס אוקסיג'ן מסיר כתמים סנו לכביסה לבנה 750 מ""ל",החברה הדרומית לשיווק בעמ,,סנו אוקסיגן מסיר כתמ,,750.00,"100 מ""ל",false,,17.90,0.0239,true,1,249344
7290108357301,false,"סנו - K300 קוטל חרקים תיקנים ונמלים 300 מ""ל",החברה הדרומית לשיווק בעמ,,סנו 300-K קוטל נמלים,,300.00,"100 מ""ל",false,,14.90,0.0497,true,1,248433
7290108357653,false,סנובון ג'ל לאסלה שלישיה בניחוח אוקיינוס,החברה הדרומית לשיווק בעמ,,סנובון באבלס בניחוח,,0.00,יח',false,,16.90,0.0000,true,1,250436
7290108357660,false,סנובון Bubbles שלישיית כדוריות ג'ל אסלה ניחוח לבנדר,החברה הדרומית לשיווק בעמ,,סנובון באבלס בניחוח,,0.00,יח',false,,16.90,0.0000,true,1,250437
7290108357707,false,"כיף שמפו לשיער רגיל- תפוח זרעי צ'יה 700 מ""ל",החברה הדרומית לשיווק בעמ,,כיף שמפו לשיער רגיל,,700.00,100 גרם,false,,12.90,0.0184,true,1,226660
7290108357714,false,"כיף שמפו לשיער יבש -רימונים ושמן ארגן 700 מ""ל",החברה הדרומית לשיווק בעמ,,כיף שמפו לשיער יבש ר,,700.00,"100 מ""ל",false,,12.90,0.0184,true,1,226661
7290108357745,false,"כיף שמפו ומרכך 700 מ""ל 2ב-1 תאנה ומנטה",החברה הדרומית לשיווק בעמ,,כיף שמפו ומרכך 2+1 ת,,700.00,"100 מ""ל",false,,12.90,0.0184,true,1,226663
7290108357769,false,"מרכך לשיער רגיל תפוח וזרעי צ'יה 700 מ""ל כיף",החברה הדרומית לשיווק בעמ,,כיף מרכך לשיער רגיל,,700.00,"100 מ""ל",false,,12.90,0.0184,true,1,226665
7290108357776,false,"כיף מרכך לשיער יבש -רימונים ושמן ארגן 700 מ""ל",החברה הדרומית לשיווק בעמ,,כיף מרכך לשיער יבש ר,,700.00,"100 מ""ל",false,,12.90,0.0184,true,1,226666
7290108357868,false,"כיף - ג'ל רחצה אליקסיר אויל מועשר בשמן מקדמיה 700 מ""ל",החברה הדרומית לשיווק בעמ,,כיף ג'ל רחצה אליקסיר,,700.00,"100 מ""ל",false,,12.90,0.0184,true,1,247832
7290108357875,false,"כיף - שמפו לחות מוגברת עם אפרסק וחמאת מורומורו 700 מ""ל",החברה הדרומית לשיווק בעמ,,כיף שמפו לחות מוגברת,,700.00,"100 מ""ל",false,,12.90,0.0184,true,1,248358
7290108357882,false,"כיף - מרכך לחות מוגברת עם אפרסק וחמאת מורומורו 700 מ""ל",החברה הדרומית לשיווק בעמ,,כיף מרכך לחות מוגברת,,700.00,100 גרם,false,,12.90,0.0184,true,1,248360
7290108358124,false,דפי בישום לחים למייבש הכביסה בניחוח מרכך כביסה 20 יח' מקסימה,טרופיגל דגיל תעשיות קוסמ,,*מבצע* מקסימה דפי בי,,20.00,גרם,false,,11.90,0.5950,true,1,250433
7290108359060,false,סנו סושי כריות הפלא רב תכלתיות *4 לשבת,החברה הדרומית לשיווק בעמ,,סנו סושי כריות ניקוי,,4.00,גרם,false,,11.90,2.9750,true,1,247210
7290108359145,false,סנו סושי דפי ספוג הפלא 12 יח`,החברה הדרומית לשיווק בעמ,,סושי דפי ספוג הפלא 1,יחידה,0.00,יחידה,false,,11.90,0.0000,true,1,250435
7290108359176,false,סופט ממחטות אף צמד בשקית לושן 3 שכבות,החברה הדרומית לשיווק בעמ,,סופט ממחטות אף 3 שכב,,0.00,יח',false,,15.90,0.0000,true,1,250434
7290108359831,false,בייבי שמן לתינוק לעור עדין כיף (500 מל),החברה הדרומית לשיווק בעמ,,בייבי כיף שמן גוף 5,,500.00,100 גרם,false,,23.90,0.0478,true,1,225716
7290108359855,false,"שמפו אל דמע בייבי כיף+משאבה 750 מ""ל",החברה הדרומית לשיווק בעמ,,שמפו אל דמע בייבי כי,,750.00,"100 מ""ל",false,,15.90,0.0212,true,1,225717
7290108359879,false,"אלסבון בייבי כיף+משאבה 750 מ""ל",החברה הדרומית לשיווק בעמ,,בייבי כיף אל סבון 7,,750.00,"100 מ""ל",false,,15.90,0.0212,true,1,225710
7290108359985,false,סנו - ז'אוול מרסס קצף לניקוי וחינו בניחוח פריחה לבנה 1 ליטר,החברה הדרומית לשיווק בעמ,,סנו ז'אוול קצף ניקוי,,1000.00,"100 מ""ל",false,,19.90,0.0199,true,1,248364
7290108501346,false,גבינה מגורדת גאודה 28% שומן EURO CHEESE ויליפוד 500 גרם,ג.וילי-פוד אינטרנשיונל **גבינו,,גבינת גאודה מגורדת 2,,500.00,100 גרם,false,,24.90,0.0498,true,1,223641
7290108501490,false,גבינת מוצרלה פרוסות 150 גר`וילי פוד,ג.וילי-פוד אינטרנשיונל **גבינו,,גבינת מוצרלה פרוסות,,150.00,"100 מ""ל",false,,13.90,0.0927,true,1,225157
7290108501827,false,קדאיף שערות בצק ויליפוד 450 גרם,ג.וילי-פוד אינטרנשיונל **גבינו,,שערות קדאיף בצק 450ג,,450.00,100 גרם,false,,19.90,0.0442,true,1,224104
7290108502305,false,גבינת גרנה פדנו משולש ויליפוד 150 גרם,ג.וילי-פוד אינטרנשיונל **גבינו,,גבינה גרנה פדנו משול,,150.00,"100 מ""ל",false,,21.90,0.1460,true,1,225737
7290108502541,false,גבינת שמנת טעם טבעי ויליפוד 200 גרם,ג.וילי-פוד אינטרנשיונל **גבינו,,גבינת שמנת טבעי יורו,,200.00,"100 מ""ל",false,,12.90,0.0645,true,1,225140
7290108502589,false,גבינת שמנת עם שום ויליפוד 200 גרם,ג.וילי-פוד אינטרנשיונל **גבינו,,גבינת שמנת שום יורוצ,,200.00,100 גרם,false,,12.90,0.0645,true,1,225142
7290108502763,false,גבינת קממבר ויליפוד 200 גרם,ג.וילי-פוד אינטרנשיונל **גבינו,,גבינת קממבר 200 גרם,,200.00,100 גרם,false,,19.90,0.0995,true,1,225152
7290108502862,false,מלפפונים כבושים במלח 18-25 קטנים ויליפוד 600 גרם,ג. וילי-פוד אינטרנשיונל בע`מ,,מלפפון כבוש במלח 600,,600.00,"100 מ""ל",false,,9.90,0.0165,true,1,233984
7290108503043,false,תפוחונים חטיף פלחים מיובשים מארז 22X4ג',ג. וילי-פוד אינטרנשיונל בע`מ,,מארז תפוחונים 4*22 ג,,88.00,100 גרם,false,,14.90,0.1693,true,1,225736
7290108503159,false,גבינה כחולה עם עובש 31% ויליפוד 100 גרם,ג.וילי-פוד אינטרנשיונל **גבינו,,גבינה כחולה עם עובש,,100.00,100 גרם,false,,15.90,0.1590,true,1,225741
7290108503999,false,פרוסות גבינה בטעם גאודה לכריכים וטוסטים ויליפוד 150 גרם,ג.וילי-פוד אינטרנשיונל **גבינו,,פרוסות גבינה 150ג בט,,150.00,100 גרם,false,,9.90,0.0660,true,1,244433
7290108504002,false,פרוסות גבינה בטעם צ'דר לכריכים וטוסטים ויליפוד 150 גרם,ג.וילי-פוד אינטרנשיונל **גבינו,,פרוסות גבינה לייט150,,150.00,100 גרם,false,,9.90,0.0660,true,1,244435
7290108504293,false,מנצ`גו צ`אנק 150 גרם ויליפוד,ג.וילי-פוד אינטרנשיונל **גבינו,,מנצ'גו צ'אנק יורו צי,,150.00,"100 מ""ל",false,,14.90,0.0993,true,1,227742
7290108504378,false,גבינת שמנת עם זיתים ויליפוד 200 גרם,ג.וילי-פוד אינטרנשיונל **גבינו,,גבינת שמנת עם זיתים,,200.00,100 גרם,false,,12.90,0.0645,true,1,240439
7290108505177,false,יוגורט עם אננס 0% שומן ויליפוד 150 גרם,ג.וילי-פוד אינטרנשיונל **גבינו,,יוגורט עם אננס 0% שו,,150.00,100 גרם,false,,5.90,0.0393,true,1,242378
7290108505214,false,יוגורט עם אפרסק 0% שומן ויליפוד 150 גרם,ג.וילי-פוד אינטרנשיונל **גבינו,,יוגורט עם אפרסק 0% ש,,150.00,100 גרם,false,,5.90,0.0393,true,1,242380
7290108505375,false,גולדן צהובה פרוסה ויליפוד 400 גרם,ג.וילי-פוד אינטרנשיונל **גבינו,,צהובה פרוסות 400 גרם,,400.00,"100 מ""ל",false,,19.90,0.0497,true,1,240447
7290108505719,false,גבינת מוצרלה מגורדת EURO CHEESE ויליפוד 200 גרם,ג.וילי-פוד אינטרנשיונל **גבינו,,גבינת מוצרלה מגורדת,,200.00,100 גרם,false,,14.90,0.0745,true,1,242372
7290108505726,false,אצבעות גבינת חצי קשה EURO CHEESE ויליפוד 200 גרם,ג.וילי-פוד אינטרנשיונל **גבינו,,אצבעות גבינה חצי קשה,,200.00,"100 מ""ל",false,,14.90,0.0745,true,1,242371
7290108505733,false,צמות -גבינה חצי קשה 25% שומן ( 200 גר) ו,ג.וילי-פוד אינטרנשיונל **גבינו,,צמות גבינה חצי קשה 2,,200.00,100 גרם,false,,14.90,0.0745,true,1,242370
7290108505740,false,קשקבל גבינה חצי קשה EURO CHEESE ויליפוד 200 גרם,ג.וילי-פוד אינטרנשיונל **גבינו,,גבינת קשקבל חצי קשה,,200.00,"100 מ""ל",false,,14.90,0.0745,true,1,242373
7290108506495,false,"כנאפה מאפה בצק ""שערות"" קדאיף וגבינה",ג.וילי-פוד אינטרנשיונל **גבינו,,פינוקים כנאפה קפוא 1,,192.50,100 גרם,false,,12.90,0.0670,true,1,242082
7290108506501,false,אצבעות בצק פילו ממולאות גבינה 500 ג' ויליפוד,ג.וילי-פוד אינטרנשיונל **גבינו,,אצבעות בצק פילו במיל,,500.00,100 גרם,false,,15.90,0.0318,true,1,248320
7290108506662,false,רביולי פטריות ויליפוד 250 גרם,ג. וילי-פוד אינטרנשיונל בע`מ,,רביולי פטריות 250 גר,,250.00,100 גרם,false,,14.90,0.0596,true,1,242087
7290108506679,false,רביולי חצילים ומוצרלה ויליפוד 250 גרם,ג. וילי-פוד אינטרנשיונל בע`מ,,רביולי חצילים ומוצרל,,250.00,100 גרם,false,,14.90,0.0596,true,1,242088
7290108507010,false,מאפה בורקס מים תורכי תרד וגבינה ויליפוד 300 גרם,ג.וילי-פוד אינטרנשיונל **גבינו,,מאפה בורקס מים תורכי,,300.00,100 גרם,false,,9.90,0.0330,true,1,243826
7290108507058,false,ביסקויט פריך בשוקולד חלב 100 גרם -קהילות,ג. וילי-פוד אינטרנשיונל בע`מ,,ביסקויט פריך בשוקולד,,100.00,100 גרם,false,,6.90,0.0690,true,1,248327
7290108507188,false,כנאפה קפוא אריזה משפחתית657.50 גרם,ג.וילי-פוד אינטרנשיונל **גבינו,,כנאפה אריזה משפחתית,,657.50,100 גרם,false,,29.90,0.0455,true,1,243830
7290108508451,false,"משקה יוגורט טבעי 3.2% שומן יורו 200 מ""ל",ג.וילי-פוד אינטרנשיונל **גבינו,,משקה יוגורט טבעי 200,,293.00,100 גרם,false,,5.90,0.0201,true,1,245577
7290108508499,false,"איירן משקה יוגורט בסגנון טורקי יורו 293 מ""ל",ג.וילי-פוד אינטרנשיונל **גבינו,,איירן משקה יוגורט בס,,293.00,"100 מ""ל",false,,5.90,0.0201,true,1,245576
7290108508888,false,ביסקוויטים פתי בר ויליפוד 500 ג',ארגון ציקולאטה,,ביסקוויט פתי בר וילי,,500.00,"100 מ""ל",false,,7.90,0.0158,true,1,246823
7290108508963,false,גבינת מוצרלה מגורדת 25% שומן( 200 גר`)יו,ג.וילי-פוד אינטרנשיונל **גבינו,,גבינת קשקבל מגורדת ח,,200.00,100 גרם,false,,14.90,0.0745,true,1,245581
7290108509106,false,"גבינה בולגרית מעודנת בקוביות 13% שומן 200 ג' חת""ס פ""ת",ג.וילי-פוד אינטרנשיונל **גבינו,,גבינה בולגרית מעודנת,,500.00,"100 מ""ל",false,,11.90,0.0238,true,1,247944
7290108509113,false,"גבינה בולגרית מעודנת 18% שומן 250 גרם חת""ס פ""ת",ג.וילי-פוד אינטרנשיונל **גבינו,,גבינה בולגרית מעודנת,,250.00,100 גרם,false,,11.90,0.0476,true,1,247945
7290108509250,false,"אנטיפסטי ארטישוק+עגבניות מיובשות וצלפים בשמן חמניות 380 מ""ל",ג. וילי-פוד אינטרנשיונל בע`מ,,אנטיפסטי ארטישוק ויל,,530.00,100 גרם,false,,19.90,0.0375,true,1,246824
7290108509267,false,ארוחת פסטה עם רוטב גבינה ויליפוד 206 גרם,ג. וילי-פוד אינטרנשיונל בע`מ,,ארוחת פסטה עם רוטב ע,,206.00,100 גרם,false,,9.90,0.0481,true,1,250344
7290108509588,false,גבינה פטה 24% עם עשבי תיבול 153 גרם ויליפוד,ג.וילי-פוד אינטרנשיונל **גבינו,,גבינה מלוחה 24% עם ע,,153.00,100 גרם,false,,15.90,0.1039,true,1,250590
7290108509595,false,גבינה פטה 24% עגבניות מיובשות וריחן 153 גרם ויליפוד,ג.וילי-פוד אינטרנשיונל **גבינו,,גבינה מלוחה 24% עם ע,,153.00,100 גרם,false,,15.90,0.1039,true,1,250591
7290108509700,false,אורז פרסי 1 קג`DAAWAT וילי פוד,ג. וילי-פוד אינטרנשיונל בע`מ,,"אורז פרסי דאווט 1 ק""",,1000.00,100 גרם,false,,9.90,0.0099,true,1,247941
7290108509731,false,איירן משקה יוגורט בסגנון טורקי 2.3% שומן 1ל' יורו,ג.וילי-פוד אינטרנשיונל **גבינו,,איירן משקה יוגורט בס,,1000.00,"100 מ""ל",false,,15.90,0.0159,true,1,247942
7290109351025,false,מלך החומוס חומוסטחינה 40% טחינה גולמית,קבוצת אוסם סחר שותפות מוגבלת,,חומוסטחינה צבר 400גר,,400.00,"100 מ""ל",false,,14.50,0.0363,true,1,178158
7290109351971,false,פריכיות דגנים פיטנס מצופות שוקולד חלב,קבוצת אוסם סחר שותפות מוגבלת,,פריכיות שוקולד חלב פ,,84.00,"100 מ""ל",false,,14.90,0.1774,true,1,178165
7290109352916,false,פריכיות דגנים פיטנס מצופות שוקולד לבן,קבוצת אוסם סחר שותפות מוגבלת,,פריכיות שוקולד לבן פ,,84.00,"100 מ""ל",false,,14.90,0.1774,true,1,178170
7290109354057,false,קרחון לה פרוטה שרבט אננס תפוז מאגדת 5 יח',נגה גלידות שותפות מוגבלת,,מאגדת לה פרוטה תפוז,,350.00,100 גרם,false,,25.90,0.0740,true,1,183938
7290109354101,false,קרקר לחמית ללא גלוטן 200 גר אסם,קבוצת אוסם סחר שותפות מוגבלת,,לחמית ללא גלוטן אסם,,200.00,100 גרם,false,,11.50,0.0575,true,1,220978
7290109355504,false,שלגון קראנץ וניל ליבת נוגט נסטלה 100 גרם,נגה גלידות שותפות מוגבלת,,קראנץ' וניל ליבת נוג,,100.00,100 גרם,false,,10.90,0.1090,true,1,235695
7290109358284,false,"שניצל תירס עם חלבון 664 גר' ""טבעול""",קבוצת אוסם סחר שותפות מוגבלת,,שניצל תירס עם חלבון,,664.00,100 גרם,false,,31.90,0.0480,true,1,221337
7290109358482,false,עוגיות קרמוגית במילוי קרם בטעם חלבה,קבוצת אוסם סחר שותפות מוגבלת,,קרמוגית במילוי חלווה,,200.00,"100 מ""ל",false,,12.70,0.0635,true,1,226128
7290109358765,false,דגני בוקר קראנץ' רולס נוגט 450 גרם,קבוצת אוסם סחר-שות.מוגבלת,,"דגני קראנץ רולס בד""ץ",,450.00,"100 מ""ל",false,,26.90,0.0598,true,1,220315
7290109580043,false,"שניצל תירס קלאסי זוגלובק 1.75 ק""ג",נקניק זוגלובק נהריה,,"שניצל תירס 1.75ק""ג ז",,1750.00,"100 מ""ל",false,,49.90,0.0285,true,1,243950
7290109580098,false,קבנוס בטעם סרירצ'ה זוגלובק 135 גרם,נקניק זוגלובק נהריה,,קבנוס בטעם סרירצ'ה ז,,135.00,100 גרם,false,,11.90,0.0881,true,1,248174
7290109580104,false,רוסטביף פרימיום זוגלובק 150 גרם,נקניק זוגלובק נהריה,,רוסטביף 150 גרם פרימ,,150.00,100 גרם,false,,24.90,0.1660,true,1,244982
7290109580111,false,צלעות אסאדו מעושנות פרימיום זוגלובק 120 גרם,נקניק זוגלובק נהריה,,צלעות אסאדו מעושנות,,120.00,100 גרם,false,,24.90,0.2075,true,1,248052
7290109580135,false,קורנדביף פרימיום 180 גרם זוגלובק,נקניק זוגלובק נהריה,,קורנדביף 180 גרם פרי,,180.00,100 גרם,false,,24.90,0.1383,true,1,244984
7290109580159,false,פסטרמה בנוסח טוסקנה פרימיום זוגלובק 180 גרם,נקניק זוגלובק נהריה,,פסטרמה בנוסח טוסקנה,,180.00,"100 מ""ל",false,,24.90,0.1383,true,1,244980
7290109580166,false,סרוולד קלאסי פרימיום זוגלובק 150 גרם,נקניק זוגלובק נהריה,,סרוולדקלאסי 150ג פרי,,150.00,100 גרם,false,,24.90,0.1660,true,1,244981
7290109580210,false,נקנקיות ריינהולד'ס הצרפתיה זוגלובק 300 ג',נקניק זוגלובק נהריה,,נקניקיות הצרפתיה ריי,,300.00,100 גרם,false,,19.90,0.0663,true,1,247807
7290109580227,false,נקניקיות עוף ובקר בסגנון ברלינאי קאריוורסט,נקניק זוגלובק נהריה,,נקניקיות קאריוורסט ר,,300.00,100 גרם,false,,19.90,0.0663,true,1,247808
7290109580241,false,נאגטס מן הצומח זוגלובק 500 גרם,נקניק זוגלובק נהריה,,נאגטס מן הצומח 500גר,,500.00,100 גרם,false,,24.90,0.0498,true,1,249299
7290109580432,false,פסטרמה חזה הודו מעושן דק דק זוגלובק 120 גרם,נקניק זוגלובק נהריה,,פסטרמה בדחזה הודו מע,,120.00,100 מ'ל,false,,14.90,0.1242,true,1,249297
7290109580449,false,סלמי בטעם כמהין פרימיום זוגלובק 180 גרם,נקניק זוגלובק נהריה,,סלמי בטעם כמהין פרימ,,180.00,100 גרם,false,,24.90,0.1383,true,1,249298
7290109920146,false,"דורגול מסיר אבנית מקומקומים 750 מ""ל",יעקב יעקבי ובניו בע`מ,,דורגול מסיר אבנית 75,,750.00,"100 מ""ל",false,,19.90,0.0265,true,1,183617
7290109920313,false,"אסטוניש מרסס לניקוי חלונות 750 מ""ל","יעקב יעקבי ובניו בע""מ",,אסטוניש מרסס מבריק ש,,750.00,"100 מ""ל",false,,15.90,0.0212,true,1,222081
7290109920597,false,"אסטוניש - מרסס לניקוי המקלחון 750 מ""ל",יעקב יעקבי ובניו בע`מ,,אסטוניש מרסס למקלחון,,750.00,100 גרם,false,,15.90,0.0212,true,1,222083
7290109920627,false,"אסטוניש קרם ואקונומיקה לניקוי אמבטיות 500 מ""ל",יעקב יעקבי ובניו בע`מ,,אסטוניש קרם אמבט אקו,,500.00,"100 מ""ל",false,,19.90,0.0398,true,1,223432
7290109920658,false,"אסטוניש - מרסס אנטי בקטריאלי למטבח 750 מ""ל",יעקב יעקבי ובניו בעמ,,אסטוניש אנטי בקטריאל,,750.00,"100 מ""ל",false,,15.90,0.0212,true,1,222084
7290109920757,false,הפי מרכך כביסה מרוכז 1 ליטר ורדים יעקובי,"יעקב יעקבי ובניו בע""מ",,הפי מרכך כביסה מרוכז,,1000.00,"100 מ""ל",false,,10.90,0.0109,true,1,222076
7290109920849,false,"אסטוניש - מרסס לניקוי כללי בניחוח תפוז 750 מ""ל",יעקב יעקבי ובניו בע`מ,,אסטוניש תפוז לניקוי,,750.00,100 גרם,false,,15.90,0.0212,true,1,222086
7290109920917,false,"ג'ל לניקוי אסלה עם כלור הפי 750 מ""ל","יעקב יעקבי ובניו בע""מ",,ג'ל ניקוי האסלה הפי,,750.00,"100 מ""ל",false,,10.90,0.0145,true,1,225072
7290109921129,false,מרכך כביסה סופר מרוכז בניחות סיגליות 1 ל' יעקבי,"יעקב יעקבי ובניו בע""מ",,הפי מרכך כביסה סופר,,1000.00,"100 מ""ל",false,,10.90,0.0109,true,1,224744
7290109921563,false,רצפות שיש מבריק ואינו מחליק,וונדפוט,,יעקובי רצפות שיש מבר,,1250.00,100 מ'ל,false,,14.90,0.0119,true,1,233382
7290109921587,false,רצפות גרניט פורצלן ייבוש מהיר ללא סימנים,"יעקב יעקבי ובניו בע""מ",,הפי לרצפית גרנית פור,,1250.00,"100 מ""ל",false,,14.90,0.0119,true,1,233384
7290109923031,false,"אסטוניש מרסס פרימיום ארומטיק למקלחון 750 מ""ל","יעקב יעקבי ובניו בע""מ",,אסטוניש מרסס פרמיום,,750.00,"100 מ""ל",false,,15.90,0.0212,true,1,248384
7290109923048,false,"אסטוניש מרסס פרימיום ארומטיק לכל הבית 750 מ""ל","יעקב יעקבי ובניו בע""מ",,אסטוניש מרסס פרמיום,,750.00,"100 מ""ל",false,,15.90,0.0212,true,1,248385
7290109923147,false,אסטוניש מהדורה פרימיום פלא של אקונומיקה,יעקב יעקבי ובניו בע`מ,,אסטוניש מרסס פלא של,,750.00,100 גרם,false,,15.90,0.0212,true,1,249058
7290110058852,false,שלישיית ביצי שוקולד,,,שלישיית ביצי שוקולד,יחידה,0.00,יחידה,false,,13.90,0.0000,true,1,224291
7290110110277,false,"סומרסבי סיידר תפוחים אלכוהולי 4*300 מ""ל",החברה המרכזית להפצת משקאות בעמ,,סיידר סומרסבי רביעיי,,1320.00,"100 מ""ל",false,,37.90,0.0287,true,1,224313
7290110110369,false,"שישייה בירה קרלסברג LUMA בקבוק 330 מ""ל",החברה המרכזית להפצת משקאות בעמ,,*מבצע* בירה קרלסברג,,1980.00,"100 מ""ל",false,,34.90,0.0176,true,1,242925
7290110110659,false,"ספרייט לימון ליים פחית 330מ""ל",החברה המרכזית להפצת משקאות בעמ,,"ספרייט סליק 330 מ""ל",,330.00,"100 מ""ל",false,,6.50,0.0197,true,1,223645
7290110110703,false,מארז ספרייט שישייה פחיות FRIDGE PACK,החברה המרכזית להפצת משקאות בעמ,,ספרייט מארז פחיות 6*,,1980.00,"100 מ""ל",false,,28.90,0.0146,true,1,223644
7290110111809,false,"מארז פחיות פאנטה אורנג' שישייה 330 מ""ל",החברה המרכזית לייצור משק,,פאנטה אורנג' פחיות ש,,1980.00,"100 מ""ל",false,,28.90,0.0146,true,1,227217
7290110113261,false,נקטר חמוציות 19 קלוריות SPRAY OCEAN פריגת 1 ליטר,החברה המרכזית להפצת משקאות בעמ,,אושן ספריי 19 קלוריו,,1000.00,"100 מ""ל",false,,13.50,0.0135,true,1,247432
7290110114787,false,נביעות+ מים מינרליים בטעם תפוח 1.5 ליטר,החברה המרכזית להפצת משקאות בעמ,,נביעות+ תפוח 1.5ליטר,,1500.00,"100 מ""ל",false,,9.90,0.0066,true,1,247659
7290110114794,false,נביעות+ מים מינרליים בטעם אפרסק 1.5 ליטר,החברה המרכזית להפצת משקאות בעמ,,נביעות+ אפרסק 1.5ליט,,1500.00,"100 מ""ל",false,,9.90,0.0066,true,1,247660
7290110114800,false,נביעות+ מים מינרליים בטעם ענבים 1.5 ליטר,החברה המרכזית להפצת משקאות בעמ,,נביעות+ ענבים 1.5ליט,,1500.00,100 גרם,false,,9.90,0.0066,true,1,247661
7290110114855,false,"נביעות מים מינרליים, שישיה 6 * 1.5 ליטר פקדון",החברה המרכזית להפצת משקאות בעמ,,נביעות שישייה 6*1.5ל,,9000.00,100 גרם,false,,13.70,0.0015,true,1,247530
7290110114893,false,מיץ תפוזים מפוסטר סחוט 2 ליטר,החברה המרכזית טלהפצת משקאות בע,,סחוט תפוז 2ליטר,,2000.00,100 גרם,false,,29.90,0.0150,true,1,247524
7290110114954,false,מיץ תפוזים מתקתקים פריגת 2 ליטר,החברה המרכזית טלהפצת משקאות בע,,סחוט 2ליטר מתקתק 100,,2000.00,100 גרם,false,,24.90,0.0125,true,1,247527
7290110114961,false,משקה קל בטעם תפוזים פריגת (1.5 ליטר),החברה המרכזית להפצת משקאות בעמ,,משקה קל בטעם תפוזים,,1500.00,100 גרם,false,,9.90,0.0066,true,1,247666
7290110114985,false,משקה קל בטעם אשכוליות פריגת (1.5 ליטר),החברה המרכזית להפצת משקאות בעמ,,משקה קל בטעם אשכוליו,,1500.00,100 גרם,false,,9.90,0.0066,true,1,247668
7290110114992,false,משקה קל בטעם אשכוליות לייט פריגת (1.5 לי,החברה המרכזית להפצת משקאות בעמ,,פריגת אשכולית לייט 1,,1500.00,"100 מ""ל",false,,9.90,0.0066,true,1,247669
7290110115005,false,משקה קל בטעם ענבים פריגת (1.5 ליטר),החברה המרכזית להפצת משקאות בעמ,,משקה קל בטעם ענבים פ,,1500.00,100 גרם,false,,9.90,0.0066,true,1,247670
7290110115029,false,משקה קל בטעם תפוחים פריגת (1.5 ליטר),החברה המרכזית להפצת משקאות בעמ,,פריגת משקה קל תפוחים,,1500.00,100 גרם,false,,9.90,0.0066,true,1,247672
7290110115036,false,משקה קל בטעם מנגו פריגת (1.5 ליטר),החברה המרכזית להפצת משקאות בעמ,,פריגת משקה קל מנגו,,1500.00,100 גרם,false,,9.90,0.0066,true,1,247673
7290110115043,false,משקה קל בטעם לימונענע פריגת (1.5 ליטר),החברה המרכזית להפצת משקאות בעמ,,משקה קל בטעם לימונענ,,1500.00,100 גרם,false,,9.90,0.0066,true,1,247674
7290110115050,false,משקה קל בטעם תות בננה פריגת (1.5 ליטר),החברה המרכזית להפצת משקאות בעמ,,פריגת משקה קל תות-בנ,,1500.00,100 גרם,false,,9.90,0.0066,true,1,247675
7290110115081,false,פריגת צלול ענבים 1.5 ליטר פיקדון,החברה המרכזית להפצת משקאות בעמ,,פריגת צלול ענבים 1.5,,1500.00,"100 מ""ל",false,,9.90,0.0066,true,1,247679
7290110115104,false,פריגת צלול אפרסק 1.5 ליטר פיקדון,החברה המרכזית להפצת משקאות בעמ,,פריגת צלול אפרסק 1.5,,1500.00,"100 מ""ל",false,,9.90,0.0066,true,1,247681
7290110115111,false,פריגת צלול אננס 1.5 ליטר פיקדון,החברה המרכזית להפצת משקאות בעמ,,פריגת צלול אננס 1.5,,1500.00,"100 מ""ל",false,,9.90,0.0066,true,1,247682
7290110115128,false,פריגת צלול בטעם לימונענע 1.5 ליטר פיקדון,החברה המרכזית להפצת משקאות בעמ,,פריגת צלול בטעם לימו,,1500.00,"100 מ""ל",false,,9.90,0.0066,true,1,247683
7290110115180,false,נביעות מים מינרלים שקט 1.5 ליטר פיקדון,החברה המרכזית להפצת משקאות בעמ,,נביעות 1.5 ליטר,,1500.00,100 גרם,false,,2.90,0.0019,true,1,247762
7290110115203,false,קוקה קולה 1.5 ליטר פיקדון,החברה המרכזית להפצת משקאות בעמ,,קוקה קולה 1.5 ליטר,,1500.00,100 גרם,false,,8.90,0.0059,true,1,247536
7290110115210,false,קוקה קולה דיאט 1.5 ליטר פיקדון,החברה המרכזית להפצת משקאות בעמ,,קוקה קולה דיאט 1.5ל,,1500.00,"100 מ""ל",false,,8.90,0.0059,true,1,247537
7290110115227,false,קוקה קולה Zero בקבוק 1.5 ליטר פיקדון,החברה המרכזית להפצת משקאות בעמ,,קוקה קולה זירו בקבוק,,1500.00,100 גרם,false,,8.90,0.0059,true,1,247538
7290110115234,false,קוקה קולה דיאט זירו 1.5 ליטר פיקדון,החברה המרכזית להפצת משקאות בעמ,,קוקה קולה זירו נטול,,1500.00,100 גרם,false,,8.90,0.0059,true,1,247539
7290110115241,false,קוקה קולה דיאט לימון 1.5 ליטר פיקדון,החברה המרכזית להפצת משקאות בעמ,,קוקה קולה זירו לימון,,1500.00,100 גרם,false,,8.90,0.0059,true,1,247540
7290110115265,false,ספרייט לימון ליים 1.5 ליטר-,החברה המרכזית להפצת משקאות בעמ,,ספרייט ליים 1.5ליטר,,1500.00,100 גרם,false,,8.90,0.0059,true,1,247634
7290110115272,false,ZERO ספרייט 1.5 ליטר פיקדון,החברה המרכזית להפצת משקאות בעמ,,ספרייט זירו 1.5ליטר,,1500.00,100 גרם,false,,8.90,0.0059,true,1,247635
7290110115289,false,ספרייט 19 קל' לימון-נענע 1.5 ליטר פיקדון,החברה המרכזית להפצת משקאות בעמ,,ספרייט 19 קלוריות לי,,1500.00,"100 מ""ל",false,,8.90,0.0059,true,1,247638
7290110115296,false,גזוז בטעם תפוז פאנטה 1.5 ליטר פיקדון,החברה המרכזית להפצת משקאות בעמ,,פאנטה אורנג 1.5ליטר,,1500.00,100 גרם,false,,8.90,0.0059,true,1,247687
7290110115302,false,משקה מוגז אורנג' זירו פאנטה 1.5 ליטר,החברה המרכזית להפצת משקאות בעמ,,פאנטה זירו אורנג 1.5,,1500.00,"100 מ""ל",false,,8.90,0.0059,true,1,247688
7290110115319,false,פאנטה אקזוטי פירות טרופיים 1.5ל פיקדון,החברה המרכזית להפצת משקאות בעמ,,פאנטה אקזוטיק 1.5ליט,,1500.00,100 גרם,false,,8.90,0.0059,true,1,247689
7290110115333,false,גזוז בטעם תות פאנטה 1.5 ליטר פיקדון,החברה המרכזית להפצת משקאות בעמ,,פאנטה תות 1.5ליטר,,1500.00,"100 מ""ל",false,,8.90,0.0059,true,1,247691
7290110115340,false,פאנטה ענבים 1.5 ליטר פיקדון,החברה המרכזית להפצת משקאות בעמ,,פאנטה ענבים 1.5ליטר,,1500.00,"100 מ""ל",false,,8.90,0.0059,true,1,247692
7290110115357,false,קינלי סודה 1.5 ליטר פיקדון,החברה המרכזית להפצת משקאות בעמ,,קינלי סודה 1.5ליטר,,1500.00,100 גרם,false,,4.50,0.0030,true,1,247639
7290110115364,false,שישייה קוקה קולה 1.5 ליטר פיקדון,החברה המרכזית להפצת משקאות בעמ,,קוקה קולה שישייה 6*1,,9000.00,100 גרם,false,,49.90,0.0055,true,1,247542
7290110115388,false,ספרייט לימון ליים 1.5 ליטר מארז שישייה,החברה המרכזית להפצת משקאות בעמ,,ספרייט ליים שישייה 6,,9000.00,"100 מ""ל",false,,49.90,0.0055,true,1,247685
7290110115395,false,ספרייט זירו שישיות 1.5 ליטר פיקדון,החברה המרכזית להפצת משקאות בעמ,,ספרייט זירו שישייה 6,,9000.00,100 גרם,false,,49.90,0.0055,true,1,247686
7290110115401,false,קינלי סודה שישייה 1.5 ליטר פיקדון,החברה המרכזית להפצת משקאות בעמ,,קינלי סודה מארז שישי,,9000.00,"100 מ""ל",false,,21.70,0.0024,true,1,247694
7290110115418,false,קוקה קולה זירו 1.5 ליטר מארז שישייה,החברה המרכזית להפצת משקאות בעמ,,קוקה קולה זירו שישיי,,9000.00,100 גרם,false,,49.90,0.0055,true,1,247633
7290110115425,false,FUZE TEA גרין לימונענע -נענע 1.5 ליטר פיקדון,החברה המרכזית להפצת משקאות בעמ,,פיוז טי גרין לימון נ,,1500.00,"100 מ""ל",false,,10.90,0.0073,true,1,247641
7290110115449,false,פיוז-טי תה מנגו אננס 1.5 ליטר פיקדון,החברה המרכזית להפצת משקאות בעמ,,פיוז טי מנגו אננס 1.,,1500.00,100 גרם,false,,10.90,0.0073,true,1,247643
7290110115456,false,פיוז-טי תה אפרסק 1.5 ליטר 19 קל פיקדון,החברה המרכזית להפצת משקאות בעמ,,פיוז טי אפרסק 19קלור,,1500.00,"100 מ""ל",false,,10.90,0.0073,true,1,247644
7290110115463,false,פיוז-טי תה אפרסק 1.5 ליטר פיקדון,החברה המרכזית להפצת משקאות בעמ,,פיוז טי אפרסק 1.5ליט,,1500.00,100 גרם,false,,10.90,0.0073,true,1,247645
7290110115494,false,תה קר בטעם ענבים פיוז טי 1.5 ליטר,החברה המרכזית להפצת משקאות בעמ,,פיוז טי ענבים 1.5ליט,,1500.00,"100 מ""ל",false,,10.90,0.0073,true,1,247647
7290110115500,false,שישיית קוקה קולה 2 ל,קוקה קולה,,קוקה קולה שישיות 6*2,,12000.00,"100 מ""ל",false,,59.90,0.0050,true,1,247636
7290110115517,false,שישייה קוקה קולה זירו 2 ליטר,,,קוקה קולה זירו שישיו,,12000.00,"100 מ""ל",false,,59.90,0.0050,true,1,247637
7290110115593,false,פריגת אשכוליות 40% פחות סוכר 1.5 ליטר פיקדון,החברה המרכזית להפצת משקאות בעמ,,פריגת אשכולית 40% פח,,1500.00,"100 מ""ל",false,,9.90,0.0066,true,1,247678
7290110115616,false,פיוז-טי תה גרין אננס זירו 1.5 ליטר פיקדו,החברה המרכזית להפצת משקאות בעמ,,פיוז טי זירו גרין אנ,,1500.00,"100 מ""ל",false,,10.90,0.0073,true,1,247650
7290110115623,false,פיוז-טי תה אפרסק זירו 1.5 ליטר פיקדון,החברה המרכזית להפצת משקאות בעמ,,פיוז טי זירו אפרסק 1,,1500.00,"100 מ""ל",false,,10.90,0.0073,true,1,247651
7290110115777,false,מים מינרליים נביעות 1.5 ל,נביעות,,נביעות 1.5 ליטר,,1500.00,100 גרם,false,,2.90,0.0019,true,1,247763
7290110115821,false,"ספרייט לימון, 1.5 ליטר פקדון",כלורוקס אוקלנד,,ספרייט ליים 1.5ליטר,,1500.00,"100 מ""ל",false,,8.90,0.0059,true,1,247780
7290110115838,false,ספרייט לימון- ליים 1.5 ליטר,"אינסטנטה בע""מ",,ספרייט זירו 1.5ליטר,,1500.00,100 גרם,false,,8.90,0.0059,true,1,247781
7290110115845,false,קוקה קולה 1.5 ליטר פיקדון,"אינסטנטה בע""מ",,קוקה קולה 1.5 ליטר,,1500.00,100 גרם,false,,8.90,0.0059,true,1,247758
7290110115852,false,דיאט קוקה קולה 1.5 ליטר -,תות תעשיות מזון (201,,קוקה קולה דיאט 1.5ל,,1500.00,"100 מ""ל",false,,8.90,0.0059,true,1,247782
7290110115869,false,קוקה קולה זירו 1.5 ליטר פיקדון,תות תעשיות מזון (201,,קוקה קולה זירו בקבוק,,1500.00,100 גרם,false,,8.90,0.0059,true,1,247759
7290110115876,false,קינלי סודה 1.5ליטר-,"אינסטנטה בע""מ",,קינלי סודה 1.5ליטר,,1500.00,"100 מ""ל",false,,4.50,0.0030,true,1,247783
7290110115968,false,קוקה קולה 1 ליטר חדש,החברה המרכזית להפצת משקאות בע`,,קוקה קולה 1ליטר,,1000.00,100 גרם,false,,7.50,0.0075,true,1,248362
7290110115975,false,קוקה קולה זירו בקבוק,החברה המרכזית להפצת משקאות בע`,,קוקה קולה זירו 1ליטר,,1000.00,"100 מ""ל",false,,7.50,0.0075,true,1,248368
7290110116064,false,פאנטה זירו בטעם פירות ירוק 1.5 ל פיקדון,החברה המרכזית להפצת משקאות בעמ,,פאנטה זירו פירות ירו,,1500.00,"100 מ""ל",false,,8.90,0.0059,true,1,249295
7290110116194,false,נביעות+ סדרת 0 קלוריות לימון-ליים 1.5 ליטר,החברה המרכזית להפצת משקאות בעמ,,נביעות+לימון ליים 0,,1500.00,"100 מ""ל",false,,10.90,0.0073,true,1,249935
7290110116217,false,נביעות+ סדרת 0 קלוריות אשכוליות 1.5 ליטר,החברה המרכזית להפצת משקאות בעמ,,נביעות+אשכולית 0 קלו,,1500.00,"100 מ""ל",false,,10.90,0.0073,true,1,249936
7290110116484,false,פריגת סחוט מיקס תות בננה 1ליטר,*החברה המרכזית להפצת משקאותבעמ,,פריגת סחוט מיקס תות,,1000.00,"100 מ""ל",false,,19.90,0.0199,true,1,250784
7290110116491,false,פריגת סחוט מיקס אפרסק משמש 1ליטר,*החברה המרכזית להפצת משקאותבעמ,,פריגת סחוט מיקס אפרס,,1000.00,"100 מ""ל",false,,19.90,0.0199,true,1,250785
7290110116507,false,פריגת סחוט מיקס אננס בננה אגס 1ליטר,*החברה המרכזית להפצת משקאותבעמ,,פריגת סחוט מיקס אננס,,1000.00,"100 מ""ל",false,,19.90,0.0199,true,1,250786
7290110116552,false,ספרייט לימון היט 1.5 ליטר LIME פיקדון,החברה המרכזית להפצת משקאות בעמ,,ספרייט למון היט 1.5ל,,1500.00,"100 מ""ל",false,,8.90,0.0059,true,1,250652
7290110116569,false,ספרייט זירו 1.5 ליטר LEMON HIT פיקדון,החברה המרכזית להפצת משקאות בעמ,,ספרייט למון היט זירו,,1500.00,"100 מ""ל",false,,8.90,0.0059,true,1,250653
7290110320591,false,גבינה בולגרית במרקם מעודן 16% פיראוס,"תנובה בע""מ ***",,בולגרית 16% במרקם מע,,250.00,100 גרם,false,,23.70,0.0948,true,1,220242
7290110320683,false,שמיניית משקה יוגורט 1.5% טעם תות יופלה 107 גרם,מיוצר עי קונדיטוריית,,יופלה משקה 360 בטעם,,856.00,100 גרם,false,,17.70,0.0207,true,1,221796
7290110320850,false,פתיתים גבינה חצי קשה מגורדת 28% שומן,תנובה מרכז שיתופי לש,,פתיתי עמק 200גר,,200.00,100 גרם,false,,15.60,0.0780,true,1,221922
7290110320867,false,פתיתים גבינה חצי קשה מגורדת 28% שומן,תנובה מרכז שיתופי לש,,פתיתי עמק גבינה צהוב,,500.00,100 גרם,false,,35.50,0.0710,true,1,222895
7290110321277,false,קוטג' בקטנה 5% תנובה 100 גרם מהדרין,פארייפאבה אגרואינדוס,,קוטג בקטנה 5% מהדרין,,100.00,"100 מ""ל",false,,2.90,0.0290,true,1,222856
7290110321284,false,קוטג' בקטנה 9% תנובה 100 גרם מהדרין,פארייפאבה אגרואינדוס,,קוטג בקטנה 9% מהדרין,,100.00,"100 מ""ל",false,,2.90,0.0290,true,1,222857
7290110321680,false,יוגורט GO בטעם תות 20 גרם חלבון בגביע,מיוצר עי קונדיטוריית,,יופלה GO תות 200 גרם,,200.00,100 גרם,false,,5.80,0.0290,true,1,223050
7290110321697,false,יוגורט GO בטעם אפרסק 20 גרם חלבון בגביע,מיוצר עי קונדיטוריית,,יופלה GO אפרסק 200 ג,,200.00,100 גרם,false,,5.80,0.0290,true,1,223051
7290110321703,false,יוגורט עם פירות יער בתוספת חלבוני חלב 2% שומן,מיוצר עי קונדיטוריית,,יופלה גו פירות יער 2,,200.00,"100 מ""ל",false,,5.80,0.0290,true,1,224672
7290110321789,false,גבינת מסקרפונה 38% שומן 250 גר`השף הלבן,"תנובה בע""מ ***",,גבינה מסקרפונה 38% ה,,250.00,100 גרם,false,,19.90,0.0796,true,1,223965
7290110322014,false,טופו בטעם טבעי תנובה ALTERNATIVE,שוורצקוף& הנקל דיסלד,,טופו טבעי 300 גרם,,300.00,100 גרם,false,,12.40,0.0413,true,1,224673
7290110322021,false,"תנובה טופו בזיליקום 300 גר' בד""צ",שוורצקוף& הנקל דיסלד,,טופו בזיליקום 300 גר,,300.00,100 גרם,false,,12.40,0.0413,true,1,224674
7290110322038,false,טופו בטעם פיקנטי 300 גר`תנובה,"תנובה בע""מ ***",,טופו פיקנטי 300 גרם,,300.00,100 גרם,false,,12.40,0.0413,true,1,224675
7290110322946,false,יופלה טיוב יוגורט במרקם חלק בטעם תות בננה כשרות רבנות 348 ג',תנובה - חלב,,יופלה טיוב יוגורט במ,,348.00,100 גרם,false,,12.30,0.0353,true,1,225644
7290110323073,false,"משקה יוגורט יופלה גו תות פטל 250 מ""ל - רבנות",מיוצר עי קונדיטוריית,,משקה יוגורט מועשר בח,,250.00,"100 מ""ל",false,,6.40,0.0256,true,1,225269
7290110323585,false,יופלה יוגורט עם דובדבן מופחת קלוריות 200 ג' GO,"תנובה בע""מ ***",,יופלה GO יוגורט עם ד,,200.00,100 גרם,false,,5.80,0.0290,true,1,225897
7290110323592,false,יופלה יוגורט עם אפרסק מופחת קלוריות 200 ג' GO,תנובה בעמ ***,,יופלה GO יוגורט עם א,,200.00,100 גרם,false,,5.80,0.0290,true,1,225898
7290110323714,false,משקה קוקוס שקדים תנובה E אלטרנטיב,מיוצר עי קונדיטוריית,IL,משקה קוקוס שקדים 1 ל,,1000.00,"100 מ""ל",false,,12.50,0.0125,true,1,226405
7290110324353,false,יוגורט GO לייט בטעם אננס 20 גרם חלבון בגביע,מיוצר עי קונדיטוריית,,יופלה GO לייט בטעם א,,200.00,100 גרם,false,,5.80,0.0290,true,1,227062
7290110324551,false,יופלה טיוב יוגורט במרקם חלק תות כשרות מהדרין,"תנובה בע""מ ***",,יופלה טיוב יוגורט במ,,348.00,100 גרם,false,,12.30,0.0353,true,1,226746
7290110324711,false,ממרח סויה 9% שומן בטעם טבעי תנובה 250 גרם,מיוצר עי קונדיטוריית,,ממרח סויה 9% בטעם טב,,250.00,100 גרם,false,,8.90,0.0356,true,1,227691
7290110324728,false,ממרח סויה 9% שומן עם שום שמיר תנובה 250 גרם,מיוצר עי קונדיטוריית,,ממרח סויה 9% עם שום,,250.00,100 גרם,false,,8.90,0.0356,true,1,227692
7290110324858,false,מעדן שקדים בטעם אגוזי לוז תנובה 125 גרם,מיוצר עי קונדיטוריית,,מעדן שקדים בטעם אגוז,,125.00,100 גרם,false,,4.20,0.0336,true,1,233691
7290110324872,false,גבינה צהובה גלבוע (5% 200 גר`)תנובה,גלבוע - תנובה,,גבינה גלבוע 200גר 5%,,200.00,100 גרם,false,,18.50,0.0925,true,1,233687
7290110324926,false,משקה סויה ללא תוספת סוכר E אלטרנטיב,תנובה מרכז שיתופי לש,,משקה סויה ללא תוספת,,1000.00,"100 מ""ל",false,,10.90,0.0109,true,1,233434
7290110325084,false,מאגדת שמינייה מיני קרלו שוניל 8*100גרם,"תנובה בע""מ ***",,מאגדת שמינייה מיני ק,,800.00,"100 מ""ל",false,,14.50,0.0181,true,1,229654
7290110325114,false,"משקה יוגורט יופלה גו לייט תות בננה 250 מ""ל - רבנות",מיוצר עי קונדיטוריית,,משקה יוגורט גו לייט,,250.00,"100 מ""ל",false,,6.40,0.0256,true,1,229655
7290110325121,false,"משקה יוגורט יופלה גו לייט מנגו אננס 250 מ""ל",תנובה בעמ ***,,משקה יוגורט גו לייט,,250.00,"100 מ""ל",false,,6.40,0.0256,true,1,229656
7290110325169,false,פרוסות גאודה 170 גר`קולקשיין תנובה,תנובה בעמ ***,,פרוסות גאודה 170 גרם,,170.00,100 גרם,false,,18.70,0.1100,true,1,241913
7290110325312,false,יופלה GO סויה 20 גרם חלבון בטעם תות תנובה 200 גרם,תנובה בעמ ***,,מעדן סויה גו בטעם תו,,200.00,"100 מ""ל",false,,5.70,0.0285,true,1,233694
7290110325619,false,משקה שיבולת שועל תנובה E אלטרנטיב,מיוצר עי קונדיטוריית,IL,משקה שיבולת שועל 1 ל,,1000.00,"100 מ""ל",false,,12.50,0.0125,true,1,240646
7290110325701,false,פיראוס צזיקי יווני 9% שומן בשיטת יצור מסורתית על בסיס יוגורט,גוד פוד פרודקטס S.p,,פיראוס צזיקי יווני 9,,250.00,100 גרם,false,,12.90,0.0516,true,1,241057
7290110325893,false,משקה חלב GO מועשר בחלבון בטעם אייס קפה,מיוצר עי קונדיטוריית,,משקה חלב גו אייס קפה,,340.00,"100 מ""ל",false,,7.90,0.0232,true,1,240644
7290110326210,false,יופלה און טופ פצפוצים תנובה 157 גרם,מיוצר עי קונדיטוריית,,יופלה און טופ פצפוצי,,157.00,100 גרם,false,,4.80,0.0306,true,1,241905
7290110326227,false,יופלה און טופ קורנפלקס תנובה 157 גרם,מיוצר עי קונדיטוריית,,יופלה און טופ קורנפל,,157.00,100 גרם,false,,4.80,0.0306,true,1,241911
7290110326234,false,יופלה און טופ כוכבים תנובה 157 גרם,מיוצר עי קונדיטוריית,,יופלה און טופ כוכבים,,157.00,100 גרם,false,,4.80,0.0306,true,1,241907
7290110326241,false,יופלה און טופ גרנולה תנובה 157 גרם,מיוצר עי קונדיטוריית,,יופלה און טופ גרנולה,,157.00,"100 מ""ל",false,,4.80,0.0306,true,1,241908
7290110326333,false,פרוסות גבינה סקנדינבית 170 גר`קולקשיין,"תנובה בע""מ ***",,פרוסות גבינה סקנדינב,,170.00,100 גרם,false,,18.50,0.1088,true,1,243764
7290110326906,false,חלב נטול לקטוז 3% שומן( 1 ליטר)תנובה,מיוצר עי קונדיטוריית,,חלב נטול לקטוז 3% 1ל,,1000.00,"100 מ""ל",false,,7.60,0.0076,true,1,243781
7290110327033,false,משקה סויה תנובה גו מועשר בחלבון במתיקות מופחתת,מיוצר עי קונדיטוריית,IL,משקה סויה תנובה גו ח,,1000.00,"100 מ""ל",false,,12.50,0.0125,true,1,243398
7290110327514,false,alternative משקה שיבולת שועל בטעם אגוזי לוז תנובה 1 ליטר,תנובה מרכז שיתופי לש,IL,משקה שיבולת שועל בטע,,1000.00,"100 מ""ל",false,,12.50,0.0125,true,1,246299
7290110327545,false,יופלה און טופ בטעם תות בתוספת פצפוצים מצופים שוקולד 157 גרם,מיוצר עי קונדיטוריית,,יופלה און טופ תות בת,,157.00,100 גרם,false,,4.80,0.0306,true,1,244189
7290110327798,false,חטיף חלבון GO - שוקולד 60 ג' חלב נוכרי - רבנות,"בלמונט קונפקציות בע""\מ.",,חטיף חלבון גו בטעם ש,יחידה,0.00,יחידה,false,,11.90,0.0000,true,1,246011
7290110327804,false,חטיף חלבון GO - עוגיות 60 ג' חלב נוכרי - רבנות,"בלמונט קונפקציות בע""\מ.",,חטיף חלבון גו בטעם ע,יחידה,0.00,יחידה,false,,11.90,0.0000,true,1,246012
7290110327828,false,חטיף חלבון GO - חמאת בוטנים 60 ג' חלב נוכרי - רבנות,"בלמונט קונפקציות בע""\מ.",,חטיף חלבון גו בטעם ח,יחידה,0.00,יחידה,false,,11.90,0.0000,true,1,246014
7290110328610,false,משקה אורז ושקדים בריסטה אלטרנטיב 1 ליטר,תנובה Alternative,IL,משקה אורז ושקדים ברי,,1000.00,"100 מ""ל",false,,12.50,0.0125,true,1,249048
7290110328627,false,יוגורט יופלה GO במרקם סמיך בטעם בננה קרמל 0%,מיוצר עי קונדיטוריית,IL,יוגורט גו סמיך 0% בנ,,200.00,100 גרם,false,,5.90,0.0295,true,1,245929
7290110328641,false,טופו טבעי 500 גר`אלטרנטיב 2*250 גר`,"תנובה בע""מ ***",,טופו טבעי מארז 2*250,,500.00,100 גרם,false,,19.90,0.0398,true,1,246401
7290110328764,false,יוגורט יופלה GO במרקם סמיך עם תות 0%,מיוצר עי קונדיטוריית,IL,יוגורט גו סמיך 0% תו,,200.00,100 גרם,false,,5.90,0.0295,true,1,245930
7290110328771,false,יוגורט יופלה GO במרקם סמיך עם פירות יער 0%,מיוצר עי קונדיטוריית,IL,יוגורט גו סמיך 0% פי,,200.00,100 גרם,false,,5.90,0.0295,true,1,245931
7290110328788,false,יוגורט יופלה GO במרקם סמיך בטעם אפרסק 0%,תנובה מרכז שיתופי לש,IL,יוגורט גו סמיך 0% אפ,,200.00,100 גרם,false,,5.90,0.0295,true,1,245932
7290110329266,false,יוגורט תנובה מחלב עיזים מלא תנובה 140 ג',תנובה בעמ ***,,יוגורט תנובה מחלב עי,,140.00,"100 מ""ל",false,,6.10,0.0436,true,1,246297
7290110329273,false,יוגורט תנובה מחלב עיזים מלא 750 גרם,תנובה בעמ ***,,יוגורט תנובה מחלב עי,,750.00,"100 מ""ל",false,,21.90,0.0292,true,1,246298
7290110329303,false,פרוסות בטעם צהובה קלאסית אלטרנטיב 200 גר,תנובה Alternative,,פרוסות בטעם גבינה צה,,200.00,100 גרם,false,,21.50,0.1075,true,1,246300
7290110329426,false,טופו טבעי עם רוטב קרם קוקוס קארי פיקנטי 250 גרם,תנובה - חלב,,טופו טבעי עם רוטב קר,,250.00,100 גרם,false,,13.90,0.0556,true,1,249049
7290110329433,false,טופו טבעי עם רוטב סצ'ואן אלטרנטיב 250 גרם,תנובה - חלב,,טופו טבעי עם רוטב סצ,,250.00,100 גרם,false,,13.90,0.0556,true,1,249050
7290110329686,false,משקה GO חלב בטעם עוגיות 27 גר`חלבון,מיוצר עי קונדיטוריית,,משקה חלב גו בטעם עוג,,340.00,"100 מ""ל",false,,7.90,0.0232,true,1,247318
7290110329716,false,משקה חלב קר בטעם קפוצ'ינו 230 גרם תנובה,תנובה מרכז שיתופי לש,,משקה קפה קר בטעם קפו,,230.00,100 גרם,false,,7.90,0.0343,true,1,248939
7290110329723,false,משקה חלב קר בטעם לאטה 230 גרם תנובה,תנובה מרכז שיתופי לש,,משקה קפה קר בטעם לאט,,230.00,100 גרם,false,,7.90,0.0343,true,1,248940
7290110329730,false,"משקה חלב עם שוקולד וקפה בסגנון לאטה 2.7%  230 מ""ל תנובה",תנובה מרכז שיתופי לש,,משקה חלב עם שוקולד ו,,230.00,"100 מ""ל",false,,7.90,0.0343,true,1,248941
7290110329792,false,יוגורט סויה BIO Alternative אפרסק 150 ג' תנובה,מיוצר עי קונדיטוריית,,סויה ביו אפרסק 150 ג,,150.00,100 גרם,false,,4.70,0.0313,true,1,247828
7290110329808,false,יוגורט סויה BIO Alternative תות 150 ג' תנובה,מיוצר עי קונדיטוריית,,סויה ביו תות 150 ג א,,150.00,100 גרם,false,,4.70,0.0313,true,1,247824
7290110329815,false,סויה BIO מתיקות מעודנת גביע 150 גרם אלטרנטיב,מיוצר עי קונדיטוריית,,סויה ביו מתיקות מעוד,,150.00,100 גרם,false,,4.70,0.0313,true,1,247825
7290110329822,false,יוגורט סויה BIO Alternative פירות יער 150 ג' תנובה,מיוצר עי קונדיטוריית,,סויה ביו פירות יער ג,,150.00,100 גרם,false,,4.70,0.0313,true,1,247826
7290110329839,false,פרוסות צהובה בטעם זיתים 200 ג' אלטרנטיב אלטרנטיב,מיוצר עי קונדיטוריית,,פרוסות צהובה בטעם זי,,200.00,100 גרם,false,,21.50,0.1075,true,1,247818
7290110329846,false,יוגורט סויה BIO Alternative בטעם טבעי 150 ג' תנובה,מיוצר עי קונדיטוריית,,סויה ביו טבעי 150 גר,,150.00,100 גרם,false,,4.70,0.0313,true,1,247829
7290110329914,false,מאגדת משקה שיבולת שועל ושקדים 100 גרם*6 יח' ביו אלטרנטיב,תנובה מרכז שיתופי לש,,מאגדת משקה שיבולת שו,,600.00,100 גרם,false,,21.50,0.0358,true,1,249047
7290110550202,false,מטבעות שוקולד חלב לאפיה 400 גרם עלית,שטראוס גרופ בע`מ,,מטבעות שוקולד חלב לא,,400.00,100 גרם,false,,29.90,0.0747,true,1,248788
7290110550363,false,"פריכיות משולשות תירס, אורז שיבולת שועל, קינואה",אנרג'י Energy - שטראוס,,אנרג'י פריכיות משולש,,65.00,"100 מ""ל",false,,9.90,0.1523,true,1,247984
7290110550370,false,פריכיות משולשות קינואה ופלפל שחור 65 גרם,שטראוס גרופ בע`מ,,משולשות קינואה ופלפל,,65.00,"100 מ""ל",false,,9.90,0.1523,true,1,249973
7290110552121,false,יוגורט 5% בתוספת סידן וויטמין D היוגורט הראשון שלי,שטראוס גרופ בעמ/מצונן,,היוגורט הראשון שלי 1,,100.00,"100 מ""ל",false,,2.50,0.0250,true,1,248981
7290110552220,false,יוגורט PRO בטעם תות 0% סוכר לבן 20 גרם חלבון בגביע,שטראוס גרופ בעמ/מצונן,,דנונה פרו 20 גרם חלב,,200.00,"100 מ""ל",false,,6.30,0.0315,true,1,247790
7290110552237,false,יוגורט פרו בטעם אפרסק מנגו ללא סוכר 200 ג' דנונה,שטראוס גרופ בעמ/מצונן,,דנונה פרו 20 גרם חלב,,200.00,"100 מ""ל",false,,6.30,0.0315,true,1,247791
7290110552817,false,צנצנת מסטיק - גלידה לימון 58 גרם וועסטהיים,שטראוס גרופ בע`מ,,מסטיק מאסט קוביות גל,,58.00,100 גרם,false,,9.90,0.1707,true,1,249322
7290110553029,false,"אנרג'י קריספס-פריכיות חומוס, עדשים ואפונה עם קייל וסלק","פרח תעשיו מזון בע""מ",,אנרג'י פריכיות חלבון,,60.00,100 גרם,false,,9.90,0.1650,true,1,247985
7290110553098,false,מאגדת חטיפים אנרג'י מיקס צימוקים אגוזים 100X4 גרם,אנרג'י Energy - שטראוס,,אנרג'י מיקס צימוקים,,100.00,100 גרם,false,,17.90,0.1790,true,1,249651
7290110553104,false,נסקפה קפוצ'ינו סטיק קלאסי 130 ג' עלית,שטראוס גרופ בע`מ,,אבקה להכנת משקה קפוצ,,130.00,100 גרם,false,,17.90,0.1377,true,1,250288
7290110553135,false,נסקפה קפוצ'ינו סטיק וניל 130 ג' עלית,שטראוס גרופ בע`מ,,אבקה להכנת משקה קפוצ,,130.00,100 גרם,false,,17.90,0.1377,true,1,250289
7290110553173,false,אנרגי פריכיות אורז בטעם קרמל 50 גרם,שטראוס גרופ בע`מ,,פריכיות אנרגי בטעם כ,,40.00,100 גרם,false,,6.90,0.1725,true,1,249974
7290110553180,false,אנרגי פריכיות אורז בטעם תפוח קינמון 50 ג,שטראוס גרופ בע`מ,,פריכיות אנרגי בטעם ת,,40.00,100 גרם,false,,6.90,0.1725,true,1,249975
7290110554125,false,דלישס נודלס בסגנון סצ`ואן חריף 350 גרם,קפוא-זן תעשיות מזון בעמ - תפוג,,נודלס סצ'ואן חריף 35,,350.00,100 גרם,false,,27.90,0.0797,true,1,250490
7290110554262,false,חלבית מלבין קפה חלבי 350 ג' עלית,שטראוס גרופ בע`מ,,מלבין קפה חלבית 350,,350.00,100 גרם,false,,22.90,0.0654,true,1,248219
7290110554583,false,מארז חטיפי צ'יטוס פאפס בטעם גבינה - 10 יחידות,"שטראוס פריטו ליי בע""\מ )",,ציטוס פאפס בטעם גבינ,,200.00,100 מ'ל,false,,12.90,0.0645,true,1,247740
7290110554712,false,"קפסולות קפה אספרסו קלייה איטית ובהירה, 10 * 50 ג'",שטראוס קפה בי.וי.,,קפסולות נספרסו לקפה,,50.00,100 גרם,false,,21.90,0.4380,true,1,250256
7290110554798,false,פולי אספרסו עשירים וארומטיים עוצמה 8 עלית 250 גרם,שטראוס קפה בי. וי.,,פולי קפה אספרסו עשיר,,250.00,100 גרם,false,,21.90,0.0876,true,1,248792
7290110555009,false,זוג פסאטה מחית עגבניות חלקה יד מרדכי 700 גרם,אמיליאנה קונסרב ס.פ.,,פסאטה מחית עגבניות ז,,1400.00,100 גרם,false,,12.90,0.0092,true,1,248785
7290110555078,false,לאבנה עם שמן זית ועשבי תיבול שטראוס 250 גרם,שטראוס גרופ בעמ/מצונן,,לאבנה עם שמן זית ועש,,250.00,"100 מ""ל",false,,11.90,0.0476,true,1,249068
7290110555092,false,לאבנה עם שמן זית וצ'ילי שטראוס 250 גרם,שטראוס גרופ בעמ/מצונן,,לאבנה עם שמן זית וצ',,250.00,100 גרם,false,,11.90,0.0476,true,1,249069
7290110555603,false,ספלנדיד אבקה להכנת משקה בטעם שוקולטה,שטראוס גרופ בע`מ,,אבקה להכנת משקה שוקו,,360.00,100 גרם,false,,23.90,0.0664,true,1,250293
7290110556242,false,"שוקולד מריר פרווה 100 גר' בד""ץ תוצרת חוץ","שטראוס גרופ בע""מ.",,שוקולד מריר פרווה בד,,100.00,"100 מ""ל",false,,5.90,0.0590,true,1,249976
7290110557027,false,חומוס עשיר 50% טחינה גולמית 400 ג' אחלה,שטראוס גרופ בעמ/מצונן,,חומוס 50% טחינה 400,,400.00,"100 מ""ל",false,,12.90,0.0323,true,1,247375
7290110557102,false,מעדן חלב עם שוקולד מועשר בחלבון 150 ג' שטראוס,שטראוס גרופ בעמ/מצונן,,מעדן חלב עם שוקולד 1,,150.00,"100 מ""ל",false,,5.40,0.0360,true,1,246732
7290110557133,false,מעדן הגולן וניל 125 ג' שטראוס,שטראוס גרופ בעמ/מצונן,,מעדן הגולן וניל 125,,125.00,"100 מ""ל",false,,3.00,0.0240,true,1,247262
7290110557317,false,יוגורט בתוספת סידן וויטמין ד עם שיבולת שועל 100 ג' דנונה,שטראוס גרופ בעמ/מצונן,,היוגורט הראשון שלי ש,,100.00,"100 מ""ל",false,,2.50,0.0250,true,1,248982
7290110557478,false,חומוס גלילי במרקם מעודן 600 גרם,שטראוס גרופ בעמ/מצונן,,אחלה חומוס גלילי 600,,600.00,"100 מ""ל",false,,11.90,0.0198,true,1,248811
7290110557645,false,מאגדת חטיפים אנרג'י מיקס צימוקים חמוציות 100X4 גרם,שטראוס גרופ בע`מ,,אנרג'י מיקס צימוקים,,100.00,100 גרם,false,,17.90,0.1790,true,1,249652
7290110558130,false,יוגורט אקטיביה עם שיבולת שועל ודבש 150 גרם,שטראוס גרופ בעמ/מצונן,,אקטיביה עם שיבולת שו,,150.00,"100 מ""ל",false,,4.80,0.0320,true,1,249304
7290110558154,false,דנונה לייט אנד פרי עוגת תפוחים 150ג דנונה,שטראוס גרופ בעמ/מצונן,,דנונה לייט אנד פרי ע,,150.00,"100 מ""ל",false,,4.80,0.0320,true,1,249605
7290110558222,false,"וואו יוגורט עם שכבה בטעם בנופי פאי 5.4%, 150ג דנונה",שטראוס גרופ בעמ/מצונן,,דנונה WOW בנופי 150,,150.00,100 גרם,false,,4.80,0.0320,true,1,249602
7290110558239,false,"וואו יוגורט עם שכבה בטעם קראק פאי 5.4%, 150 ג דנונה",שטראוס גרופ בעמ/מצונן,,דנונה WOW קראק פאי 1,,150.00,100 גרם,false,,4.80,0.0320,true,1,249603
7290110558253,false,דנונה שייק נונה ריפרש בננה אננס וצ'יה,שטראוס גרופ בעמ/מצונן,,דנונה ריפרש עם אננס,,250.00,100 גרם,false,,5.90,0.0236,true,1,249305
7290110558284,false,דנונה ביו מולטי שטראוס 200 גרם,שטראוס גרופ בעמ/מצונן,,דנונה ביו מולטי 200,,200.00,100 גרם,false,,4.40,0.0220,true,1,249522
7290110558307,false,יוגורט דנונה PRO עם שיבולת שועל במתיקות מעודנת,שטראוס גרופ בעמ/מצונן,,דנונה פרו שיבולת שוע,,200.00,100 גרם,false,,6.50,0.0325,true,1,248725
7290110558314,false,דנונה פרו 20 גרם חלבון ללא סוכר פיסטוק 200 גרם,שטראוס גרופ בעמ/מצונן,,דנונה פרו 20 גרם חלב,,200.00,100 גרם,false,,6.30,0.0315,true,1,249606
7290110558338,false,דנונה פרו 25 ג' חלבון 200 ג' שטראוס,שטראוס גרופ בעמ/מצונן,,דנונה פרו עם 25 גרם,,200.00,100 גרם,false,,6.50,0.0325,true,1,248980
7290110558666,false,מעדן גבינה בטעם תפוח 88 ג' דניאלה,שטראוס גרופ בעמ/מצונן,,מעדן דניאלה תפוח 150,,150.00,"100 מ""ל",false,,4.10,0.0273,true,1,250445
7290110559014,false,שעועית שחורה מבושלת טעם הטבע 380 גרם,שטראוס גרופ בע`מ,,שעועית שחורה 380 גרם,,380.00,100 גרם,false,,6.90,0.0182,true,1,249656
7290110559939,false,דלישס נתחי סויה בסגנון שוארמה 350ג דלישס,קפוא זן תעשיות מזון בעמ,,שווארמה מנתחי סויה ו,,350.00,100 גרם,false,,27.90,0.0797,true,1,250492
7290110560300,false,"הפריכיות הטעימות חומוס, עדשים שחורות, קינואה ופלפל שחור",אנרג'י Energy - שטראוס,,פריכיות משולשות-פלפל,,30.00,100 גרם,false,,5.50,0.1833,true,1,225991
7290110560317,false,"הפריכיות הטעימות חומוס, עדשים שחורות, קינואה ומלח ים","פרח תעשיו מזון בע""מ",,פריכיות משולשות-מלח,,30.00,"100 מ""ל",false,,5.50,0.1833,true,1,225992
7290110560324,false,"הפריכיות הטעימות תפו""א, אורז, אפונה ומלח ים","פרח תעשיו מזון בע""מ",,פריכיות משולשות-אפונ,,30.00,"100 מ""ל",false,,5.50,0.1833,true,1,225993
7290110561352,false,דנונה יוגורט ביו פרוביוטי 3% דל לקטוז 150ג',שטראוס גרופ בעמ/מצונן,,דנונה ביו דל לקטוז 2,,200.00,"100 מ""ל",false,,3.70,0.0185,true,1,224076
7290110561604,false,מארז 8 יחידות מעדן גמדים בטעם תות בננה,שטראוס גרופ בעמ/מצונן,,גמדים תות בננה מעורב,,800.00,100 גרם,false,,19.50,0.0244,true,1,223062
7290110563431,false,"משקה קפה קר בסגנון קלאסי 230 מ""ל 1.6% יוטבתה",שטראוס גרופ בעמ/מצונן,,משקה קפה קר בסיגנון,,230.00,"100 מ""ל",false,,7.90,0.0343,true,1,226359
7290110563448,false,"משקה קפה קר בסגנון מעודן 230 מ""ל 1.6% יוטבתה",שטראוס גרופ בעמ/מצונן,,משקה קפה קר בסיגנון,,230.00,100 גרם,false,,7.90,0.0343,true,1,226360
7290110563462,false,חלב 2% דל לקטוז בבקבוק יטבתה 1 ליטר.,שטראוס גרופ בעמ/מצונן,,חלב 2% בבקבוק נטול ל,,1000.00,100 גרם,false,,8.90,0.0089,true,1,226700
7290110564339,false,חומוס אחלה הסידרה המובחר 30% טחינה 400 גר',שטראוס גרופ בעמ/מצונן,,חומוס אבי עשיר ב30%,,400.00,"100 מ""ל",false,,12.90,0.0323,true,1,223068
7290110564360,false,חומוס אחלה הסידרה המובחר 40% טחינה 400 גר',שטראוס גרופ בעמ/מצונן,,חומוס אבי עשיר ב40%,,400.00,"100 מ""ל",false,,12.90,0.0323,true,1,223069
7290110564414,false,חומוס אחלה הסידרה המובחר 30% טחינה 600 גר',שטראוס גרופ בעמ/מצונן,,חומוס עשיר ב 30% טחי,,600.00,100 גרם,false,,14.90,0.0248,true,1,242306
7290110564742,false,"משקה קפה קר בסגנון חזק 230 מ""ל 1.2% יוטבתה",שטראוס גרופ בעמ/מצונן,,משקה קפה קר בסיגנון,,230.00,100 גרם,false,,7.90,0.0343,true,1,226361
7290110565435,false,מעדן ג`לי בטעם פטל חלבי שטראוס (125 גרם,שטראוס גרופ בעמ/מצונן,,לימבו פטל חלבי 125גר,,125.00,"100 מ""ל",false,,2.30,0.0184,true,1,222727
7290110565527,false,יוגורט PRO פרו 1.5% 20 גרם חלבון בגביע,שטראוס גרופ בעמ/מצונן,,דנונה פרו 20 גרם חלב,,200.00,"100 מ""ל",false,,6.30,0.0315,true,1,222281
7290110565572,false,מארז קפה טורקי עלית לדרך עם הל 168 גרם,שטראוס קפה בי.וי.,,קפה טורקי לדרך עם הל,,168.00,"100 מ""ל",false,,18.90,0.1125,true,1,233396
7290110566043,false,יוגורט 4.5% שומן 3 ל' שטראוס,"מחלבות בר בכפר בע""מ",,יוגורט כד 3 ליטר 4%,,3000.00,"100 מ""ל",false,,29.90,0.0100,true,1,224492
7290110566623,false,קפסולות קולומביה עלית 08 למכונת נספרסו מארז 5X10ג',שטראוס קפה בי.וי.,,קפסולות קולומביה מס,יחידה,0.00,יחידה,false,,18.90,0.0000,true,1,224759
7290110566975,false,דנונה פרו יוגורט 0% תות עשיר בחלבון 200ג',שטראוס גרופ בעמ/מצונן,,דנונה פרו 20 גרם חלב,,200.00,"100 מ""ל",false,,6.30,0.0315,true,1,224077
7290110567057,false,צנצנת מסטיק מאסט קוביות מנטה חזקה 66 ג' עלית,"שטראוס גרופ בע""מ",,מסטיק מאסט קוביות מנ,,64.00,100 גרם,false,,9.90,0.1547,true,1,225681
7290110568238,false,"קצפת צמחית 21% שומן 250 מ""ל יוטבתה",שטראוס גרופ בעמ/מצונן,,קצפת צמחית 21% שומן,,250.00,100 גרם,false,,8.50,0.0340,true,1,224810
7290110568276,false,"משקה יוטבתה פרו וניל לשתיה 350מ""ל",שטראוס גרופ בעמ/מצונן,,משקה יוטבתה פרו וניל,,350.00,100 גרם,false,,6.90,0.0197,true,1,224493
7290110568559,false,דוריטוס עלית מארז חמוץ חריף 10 יח' *25 ג',"שטראוס פריטו ליי בע""מ )פ",,דוריטוס בטעם טבעי מא,,250.00,100 גרם,false,,14.90,0.0596,true,1,224775
7290110571375,false,"אנרג'י מיקס תערובת צימוקים, תמרים, טופי ושברי פקאן",אנרג'י Energy - שטראוס,,אנרג'י מיקס צימוקים,,100.00,100 גרם,false,,17.90,0.1790,true,1,249653
7290110571382,false,מעדן חלב בטעם וניל מעושר בחלבון 150 ג' שטראוס,שטראוס גרופ בעמ/מצונן,,מעדן חלב בטעם וניל 1,,150.00,"100 מ""ל",false,,5.40,0.0360,true,1,248627
7290110571405,false,עלית - מיני פינוקיות בגביע פסק זמן 180 גרם,שטראוס גרופ בע`מ,,מיני פינוקיות בגביע,,180.00,"100 מ""ל",false,,10.90,0.0606,true,1,250266
7290110571412,false,מיני פינוקיות - פאדג' שוקולד בגביע 180 גרם,שטראוס גרופ בע`מ,,מיני פינוקיות בגביע,,180.00,100 גרם,false,,10.90,0.0606,true,1,250265
7290110571474,false,אצבעות רבע לשבע טבעוני פופקורן 125גר`,"הגביע מוצרי וופלים בע""\מ",,רבע לשבע טבעוני פופק,,125.00,100 גרם,false,,11.90,0.0952,true,1,249326
7290110572129,false,כיף כף מקלות שוקולד לבן 40 ג' עלית,סולן בעבור שטראוס,,כיף כיף מקלות שוקולד,,40.00,"100 מ""ל",false,,5.70,0.1425,true,1,250260
7290110572884,false,"קפסולות קפה מספר 20 למכונת אספרס אספרסו, 50 גרם",שטראוס קפה בי.וי.,,קפסולות קפה נספרסו 2,יחידה,0.00,יחידה,false,,18.90,0.0000,true,1,250294
7290110572969,false,כיף כף פצפצים עלית קרם לבן (40 גר`),שולן צ'\יקולטה גידה סאן.,,כיף כף פצפצים קרם לב,,40.00,100 גרם,false,,5.70,0.1425,true,1,249647
7290110572976,false,כיף כף פצפצים בגביע במילוי קרם בטעם שוקולד לבן,שולן צ'יקולטה גידה ס,,כיף כך פיצפוצים קרם,,135.00,100 גרם,false,,10.90,0.0807,true,1,249648
7290110576318,false,מאגדת שלישיית שוקולד אגוז לבן 300 ג' עלית,שטראוס גרופ בע`מ,,מארז שלישייה שוקולד,,300.00,100 גרם,false,,24.90,0.0830,true,1,249979
7290110576356,false,"שוקולד ספלנדיד מריר 64% - חלבי , מפולי קקאו מפרו",שטראוס גרופ בע`מ,,ספלנדיד שוקולד מריר,,100.00,"100 מ""ל",false,,10.90,0.1090,true,1,249352
7290110576363,false,"שוקולד ספלנדיד מריר 80% חלבי ,פולי קקאו מאוגנדה",שטראוס גרופ בע`מ,,ספלנדיד שוקולד מריר,,100.00,100 גרם,false,,10.90,0.1090,true,1,249351
7290110576370,false,מארז שלישייה שוקולד מריר חלבי עם אגוזי לוז,שטראוס גרופ בע`מ,,מארז שלישייה שוקולד,,300.00,100 גרם,false,,24.90,0.0830,true,1,249980
7290110576752,false,טבלאות שוקולד ספלנדיד מריר 70% 100 ג' עלית,שטראוס גרופ בע`מ,,שוקולד ספלנדיד 70% מ,,100.00,100 גרם,false,,10.90,0.1090,true,1,250263
7290110576776,false,טבלאות שוקולד ספלנדיד מריר 85% 100 ג' עלית,שטראוס גרופ בע`מ,,שוקולד ספלנדיד 85% מ,,100.00,100 גרם,false,,10.90,0.1090,true,1,250264
7290110576790,false,סקי בטעם מוקה 3% (125 גר`) דנונה,שטראוס גרופ בעמ/מצונן,,סקי גבינת מוקה 125גר,,125.00,100 גרם,false,,3.90,0.0312,true,1,250446
7290110576868,false,רבעיית גמדים סלט פירוט * 100 ג' שטראוס,שטראוס גרופ בעמ/מצונן,,גמדים סלט פירות 4*10,,400.00,100 גרם,false,,11.50,0.0288,true,1,250443
7290111010125,false,"יין יערה מרלו 750 מ""",,,"יין יערה מרלו 750 מ""",,750.00,"100 מ""ל",false,,29.90,0.0399,true,1,222473
7290111010194,false,מגבוני תינוקות בייבי,,,מגבוני תינוקות בייבי,יחידה,0.00,יחידה,false,,11.90,0.0000,true,1,226876
7290111010248,false,"שמן זית בורגתא 750מ""",Unknown,,"שמן זית בורגתא 750מ""",,750.00,100 גרם,false,,29.90,0.0399,true,1,227772
7290111010262,false,מגבות נייר פייפר טאו,Unknown,,מגבות נייר פייפר טאו,יחידה,0.00,יחידה,false,,11.90,0.0000,true,1,233521
7290111010279,false,מגבונים לניקוי כללי,,,מגבונים לניקוי כללי,יחידה,0.00,יחידה,false,,10.00,0.0000,true,1,234297
7290111010293,false,נייר טואלט טוטו 48 ג,,,נייר טואלט טוטו 48 ג,,48.00,100 מ'ל,false,,32.90,0.6854,true,1,240764
7290111010323,false,פפריקה מתוקה בשמן סו,,,פפריקה מתוקה בשמן סו,,400.00,"100 מ""ל",false,,17.90,0.0447,true,1,241335
7290111010330,false,מגבונים להסרת איפור,,,מגבונים להסרת איפור,יחידה,0.00,יחידה,false,,7.90,0.0000,true,1,242570
7290111010378,false,מגבות נייר טוטו 8יח,,,מגבות נייר טוטו 8יח,יחידה,0.00,יחידה,false,,12.90,0.0000,true,1,246428
7290111010439,false,*מבצע* יין פרינס רוי,,,*מבצע* יין פרינס רוי,,750.00,100 גרם,false,,19.90,0.0265,true,1,244432
7290111010507,false,נוזל כלים 18% תפוח 1,,,נוזל כלים 18% תפוח 1,,1600.00,"100 מ""ל",false,,11.90,0.0074,true,1,249437
7290111010514,false,נוזל כלים 18% לימון,,,נוזל כלים 18% לימון,,1600.00,"100 מ""ל",false,,11.90,0.0074,true,1,249438
7290111010576,false,מגבות נייר כפול טוטו,,,מגבות נייר כפול טוטו,יחידה,0.00,יחידה,false,,19.90,0.0000,true,1,247397
7290111010637,false,ערק כביר אסלי עם פסי,Unknown,,ערק כביר אסלי עם פסי,,700.00,"100 מ""ל",false,,39.90,0.0570,true,1,247751
7290111010682,false,יין לוטן שיראז קברנה,,,יין לוטן שיראז קברנה,,750.00,100 גרם,false,,29.90,0.0399,true,1,248185
7290111010712,false,יין יערה שיראז קברנה,,,יין יערה שיראז קברנה,,750.00,100 גרם,false,,29.90,0.0399,true,1,248190
7290111010736,false,יין קברנה סוביניון ש,,,יין קברנה סוביניון ש,,750.00,"100 מ""ל",false,,39.90,0.0532,true,1,248411
7290111010743,false,יין מרלו שאטו רפאלו,,,יין מרלו שאטו רפאלו,,750.00,100 גרם,false,,39.90,0.0532,true,1,248412
7290111010750,false,יין ריזלינג/שרדונה ש,,,יין ריזלינג/שרדונה ש,,750.00,"100 מ""ל",false,,39.90,0.0532,true,1,248413
7290111010767,false,אקונומיקה סן רמו מבו,,,אקונומיקה סן רמו מבו,,4000.00,100 גרם,false,,14.90,0.0037,true,1,249417
7290111010774,false,מרכך כביסה בייבי פרש,,,מרכך כביסה בייבי פרש,,4000.00,100 מ'ל,false,,16.90,0.0042,true,1,249418
7290111010804,false,מרכך כביסה פרש לבנדר,,,מרכך כביסה פרש לבנדר,,4000.00,"100 מ""ל",false,,16.90,0.0042,true,1,249421
7290111010811,false,מרכך כביסה פרש בליסי,,,מרכך כביסה פרש בליסי,,4000.00,100 גרם,false,,16.90,0.0042,true,1,249422
7290111010828,false,מרכך כביסה פרש לאונר,,,מרכך כביסה פרש לאונר,,4000.00,"100 מ""ל",false,,16.90,0.0042,true,1,249423
7290111010835,false,מרכך כביסה פרש ונילה,,,מרכך כביסה פרש ונילה,,4000.00,100 גרם,false,,16.90,0.0042,true,1,249424
7290111010842,false,מרכך כביסה בייבי פרש,,,מרכך כביסה בייבי פרש,,1000.00,100 גרם,false,,12.90,0.0129,true,1,249425
7290111010866,false,מרכך כביסה פרש אורנג,,,מרכך כביסה פרש אורנג,,1000.00,100 גרם,false,,12.90,0.0129,true,1,249427
7290111010903,false,מרכך כביסה פרש ונילה,,,מרכך כביסה פרש ונילה,,1000.00,100 גרם,false,,12.90,0.0129,true,1,249431
7290111010910,false,נוזל רצפות מרוכז מאס,,,נוזל רצפות מרוכז מאס,,2000.00,100 גרם,false,,16.90,0.0084,true,1,249432
7290111010927,false,נוזל רצפות מרוכז ספר,,,נוזל רצפות מרוכז ספר,,2000.00,"100 מ""ל",false,,16.90,0.0084,true,1,249433
7290111010934,false,נוזל רצפות מרוכז ספא,,,נוזל רצפות מרוכז ספא,,2000.00,"100 מ""ל",false,,16.90,0.0084,true,1,249434
7290111010941,false,נוזל רצפות מרוכז לבנ,,,נוזל רצפות מרוכז לבנ,,2000.00,100 גרם,false,,16.90,0.0084,true,1,249435
7290111010958,false,נוזל רצפות מרוכז בית,,,נוזל רצפות מרוכז בית,,2000.00,100 גרם,false,,16.90,0.0084,true,1,249436
7290111010965,false,נוזל רצפות לבנדר 4 ל,,,נוזל רצפות לבנדר 4 ל,,4000.00,"100 מ""ל",false,,12.90,0.0032,true,1,249439
7290111010972,false,נוזל רצפות מאסק 4 לי,,,נוזל רצפות מאסק 4 לי,,4000.00,"100 מ""ל",false,,12.90,0.0032,true,1,249440
7290111010989,false,נוזל רצפות מרענן 4 ל,,,נוזל רצפות מרענן 4 ל,,4000.00,"100 מ""ל",false,,12.90,0.0032,true,1,249441
7290111010996,false,תמר מלך המגהול גולד,,,תמר מלך המגהול גולד,,500.00,100 גרם,false,,19.90,0.0398,true,1,248907
7290111011047,false,נוזל חלונות 1 ליטר ס,,,נוזל חלונות 1 ליטר ס,,750.00,"100 מ""ל",false,,7.90,0.0105,true,1,250050
7290111011085,false,מטליות לחות לרצפה לב,,,מטליות לחות לרצפה לב,יחידה,0.00,יחידה,false,,10.90,0.0000,true,1,250123
7290111011092,false,מטליות לחות לרצפה מר,,,מטליות לחות לרצפה מר,יחידה,0.00,יחידה,false,,10.90,0.0000,true,1,250124
7290111091513,false,קוויק XLלניקוי שירותים ואמבטיה - בריח לוונדר 40 יח,שקד תבל בעמ,,קוויק מטליות XL לאמב,יחידה,0.00,יחידה,false,,8.90,0.0000,true,1,221220
7290111091520,false,"דר' עור תחליב רחצה קלאסי -קוקוס 700 מ""ל","אמיליה קוסמטיקס בע""מ",,"תחליב רחצה ד""ר עור ק",,700.00,"100 מ""ל",false,,15.90,0.0227,true,1,225181
7290111092985,false,מארז מגבונים לחים בייביסיטר ללא בישום רביעייה,שקד תבל בע`מ,,*מבצע* מגבוני בייביס,יחידה,0.00,יחידה,false,,12.50,0.0000,true,1,249415
7290111093005,false,"I-CARE מג'להסרת איפור, 25 יח בפלופק",די.פי.אל תעשיות מוצר,,מגבונים להסרת איפור,יחידה,0.00,יחידה,false,,7.90,0.0000,true,1,233426
7290111093982,false,"טרופיקל תחליב רחצה פסיפלורה ואינקה אינצ'י 700 מ""ל דר' עור","אמיליה קוסמטיקס בע""\מ",,"תחליב רחצה ד""ר עור פ",,700.00,"100 מ""ל",false,,15.90,0.0227,true,1,249947
7290111094248,false,"קוויק שקית אשפה חזקה וגדולה במיוחד (90*78), 20 יח'",שקד תבל בע`מ,,קוויק שקיות אשפה XL,יחידה,0.00,יחידה,false,,19.90,0.0000,true,1,242518
7290111095818,false,קוויק שקיות אשפה L חזקות במיוחד עם שרוך 40 יח',שקד תבל בע`מ,,קוויק שקיות אשפה L ע,יחידה,0.00,יחידה,false,,19.90,0.0000,true,1,242519
7290111283338,false,קופסת אוכל מחולקת מט,,,קופסת אוכל מחולקת מט,יחידה,0.00,יחידה,false,,19.90,0.0000,true,1,227699
7290111340178,false,מטליות לחות ניקול לניקוי כללי בניחוח מרכך כביסה 50 יח',קימברלי קלארק ישראל שיווק בעמ,,מטליות לחות לניקוי כ,,50.00,גרם,false,,10.90,0.2180,true,1,221212
7290111340956,false,ניקול מטליות לחות לרצפה בניחוח פריחה לבנה,קימברלי קלארק ישראל שיווק בעמ,,מטליות לחות לניקוי ה,יחידה,0.00,יחידה,false,,10.90,0.0000,true,1,229696
7290111341366,false,מפיות אירוח איכותיות ונעימות למגע ניקול,קימברלי קלארק ישראל שיווק בעמ,,מפיות אירוח ניקול 15,יחידה,0.00,יחידה,false,,10.90,0.0000,true,1,240583
7290111341373,false,נייר טואלט לילי פסטל 30 יחידות,קימברלי קלארק ישראל שיווק בעמ,,לילי פסטל נייר טואלט,,30.00,100 מ'ל,false,,38.90,1.2967,true,1,225077
7290111341557,false,קוטקס אקטיב טמפונים ללא מוליך סופר 32יח,קימברלי קלארק ישראל שיווק בעמ,,קוטקס טמפונים אקטיב,,32.00,גרם,false,,26.90,0.8406,true,1,229919
7290111341816,false,נייר אפייה ניקול עם סליידר 22 מ,קימברלי קלארק ישראל שיווק בעמ,,ניקול נייר אפיה עם ס,יחידה,0.00,יחידה,false,,21.90,0.0000,true,1,226947
7290111341984,false,לילי - מגבוני נייר טואלט לח פיור רביעייה,קימברלי קלארק ישראל שיווק בעמ,,לילי נייר טואלט לח מ,יחידה,0.00,יחידה,false,,21.90,0.0000,true,1,233519
7290111342004,false,מגבוני נייר טואלט לחים 56 דף דיספנסר,קימברלי קלארק ישראל שיווק בעמ,,ליל מגבוני נייר טואל,יחידה,0.00,יחידה,false,,8.90,0.0000,true,1,229693
7290111342042,false,ניקול כריות יפניות אנטיבקטריאלי 4 יחידות,קימברלי קלארק ישראל שיווק בעמ,,כריות יפניות אנטיבקט,יחידה,0.00,יחידה,false,,10.90,0.0000,true,1,242500
7290111342059,false,50 מטליות מיקרופייבר לשטחים אנטיבקטריאלי ניקול,קימברלי קלארק ישראל שיווק בעמ,,מטליות לחות אנטיבקטר,יחידה,0.00,יחידה,false,,10.90,0.0000,true,1,242501
7290111342738,false,לילי - מגבוני נייר טואלט לח קידס רביעייה,קימברלי קלארק ישראל שיווק בעמ,,לילי נייר טואלט לח ק,יחידה,0.00,יחידה,false,,21.90,0.0000,true,1,234327
7290111343117,false,קלינקס ממחטות לושן סופט פק זוגות 140דף,קימברלי קלארק ישראל שיווק בעמ,,קלינקס לושן סופט פק,יחידה,0.00,יחידה,false,,13.90,0.0000,true,1,245198
7290111343797,false,מטליות לחות לניקוי חלונות 48 יח' ניקול,קימברלי קלארק ישראל שיווק בעמ,,מטליות לניקוי חלונות,יחידה,0.00,יחידה,false,,10.90,0.0000,true,1,242845
7290111343841,false,ניקול ספוגית הקסם נירוסטה 3 יחידות,קימברלי קלארק ישראל שיווק בעמ,,ספוגית הקסם נירוסטה,יחידה,0.00,יחידה,false,,10.90,0.0000,true,1,242849
7290111343858,false,ניקול מטליות לחות לרצפה אנטיבקרטריאלי 10 יחידות,קימברלי קלארק ישראל שיווק בעמ,,מטליות לחות לניקוי ו,יחידה,0.00,יחידה,false,,10.90,0.0000,true,1,242498
7290111344459,false,קוטוקס תחבושות נייט אקסטרא לונג 20 יח',קימברלי קלארק ישראל שיווק בעמ,,קוטקס תחבושות נייט א,יחידה,0.00,יחידה,false,,18.90,0.0000,true,1,245049
7290111344503,false,חיתולי האגיס אקסטרה קייר מידה +4 36 יח',קימברלי קלארק ישראל שיווק בעמ,,האגיס אקסטרא קייר מי,יחידה,0.00,יחידה,false,,47.90,0.0000,true,1,245050
7290111344527,false,ניקול שקיות אשפה XXL לפחים ענקיים 20 יחי,קימברלי קלארק ישראל שיווק בעמ,,זוג שקיות אשפה ענקיי,יחידה,0.00,יחידה,false,,25.90,0.0000,true,1,245199
7290111344701,false,ניקול שקיות אוכל סנדויצון מניונים 250 יחידות,קימברלי קלארק ישראל שיווק בעמ,,ניקול שקיות סנדוויצ',,250.00,100 מ'ל,false,,12.90,0.0516,true,1,249570
7290111344824,false,מגן תחתון קוטקס אקסטרא אנטיבקטריאלי לארג',קימברלי קלארק ישראל שיווק בעמ,,קוטקס מגן תחתון אנטי,יחידה,0.00,יחידה,false,,18.90,0.0000,true,1,248062
7290111344831,false,קוטקס - מגיני יום אקסטרא פרוטקט נורמל ביג 60 יח',קימברלי קלארק ישראל שיווק בעמ,,קוטקס מגן תחתון אקסט,יחידה,0.00,יחידה,false,,18.90,0.0000,true,1,248060
7290111344855,false,קוטקס - מגיני יום אקסטרא פרוטקט לארג' ביג 52 יח',קימברלי קלארק ישראל שיווק בעמ,,קוטקס מגן תחתון אקסט,יחידה,0.00,יחידה,false,,18.90,0.0000,true,1,248061
7290111344930,false,מטליות לחות לרצפה בניחוח כביסה ארומתרפיה ניקול 10 יח',קימברלי קלארק ישראל שיווק בעמ,,מטליות לחות לרצפה בנ,,10.00,יח',false,,10.90,1.0900,true,1,247039
7290111345753,false,תחבושות נטורל דואו נורמל 24 יח' קוטקס,קימברלי קלארק ישראל שיווק בעמ,,קוטקס תחבושות כותנה,,24.00,100 מ'ל,false,,18.90,0.7875,true,1,249571
7290111345760,false,תחבושות נטורל דואו סופר 18 יח' קוטקס,קימברלי קלארק ישראל שיווק בעמ,,קוטקס תחבושות כותנה,,18.00,גרם,false,,18.90,1.0500,true,1,249572
7290111345777,false,תחבושת קוטקס כותנה לילה 16 יח' קוטקס,קימברלי קלארק ישראל שיווק בעמ,,קוטקס תחבושות כותנה,,16.00,יח',false,,18.90,1.1812,true,1,249573
7290111345814,false,נייר טואלט לילי נטורל קר 30 גלילים מהדורה,קימברלי קלארק ישראל שיווק בעמ,,נייר טואלט לילי נטור,יחידה,0.00,יחידה,false,,38.90,0.0000,true,1,248180
7290111346125,false,מארז שלישייה מגבוני דיילי קר ללא בישום *56 יח' האגיס,חוגלה קימברלי שיווק בע`מ,,מגבוני האגיס דיילי ק,יחידה,0.00,יחידה,false,,18.90,0.0000,true,1,249556
7290111346132,false,מארז שלישייה מגבוני סנסטיב קר ללא בישום *56 יח' האגיס,חוגלה קימברלי שיווק בע`מ,,מגבוני האגיס סנסטיב,יחידה,0.00,יחידה,false,,18.90,0.0000,true,1,249558
7290111346347,false,מגבוני אף אוריגינל סופט חמישיה קלינקס,קימברלי קלארק ישראל שיווק בעמ,,*מבצע* קלינקס טישו א,יחידה,0.00,יחידה,false,,15.90,0.0000,true,1,250753
7290111350726,false,חטיף נאצוס הוטפופ בסגנון מקסיקני 322 גר,ליימן שליסל בע`מ,,נאצ'וס מתירס צהוב 32,,322.00,100 גרם,false,,15.90,0.0494,true,1,245773
7290111352959,false,מקלות חמוצים ממולאים בטעם פירות 80 גר' יוגטה,ליימן שליסל בעמ,,יוגטה מקלות חמוצים 8,,80.00,100 גרם,false,,4.90,0.0613,true,1,242640
7290111352966,false,יוגטה סוכריות ממולאות בטעם פירות 250 גרם ללא ג'לטין,ליימן שליסל בע`מ,,סוכריות גומי ממולאות,,250.00,100 גרם,false,,7.90,0.0316,true,1,242641
7290111352973,false,יוגוטה קוביות חמוצות ממולאות בטעם פירות,ליימן שליסל בע`מ,,יוגטה קוביות חמוצות,,220.00,100 גרם,false,,7.90,0.0359,true,1,242642
7290111353055,false,"גומי דובי 200 גר' וסטהיים (כש""לפ בית יוסף)",טופגם תעשיות ממתקים,,סוכריות גומי דובונים,,200.00,100 גרם,false,,8.90,0.0445,true,1,244122
7290111353109,false,"גומי נחש מבריק 200 גר' וסטהיים (כש""לפ בית יוסף).",טופגם תעשיות ממתקים,,סוכריות גומי נחשים מ,,200.00,100 גרם,false,,8.90,0.0445,true,1,244121
7290111353123,false,"גומי נחש מסוכר 200 גר' וסטהיים (כש""לפ בית יוסף)",טופגם תעשיות ממתקים,,סוכריות גומי נחשים מ,,200.00,100 גרם,false,,8.90,0.0445,true,1,244123
7290111353239,false,"גומי יין 200 גר' וסטהיים (כש""לפ בית יוסף)",טופגם תעשיות ממתקים,,סוכריות גומי יין 200,,200.00,"100 מ""ל",false,,8.90,0.0445,true,1,244124
7290111353437,false,חטיף בטטה ומלח ים 120 גרם הוט פופ,איץ.סיי גרופ אס.דה א,,הוטפופ ווג'י צ'יפס ב,,120.00,100 גרם,false,,13.90,0.1158,true,1,245784
7290111353444,false,חטיף בטטות ומלח ים 120 גרם הוט פופ,איץ.סיי גרופ אס.דה א,,הוטפופ ווג'י צ'יפס ח,,120.00,100 גרם,false,,13.90,0.1158,true,1,245782
7290111353451,false,חטיף בירקות שורש ומלח ים הוטפופ 120 גרם,איץ.סיי גרופ אס.דה א,,הוטפופ ווג'י צ'יפס י,,120.00,100 גרם,false,,13.90,0.1158,true,1,245781
7290111534010,false,פס גבינה שמנת פירורים קפולסקי 400 גרם,תופינים מקבוצת קפולסקי,,פס גבינה שמנת ופירור,,450.00,"100 מ""ל",false,,39.90,0.0887,true,1,220079
7290111563492,false,סלטי צבר מטבוחה חריפה מרובע 6*400גרם,קבוצת אוסם סחר-שות.מוגבלת,,מטבוחה חריפה צבר מרו,,400.00,"100 מ""ל",false,,12.90,0.0323,true,1,223793
7290111564277,false,פריכיות דקות ונימוחות 3 דגנים פיטנס Fitness,קבוצת אוסם סחר שותפות מוגבלת,,פריכיות 3 דגנים דקות,,120.00,100 גרם,false,,11.90,0.0992,true,1,221228
7290111564291,false,פריכיות דקות ונימוחות 3 דגנים וקינואה פיטנס Fitness,קבוצת אוסם סחר שותפות מוגבלת,,פריכיות דקות עם קינו,,120.00,100 גרם,false,,11.90,0.0992,true,1,221229
7290111564727,false,עוגיות אסם קרמוגית וקרם אגוזים אסם 200ג',קבוצת אוסם סחר שותפות מוגבלת,,קרמוגית במילוי קרם א,,200.00,100 גרם,false,,12.70,0.0635,true,1,222397
7290111565038,false,"לה קרמריה וניל קוקילידה בד""צ 1.4 ל'",נגה גלידות שותפות מוגבלת,,לה קרמריה וניל קוקיל,,1400.00,"100 מ""ל",false,,21.90,0.0156,true,1,223999
7290111565502,false,ארטיק אוראו וניל ועוגיות סנדוויץ נסטלה 80 ג',נגה גלידות שותפות מוגבלת,,גלידה סנדוויץ' אוראו,,80.00,"100 מ""ל",false,,10.90,0.1363,true,1,228149
7290111566103,false,טבעול פלאפל מרכיבים ביתיים בלבד 590 גרם,קבוצת אוסם סחר שותפות מוגבלת,,פלאפל מרכיבים ביתיים,,590.00,100 גרם,false,,33.90,0.0575,true,1,222932
7290111566226,false,שניצל ברוקולי טבעול 667 גרם,קבוצת אוסם סחר-שות.מוגבלת,,שניצל ברוקולי טבעול,,667.00,100 גרם,false,,33.90,0.0508,true,1,222931
7290111566240,false,שניצל דק מן הצומח בטעם צ'ילי חריף 700 גרם,קבוצת אוסם סחר שותפות מוגבלת,,שניצל דק בטעם צ'ילי,,564.00,100 גרם,false,,33.90,0.0601,true,1,222927
7290111566271,false,טבעול חטיפי תירס 657 גרם קפוא,קבוצת אוסם סחר שותפות מוגבלת,,חטיפי תירס טבעול 657,,657.00,"100 מ""ל",false,,33.90,0.0516,true,1,222928
7290111566318,false,שניצל דק מן הצומח בטעם ביתי 700 גרם,קבוצת אוסם סחר שותפות מוגבלת,,שניצל דק מן הצומח טב,,564.00,100 גרם,false,,33.90,0.0601,true,1,222929
7290111566332,false,"נקניקיות וינר מן הצומח 680 גרם ""טבעול""",קבוצת אוסם סחר שותפות מוגבלת,,נקניקיות וינר צמחוני,,680.00,100 גרם,false,,33.90,0.0499,true,1,222930
7290111566417,false,טבעול טחון מן הצומח משופר 400 גרם,קבוצת אוסם סחר שותפות מוגבלת,,טחון צמחוני טבעול 50,,500.00,100 גרם,false,,33.90,0.0678,true,1,222942
7290111566547,false,טבעול חזה בגריל צמחוני 99 קלוריות 560ג',קבוצת אוסם סחר שותפות מוגבלת,,חזה בגריל צמחוני 99,,560.00,"100 מ""ל",false,,33.90,0.0605,true,1,222940
7290111566585,false,"שניצל צמחוני 99 קלוריות 650 גר' ""טבעול""",קבוצת אוסם סחר שותפות מוגבלת,,שניצל צמחוני 99 קלור,,650.00,100 גרם,false,,33.90,0.0522,true,1,222938
7290111566660,false,קציצות עדשים כתומות טבעול 530 גרם,קבוצת אוסם סחר שותפות מוגבלת,,קציצות עדשים כתומות,,530.00,100 גרם,false,,33.90,0.0640,true,1,224317
7290111566691,false,"שניצל תרד 99 קלוריות 560 גרם ""טבעול""",קבוצת אוסם סחר-שות.מוגבלת,,שניצל טבעול תרד 99 ק,,560.00,100 גרם,false,,33.90,0.0605,true,1,230629
7290111566714,false,טבעול המבורגר צמחוני 99 קלוריות 600 גרם,קבוצת אוסם סחר שותפות מוגבלת,,המבורגר צמחוני 99 קל,,600.00,100 גרם,false,,33.90,0.0565,true,1,222937
7290111566752,false,טבעול שניצל תירס 99 קלוריות 693 גרם,קבוצת אוסם סחר שותפות מוגבלת,,שניצל תירס 99 קלוריו,,693.00,100 גרם,false,,33.90,0.0489,true,1,222935
7290111566776,false,"נקניקיות קוקטייל מן הצומח 680 גרם ""טבעול""",קבוצת אוסם סחר שותפות מוגבלת,,נקניקיות קוקטייל צמח,,680.00,100 גרם,false,,33.90,0.0499,true,1,224329
7290111568206,false,ביסלי פארטי מיקס אסם 150 גר',קבוצת אוסם סחר שותפות מוגבלת,,ביסלי פארטי מיקס אסם,,150.00,"100 מ""ל",false,,8.90,0.0593,true,1,228079
7290111568251,false,אטריות נודלס להקפצה אסם אסייתי 350 גר',קבוצת אוסם סחר שותפות מוגבלת,,נודלס איטריות להקפצה,,350.00,100 גרם,false,,10.90,0.0311,true,1,224105
7290111568275,false,אטריות נודלס אורז רחבות אסם אסייתי 300גרם,קבוצת אוסם סחר שותפות מוגבלת,,נודלס איטריות אורז ר,,300.00,"100 מ""ל",false,,10.90,0.0363,true,1,224106
7290111568466,false,רוטב אסייתי למוקפץ הסדרה האסייתית,קבוצת אוסם סחר שותפות מוגבלת,,רוטב אסייתי למוקפץ א,,290.00,100 גרם,false,,15.90,0.0548,true,1,224111
7290111568961,false,אסם בייגלה טבעות מלוח 400 גר`,קבוצת אוסם סחר שותפות מוגבלת,,בייגלה טבעות מלח אסם,,400.00,"100 מ""ל",false,,11.90,0.0298,true,1,224423
7290111873041,false,אצבעות שוקולד ממולא בקרם חלב 50 ג'- מפרץ הרפתקאות,שמחה זה אנחנו,,אצבעות שוקולד ממולא,,50.00,100 גרם,false,,4.90,0.0980,true,1,244766
7290111873614,false,קערה במבוק כח פי ג'יי יח,שמחה זה אנחנו בע`מ,,קערה במבוק כח פי גיי,יחידה,0.00,יחידה,false,,9.90,0.0000,true,1,234276
7290111930799,false,קראנצ'וס טעם בצל 55גר,ש. שסטוביץ בע`מ,,קראנצוס בצל 55 גרם,,55.00,100 גרם,false,,3.90,0.0709,true,1,221799
7290111930805,false,קראנצ'וס טעם ברביקיו 55 גר',ש. שסטוביץ בע`מ,,קראנצוס ברביקיו 55,,55.00,100 גרם,false,,3.90,0.0709,true,1,221800
7290111930850,false,קראנצ'וס טעם פיצה 55גר',ש. שסטוביץ בע`מ,,קראנצוס פיצה 55 גרם,,55.00,100 גרם,false,,3.90,0.0709,true,1,221801
7290111930898,false,חטיף פוף כוכבים גריל אמריקאי 40 גרם,ש. שסטוביץ בע`מ,,חטיף פוף כוכבים גריל,,40.00,100 גרם,false,,4.20,0.1050,true,1,222010
7290111930911,false,חטיף פוף לבבות קלאסי 40 גרם,ש. שסטוביץ בע`מ,,חטיף פוף לבבות קלאסי,,40.00,100 גרם,false,,4.20,0.1050,true,1,222012
7290111930928,false,חטיף פוף לבבות גריל 40 גרם,ש. שסטוביץ בע`מ,,חטיף פוף לבבות גריל,,40.00,100 גרם,false,,4.20,0.1050,true,1,222013
7290111932380,false,"מרידול משחת שיניים מארז 75X2מ""ל כשל""פ",ש.שסטוביץ בעמ,,מרידול מארז זוג משחו,,150.00,100 גרם,false,,29.90,0.1993,true,1,233592
7290111933554,false,שלישייה עגבניות קוביות מאסטר שף 400 גרם,קונסוריזיו קאסאלסקו,,עגבניות קוביות מאסטר,,1200.00,100 גרם,false,,16.90,0.0141,true,1,225782
7290111935961,false,מאסטר שף מחית עגבניות 690 גרם,פראנו אנריקו ופיגלי,,מחית עגבניות מאסטר ש,,690.00,100 גרם,false,,10.90,0.0158,true,1,245085
7290111936265,false,"ספריי גוף ספיד סטיק קול לייף 140 מ""ל",קולגייט פלמוליב,,ספיד סטיק ספריי גוף,,140.00,"100 מ""ל",false,,14.90,0.1064,true,1,227340
7290111937248,false,פרי מארז חטיפים 5 יחידות תמרים קשיו ונגיעות לוז כשלפ,"טבעית מוצרים מהטבע בע""\מ",,פרי חטיפי תמרים קשיו,,125.00,100 גרם,false,,18.90,0.1512,true,1,227179
7290111937255,false,פרי מארז חטיפים 5 יחידות תמרים בוטנים ואגוזי לוז כשלפ,"טבעית מוצרים מהטבע בע""\מ",,פרי חטיפי תמרים בוטנ,,125.00,100 גרם,false,,18.90,0.1512,true,1,227180
7290112000286,false,"גל לניקוי אסלות סיליט באנג לימון 750 מ""ל",רקיט בנקיזר (ניר איסט) בעמ,,סיליט באנג גל לניקוי,,750.00,100 גרם,false,,9.90,0.0132,true,1,222681
7290112000293,false,"סיליט באנג ג'ל לחיטוי וניקוי האסלה פרש, 750 מ""ל",רקיט בנקיזר (ניר איסט) בעמ,,סיליט באנג גל לניקוי,,750.00,"100 מ""ל",false,,9.90,0.0132,true,1,222682
7290112000385,false,מנקה ומחטא עוצמתי למטבח ללא אקונומיקה,רקיט בנקיזר (ניר איסט) בעמ,,מנקה ומחטא למטבח 750,,750.00,"100 מ""ל",false,,14.90,0.0199,true,1,225692
7290112000798,false,"דיטול תרסיסי חיטוי וניקוי אנטי בקטריאלי 750 מ""ל",רקיט בנקיזר (ניר איסט) בעמ,,מחטא משטחים לימון מנ,,750.00,"100 מ""ל",false,,14.90,0.0199,true,1,225697
7290112000828,false,דטול - מגבונים חיטוי וניקוי אנטי בקטריאלי 60 יח',רקיט בנקיזר (ניר איסט) בעמ,,מטליות לחות מנקה ומח,יחידה,0.00,יחידה,false,,14.90,0.0000,true,1,225702
7290112000842,false,דטול מגבונים לניקוי כללי בניחות לימון 60 יח',רקיט בנקיזר (ניר איסט) בעמ,,מטליות לחות מנקה ומח,יחידה,0.00,יחידה,false,,14.90,0.0000,true,1,225694
7290112001436,false,"פיניש מנקה מדיח כלים בניחוח לימון 250 מ""ל",רקיט בנקיזר (ניר איסט) בעמ,,פיניש מנקה ומחדש ניח,,250.00,"100 מ""ל",false,,21.90,0.0876,true,1,233962
7290112001870,false,"סיליט באנג ספריי ניקוי אמבטיה 750 מ""ל",רקיט בנקיזר (ניר איסט) בעמ,,סיליט באנג ספריי לני,,750.00,"100 מ""ל",false,,12.90,0.0172,true,1,233479
7290112002099,false,קולון גל כביסה מרוכז 2.5 ליטר קלאסי,רקיט בנקיזר (ניר איסט) בעמ,,קולון גל מרוכז רגיל,ליטרים,2.50,ליטר,false,,24.90,9.9600,true,1,233657
7290112002105,false,קולון גל כביסה מרוכז 2.5 ליטר ניחוח לילך,רקיט בנקיזר (ניר איסט) בעמ,,קולון ג'ל מרוכז לילך,ליטרים,2.50,ליטר,false,,24.90,9.9600,true,1,233658
7290112002112,false,ג'ל כביסה מרוכז קולון 101 בניחוח ורדים,רקיט בנקיזר (ניר איסט) בעמ,,קולון ג'ל מרוכז ורדי,ליטרים,2.50,ליטר,false,,24.90,9.9600,true,1,233659
7290112002129,false,ג'ל כביסה מרוכז קולון 101 בניחוח פריחה מרענן,רקיט בנקיזר (ניר איסט) בעמ,,קולון ג'ל מרוכז פריח,ליטרים,2.50,ליטר,false,,24.90,9.9600,true,1,233660
7290112004208,false,פיניש טבליות למדיח הכל ב 1 לימון 50 יחידות,רקיט בנקיזר (ניר איסט) בעמ,,פיניש טבליות למדיח,יחידה,0.00,יחידה,false,,34.90,0.0000,true,1,249000
7290112004314,false,"דטול - תרסיס חיטוי וניקוי בניחוח לימון רימונים 750 מ""ל",רקיט בנקיזר (ניר איסט) בעמ,,דטול תרסיס מנקה ומחט,,750.00,100 גרם,false,,14.90,0.0199,true,1,246482
7290112004413,false,"ספריי וניש קליה להסרת כתמים לבגדים לבנים 750 מ""ל",רקיט בנקיזר (ניר איסט) בעמ,,וניש ספריי להסרת כתמ,,750.00,"100 מ""ל",false,,23.90,0.0319,true,1,248717
7290112004611,false,"וניש קליה ג'ל מרוכז לטיפול נקודתי בכתמים 200 מ""ל",רקיט בנקיזר (ניר איסט) בעמ,,וניש קליה פאואר ג'ל,,200.00,"100 מ""ל",false,,12.90,0.0645,true,1,248716
7290112004970,false,פיניש אולטימייט קוואנטום 50 טבליות למדיח,רקיט בנקיזר (ניר איסט) בעמ,,פיניש אולטימייט טבלי,,50.00,100 מ'ל,false,,59.90,1.1980,true,1,250179
7290112005052,false,וניש תוסף כביסה רב תכליתי לבגדים לבנים,רקיט בנקיזר (ניר איסט) בעמ,,וניש אבקה לכביסה לבנ,,1500.00,"100 מ""ל",false,,39.90,0.0266,true,1,249312
7290112005083,false,וניש תוסף כביסה רב תכליתי לכביסה צבעונית,רקיט בנקיזר (ניר איסט) בעמ,,וניש אבקה לכביסה צבע,,1500.00,"100 מ""ל",false,,39.90,0.0266,true,1,249313
7290112192561,false,"משחת שיניים פרודונטקס הגנה מלאה מרעננת הלבנה 75 מ""ל",ג'י.אס.קיי קונסיומר,,פרודונטקס מ.שיניים-,,75.00,"100 מ""ל",false,,29.90,0.3987,true,1,234140
7290112192882,false,"סנסודיין - משחת שיניים רגישות וחניכיים מלבינה 75 מ""ל",ג'י.אס.קיי קונסיומר,,סנסודיין משחת שיניים,,75.00,"100 מ""ל",false,,29.90,0.3987,true,1,234144
7290112195241,false,לחמניות נקניקייה 4יח,,,לחמניות נקניקייה 4יח,,330.00,"100 מ""ל",false,,13.90,0.0421,true,1,244310
7290112195258,false,לחמניות המבורגר 4יח',,,לחמניות המבורגר 4יח',,360.00,100 גרם,false,,13.90,0.0386,true,1,244311
7290112195289,false,פיתות 5יח' ללא גלוטן,,,פיתות 5יח' ללא גלוטן,,420.00,"100 מ""ל",false,,19.90,0.0474,true,1,244313
7290112197702,false,פיצה משפחתית  מרגריטה 330 ג' ללא גלוטן ג'י פרי,גורי מוצרי צריכה (1991) בעמ,,ג'י פרי פיצה מרגריטה,,330.00,100 גרם,false,,24.90,0.0755,true,1,250521
7290112197719,false,פיצה משפחתית  זיתים 330 ג' ללא גלוטן ג'י פרי,גורי מוצרי צריכה (1991) בעמ,,ג'י פרי פיצה זיתים ל,,330.00,100 גרם,false,,24.90,0.0755,true,1,250522
7290112330352,false,"יוגורט PRO בטעם וניל 0% , 20 גרם חלבון בגביע",שטראוס גרופ בעמ/מצונן,,דנונה פרו וניל 0% שו,,200.00,"100 מ""ל",false,,6.30,0.0315,true,1,226907
7290112330390,false,דנונה פרו פירות יער 20 גרם חלבון 0% שומן 200 גרם,שטראוס גרופ בעמ/מצונן,,דנונה פרו 20 גרם פיר,,200.00,"100 מ""ל",false,,6.30,0.0315,true,1,226908
7290112330420,false,דנונה פרו לבן 2.9% שומן בודד 150גר,שטראוס גרופ בעמ/מצונן,,דנונה פרו לבן 150 ג,,150.00,100 גרם,false,,4.80,0.0320,true,1,226364
7290112332585,false,פריכיות משולש תפוא אורז בתיבול סלק ומלח ים אנרג'י 30 גרם,"פרח תעשיו מזון בע""מ",,"פריכיות תפו""א/אורז/ב",,30.00,100 גרם,false,,5.50,0.1833,true,1,227397
7290112332691,false,פינוקיות עוגיות קרם פסק זמן אגוזים 200 גרם,"הגביע מוצרי וופלים בע""\מ",,עוגיות קרם פסק זמן א,,200.00,"100 מ""ל",false,,10.90,0.0545,true,1,229623
7290112332875,false,מסטיק מאסט קוביות בטעם מנטה עדינה 86 ג' עלית,שטראוס גרופ בע`מ,,מאסט מסטיק קוביות מנ,,86.00,"100 מ""ל",false,,13.90,0.1616,true,1,226963
7290112332899,false,עלית - צנצנת בזוקה פופים קלאסי 58 גרם,שטראוס גרופ בע`מ,,בזוקה פופים קלאסי 58,,58.00,100 גרם,false,,9.90,0.1707,true,1,227400
7290112335111,false,מסטיק מאסט קוביות בזוקה ללא גלוטן 86 גר,שטראוס גרופ בע`מ,,מאסט מסטיק קוביות בט,,86.00,"100 מ""ל",false,,13.90,0.1616,true,1,226961
7290112335487,false,הפריכיות הטעימות קצח ודגנים אנרג'י 135 גרם,אנרג'י Energy - שטראוס,,פריכיות הטעימות קצח,,135.00,"100 מ""ל",false,,13.50,0.1000,true,1,227393
7290112335494,false,הפריכיות הטעימות תפוחי אדמה בטעם פוטטוס,"פרח תעשיות מזון בע""\מ",,פריכיות הטעימות פוטט,,135.00,100 גרם,false,,13.50,0.1000,true,1,227394
7290112335500,false,"פרכיות אנרג'י חומוס,אורז,עדשים שחורות וקינואה 135 גרם","פרח תעשיות מזון בע""\מ",,פריכיות הטעימות חלבו,,135.00,100 גרם,false,,13.50,0.1000,true,1,227395
7290112336613,false,עד חצות עוגיות סנדוויץ במילוי שוקולד חלב,שטראוס גרופ בע`מ,,עד חצות סנדוויץ עלית,,135.00,100 גרם,false,,10.90,0.0807,true,1,234390
7290112336637,false,סוכריות מאסט Must ללא סוכר יוגורט תות ואוכניות,שטראוס גרופ בע`מ,,מאסט סוכריות יוגורט,,80.00,100 גרם,false,,8.90,0.1113,true,1,233487
7290112336644,false,סוכריות מאסט ללא סוכר לימון 80 ג' עלית,שטראוס גרופ בע`מ,,מאסט סוכריות לימון ל,,80.00,100 גרם,false,,8.90,0.1113,true,1,233488
7290112336651,false,סוכריות מאסט ללא סוכר ריבת חלב 80 ג' עלית,שטראוס גרופ בע`מ,,מאסט סוכריות ריבת חל,,80.00,"100 מ""ל",false,,8.90,0.1113,true,1,233490
7290112336712,false,יוגורט PRO לבן 0% 21 גרם חלבון בגביע,שטראוס גרופ בעמ/מצונן,,דנונה פרו 21 עשיר בח,,200.00,"100 מ""ל",false,,6.30,0.0315,true,1,226699
7290112337474,false,סוכריות מאסט ללא סוכר פטל לימון 80 ג' עלית,שטראוס גרופ בע`מ,,מאסט סוכריות פטל לימ,,80.00,"100 מ""ל",false,,8.90,0.1113,true,1,233489
7290112337481,false,סוכריות מאסט ללא סוכר קפצ''ינו 80 ג' עלית,שטראוס גרופ בע`מ,,מאסט סוכריות קפוצ'ינ,,80.00,100 גרם,false,,8.90,0.1113,true,1,233491
7290112338877,false,מעדן גבינה בטעם תות 3% 125ג' סקי,שטראוס גרופ בעמ/מצונן,,סקי תות 3% 125 גרם,,125.00,100 גרם,false,,3.90,0.0312,true,1,226186
7290112339171,false,מעדן מוס שוקולד 81 גר`מילקי,שטראוס גרופ בעמ/מצונן,,מילקי מוס 81גר,,81.00,100 גרם,false,,3.50,0.0432,true,1,226185
7290112339362,false,דנונה לייט אנד פריי בטעם קפוצ'ינו 150 גרם,שטראוס גרופ בעמ/מצונן,,דנונה לייט אנד פרייי,,150.00,"100 מ""ל",false,,4.80,0.0320,true,1,233783
7290112339867,false,גמדים לדרך גבינה לבנה עם מחית תות,שטראוס גרופ בעמ/מצונן,,גמדים סקוויז תות 100,,100.00,"100 מ""ל",false,,5.80,0.0580,true,1,226357
7290112339874,false,גמדים לדרך גבינה לבנה עם מחיות תות ובננה,שטראוס גרופ בעמ/מצונן,,גמדים סקוויז תות בננ,,100.00,100 מ'ל,false,,5.80,0.0580,true,1,226358
7290112340122,false,הפריכיות הטעימות 3 דגנים אנרג'י 135 גרם,"פרח תעשיות מזון בע""\מ",,פריכיות הטעימות 3 דג,,135.00,"100 מ""ל",false,,13.50,0.1000,true,1,227396
7290112340245,false,מסטיק מאסט צנצנת בטעם דובדבן 66 גר` מגדי,"שטראוס גרופ בע""\מ",,מסטיק מאסט דובדבן מג,,66.00,100 גרם,false,,9.90,0.1500,true,1,226831
7290112340252,false,צנצנת מסטיק מאסט בטעם אבטיח מלון 66 ג' עלית,"שטראוס גרופ בע""\מ",,מסטיק מאסט אבטיח מלו,,66.00,100 גרם,false,,9.90,0.1500,true,1,226832
7290112340276,false,פינוקיות עוגיית קרם קפה נמס 200 גרם,"הגביע מוצרי וופלים בע""\מ",,עוגיות קרם קפה נמס 2,,200.00,100 גרם,false,,10.90,0.0545,true,1,229624
7290112341556,false,יוגורט אקטיביה עם צ'יה ותות 150 גרם,שטראוס גרופ בעמ/מצונן,,אקטיביה צ'יה ותות 15,,150.00,"100 מ""ל",false,,4.80,0.0320,true,1,233443
7290112341679,false,אקטיביה יוגורט 3% דנונה (200 גרם),שטראוס גרופ בעמ/מצונן,,אקטיביה 3% 200 גרם,,150.00,"100 מ""ל",false,,3.90,0.0260,true,1,233444
7290112341686,false,שמינייה יוגורט לבן אקטיביה 3% דנונה 150 גרם.,שטראוס גרופ בעמ/מצונן,,אקטיביה 3% מארז שמינ,,1200.00,100 גרם,false,,20.90,0.0174,true,1,233448
7290112342102,false,סימפוניה גבינה במרקם שמנת בצל מקורמל 5%,שטראוס גרופ בעמ/מצונן,,גבינת סימפוניה בצל מ,,200.00,100 מ'ל,false,,11.70,0.0585,true,1,240685
7290112343260,false,"יטבתה רוטב שמנת קלאסי 9% שומן 260 מ""ל",שטראוס גרופ בעמ/מצונן,,רוטב שמנת קלאסי 9% י,,250.00,100 גרם,false,,10.90,0.0436,true,1,234412
7290112343420,false,"משקה חלב עם דגנים מלאים ובננה פרו יטבתה 350מ""ל",שטראוס גרופ בעמ/מצונן,,שייק פרו ארוחת בוקר,,350.00,"100 מ""ל",false,,7.50,0.0214,true,1,234415
7290112343499,false,חטיף צ'יטוס פאפס אפוי בטעם גבינה,"שטראוס פריטו ליי בע""\מ )",,ציטוס פופס 55גרם,,55.00,"100 מ""ל",false,,3.70,0.0673,true,1,246959
7290112344564,false,רביולי גבינה קלאסי שטראוס 400 ג',שטראוס גרופ בעמ/מצונן,,רביולי גבינה ילדים 4,,300.00,100 גרם,false,,20.90,0.0697,true,1,233460
7290112344755,false,מילקי עם 26% פחות סוכר 135 גר}שטראוס{,שטראוס גרופ בעמ/מצונן,,מילקי בטעם שוקולד עם,,135.00,100 מ'ל,false,,2.90,0.0215,true,1,244410
7290112346360,false,בפלות אחת אחת ופל בטעם שוקולד מצופה שוקולד,הגביע מוצרי וופלים ב,,בפלות בציפוי שוקולד,,180.00,100 גרם,false,,14.90,0.0828,true,1,240717
7290112346506,false,דנונה לייט אנד פריי בטעם אפרסק 150 גרם,שטראוס גרופ בעמ/מצונן,,דנונה לייט אנד פרייי,,150.00,100 גרם,false,,4.80,0.0320,true,1,233786
7290112346537,false,עוגיות פינוקיות בטעם טורטית 200 ג' עלית,"הגביע מוצרי ופלים בע""\מ",,עוגיות פינוקיות בטעם,,200.00,"100 מ""ל",false,,10.90,0.0545,true,1,234389
7290112346629,false,דנונה בר יוגורט+קורנפלקס מצופה שוקולד חלב ולבן 172 גרם,שטראוס גרופ בעמ/מצונן,,דנונה עם קורנפלקס מצ,,172.00,100 גרם,false,,4.70,0.0273,true,1,242365
7290112346773,false,יוגורט בטעם וניל 0% לייט אנד פרי 10 גרם חלבון בגביע,שטראוס גרופ בעמ/מצונן,,דנונה לייט אנד פריי,,150.00,"100 מ""ל",false,,4.80,0.0320,true,1,244667
7290112346797,false,יוגורט אקטיביה שיבולת שועל ושזיף 150 גרם,שטראוס גרופ בעמ/מצונן,,אקטיביה שיבולת שועל,,150.00,100 גרם,false,,4.80,0.0320,true,1,241893
7290112346827,false,שמיניית אקטימל ויטמין C פטל 108 גרם,שטראוס גרופ בעמ/מצונן,,אקטימל ויטמין C פטל,,864.00,"100 מ""ל",false,,21.90,0.0253,true,1,244040
7290112347008,false,גמדים לדרך גבינה לבנה עם מחית תות ושיבולת שועל,שטראוס גרופ בעמ/מצונן,,גמדים סקוויז ארוחת ב,,100.00,100 גרם,false,,5.80,0.0580,true,1,234416
7290112347473,false,מארז דנונה לייט אנד פריי תות ואפרסק 150 גרם 8 יחידות,שטראוס גרופ בעמ/מצונן,,מארז לייט אנד פריי ת,,1200.00,100 גרם,false,,28.50,0.0238,true,1,233787
7290112348142,false,שעועית לבנה 380 גר' בקופסה טעם הטבע,שטראוס גרופ בע`מ,,שעועית לבנה ט.הטבע ק,,380.00,100 גרם,false,,6.90,0.0182,true,1,242166
7290112348616,false,עלית - קפה נמס אגוזי לוז 100 גרם,שטראוס קפה בי.וי,,קפה נמס אגוזי לוז על,,100.00,100 גרם,false,,15.90,0.1590,true,1,243869
7290112349606,false,מעדן גבינה ויוגורט תות בננה 88 ג' דניאלה,שטראוס גרופ בעמ/מצונן,,דניאלה בטעם תות בננה,,88.00,100 מ'ל,false,,4.10,0.0466,true,1,247792
7290112349705,false,פומודורו רוטב עגבניות קלאסי לפסטה יד מרדכי 350 גרם,אמיליאנה קונסרב סוסייטה,,רוטב עגבניות קלאסי ל,,350.00,100 גרם,false,,11.90,0.0340,true,1,241087
7290112349736,false,בזיליקום רוטב עגבניות לפסטה יד מרדכי 350 גרם,אמיליאנה קונסרב סוסייטה,,רוטב עגבניות לפסטה 3,,350.00,100 גרם,false,,11.90,0.0340,true,1,241088
7290112349743,false,ארביאטה רוטב עגבניות פיקנטי לפסטה 350 ג' יד מרדכי,אמיליאנה קונסרב סוסייטה,,רוטב עגבניות פיקנטי,,350.00,100 גרם,false,,11.90,0.0340,true,1,241085
7290112349750,false,פיצה רוטב עגבניות לפיצה יד מרדכי 350 גרם,אמיליאנה קונסרב סוסייטה,,רוטב עגבניות לפיצה 3,,350.00,100 גרם,false,,11.90,0.0340,true,1,241089
7290112349903,false,רוטב שמנת עם גרגירי וניל 9% שומן 260 ג' יטבתה,שטראוס גרופ בעמ/מצונן,,רוטב שמנת עם גרגירי,,250.00,"100 מ""ל",false,,10.90,0.0436,true,1,248734
7290112350275,false,קפסולות LUNGO למכונת נספרסו עלית 10 יחידות,שטראוס קפה בי.וי,,קפסולות למכונת נספרס,,50.00,100 גרם,false,,18.90,0.3780,true,1,241014
7290112350312,false,קפסולות 15 קפה יותר למכונות נספרסו עלית 10יח',הנסיך- מפעל לייצור ט,,קפסולות מס' 15למכונו,,50.00,"100 מ""ל",false,,18.90,0.3780,true,1,243586
7290112350589,false,צ`יקו להכנת משקה צ`יקוריה עלית (65 גרם),שטראוס קפה בי.וי,,אבקה ציקו 65 גרם,,65.00,100 גרם,false,,11.90,0.1831,true,1,242667
7290112351463,false,שלישיית סוכריות מאסט FRESH פטל לימון 45 ג' עלית,"הליקון גידה בע""\מ",,שלישיית סוכריות פרש,,45.00,100 גרם,false,,8.90,0.1978,true,1,242419
7290112351470,false,סוכריות ללא סוכר בטעם תות רימון מאסט פרש,"הליקון גידה בע""\מ",,שלישיית סוכריות פרש,,45.00,100 גרם,false,,8.90,0.1978,true,1,242418
7290112353887,false,"משקה קפה קר בטעם אגוזים יטבתה 230 מ""ל",האי נאם סי או אל.טי.,,משקה קפה קר בטעם אגו,,230.00,"100 מ""ל",false,,7.90,0.0343,true,1,242603
7290112354174,false,"פסטה רוזה 280 ג""ר ""דלישס"" שטראוס",קפוא-זן תעשיות מזון בעמ - תפוג,,פסטה רוזה 280גרם דלי,,280.00,100 גרם,false,,22.90,0.0818,true,1,250495
7290112355027,false,דנונה פרו 20 גרם חלבון בטעם קרמל מלוח 200 גרם,שטראוס גרופ בעמ/מצונן,,דנונה פרו 20 בטעם קר,,200.00,"100 מ""ל",false,,6.30,0.0315,true,1,244408
7290112355102,false,גמדים סקוויז 100 גרם פאוץ סלט פירות 100 גרם,שטראוס גרופ בעמ/מצונן,,גמדים סקוויז סלט פיר,,100.00,100 גרם,false,,5.80,0.0580,true,1,244961
7290112355393,false,"יטבתה רוטב שמנת+בטטה 9% שומן 250 מ""ל",שטראוס גרופ בעמ/מצונן,,רוטב שמנת עם בטטה 2,,257.00,"100 מ""ל",false,,10.90,0.0424,true,1,250439
7290112355775,false,גבינת סימפוניה עם עירית 200 גרם,שטראוס גרופ בעמ/מצונן,,גבינת סימפוניה עירית,,200.00,100 גרם,false,,11.70,0.0585,true,1,249607
7290112355812,false,מילקי טופ קורנפלקס 141 ג' שטראוס,שטראוס גרופ בעמ/מצונן,,מילקי טופ קורנפלקס 1,,141.00,100 גרם,false,,4.80,0.0340,true,1,249310
7290112356536,false,אבקת קקאו עלית (150 גרם% )+10תוספת,הנסיך- מפעל לייצור ט,,קקאו עלית 150 גרם+10,,150.00,100 גרם,false,,10.90,0.0727,true,1,242669
7290112357045,false,עגבניות איטלקיות מרוסקות 390 גר' בקופסה טעם הטבע,"שטראוס גרופ בע""מ",,עגבניות איטלקיות מרו,,390.00,100 גרם,false,,6.90,0.0177,true,1,242163
7290112357069,false,מחית עגבניות איטלקיות בקופסה 500 גר' טעם הטבע,שטראוס גרופ בע`מ,,מחית עגבניות איטלקיו,,500.00,100 גרם,false,,7.90,0.0158,true,1,242162
7290112357076,false,קוביות עגבניות איטלקיות 390 גר' בקופסה טעם הטבע,"שטראוס גרופ בע""מ",,קוביות עגבניות איטלק,,390.00,100 גרם,false,,6.90,0.0177,true,1,243587
7290112357083,false,טעם הטבע אפונה ירוקה 380 גרם קופסה,הדקלאים אגודת שיתופי,,אפונת גינה ט.הטבע קו,,380.00,"100 מ""ל",false,,6.90,0.0182,true,1,242165
7290112357106,false,שעועית אדומה 380 גר' בקופסה טעם הטבע,שטראוס גרופ בע`מ,,שעועית אדומה ט.הטבע,,380.00,100 גרם,false,,6.90,0.0182,true,1,242167
7290112357113,false,גרגרי חומוס בקופסה 380 גר' טעם הטבע,שטראוס גרופ בע`מ,,גרגרי חומוס ט.הטבע ק,,380.00,"100 מ""ל",false,,6.90,0.0182,true,1,242161
7290112357175,false,קפסולות BOOST למכונת נספרסו עלית 10 יחידות,שטראוס קפה בי.וי,,קפסולות למכונת נספרס,,50.00,100 גרם,false,,18.90,0.3780,true,1,241015
7290112358127,false,דנונה פרו חלבון+מגנזיום- וניל ועוגיות 200 גרם,שטראוס גרופ בעמ/מצונן,,דנונה פרו 20גר חלבון,,200.00,"100 מ""ל",false,,6.50,0.0325,true,1,244043
7290112358233,false,רוטב צ`ילי חריף יד מרדכי (300 גר`),שטראוס גרופ בע`מ,,רוטב צילי חריף 300 ג,,300.00,"100 מ""ל",false,,14.90,0.0497,true,1,243475
7290112358240,false,רוטב גריל יד מרדכי 300 גרם,שטראוס גרופ בע`מ,,רוטב לעוף גריל 300גר,,300.00,100 גרם,false,,14.90,0.0497,true,1,242105
7290112358257,false,רוטב לעוף עם שזיפים יד מרדכי 300 גרם,שטראוס גרופ בע`מ,,רוטב לעוף עם שזיפים,,300.00,100 גרם,false,,14.90,0.0497,true,1,242106
7290112358431,false,עד חצות דאבל ביסקוויט עם שוקולד חלב -8 אריזות אישיות,ביסקוויטס טור ד'\אלבון,,עד חצות ביסקוויט דאב,,200.00,"100 מ""ל",false,,13.90,0.0695,true,1,245563
7290112359353,false,קפה טורקי אלדין ( 200 גר`) עלית,שטראוס קפה בי.וי,,אלדין קפה טורקי 200ג,,200.00,100 גרם,false,,18.90,0.0945,true,1,248379
7290112490032,false,"נמס בכוס טעם תירס קנור 31 גרם מארז זוגי בד""צ",יוניליוור ישראל שיווק בע`מ,,נמס בכוס קנור תירס,יחידה,0.00,יחידה,false,,6.90,0.0000,true,1,225487
7290112490117,false,קליק אקסטרא לארג שוקולד חלב עם וופל ואגוזים,יוניליוור ישראל שיווק בע`מ,,קליק שוקולד וופל ואג,,85.00,100 גרם,false,,6.90,0.0812,true,1,225547
7290112490230,false,מרק נמס בכוס אפונה קנור 100% רכיבים טבעיים,יוניליוור ישראל שיווק בע`מ,,נמס בכוס קנור אפונה,,50.00,100 גרם,false,,6.90,0.1380,true,1,225521
7290112490582,false,חרדל דיג'וןן צרפתי הלמנס 350 גר,יוניליוור ישראל שיווק בע`מ,,חרדל דיזון הלמנס 350,,350.00,"100 מ""ל",false,,12.90,0.0369,true,1,225510
7290112490599,false,חרדל צרפתי עם גרגירים שלמים הלמנס 350 גר,יוניליוור ישראל שיווק בע`מ,,חרדל צרפתי עם גרגירי,,350.00,100 גרם,false,,12.90,0.0369,true,1,225511
7290112490674,false,קונפיטורה דובדבנים 778 50% פרי 340 גר-,יוניליוור ישראל שיווק בע`מ,,קונפיטורה 778 דובדבן,,340.00,100 גרם,false,,14.90,0.0438,true,1,225524
7290112490728,false,מרק עשיר ירקות עם בורגול רכיבים טבעיים 95 ג' קנור,יוניליוור ישראל שיווק בע`מ,,מרק עשיר ירקות בורגו,,95.00,100 גרם,false,,12.90,0.1358,true,1,225497
7290112490735,false,מרק עשיר עגבניות עם פסטה ר.טבעיים 105 גרם קנור,יוניליוור ישראל שיווק בע`מ,,מרק עשיר עגבניות פסט,,105.00,100 גרם,false,,12.90,0.1229,true,1,225498
7290112490742,false,מרק עשיר פטריות עם גריסים רכיבים טבעיים 104 ג' קנור,יוניליוור ישראל שיווק בע`מ,,מרק עשיר פטריות גריס,,104.00,100 גרם,false,,12.90,0.1240,true,1,225499
7290112490759,false,מרק עשיר עוף עם אטריות רכיבים טבעיים 74 ג' קנור,יוניליוור ישראל שיווק בע`מ,,מרק עשיר עוף איטריות,,74.00,100 גרם,false,,12.90,0.1743,true,1,225500
7290112490827,false,תרסיס ריחני למייבש הכביסה בדין בייבי 500,יוניליוור ישראל שיווק בע`מ,,בדין תרסיס בייבי למי,,500.00,"100 מ""ל",false,,19.90,0.0398,true,1,225506
7290112490896,false,"קנור רוטב צ'ילי חריף 370 מ""ל PAL",יוניליוור ישראל שיווק בע`מ,,רוטב צילי חריף קנור,,370.00,100 גרם,false,,14.90,0.0403,true,1,225941
7290112491770,false,בייגלה דקים דקים מלח ים בייגל בייגל 300 גרם.,יוניליוור ישראל שיווק בע`מ,,בייגלה דקים דקים מלח,,300.00,100 גרם,false,,10.90,0.0363,true,1,226569
7290112491787,false,בייגלה דקים דקים עם שומשום בייגל בייגל 300 גרם,יוניליוור ישראל שיווק בע`מ,,בייגלה דקים דקים שומ,,300.00,100 גרם,false,,10.90,0.0363,true,1,226570
7290112491794,false,בייגלה דקים דקים בטעם שמנת ובצל בייגל בייגל 300 גרם,יוניליוור ישראל שיווק בע`מ,,בייגלה דקים דקים שמנ,,300.00,100 גרם,false,,10.90,0.0363,true,1,226571
7290112492449,false,פינוק שמפו שיער רגיל 700 מל-חדש,"יוניליוור ישראל שיווק בע""מ",,פינוק שמפו לשיער רגי,,700.00,100 גרם,false,,13.90,0.0199,true,1,241463
7290112492456,false,"שמפו פינוק לשיער יבש/פגום 700 מ""ל",יוניליוור ישראל שיווק בע`מ,,פינוק שמפו לשיער יבש,,700.00,100 גרם,false,,13.90,0.0199,true,1,241464
7290112492463,false,"שמפו ומרכך 2 ב-1 לשיער רגיל פינוק 700 מ""ל.",יוניליוור ישראל שיווק בע`מ,,פינוק 2ב1 לשיער רגיל,,700.00,100 גרם,false,,13.90,0.0199,true,1,241465
7290112492487,false,פינוק שמפו לשיער עם שמן מרוקאי 700 מל,יוניליוור ישראל שיווק בע`מ,,פינוק שמפו שמן מרוקא,,700.00,100 גרם,false,,13.90,0.0199,true,1,241466
7290112492500,false,פינוק שמפו לשיער עם שמן קוקוס 700 מל,יוניליוור ישראל שיווק בע`מ,,פינוק שמפו שמן קוקוס,,700.00,100 גרם,false,,13.90,0.0199,true,1,241467
7290112492531,false,"פינוק קונדישנר לשיער רגיל 700מ""ל",יוניליוור ישראל שיווק בע`מ,,פינוק מרכך לשיער רגי,,700.00,100 גרם,false,,13.90,0.0199,true,1,234235
7290112492548,false,"מרכך פינוק עם שמן חוחובה 700 מ""ל",יוניליוור ישראל שיווק בע`מ,,פינוק מרכך לשיער יבש,,700.00,"100 מ""ל",false,,13.90,0.0199,true,1,234236
7290112492579,false,פינוק מרכך בתוספת שמן קוקוס 700 מל-חדש,יוניליוור ישראל שיווק בע`מ,,פינוק מרכך לשיער שמן,,700.00,"100 מ""ל",false,,13.90,0.0199,true,1,234239
7290112492593,false,תחליב רחצה פינוק בניחוח פינוק קלאסי 700,יוניליוור ישראל שיווק בע`מ,,פינוק תחליב רחצה קלא,,700.00,"100 מ""ל",false,,12.90,0.0184,true,1,234240
7290112492715,false,"פינוק שמפו ללא דמעות לסירוק קל לילדים 700 מ""ל",יוניליוור ישראל שיווק בע`מ,,פינוק שמפו לילדים 70,,700.00,"100 מ""ל",false,,13.90,0.0199,true,1,242548
7290112492722,false,"2ב-1 שמפו ומרכך פינוק אל דמע לסירוק קל לילדים 700 מ""ל",יוניליוור ישראל שיווק בע`מ,,פינוק שמפו ומרכך ליל,,700.00,"100 מ""ל",false,,13.90,0.0199,true,1,242549
7290112492982,false,"אבקת מרק פטריות כשל""פ 100% רכיבים טבעיים 400 גרם",יוניליוור ישראל שיווק בע`מ,,קנור א.מרק פטריות רכ,,400.00,"100 מ""ל",false,,22.90,0.0572,true,1,234233
7290112492999,false,קנור מרק עוף אמיתי 400 גרם פרווה,יוניליוור ישראל שיווק בע`מ,,"מרק טעם עוף קנור בד""",,400.00,100 גרם,false,,15.90,0.0398,true,1,234328
7290112493088,false,נמס בכוס עדשים מרק רכיבים טבעיים קנור 54 ג',יוניליוור ישראל שיווק בע`מ,,נמס בכוס קנור עדשים,,54.00,"100 מ""ל",false,,6.90,0.1278,true,1,229457
7290112493095,false,נמס בכוס מרק עגבניות חריף רכיבים טבעיים קנור 48 ג',יוניליוור ישראל שיווק בע`מ,,נמס בכוס קנורעגבניות,,48.00,100 גרם,false,,6.90,0.1438,true,1,229458
7290112493293,false,קנור - נמס ירקות וקרוטונים ר.טבעי 44 גרם,יוניליוור ישראל שיווק בע`מ,,נמס בכוס קנור ירקות,,44.00,100 גרם,false,,6.90,0.1568,true,1,229459
7290112493316,false,מרק היום אפונה 100% רכיבים טביעיים קנור,יוניליוור ישראל שיווק בע`מ,,מרק היום אפונה 100%,,117.00,100 גרם,false,,12.90,0.1103,true,1,229460
7290112493927,false,גלידה בטעם ריבת חלב 1.33ל' קרמיסימו,"גלידת שטראוס בע""\מ, רחוב",,קרמיסימו רית חלב 1.3,,1300.00,יח',false,,21.90,0.0168,true,1,234246
7290112494153,false,תיבוליות ניחוח צלי קנור( 72 גרם),יוניליוור ישראל שיווק בע`מ,,קנור תיבולית בניחוח,יחידה,0.00,יחידה,false,,10.90,0.0000,true,1,241655
7290112494382,false,פירה בטעם ביתי 260 גרם-קופסא,יוניליוור ישראל שיווק בע`מ,,פירה ביתי 260גר,,260.00,100 גרם,false,,14.90,0.0573,true,1,233808
7290112494801,false,בדין-ג'ל לכביסה לבנה וצבעונית בניחוח עדין ורוד 2.5 ליטר,יוניליוור ישראל שיווק בע`מ,,בדין גל כביסה לבנה ו,ליטרים,2.50,ליטר,false,,32.90,13.1600,true,1,234331
7290112495037,false,דגני בוקר בטעם שוקולד כדורים 375 ג' קוקומן,יוניליוור ישראל שיווק בע`מ,,קוקומן כדורים 375גר,,375.00,100 מ'ל,false,,21.90,0.0584,true,1,233790
7290112495044,false,דגני קוקומן פצפוצים תלמה (375 גרם),יוניליוור ישראל שיווק בע`מ,,קוקומן פצפוצים 375גר,,375.00,100 גרם,false,,21.90,0.0584,true,1,233791
7290112495143,false,נשנושי קרקר קוקטייל מלוח בייגל בייגל 300 גרם,יוניליוור ישראל שיווק בע`מ,,קוקטייל מלוח 300גר,,300.00,100 גרם,false,,13.90,0.0463,true,1,233793
7290112495174,false,נשנושי קרקר קוקטייל שומשום בייגל בייגל 300 גרם,יוניליוור ישראל שיווק בע`מ,,קוקטייל שומשום 300גר,,300.00,100 גרם,false,,13.90,0.0463,true,1,233799
7290112495228,false,קורנפלקס נגיעות דבש תלמה 448 גרם,יוניליוור ישראל שיווק בע`מ,,קורנפלקס דבש תלמה 44,,448.00,100 גרם,false,,17.90,0.0400,true,1,233792
7290112495280,false,ברנפלקס ריבועי קינמון תלמה (400 גרם),יוניליוור ישראל שיווק בע`מ,,ברנפלקס ריבועי קינמו,,500.00,100 גרם,false,,22.90,0.0458,true,1,240830
7290112495433,false,דגני דליפקאן תוספת אגוזי פקאן ושקדים 400 גר,יוניליוור ישראל שיווק בע`מ,,"דליפקאן בד""ץ תלמה 40",,400.00,100 מ'ל,false,,22.90,0.0572,true,1,230076
7290112495488,false,קורנפלקס פתיתי תירס קלויים ללא גלוטן 500,יוניליוור ישראל שיווק בע`מ,,קורנפלקס ללא גלוטן 5,,500.00,100 גרם,false,,21.90,0.0438,true,1,240832
7290112495594,false,בייגלה שמיניות גדולות ללא מלח בייגל בייגל 400 גרם,יוניליוור ישראל שיווק בע`מ,,בייגלה שמיניות גדולו,יחידה,0.00,יחידה,false,,13.90,0.0000,true,1,234232
7290112495662,false,קרקר חיטה מלאה ופשתן בייגל בייגל 300 גרם,יוניליוור ישראל שיווק בע`מ,,קרקר חיטה מלאה עם פש,,300.00,100 גרם,false,,9.50,0.0317,true,1,240827
7290112495754,false,רוטב לסלט אלף האיים הלמנס (305 מל),יוניליוור ישראל שיווק בע`מ,,הלמנס לסלט אלף האיים,,305.00,100 גרם,false,,14.90,0.0489,true,1,240813
7290112495785,false,רוטב לסלט שום (300 גרם)הלמנס,יוניליוור ישראל שיווק בע`מ,,הלמנס לסלט רוטב שום,,300.00,100 גרם,false,,14.90,0.0497,true,1,240811
7290112495792,false,רוטב הלמנס שום לייט לסלט 305גר כשלפ,יוניליוור ישראל שיווק בע`מ,,הלמנס רוטב לסלט שום,,300.00,100 גרם,false,,14.90,0.0497,true,1,240808
7290112495808,false,רוטב לסלט חרדל ודבש הלמנס (305 מל),יוניליוור ישראל שיווק בע`מ,,הלמנס לסלט חרדל ודבש,,305.00,100 גרם,false,,14.90,0.0489,true,1,240812
7290112495938,false,"קרקר 6 דגנים בייגל בייגל 250 גרם בד""צ",יוניליוור ישראל שיווק בע`מ,,קרקר משפחתי 6 דגנים,,250.00,100 גרם,false,,9.50,0.0380,true,1,240825
7290112496027,false,"סירופ שוקולד לחיץ 580 מ""ל כשל""פ אפיכל",יוניליוור ישראל שיווק בע`מ,,אפיכל סירופ שוקולד 5,,580.00,100 גרם,false,,14.90,0.0257,true,1,240823
7290112496270,false,"פתית צ'יפס תפו""א בתוספת עגבניות ועשבי תיבול 22 גרם",יוניליוור ישראל שיווק בע`מ,,"פתית צ'יפס תפו""א עם",,0.00,100 גרם,false,,4.90,0.0000,true,1,242544
7290112496294,false,חטיף פתית צ'יפס עם אפונה ירוקה צהובה וצ'ילי,יוניליוור ישראל שיווק בע`מ,,פתית צ'יפס אפונה בתו,,0.00,100 גרם,false,,4.90,0.0000,true,1,242546
7290112496331,false,קורנפלקס בננה תלמה אלופים 448 גרם,"יוניליוור ישראל שיווק בע""מ",,קורנפלקס בטעם בננה ת,,448.00,"100 מ""ל",false,,17.90,0.0400,true,1,245243
7290112497031,false,קנור רוטב עגבניות לקציצות 415 גרם,יוניליוור ישראל שיווק בע`מ,,רוטב עגבניות לקציצות,,415.00,"100 מ""ל",false,,11.90,0.0287,true,1,245244
7290112497710,false,פינוק בייבי שמפו אל דמע לתינוקות 700 מל,יוניליוור ישראל שיווק בע`מ,,פינוק שמפו אל דמע תי,,700.00,"100 מ""ל",false,,15.90,0.0227,true,1,249954
7290112497727,false,פינוק בייבי אל סבון אל דמע לתינוקות 700,יוניליוור ישראל שיווק בע`מ,,פינוק אל סבון תינוק,,700.00,"100 מ""ל",false,,15.90,0.0227,true,1,249955
7290112497994,false,"גרנולה תלמה פרוטאין בתוספת חלבון ואגוזים, 300 גרם",יוניליוור ישראל שיווק בע`מ,,גרנולה פרוטאין אגוזי,,300.00,100 גרם,false,,15.90,0.0530,true,1,250194
7290112498007,false,גרנולה פרוטאין בתוספת חלבון שקדים וחמוציות תלמה 300 ג',יוניליוור ישראל שיווק בע`מ,,גרנולה פרוטאין שקדים,,300.00,100 גרם,false,,15.90,0.0530,true,1,250195
7290112498052,false,מארז פתית צ`יפס בטטה בטעם טבעי 84 ג`,יוניליוור ישראל שיווק בע`מ,,פתית ציפס בטטה מארז,,84.00,"100 מ""ל",false,,14.90,0.1774,true,1,247048
7290112498281,false,"אל סבון לידיים בתוספת שמן קוקוס פינוק 950 מ""ל",יוניליוור ישראל שיווק בע`מ,,פינוק סבון ידיים קוק,,950.00,"100 מ""ל",false,,11.90,0.0125,true,1,246645
7290112498298,false,"אל סבון ליידים בתוספת שמן מרוקאי פינוק 950 מ""ל",יוניליוור ישראל שיווק בע`מ,,פינוק סבון ידיים מרו,,950.00,"100 מ""ל",false,,11.90,0.0125,true,1,246646
7290112498441,false,"קנור רוטב אסיאתי למוקפץ 300 מ""ל בד""ץ",יוניליוור ישראל שיווק בע`מ,,רוטב אסייתי למוקפץ ק,,370.00,100 גרם,false,,14.90,0.0403,true,1,245508
7290112498526,false,"פתית צ'יפס עם בטטה סגולה בטעם שמנת ובצל, 22 גרם",יוניליוור ישראל שיווק בע`מ,,פתית צ'יפס בטטה סגול,יחידה,0.00,יחידה,false,,4.90,0.0000,true,1,247838
7290112498922,false,מאגדת מיני מגנום לבן שטראוס 250 גרם,"מיוצר ע""\י גלידת שטראוס",,מיני מגנום לבן 250גר,,250.00,"100 מ""ל",false,,29.90,0.1196,true,1,245390
7290112499097,false,מאגדת מיני מגנום מריר Intense Dark! 240 גרם,"מיוצר ע""\י גלידת שטראוס",,מאגדת מיני מגנום מרי,,240.00,100 גרם,false,,29.90,0.1246,true,1,248078
7290112499189,false,"גלידת קרמיסימו חד קרן וניל תות, 1.33 ליטר","גלידת שטראוס בע""\מ, רחוב",,קרמיסימו חד קרן 1.33,,1330.00,"100 מ""ל",false,,21.90,0.0165,true,1,249410
7290112499462,false,פינוק תחליב רחצה 700 בתוספת שמן קוקוס,יוניליוור ישראל שיווק בע`מ,,פינוק תחליב רחצה שמן,,700.00,"100 מ""ל",false,,12.90,0.0184,true,1,245223
7290112499493,false,"רקסונה - דאודורנט ספריי לאישה אלוורה 150 מ""ל","יוניליוור ישראלשיווק בע""מ",,רקסונה דאו אלוורה 15,,150.00,"100 מ""ל",false,,14.90,0.0993,true,1,248200
7290112499509,false,"רקסונה - דאודורנט ספריי לאישה בניחוח אפרסק ולמון גראס 150 מ""ל","יוניליוור ישראל שיווק בע""מ",,רקסונה ספריי נשים אפ,,150.00,"100 מ""ל",false,,14.90,0.0993,true,1,249561
7290112499844,false,מאגדת מיני מגנום דואט שוקולד עם נוגט שטראוס 310 גרם,"מיוצר ע""\י גלידת שטראוס",,מיני מגנום דואט שוקו,,310.00,100 גרם,false,,29.90,0.0965,true,1,240432
7290112705471,false,קערה במבוק נסיכות יח,שמחה זה אנחנו,,קערה במבוק נסיכות,יחידה,0.00,יחידה,false,,9.90,0.0000,true,1,234278
7290112961372,false,פיטנס חטיפי פריכיות דקות קינמון 60 גרם,קבוצת אוסם סחר שותפות מוגבלת,,פיטנס חטיפי פריכיות,,60.00,100 גרם,false,,8.90,0.1483,true,1,226459
7290112961464,false,פיטנס חטיפי פריכיות דגנים וחומוס מתובלות,קבוצת אוסם סחר שותפות מוגבלת,,פיטנס חטיפי פריכיות,,60.00,"100 מ""ל",false,,8.90,0.1483,true,1,226460
7290112962287,false,טבעול שווארמה טבעונית 6*450 גרם,קבוצת אוסם סחר שותפות מוגבלת,,טבעול שווארמה טבעוני,,450.00,100 גרם,false,,33.90,0.0753,true,1,240841
7290112963321,false,גריסיני בייגלה שטוח ללא גלוטן אסם 300גרם,קבוצת אוסם סחר שותפות מוגבלת,,גרטיפי בייגלה שטוח ל,,300.00,100 גרם,false,,16.90,0.0563,true,1,242062
7290112963918,false,פיטנס חטיפי קרקר דק רוזמרין 140 גרם,קבוצת אוסם סחר שותפות מוגבלת,,פיטנס קרקר דק רוזמרי,,140.00,100 גרם,false,,12.90,0.0921,true,1,229507
7290112964410,false,אסם רוטב אלף האיים חדש לסלט 290 גרם,קבוצת אוסם סחר שותפות מוגבלת,,רוטב אלף האיים לסלט,,290.00,"100 מ""ל",false,,12.50,0.0431,true,1,227553
7290112964434,false,אסם רוטב קיסר חדש לסלט 295 גרם,קבוצת אוסם סחר שותפות מוגבלת,,רוטב קיסר לסלט אסם 2,,295.00,100 גרם,false,,12.50,0.0424,true,1,227554
7290112964458,false,רוטב ויניגרט חדש לסלט 295 גרם אסם,קבוצת אוסם סחר שותפות מוגבלת,,רוטב ויניגרט לסלט אס,,295.00,100 גרם,false,,12.50,0.0424,true,1,227555
7290112964472,false,אסם רוטב שום חדש לסלט 290 גרם,קבוצת אוסם סחר שותפות מוגבלת,,רוטב שום לסלט אסם 29,,290.00,100 גרם,false,,12.50,0.0431,true,1,227556
7290112964564,false,רוטב אלף האיים לייט לסלט אסם (295 מל),קבוצת אוסם סחר שותפות מוגבלת,,רוטב אלף האיים לייט,,295.00,100 גרם,false,,12.50,0.0424,true,1,227557
7290112964601,false,רוטב בנוסח סצ'ואן הסדרה האסייתית,קבוצת אוסם סחר שותפות מוגבלת,,אסם רוטב בנוסח סצואן,,290.00,"100 מ""ל",false,,15.90,0.0548,true,1,227010
7290112964625,false,רוטב שום לייט לסלט 310 גרם אסם,קבוצת אוסם סחר שותפות מוגבלת,,רוטב שום לייט לסלט א,,310.00,100 גרם,false,,12.50,0.0403,true,1,227558
7290112964724,false,המבורגר צמחוני עם המון חלבון 580 גר,קבוצת אוסם סחר שותפות מוגבלת,,טבעול המבורגר טבעוני,,580.00,100 גרם,false,,33.90,0.0584,true,1,229551
7290112965141,false,תבשיל פתיתים אפויים עם ירקות 130 גרם,קבוצת אוסם סחר שותפות מוגבלת,,תבשיל פתיתים אפויים,,130.00,100 גרם,false,,11.90,0.0915,true,1,234343
7290112965165,false,מרק נמס פטריות אסם בדצ 48 גרם מארז זוגי,קבוצת אוסם סחר שותפות מוגבלת,,זוג מרק נמס פטריות ב,,34.00,100 גרם,false,,6.50,0.1912,true,1,229681
7290112965240,false,מרק נמס בטעם עגבניות זוג * 44 ג' אסם,קבוצת אוסם סחר שותפות מוגבלת,,זוג מרק נמס עגבניות,,44.00,"100 מ""ל",false,,6.50,0.1477,true,1,229688
7290112965288,false,מרק נמס ירקות אסם בדצ 56 גרם מארז זוגי,קבוצת אוסם סחר שותפות מוגבלת,,זוג מרק נמס ירקות בד,,56.00,"100 מ""ל",false,,6.50,0.1161,true,1,244021
7290112965301,false,זוג מרק נמס בטעם עוף עם שקדי מרק רגע חם,קבוצת אוסם סחר שותפות מוגבלת,,זוג מרק נמס טעם עוף,,38.00,"100 מ""ל",false,,6.50,0.1711,true,1,229682
7290112965363,false,קציצות קינואה וברוקולי טבעול 525 גרם,קבוצת אוסם סחר שותפות מוגבלת,,קציצות קינואה וברוקו,,525.00,100 גרם,false,,33.90,0.0646,true,1,234374
7290112965660,false,פיטנס - חטיף מולטיגריין מלח פלפל 25 גרם,קבוצת אוסם סחר שותפות מוגבלת,,פיטנס חטיף מולטיגריי,,25.00,100 גרם,false,,5.90,0.2360,true,1,243661
7290112965684,false,פיטנס - חטיף מולטיגריין עשבי תיבול 25 גרם,קבוצת אוסם סחר שותפות מוגבלת,,פיטנס חטיף מולטיגריי,,25.00,100 גרם,false,,5.90,0.2360,true,1,243662
7290112965707,false,פיטנס - חטיף מולטיגריין צילי מעודן 25 גרם,קבוצת אוסם סחר שותפות מוגבלת,,פיטנס חטיף מולטיגריי,,25.00,100 גרם,false,,5.90,0.2360,true,1,243663
7290112965745,false,אוסם - ביסלי פריסטייל בצל מעושן 60 גרם,קבוצת אוסם סחר שותפות מוגבלת,,ביסלי פריסטייל בצל מ,,60.00,100 גרם,false,,4.90,0.0817,true,1,245685
7290112965783,false,אוסם - ביסלי פריסטייל על האש 60 גרם,קבוצת אוסם סחר שותפות מוגבלת,,ביסלי פריסטייל על הא,,60.00,"100 מ""ל",false,,4.90,0.0817,true,1,245686
7290112965806,false,אוסם - ביסלי פריסטייל חמוץ חריף 60 גרם,קבוצת אוסם סחר שותפות מוגבלת,,ביסלי פריסטייל חמוץ,,60.00,100 גרם,false,,4.90,0.0817,true,1,245684
7290112965905,false,בייגלה שמיניות במליחות מעודנת אסם 400 גרם,קבוצת אוסם סחר שותפות מוגבלת,,בייגלה שמיניות במליח,,400.00,100 גרם,false,,11.90,0.0298,true,1,234350
7290112965943,false,נאגטס ירקות ירוקים ( 500 גר`) טבעול,קבוצת אוסם סחר שותפות מוגבלת,,נאגטס ירקות ירוקים 5,,500.00,100 גרם,false,,33.90,0.0678,true,1,242561
7290112965981,false,"טבעול גורמה ארוחת דגנים, 450 גרם",קבוצת אוסם סחר-שות.מוגבלת,,טבעול גורמה ארוחת דג,,450.00,100 גרם,false,,38.90,0.0864,true,1,248920
7290112966001,false,"טבעול גורמה ארוחת ירוקים, 450 גרם",קבוצת אוסם סחר שותפות מוגבלת,,טבעול גורמה ארוחת יר,,450.00,100 גרם,false,,38.90,0.0864,true,1,248921
7290112966094,false,עוגת הבית בטעם תפוז מופחת סוכראסם (400 ג,קבוצת אוסם סחר שותפות מוגבלת,,עוגת הבית תפוז מופחת,,400.00,"100 מ""ל",false,,13.90,0.0348,true,1,234366
7290112966247,false,לחמית כוסמין אסם 200 גרם,קבוצת אוסם סחר שותפות מוגבלת,,לחמית כוסמין אסם 200,,200.00,100 גרם,false,,11.50,0.0575,true,1,241449
7290112966445,false,במבה מתוקה אריזה גדולה 100 גר`אסם,קבוצת אוסם סחר שותפות מוגבלת,,במבה מתוקה אסם 100 ג,,100.00,100 גרם,false,,8.90,0.0890,true,1,233256
7290112966766,false,צבר טחינה בלאדי חציל עגבניות ושום 350 גרם,קבוצת אוסם סחר שותפות מוגבלת,,טחינה באלדי חציל עגב,,350.00,100 גרם,false,,15.90,0.0454,true,1,234378
7290112966780,false,צבר טחינה בלאדי עם חציל קלוי 350 גרם,קבוצת אוסם סחר שותפות מוגבלת,,טחינה באלדי עם חציל,,350.00,100 גרם,false,,15.90,0.0454,true,1,234379
7290112966803,false,אינסטנט פודינג בטעם שוקולד אסם (88 גרם),קבוצת אוסם סחר שותפות מוגבלת,,פודינג שוקולד אסם 88,,88.00,"100 מ""ל",false,,5.90,0.0670,true,1,234336
7290112966841,false,אינסטנט פודינג בטעם שוקולד מריר 95 גרם,קבוצת אוסם סחר שותפות מוגבלת,,פודינג שוקולד מריר א,,90.00,100 גרם,false,,5.90,0.0656,true,1,234337
7290112967114,false,פיטנס חטיפי פריכיות קטניות ופלפל 60 גרם,קבוצת אוסם סחר שותפות מוגבלת,,פיטנס חטיפי פריכיות,,60.00,100 גרם,false,,8.90,0.1483,true,1,241199
7290112967381,false,פיטנס חטיפי פריכיות קטניות ומלח ים 60 גרם,קבוצת אוסם סחר שותפות מוגבלת,,פיטנס חטיפי פריכיות,,60.00,100 גרם,false,,8.90,0.1483,true,1,241200
7290112967572,false,"אסם רוטב ברביקיו 290 מ""ל אסם",קבוצת אוסם סחר שותפות מוגבלת,,רוטב ברבקיו אוסם 290,,290.00,"100 מ""ל",false,,12.50,0.0431,true,1,234340
7290112967848,false,אבקה להכנת ג`לי בטעם תות אסם (90 גרם) מו,קבוצת אוסם סחר שותפות מוגבלת,,ג'לי תות מופחת סוכר,,68.00,100 גרם,false,,6.90,0.1015,true,1,245345
7290112968203,false,צבר סלט טחינה בלאדי 6*250גרם,קבוצת אוסם סחר שותפות מוגבלת,,סלט טחינה באלדי צבר,,250.00,100 גרם,false,,10.90,0.0436,true,1,241201
7290112968340,false,צבר חומוס סמיר הגדול 400 גר`,קבוצת אוסם סחר שותפות מוגבלת,,חומוס גרוס גס גס צבר,,400.00,100 גרם,false,,14.50,0.0363,true,1,240982
7290112968449,false,סלט טחינה כרוב אדום 250 גרם,קבוצת אוסם סחר שותפות מוגבלת,,סלט כרוב אדום צבר 25,,250.00,100 גרם,false,,10.90,0.0436,true,1,241207
7290112968524,false,צבר סלט חומוס גרגירים רכים 6*250גרם,קבוצת אוסם סחר שותפות מוגבלת,,סלט חומוס סמיר צבר 2,,250.00,"100 מ""ל",false,,10.90,0.0436,true,1,241209
7290112968807,false,80018416694פיטנס חטיפי קרקר דק סלק 150גר,קבוצת אוסם סחר שותפות מוגבלת,,פיטנס קרקר דק סלק 14,,140.00,100 גרם,false,,12.90,0.0921,true,1,243659
7290112968821,false,חטיפי קרקר דק בטטה 140 גר` פיטנס,קבוצת אוסם סחר שותפות מוגבלת,,פיטנס קרקר דק בטטה 1,,140.00,100 גרם,false,,12.90,0.0921,true,1,243660
7290112969286,false,בישולים רוטב חרדל ודבש ( 330 גר`) אסם,קבוצת אוסם סחר שותפות מוגבלת,,רוטב חרדל ודבש אסם 3,,330.00,100 גרם,false,,16.90,0.0512,true,1,244032
7290112969903,false,נאגטס ירקות לבנים ( 500 גר`) טבעול,קבוצת אוסם סחר-שות.מוגבלת,,נאגטס ירקות לבנים 50,,500.00,100 גרם,false,,33.90,0.0678,true,1,242563
7290113190375,false,סילאן טבעי שקדיה 900 גרם,דין שיווק וקליה 2021 בעמ,,סילאן טבעי 900 גרם,,900.00,100 גרם,false,,17.90,0.0199,true,1,227610
7290113190450,false,ממרח תמרים 450 גרם שקדיה,דין שיווק וקליה 2021 בעמ,,ממרח תמרים 450 גרם ש,,450.00,"100 מ""ל",false,,5.90,0.0131,true,1,226692
7290113191921,false,"תרכיז מלבי 750 מ""ל שקדיה",דין שיווק וקליה 2021 בעמ,,"סירופ מלבי 750מ""ל",,750.00,"100 מ""ל",false,,16.90,0.0225,true,1,233253
7290113191938,false,"סירופ רוזטה בטעם שקדים 750 מ""ל",דין שיווק וקליה 2021 בעמ,,סירופ רוזטה בטעם שקד,,750.00,"100 מ""ל",false,,16.90,0.0225,true,1,233254
7290113192171,false,מיקס אגוזים שקדים וחמוציות 150 גר`ששון,דין שיווק וקליה 2021 בעמ,,מיקס אגוזים שקדים וח,,150.00,100 גרם,false,,10.90,0.0727,true,1,242680
7290113192201,false,תערובת להכנת סחלב 500 גרם ששון הקולה,דין שיווק וקליה 2021 בעמ,,תערובת להכנת סחלב 50,,500.00,100 גרם,false,,14.90,0.0298,true,1,241246
7290113192218,false,תערובת להכנת מלבי 500 גרם ששון הקולה,דין שיווק וקליה 2021 בעמ,,תערובת להכנת מלבי 50,,500.00,100 גרם,false,,14.90,0.0298,true,1,241247
7290113192300,false,זיתים מושחרים חרוזית 275 גרם בית השיטה,קבוצת אוסם סחר שותפות מוגבלת,,חרוזית מושחר 275גרם,,275.00,100 גרם,false,,10.90,0.0396,true,1,241932
7290113192317,false,זיתים מושחרים טבעות בית השיטה (280 גרם),קבוצת אוסם סחר שותפות מוגבלת,,טבעות זיתים מושחרים,,280.00,100 גרם,false,,11.90,0.0425,true,1,241933
7290113192331,false,זיתים ירוקים מנזנילו 340 גר' בית השיטה,קבוצת אוסם סחר שותפות מוגבלת,,זיתים ירוקים שלמים ג,,560.00,100 גרם,false,,9.90,0.0177,true,1,243425
7290113192348,false,בית השיטה זיתים ירוקים גדול מאודבטעם שום,קבוצת אוסם סחר-שות.מוגבלת,,זית ירוק טעם שום 17-,,340.00,100 גרם,false,,9.90,0.0291,true,1,241934
7290113192355,false,חרוזית זיתים ירוקים ללא גלעין 275 ג' בית השיטה,קבוצת אוסם סחר שותפות מוגבלת,,חרוזית ירוק 275גרם ב,,275.00,"100 מ""ל",false,,10.90,0.0396,true,1,241935
7290113192362,false,זיתים ירוקים טבעות A2 בית השיטה 280 גרם,קבוצת אוסם סחר שותפות מוגבלת,,טבעות זיתים ירוקים 2,,280.00,"100 מ""ל",false,,10.90,0.0389,true,1,241936
7290113192379,false,בית השיטה זיתים ירוקים מבוקעים א2 340גר',קבוצת אוסם סחר-שות.מוגבלת,,זיתים ירוקים מבוקעים,,340.00,100 גרם,false,,10.90,0.0321,true,1,241937
7290113192386,false,בית השיטה זיתים ירוקים סורי מבוקע 340גרם,קבוצת אוסם סחר שותפות מוגבלת,,זית סורי מבוקע 340גר,,340.00,100 גרם,false,,11.50,0.0338,true,1,241938
7290113192393,false,בית השיטה קוקטייל זיתים א2 336 גרם,קבוצת אוסם סחר שותפות מוגבלת,,קוקטייל זיתים 336גרם,,336.00,"100 מ""ל",false,,11.90,0.0354,true,1,241939
7290113192478,false,בית השיטה מלפפונים במלח בינוני 10-12 320 גרם,קבוצת אוסם סחר שותפות מוגבלת,,מלפפון במלח בינוניים,,320.00,"100 מ""ל",false,,8.90,0.0278,true,1,241946
7290113192485,false,בית השיטה מלפפונים בחומץ בינוני 10-12 290 גרם,קבוצת אוסם סחר שותפות מוגבלת,,מלפפון בחומץ 10-12 2,,290.00,"100 מ""ל",false,,8.90,0.0307,true,1,241947
7290113192492,false,בית השיטה מלפפונים בחומץ קטנים 1317 290 גרם,קבוצת אוסם סחר שותפות מוגבלת,,מלפפון בחומץ קטנים 1,,290.00,100 גרם,false,,10.90,0.0376,true,1,241948
7290113192508,false,בית השיטה מלפפונים במלח קטן 1317 320 גרם,קבוצת אוסם סחר שותפות מוגבלת,,מלפפון במלח קטנים 13,,320.00,"100 מ""ל",false,,10.90,0.0341,true,1,241949
7290113192515,false,בית השיטה מלפפונים במלח קטן מאוד 1825 320 גרם,קבוצת אוסם סחר שותפות מוגבלת,,מלפפון במלח 18-25 קט,,320.00,"100 מ""ל",false,,12.90,0.0403,true,1,241952
7290113192522,false,בית השיטה מלפפונים בחומץ קטן מאוד 1825 290 גרם,קבוצת אוסם סחר שותפות מוגבלת,,מלפפון בחומץ 18-25 ק,,290.00,100 גרם,false,,12.90,0.0445,true,1,241953
7290113192539,false,בית השיטה מלפפונים במלח גדול 79 320 גרם,קבוצת אוסם סחר שותפות מוגבלת,,מלפפון במלח גדולים 7,,320.00,"100 מ""ל",false,,6.90,0.0216,true,1,241956
7290113192546,false,"מלפפונים בחומץ רכיבים טבעיים 7-9 ""בית השיטה""",קבוצת אוסם סחר שותפות מוגבלת,,מלפפון בחומץ גדולים,,290.00,"100 מ""ל",false,,6.90,0.0238,true,1,241957
7290113192553,false,מלפפונים במלח 13-17 פיקנטי בית השיטה 320 גרם,קבוצת אוסם סחר-שות.מוגבלת,,מלפפון במלח בלדי 13-,,320.00,"100 מ""ל",false,,10.90,0.0341,true,1,241958
7290113192560,false,פלפל חריף כבוש שיפקה בית השיטה (430 גר`),קבוצת אוסם סחר שותפות מוגבלת,,פלפל שיפקה א2 230 גר,,230.00,"100 מ""ל",false,,6.90,0.0300,true,1,242906
7290113192577,false,בית השיטה כרוב כבוש א2 12*430גרם חדש,קבוצת אוסם סחר שותפות מוגבלת,,כרוב כבוש א2 430 גרם,,430.00,"100 מ""ל",false,,7.90,0.0184,true,1,242907
7290113192881,false,"טורטיה חיטה מופחת קלוריות, קוטר 20 ס""מ - 6 יח'",דין שיווק וקליה 2021 בעמ,,טורטיה חיטה מופחתת ק,,270.00,100 גרם,false,,9.90,0.0367,true,1,242681
7290113192997,false,בית השיטה חזית מרוקאי 340 גר`,קבוצת אוסם סחר שותפות מוגבלת,,זית שחור יבש 340 גרם,,340.00,100 גרם,false,,13.90,0.0409,true,1,242908
7290113193000,false,בית השיטה פלפל שיפקונית 230 גרם*,קבוצת אוסם סחר שותפות מוגבלת,,פלפל שיפקונית 230 גר,,230.00,100 גרם,false,,11.50,0.0500,true,1,242909
7290113193017,false,בית השיטה חרוזית קוקטייל זיתים 275 גרם,קבוצת אוסם סחר שותפות מוגבלת,,קוקטייל זיתים חרוזית,,275.00,100 גרם,false,,13.90,0.0505,true,1,242910
7290113193031,false,חרוזית קלמטה - זיתים שחורים ללא גלעין קלמטה,קבוצת אוסם סחר שותפות מוגבלת,,חרוזית קלמטה 275 גרם,,275.00,"100 מ""ל",false,,13.90,0.0505,true,1,242911
7290113193888,false,חצילים מוחמצים בית השיטה 320 גרם,קבוצת אוסם סחר שותפות מוגבלת,,חצילים מוחמצים 320 ג,,320.00,100 גרם,false,,11.50,0.0359,true,1,245021
7290113195066,false,חלבה טורקית בטעם וניל שקדיה 400 גרם,דין שיווק וקליה 2021 בעמ,,חלבה טורקית בטעם וני,,400.00,"100 מ""ל",false,,11.90,0.0298,true,1,244877
7290113195073,false,חלבה טורקית עם פיסטוקים 400 גר` שקדיה,דין שיווק וקליה 2021 בעמ,,חלבה טורקית עם פיסטו,,400.00,100 גרם,false,,14.90,0.0373,true,1,244878
7290113195080,false,חלבה טורקית בטעם שוקו וניל שקדיה 400 גרם,דין שיווק וקליה 2021 בעמ,,חלבה טורקית בטעם שוק,,400.00,100 גרם,false,,11.90,0.0298,true,1,244879
7290113195264,false,ממרח פלפלים קלויים 360 גרם,דין שיווק וקליה 2021 בעמ,,ממרח פלפלים קלויים 3,,360.00,100 גרם,false,,11.90,0.0331,true,1,244887
7290113195363,false,שמן חמניות מזוכך זית השיטה 1 ליטר,קבוצת אוסם סחר-שות.מוגבלת,,שמן חמניות מזוכך בית,,1000.00,"100 מ""ל",false,,11.90,0.0119,true,1,246655
7290113196049,false,פסטה קרניים שקדיה 500 גר`,דין שיווק וקליה 2021 בעמ,,פסטה קרניים שקדיה 50,,500.00,100 גרם,false,,4.90,0.0098,true,1,249546
7290113196414,false,"אורז בסמטי 1 ק""ג - שקדיה כחול מטאלי",דין שיווק וקליה 2021 בעמ,,"אורז בסמטי 1 ק""ג שקד",,1000.00,"100 מ""ל",false,,11.90,0.0119,true,1,247113
7290113196490,false,פריכיות כוסמת בתוספת זרעי ציה שקדיה 150 גרם,דין שיווק וקליה 2021 בעמ,,פריכיות כוסמת עם זרע,,150.00,100 גרם,false,,9.90,0.0660,true,1,247108
7290113196506,false,פריכיות כוסמת ללא מלח שקדיה 150 גרם,דין שיווק וקליה 2021 בעמ,,פריכיות כוסמת ללא מל,,150.00,"100 מ""ל",false,,9.90,0.0660,true,1,247111
7290113196896,false,"תרסיס שמן זית שקדיה 170 מ""ל",דין שיווק וקליה 2021 בעמ,,"תרסיס שמן זית 170 מ""",,170.00,"100 מ""ל",false,,13.90,0.0818,true,1,247114
7290113196902,false,מנה חמה אטריות אורז בטעם בקר שקדיה 70 גרם,דין שיווק וקליה 2021 בעמ,,מנה חמה אטריות אורז,,60.00,100 גרם,false,,7.90,0.1317,true,1,249549
7290113196919,false,מנה חמה אטריות אורז בטעם עוף שקדיה 70 גרם,דין שיווק וקליה 2021 בעמ,,מנה חמה אטריות אורז,,60.00,100 גרם,false,,7.90,0.1317,true,1,249550
7290113196926,false,מנה חמה אטריות אורז בטעם ירקות שקדיה 70 גרם,דין שיווק וקליה 2021 בעמ,,מנה חמה אטריות אורז,יחידה,0.00,יחידה,false,,7.90,0.0000,true,1,249548
7290113196933,false,מנה חמה אטריות אורז בטעם טום יאס שקדיה 70 גרם,דין שיווק וקליה 2021 בעמ,,מנה חמה אטריות אורז,,60.00,100 גרם,false,,7.90,0.1317,true,1,249551
7290113196940,false,חטיפי תירס(טורטיה) בטעם טבעי בתוספת מ,אלקטי קוראבייכיסיגידה טו,,חטיפי תירס (טורטיה)ב,,300.00,100 גרם,false,,11.90,0.0397,true,1,249101
7290113197169,false,שקדיה חמאת בוטנים עם שברי בוטנים 510 גר,דין שיווק וקליה 2021 בעמ,,חמאת בוטנים טבעית 51,,510.00,100 גרם,false,,16.90,0.0331,true,1,249552
7290113197176,false,חמאת בוטנים טבעית עם שברי בוטנים 450,דין שיווק וקליה 2021 בעמ,,חמאת בוטנים טבעית עם,,510.00,100 גרם,false,,16.90,0.0331,true,1,249553
7290113198579,false,סוכריות גומי דובונים בטעמי פירות 200 ג' שקדיה,דין שיווק וקליה 2021 בעמ,,סוכריות גומי דובונים,,200.00,"100 מ""ל",false,,10.00,0.0500,true,1,248495
7290113198586,false,סוכריות גומי מסוכרות בטעם אפרסק 200 ג' שקדיה,דין שיווק וקליה 2021 בעמ,,סוכריות גומי מסוכרות,,200.00,100 גרם,false,,10.00,0.0500,true,1,248492
7290113198593,false,סוכריות גומי מסוכרות בטעם בננה 200 ג' שקדיה,דין שיווק וקליה 2021 בעמ,,סוכריות גומי מסוכרות,,200.00,100 גרם,false,,10.00,0.0500,true,1,248493
7290113198609,false,סוכריות גומי נחשים בטעמי פירות 200 ג' שקדיה,דין שיווק וקליה 2021 בעמ,,סוכריות גומי נחשים ב,,200.00,100 גרם,false,,10.00,0.0500,true,1,248491
7290113199323,false,עלי טורטילוס בוריטו150גר,אלקטי קוראבייכיסיגידה טו,,טורטיה מיני 150 גרם,,150.00,100 גרם,false,,4.90,0.0327,true,1,249547
7290113199378,false,פרכיות כוסמת דקות בתוספת שיבולת שועל שקדיה 95 גרם,דין שיווק וקליה 2021 בעמ,,פריכיות דקות כוסמת,,150.00,100 גרם,false,,9.90,0.0660,true,1,248989
7290113199705,false,מוזלי פירות יבשים 500 גר' 500ג' שקדיה,דין שיווק וקליה 2021 בעמ,,מוזלי פירות יבשים 50,,500.00,100 גרם,false,,10.90,0.0218,true,1,249100
7290113199767,false,ממרח שקדים 300 גרם השקדיה,דין שיווק וקליה 2021 בעמ,,ממרח 100 % שקדים 300,,300.00,100 גרם,false,,27.90,0.0930,true,1,249106
7290113199774,false,ממרח בוטנים 300 גרם השקדיה,דין שיווק וקליה 2021 בעמ,,ממרח 100 % בוטנים 30,,300.00,100 גרם,false,,14.90,0.0497,true,1,249103
7290113199798,false,ממרח 100% אגוזי קשיו 200 גר`,דין שיווק וקליה 2021 בעמ,,ממרח 100 % אגוזי קשי,,200.00,100 גרם,false,,24.90,0.1245,true,1,249105
7290113199903,false,סוכריות חמצוצים בטעם תות בננה 180 ג' שקדיה,דין שיווק וקליה 2021 בעמ,,סוכריות חמצוצים בטעם,,200.00,100 גרם,false,,10.00,0.0500,true,1,248497
7290113199927,false,סוכריות חמצוצים בטעם פירות 180 ג' שקדיה,דין שיווק וקליה 2021 בעמ,,סוכריות חמצוצים בטעמ,,200.00,100 גרם,false,,10.00,0.0500,true,1,248499
7290113199934,false,סוכריות חמצוצים בטעם אוכמניות 180 ג' שקדיה,דין שיווק וקליה 2021 בעמ,,סוכריות חמצוצים בטעם,,200.00,100 גרם,false,,10.00,0.0500,true,1,248500
7290113560055,false,פרודונטקס מי פה טיפול יומי לחניכיים 500,"מאסטרפוד אוסטריה בע""מ",,פרודונטקס מי פה 559,,559.00,"100 מ""ל",false,,29.90,0.0535,true,1,246292
7290113594333,false,בקבוק נירוסטה 450 מל עם קש מתקפל- מיקי,,,בקבוק נירוסטה עם קש,,450.00,"100 מ""ל",false,,19.90,0.0442,true,1,249816
7290113594494,false,אצבעות שוקולד ממולא,,,אצבעות שוקולד ממולא,,50.00,"100 מ""ל",false,,4.90,0.0980,true,1,244767
7290113594500,false,קערה במבוק LOL יח,,,קערה במבוק LOL,יחידה,0.00,יחידה,false,,9.90,0.0000,true,1,234270
7290113597112,false,כוס במבוק חד- בייבי שארק,,,כוס במבוק חד- בייבי,יחידה,0.00,יחידה,false,,7.90,0.0000,true,1,234288
7290113597129,false,צלחת במבוק 23 ביייבי שארק,שמחה זה אנחנו בעמ,,צלחת במבוק 23 בייבי,יחידה,0.00,יחידה,false,,9.90,0.0000,true,1,234257
7290113622524,false,פסטה ללא גלוטן כוסמת,,,פסטה ללא גלוטן כוסמת,,250.00,100 גרם,false,,12.90,0.0516,true,1,245276
7290114310215,false,"שמנת מתוקה 38% רמת הגולן 250 מ""ל ווסטהיים - מוצר בפיקוח",החברה המרכזית טלהפצת משקאות בע,,שמנת מתוקה 38% בקבוק,,250.00,"100 מ""ל",false,,6.47,0.0259,true,1,241928
7290114310338,false,צפתית מעודנת 5% בגביע 225 גרם משק צוריאל,החברה המרכזית טלהפצת משקאות בע,,צפתית מעודנת 225גר,,225.00,100 גרם,false,,19.90,0.0884,true,1,244619
7290114310345,false,מעדן יוגורט בטעם תות 1.5% 125 גרם טרה,החברה המרכזית טלהפצת משקאות בע,,מוו מעדן חלב בטעם תו,,125.00,100 גרם,false,,3.20,0.0256,true,1,243887
7290114310536,false,יוגורט לייט מעושר חלבון 25 גרם חלבון וניל MULLER ACTIVE,החברה המרכזית טלהפצת משקאות בע,,מולר אקטיב לייט יוגו,,200.00,"100 מ""ל",false,,6.40,0.0320,true,1,245628
7290114310611,false,"משקה חלב בננה בבקבוק פקק ספורט טרה 250 מ""ל",החברה המרכזית טלהפצת משקאות בע,,"משקה חלב בננה 250 מ""",,250.00,"100 מ""ל",false,,5.70,0.0228,true,1,245630
7290114310628,false,משקה חלב וניל ועוגיות בקבוק 1 ליטר,החברה המרכזית טלהפצת משקאות בע,,משקה חלב וניל ועוגיו,,1000.00,"100 מ""ל",false,,12.90,0.0129,true,1,246617
7290114310895,false,"סימפלי פרוט יוגורט עם מנגו תות, שמיניה 8 * 150 גרם",החברה המרכזית טלהפצת משקאות בע,,מולר סימפלי מנגו תות,,1200.00,100 גרם,false,,31.90,0.0266,true,1,246620
7290114311014,false,"משקה חלב אייס קפוצ'ינו פקק ספורט טרה 250 מ""ל",החברה המרכזית טלהפצת משקאות בע,,משקה אייס קפוצינו טר,,250.00,"100 מ""ל",false,,5.70,0.0228,true,1,248807
7290114311021,false,"משקה חלב וניל עוגיות פקק ספורט טרה 250 מ""ל",החברה המרכזית טלהפצת משקאות בע,,משקה וניל עוגיות טרה,,250.00,"100 מ""ל",false,,5.70,0.0228,true,1,248808
7290114311038,false,"שמנת מתוקה 32% עמידה בבקבוק טרה 250 מ""ל",החברה המרכזית טלהפצת משקאות בע,,שמנת להקצפה טרה 32%,,250.00,"100 מ""ל",false,,7.50,0.0300,true,1,248852
7290114311069,false,יוגורט לבן מועשר בחלבון 0% שומן 200 גרם muller active,החברה המרכזית טלהפצת משקאות בע,,מולר אקטיב 25ג חלבון,,200.00,100 גרם,false,,5.90,0.0295,true,1,248192
7290114311076,false,"חמאת מולר צהובה עם שום, 200 גרם",החברה המרכזית טלהפצת משקאות בע,,מולר חמאה צהובה עם ש,,200.00,100 גרם,false,,12.90,0.0645,true,1,248855
7290114311298,false,יוגורט מולר פרופ בטעם תות בננה מלון 150,החברה המרכזית טלהפצת משקאות בע,,מולר פרופ קציפת תות,,150.00,"100 מ""ל",false,,5.10,0.0340,true,1,249301
7290114311304,false,יוגורט קציפת מנגו פסיפלורה בננה 150 ג' מולר,החברה המרכזית טלהפצת משקאות בע,,מולר פרופ קציפת מנגו,,150.00,100 גרם,false,,5.10,0.0340,true,1,249302
7290114311328,false,חלב מועשר דל לקטוז מעושר בויטמין Dי 2% שומן טרה 1 ליטר,החברה המרכזית טלהפצת משקאות בע,,חלב נטול לקטוז מועשר,,1000.00,"100 מ""ל",false,,8.40,0.0084,true,1,249662
7290114311359,false,יוגורט עם קציפת מנגו 3% שומן פרופ 150 ג' מולר,החברה המרכזית טלהפצת משקאות בע,,מולר פרופ קציפת מנגו,,150.00,100 גרם,false,,5.10,0.0340,true,1,249405
7290114311434,false,מולר אקטיב יוגורט חלבון קרמל מלוח 200 גרם,החברה המרכזית טלהפצת משקאות בע,,מולר אקטיב בטעם קרמל,,200.00,100 גרם,false,,6.40,0.0320,true,1,250168
7290114311441,false,מולר אקטיב יוגורט חלבון עוגיות חמאה 200 גרם,החברה המרכזית טלהפצת משקאות בע,,מולר אקטיב בטעם עוגי,,200.00,100 גרם,false,,6.40,0.0320,true,1,250169
7290114651806,false,בקבוק טריטן עם צמידים 700-LOL,שמחה זה אנחנו בעמ,,בקבוק טריטן עם צמידי,,700.00,"100 מ""ל",false,,19.90,0.0284,true,1,249808
7290114655903,false,בקבוק טריטן עם צמידים -700ברבי,שמחה זה אנחנו בעמ,,בקבוק טריטן עם צמידי,,700.00,"100 מ""ל",false,,19.90,0.0284,true,1,249809
7290114655934,false,בקבוק טריטן עם צמידים 700 - כוח פי גיי,שמחה זה אנחנו בעמ,,בקבוק טריטן עם צמידי,,700.00,"100 מ""ל",false,,19.90,0.0284,true,1,249810
7290115071689,false,בקבוק טריטן עם צמידי,,,בקבוק טריטן עם צמידי,,700.00,"100 מ""ל",false,,19.90,0.0284,true,1,249819
7290115072686,false,"בקבוק פלסטיק 500 מ""ל עם צמידים טרולים",שמחה זה אנחנו,,בקבוק פלסטיק עם צמיד,,500.00,"100 מ""ל",false,,19.90,0.0398,true,1,249161
7290115073713,false,שלישיית ביצי שוקולד(חלב נוכרי)-טום וג'רי,שמחה זה אנחנו בעמ,,שלישיית ביצי שוקולד-,יחידה,0.00,יחידה,false,,12.90,0.0000,true,1,249017
7290115074826,false,"בקבוק פלסטיק 500 מ""ל עם צמידים טום",שמחה זה אנחנו,,בקבוק פלסטיק עם צמיד,,500.00,"100 מ""ל",false,,19.90,0.0398,true,1,249154
7290115076127,false,בקבוק נירוסטה 450 מל עם קש מתקפל- LOL,,,בקבוק נירוסטה עם קש,,450.00,"100 מ""ל",false,,19.90,0.0442,true,1,249820
7290115079357,false,מארז שלישיית ביצי שוקולד המלך גוליאן,שמחה זה אנחנו,,שלישיית ביצי שוקולד,,60.00,100 גרם,false,,9.90,0.1650,true,1,247255
7290115190014,false,סיגריות מרלבורו רד קצר בוקס,פיליפ מוריס בעמ,,מרלבורו אדום קצר,יחידה,0.00,יחידה,false,,35.50,0.0000,false,1,243911
7290115190090,false,סיגריות מרלבורו קצר בוקס בודד,פיליפ מוריס בעמ,,מרלבורו גולד קצר,יחידה,0.00,יחידה,false,,35.50,0.0000,false,1,243889
7290115190144,false,סיגריות מרלבורו טאצ 1/10,פיליפ מוריס בעמ,,מרלבורו כחול טאצ פאק,יחידה,0.00,יחידה,false,,355.00,0.0000,false,1,243905
7290115190151,false,סיגריות מרלבורו טאצ גולד,פיליפ מוריס בעמ,,מרלבורו כחול טאצ,יחידה,0.00,יחידה,false,,35.50,0.0000,false,1,243906
7290115190199,false,פרלמנט נייט ארוך חפיסה) (20,פיליפ מוריס בעמ,,פרלמנט נייט 100,יחידה,0.00,יחידה,false,,42.00,0.0000,false,1,245572
7290115190250,false,סיגריות פרלמנט קצר בודד,פיליפ מוריס בעמ,,פרלמנט קצר,יחידה,0.00,יחידה,false,,42.00,0.0000,false,1,243690
7290115190328,false,ל.מ. בלו לייבל ארוך פאקט,פיליפ מוריס בעמ,,אל אם בלו 100 פאקט,יחידה,0.00,יחידה,false,,320.00,0.0000,false,1,245627
7290115190335,false,ל.מ.בלו לייבל ארוך בוקס חפיסה,פיליפ מוריס בעמ,,אל אם בלו 100,יחידה,0.00,יחידה,false,,32.00,0.0000,false,1,245626
7290115190359,false,אל.אמ בלו לייבל קצר חפיסה) (20,פיליפ מוריס בעמ,,אל אם כחול קצר,יחידה,0.00,יחידה,false,,32.00,0.0000,false,1,243691
7290115190519,false,סיגריות נקסט פיין חפ,פיליפ מוריס בעמ,,נקסט פיין,יחידה,0.00,יחידה,false,,30.00,0.0000,false,1,243899
7290115190595,false,סיגריות נקסט אוריגינ,פיליפ מוריס בעמ,,נקסט אוריג'ינל,יחידה,0.00,יחידה,false,,30.00,0.0000,false,1,243888
7290115200003,false,פתי בר פינוקי וניל אסם 220 גרם,קבוצת אוסם סחר שותפות מוגבלת,,פתי בר פינוקי וניל 2,,220.00,"100 מ""ל",false,,12.70,0.0577,true,1,242615
7290115200027,false,אסם פתי בר פינוקים שוקו 220 גרם,קבוצת אוסם סחר שותפות מוגבלת,,פתי בר פינוקי שוקו 2,,220.00,"100 מ""ל",false,,12.70,0.0577,true,1,242616
7290115200676,false,עוגיות קרמוגית במילוי קרם בטעם קרמל מלוח,קבוצת אוסם סחר שותפות מוגבלת,,קרמוגית קרמל מלוח אס,,200.00,"100 מ""ל",false,,12.70,0.0635,true,1,242885
7290115200713,false,במבה קלאסי מארז אחיד 5*50 גר` אסם,קבוצת אוסם סחר שותפות מוגבלת,,במבה קלאסי מארז אחיד,,250.00,100 גרם,false,,13.90,0.0556,true,1,242613
7290115200881,false,בייגלה שטוחים שומשום מליחות מעודנת אסם 300 גרם,קבוצת אוסם סחר שותפות מוגבלת,,בייגלה שטוחים שומשום,,300.00,"100 מ""ל",false,,11.90,0.0397,true,1,244324
7290115201031,false,פתי בר פינוקי דובי שוקולד 175גר.,קבוצת אוסם סחר שותפות מוגבלת,,פתי בר דובי שוקולד 1,,175.00,"100 מ""ל",false,,12.70,0.0726,true,1,245355
7290115201451,false,לביבות בטטה וקארי 455 גר` טבעול גורמה,קבוצת אוסם סחר שותפות מוגבלת,,טבעול לביבות בטטה קא,,455.00,100 גרם,false,,38.90,0.0855,true,1,249109
7290115201475,false,טבעול גורמה לביבות כרישה 434 גרם,קבוצת אוסם סחר-שות.מוגבלת,,טבעול גורמה לביבות כ,,434.00,100 גרם,false,,38.90,0.0896,true,1,249110
7290115201536,false,"טבעול גורמה לביבות כרובית ותפו""א 442 גרם",קבוצת אוסם סחר שותפות מוגבלת,,טבעול לביבות כרובית,,442.00,100 גרם,false,,38.90,0.0880,true,1,249111
7290115201550,false,חטיף ביסלי קרנבל מיקס 150 גר אסם,קבוצת אוסם סחר שותפות מוגבלת,,ביסלי קרנבל מיקס אסם,,150.00,100 גרם,false,,8.90,0.0593,true,1,243653
7290115201680,false,ביסלי חטיף בטעם ברביקין אסם (70 גרם),קבוצת אוסם סחר שותפות מוגבלת,,ביסלי ברביקיו אסם 70,,70.00,"100 מ""ל",false,,4.90,0.0700,true,1,243658
7290115201703,false,ביסלי חטיף בטעם ברביקין אסם (200 גרם),קבוצת אוסם סחר שותפות מוגבלת,,ביסלי ברביקיו אסם 20,,200.00,"100 מ""ל",false,,8.90,0.0445,true,1,243655
7290115201727,false,ביסלי חטיף בטעם בצל אסם (200 גרם),קבוצת אוסם סחר-שות.מוגבלת,,ביסלי בטעם בצל אסם 2,,200.00,100 גרם,false,,8.90,0.0445,true,1,243656
7290115201741,false,ביסלי חטיף בטעם בצל אסם (70 גרם),קבוצת אוסם סחר שותפות מוגבלת,,ביסלי בטעם בצל אסם 7,,70.00,100 גרם,false,,4.90,0.0700,true,1,243657
7290115202236,false,טופו קראנצי`ם 470 גרם טבעול,קבוצת אוסם סחר שותפות מוגבלת,,טבעול טופו קראנצ'ים,,470.00,100 גרם,false,,34.90,0.0743,true,1,246319
7290115202250,false,טופו קראנצי`ם צ`ילי פיקנטי 470 גרם טבעול,קבוצת אוסם סחר שותפות מוגבלת,,טבעול טופו קראנצ'ים,,470.00,100 גרם,false,,34.90,0.0743,true,1,246320
7290115202762,false,מיני ניוקי טריקולור 500 גרם פרפקטו אסם,קבוצת אוסם סחר-שות.מוגבלת,,פרפקטו ניוקי טריקול,,500.00,100 גרם,false,,11.50,0.0230,true,1,245341
7290115203134,false,חטיף פופקו פופקורן במבה אסם (80 גרם),קבוצת אוסם סחר שותפות מוגבלת,,פופקו פופקורן במבה א,,80.00,100 גרם,false,,5.50,0.0688,true,1,245687
7290115203172,false,במבה PRO מכיל 18 גרם חלבון בשקית,קבוצת אוסם סחר שותפות מוגבלת,,במבה פרו 80 גרם,,80.00,100 גרם,false,,4.90,0.0613,true,1,249626
7290115203486,false,פירורית טעם ביסלי גריל אסם (200 גרם),קבוצת אוסם סחר שותפות מוגבלת,,פירורית אסם בטעם ביס,,200.00,100 גרם,false,,6.50,0.0325,true,1,248751
7290115204018,false,מנה חמה איטלקי פסטה בסגנון אלפרדו 60 ג' אסם,קבוצת אוסם סחר-שות.מוגבלת,,מנה חמה איטלקי פסטה,,60.00,100 גרם,false,,6.90,0.1150,true,1,250303
7290115204056,false,"קטשופ מופחת סוכר אסם 690 גרם כשל""פ",קבוצת אוסם סחר שותפות מוגבלת,,קטשופ 56% פחות סוכר,,690.00,"100 מ""ל",false,,10.90,0.0158,true,1,246391
7290115204131,false,צבר סחוג ירוק 6*190גרם חדש,קבוצת אוסם סחר שותפות מוגבלת,,סחוג ירוק צבר 190גר,,190.00,100 גרם,false,,12.90,0.0679,true,1,248928
7290115204155,false,סחוג אדום המעדנייה ש,קבוצת אוסם סחר שותפות מוגבלת,,סחוג אדום צבר 190גר,,190.00,100 גרם,false,,12.90,0.0679,true,1,248929
7290115204186,false,פסטו המעדינה של צבר,קבוצת אוסם סחר שותפות מוגבלת,,צבר ממרח פסטו 190 גר,,190.00,100 גרם,false,,15.90,0.0837,true,1,247934
7290115204247,false,ממרח עגבניות מיובשות 190 ג' צבר,קבוצת אוסם סחר שותפות מוגבלת,,צבר ממרח עגבניות מיו,,190.00,100 גרם,false,,15.90,0.0837,true,1,247933
7290115204261,false,אריסה חריפה המעדנייה,קבוצת אוסם סחר שותפות מוגבלת,,אריסה צבר 190גר,,190.00,100 גרם,false,,12.90,0.0679,true,1,248930
7290115205176,false,729001032825פיטנס חטיפי קרקר כפרי 140גר.,קבוצת אוסם סחר שותפות מוגבלת,,פיטנס קרקר דק כפרי 1,,140.00,100 גרם,false,,12.90,0.0921,true,1,247008
7290115205251,false,פריכיות קרמל מלוח פיטנס בר 84 גרם,קבוצת אוסם סחר שותפות מוגבלת,,פיטנס בר פריכיות קרמ,,84.00,100 גרם,false,,14.90,0.1774,true,1,249982
7290115205312,false,קרקר פיטנס דק עם זיתי קלמטה ועשבי תיבול,קבוצת אוסם סחר שותפות מוגבלת,,פיטנס קרקר דק זיתים,,140.00,100 גרם,false,,12.90,0.0921,true,1,248756
7290115205527,false,חטיף מולטיגריין עם עדשים ( 25 גר`) פיטנס,קבוצת אוסם סחר שותפות מוגבלת,,פיטנס חטיף מולטיגריי,,25.00,100 גרם,false,,5.90,0.2360,true,1,249114
7290115205541,false,חטיף מולטיגריין עם חומוס ( 25 גר`) פיטנס,קבוצת אוסם סחר שותפות מוגבלת,,פיטנס חטיף מולטיגריי,,25.00,100 גרם,false,,5.90,0.2360,true,1,249115
7290115205978,false,פתיבר ואצבעות שוקולד 180 גרם - רבנות,קבוצת אוסם סחר שותפות מוגבלת,,פתי בר אצבעות שוקולד,,180.00,"100 מ""ל",false,,12.70,0.0706,true,1,248296
7290115207484,false,צבר סלט חציל על האש היתר 360 גרם,קבוצת אוסם סחר שותפות מוגבלת,,צבר חציל על האש היתר,,360.00,100 גרם,false,,16.90,0.0469,true,1,248926
7290115207620,false,"רוטב בסגנון סויה קלאסי 290 מ""ל אסם",קבוצת אוסם סחר שותפות מוגבלת,,רוטב בסגנון סויה קלא,,290.00,100 גרם,false,,15.90,0.0548,true,1,248761
7290115207682,false,אסם רוטב בסגנון סויה סיני 9*290מל חדש,קבוצת אוסם סחר שותפות מוגבלת,,רוטב בסגנון סויה סינ,,290.00,"100 מ""ל",false,,12.90,0.0445,true,1,248759
7290115207798,false,טבעול המבורגר חריף טבעוני 420 גרם,קבוצת אוסם סחר שותפות מוגבלת,,טבעול בורגר חריף טבע,,420.00,100 גרם,false,,33.90,0.0807,true,1,248305
7290115207941,false,סירופ אננס ויטמינצ'יק 1 ליטר,קבוצת אוסם סחר שותפות מוגבלת,,ויטמינציק אננס 1 ליט,,1000.00,"100 מ""ל",false,,21.90,0.0219,true,1,247971
7290115207965,false,סירופ מנגו אפרסק ויטמינצ'יק 1 ליטר,קבוצת אוסם סחר שותפות מוגבלת,,ויטמינציק מנגו אפרסק,,1000.00,"100 מ""ל",false,,21.90,0.0219,true,1,247974
7290115207989,false,סירופ לימון ויטמינצ'יק 1 ליטר,קבוצת אוסם סחר שותפות מוגבלת,,ויטמינצ'יק לימון 1 ל,,1000.00,100 גרם,false,,21.90,0.0219,true,1,247972
7290115208009,false,סירופ ענבים ויטמינצ'יק 1 ליטר,קבוצת אוסם סחר שותפות מוגבלת,,ויטמינציק ענבים 1 ל,,1000.00,100 גרם,false,,21.90,0.0219,true,1,247973
7290115208047,false,סירופ פטל ויטמינצ`יק (1 ליטר),קבוצת אוסם סחר שותפות מוגבלת,,ויטמינציק פטל 1 ליטר,,1000.00,100 גרם,false,,21.90,0.0219,true,1,247970
7290115208061,false,סירופ תפוח ויטמינצ'יק 1 ליטר,קבוצת אוסם סחר שותפות מוגבלת,,ויטמינציק תפוח 1 ליט,,1000.00,100 גרם,false,,21.90,0.0219,true,1,247975
7290115208320,false,אפרופו חטיף בטעם ביסלי בצל 50 גרם,קבוצת אוסם סחר שותפות מוגבלת,,אפרופו בטעם ביסלי בצ,,50.00,100 גרם,false,,5.30,0.1060,true,1,250309
7290115208597,false,קרמוגית מיניס קרמל מלוח אסם 200 גרם,קבוצת אוסם סחר שותפות מוגבלת,,קרמוגית מיניס קרמל מ,,200.00,100 גרם,false,,12.70,0.0635,true,1,249461
7290115208801,false,קרקר לחמית דבש ואגוזים אסם (190 גרם),קבוצת אוסם סחר שותפות מוגבלת,,לחמית דבש ואגוזים 19,,190.00,100 גרם,false,,11.50,0.0605,true,1,249629
7290115208849,false,"מנה חמה פסטה מוקרמת ט.עוף בד""צ 55גר",קבוצת אוסם סחר שותפות מוגבלת,,מנה חמה אסם פירה עם,,51.00,100 גרם,false,,6.90,0.1353,true,1,250304
7290115209198,false,במבה אוורירית אסם 80 גרם,קבוצת אוסם סחר שותפות מוגבלת,,במבה אורירית אסם 80,,80.00,"100 מ""ל",false,,4.90,0.0613,true,1,249113
7290115209235,false,ביסקוויט פתי בר קפה אסם (500 גרם),קבוצת אוסם סחר שותפות מוגבלת,,פתי בר קפה 500 גרם א,,500.00,"100 מ""ל",false,,14.90,0.0298,true,1,249984
7290115209358,false,במבה במילוי בראוניז אסם (60 גרם),קבוצת אוסם סחר שותפות מוגבלת,,במבה במילוי בראוניז,,60.00,100 גרם,false,,4.90,0.0817,true,1,250306
7290115209372,false,במבה במילוי בראוניז 150 גרם אוסם,קבוצת אוסם סחר שותפות מוגבלת,,במבה במילוי בראוניז,,150.00,100 גרם,false,,10.70,0.0713,true,1,250307
7290115480009,false,"מרכך כביסה מרוכז פרש קונטרול ירוק 900 מ""ל סוד",גורי שיווק בעמ,,סוד מרכך מרוכז פרש ק,,900.00,"100 מ""ל",false,,13.90,0.0154,true,1,247358
7290115480016,false,סוד פאוור קאפס לכביסה צבעונית 26 יחי,גורי שיווק בעמ,,סוד קפסולות ג'ל 3+1,יחידה,0.00,יחידה,false,,29.90,0.0000,true,1,249470
7290115670691,false,גרנולה שיבולת שועל עם פירות יער,אנרג'י Energy - שטראוס,,אנרג'י גרנולה עם פיר,,400.00,100 גרם,false,,14.90,0.0373,true,1,245559
7290115670707,false,גרנולה שיבולת שועל עם שוקולד ואגוזי לוז,אנרג'י Energy - שטראוס,,אנרג'י גרנולה עם שוק,,400.00,100 גרם,false,,14.90,0.0373,true,1,245558
7290115671155,false,שלישיית סוכריות מאסט FRESH ענבים 45 גרם,שטראוס גרופ בע`מ,,שלישיית סוכריות פרש,,135.00,100 גרם,false,,8.90,0.0659,true,1,247766
7290115671223,false,מסטיק מאסט פאן אבטיח מנגו צנצנת 58 גרם,שטראוס גרופ בע`מ,,מסטיק מאסט פאן אבטיח,,58.00,"100 מ""ל",false,,9.90,0.1707,true,1,247764
7290115671339,false,מיני פינוקיות בראוניז בייגל בוטן עלית 180 ג' עלית,"הגביע מוצרי ופלים בע""\מ",,מיני פינוקיות בראוני,,180.00,100 גרם,false,,10.90,0.0606,true,1,246364
7290115671346,false,מיני פינוקיות טופי קרמל מלוח עלית 180 גרם,"הגביע מוצרי ופלים בע""\מ",,מיני פינוקיות טופי,,180.00,"100 מ""ל",false,,10.90,0.0606,true,1,246365
7290115671421,false,פולי אספרסו עשירים וארומטיים עוצמה 10 עלית 250 גרם,שטראוס קפה בי. וי.,,פולי קפה אספרסו עשיר,,250.00,100 גרם,false,,21.90,0.0876,true,1,248791
7290115675719,false,דגני בוקר קראנצ'ים שיבולת שועל וחתיכות שוקולד מריר,שטראוס פריטו ליי בע`מ,,דגני בוקר קוואקר קרו,,375.00,100 גרם,false,,21.90,0.0584,true,1,246728
7290115675986,false,דנונה יוגורט בר עם אגוזים מקורמלים 173 גרם,שטראוס גרופ בעמ/מצונן,,דנונה בר עם אגוזים מ,,173.00,100 גרם,false,,4.70,0.0272,true,1,244672
7290115676037,false,דנונה ריפרש יוגורט עם תות ודומדמניות 1.6% שומן,שטראוס גרופ בעמ/מצונן,,דנונה ריפרש יוגורט ב,,250.00,"100 מ""ל",false,,5.90,0.0236,true,1,245734
7290115676051,false,"משקה אקטיביה שיבולת שועל במתיקות מעודנת 250 מ""ל",שטראוס גרופ בעמ/מצונן,,אקטיביה משקה שיבולת,,265.00,"100 מ""ל",false,,5.30,0.0200,true,1,247260
7290115676082,false,משקה דנונה פרו 20 יוגורט תות 255 ג' רבנות,שטראוס גרופ בעמ/מצונן,,דנונה פרו משקה בטעם,,255.00,100 גרם,false,,7.30,0.0286,true,1,245736
7290115676099,false,משקה דנונה פרו 20 יוגורט וניל 255 ג' רבנות,שטראוס גרופ בעמ/מצונן,,דנונה פרו משקה בטעם,,255.00,"100 מ""ל",false,,7.30,0.0286,true,1,245737
7290115676273,false,אבקת קקאו עלית 500 גרם+ 10% תוספת,שטראוס קפה בי.וי.,,קקאו עלית 500 גרם+10,,550.00,"100 מ""ל",false,,25.90,0.0471,true,1,245568
7290115676341,false,אריזות דבש אישיות טו גו 18 * 162 ג' יד מרדכי,מכוורת יד מרדכי שטראוס ב,,*מבצע* דבש טהור בארי,,162.00,100 גרם,false,,18.90,0.1167,true,1,249650
7290115677089,false,קונפיטורת תפוח וקינמון יד מרדכי 340 גרם,שטראוס גרופ בע`מ,,קונפיטורת תפוח וקינמ,,340.00,100 גרם,false,,13.90,0.0409,true,1,246369
7290115677966,false,ממרח אבוקדו טעם הטבע 200 גרם,שטראוס גרופ בעמ/מצונן,,ממרח אבוקדו טעם הטבע,,200.00,100 גרם,false,,15.90,0.0795,true,1,247383
7290115678222,false,מארז 8 גביעים יוגורט Greek בסגנון יווני 6.5% שומן,שטראוס גרופ בעמ/מצונן,,יוגורט יווני 6.5% שו,,1040.00,100 מ'ל,false,,24.90,0.0239,true,1,245743
7290115678376,false,מעדן הגולן שוקולד 125 גרם,שטראוס גרופ בעמ/מצונן,,מעדן הגולן שוקולד 12,,125.00,100 גרם,false,,3.00,0.0240,true,1,246357
7290115678383,false,מעדן הגולן שוקולד מריר בודד 125גר,שטראוס גרופ בעמ/מצונן,,מעדן הגולן שוקולד מר,,125.00,100 גרם,false,,3.00,0.0240,true,1,246358
7290116530062,false,רוטב ויניגרט לסלט הלמנס 295 גרם,יוניליוור ישראל שיווק בע`מ,,רוטב ויניגרט לסלט 29,,300.00,"100 מ""ל",false,,14.90,0.0497,true,1,245952
7290116530116,false,קליק שלישיית ברים שוקולד נוגט לבן 105 גרם,"יוניליוור ישראל שיווק בע""מ",,קליק מאגדת אוקי נוגת,,105.00,100 גרם,false,,12.90,0.1229,true,1,248205
7290116530161,false,"תחליב רחצה בניחוח שייק אננס, מלון וחלב שיבולת שועל",יוניליוור ישראל שיווק בע`מ,,פינוק תחליב רחצה שיי,,700.00,"100 מ""ל",false,,12.90,0.0184,true,1,245224
7290116530185,false,"קורנפלקס דלישקד קרמל מלוח 400 גרם בד""ץ",יוניליוור ישראל שיווק בע`מ,,דלישקד בטעם קרמל מלו,,400.00,100 גרם,false,,22.90,0.0572,true,1,246998
7290116530482,false,תלמה מארז קורנפלקס אלופים 30 גרם*5 יחידו,יוניליוור ישראל שיווק בע`מ,,מארז קורנפלקס של אלו,,30.00,100 גרם,false,,12.90,0.4300,true,1,247438
7290116530871,false,נשנושים מיקס בייגל בייגל 240 גרם,יוניליוור ישראל שיווק בע`מ,,נשנושים מיקס 240 גרם,,240.00,100 גרם,false,,13.90,0.0579,true,1,249411
7290116530895,false,"תרסיס ריחני למייבש כביסה פינוק כחול בדין 500 מ""ל",יוניליוור ישראל שיווק בע`מ,,בדין תרסיס פינוק כחו,,500.00,"100 מ""ל",false,,19.90,0.0398,true,1,245924
7290116531045,false,קורנפלקס דליפקאן 350ג ללא גלוטן,יוניליוור ישראל שיווק בע`מ,,דליפקאן ללא גלוטן 35,,350.00,100 גרם,false,,22.90,0.0654,true,1,248043
7290116531090,false,בייגל בייגל דג דג במליחות עדינה 250 גרם,יוניליוור ישראל שיווק בע`מ,,דג דג חטיף אפוי במלי,,250.00,100 גרם,false,,9.90,0.0396,true,1,247848
7290116531243,false,"שמפו ומרכך 2ב-1 למניעת קשקשים 700 מ""ל פינוק","יוניליוור ישראל שיווק בע""מ",,פינוק שמפו ומרכך 2,,700.00,"100 מ""ל",false,,13.90,0.0199,true,1,247251
7290116531250,false,פינוק שמפו למניעת קשקשים עם תמציות צמחים,"יוניליוור ישראלשיווק בע""מ",,פינוק שמפו למניעת קש,,700.00,"100 מ""ל",false,,13.90,0.0199,true,1,247252
7290116531496,false,קינמונים דגנים פריכים מצופים קינמון 375,"יוניליוור ישראל שיווק בע""מ",,קינמונים דגנים פריכי,,375.00,100 גרם,false,,21.90,0.0584,true,1,248294
7290116531557,false,"פריכיות פתית תירס עם מלח 150 גרם כשל""פ",יוניליוור ישראל שיווק בע`מ,,פתית פריכיות תירס דק,,25.00,100 גרם,false,,11.90,0.4760,true,1,248202
7290116531564,false,מאגדת פתית פריכיות תירס דקות עם קינואה ובזיליקום 150 ג',יוניליוור ישראל שיווק בע`מ,,פתית פריכיות קינואה,,150.00,100 גרם,false,,11.90,0.0793,true,1,248204
7290116531762,false,דפים ריחניים למייבש כביסה בדין ורוד 40 יחידות,יוניליוור ישראל שיווק בע`מ,,בדין דפים למייבש וור,יחידה,0.00,יחידה,false,,19.90,0.0000,true,1,248201
7290116531779,false,דפים ריחניים למייבש כביסה בדין כחול 40 יחידות,יוניליוור ישראל שיווק בע`מ,,בדין דפי מרכך כחול 4,יחידה,0.00,יחידה,false,,19.90,0.0000,true,1,248203
7290116531793,false,הלמנ'ס רוטב לסלט קיסר 295 גרם,יוניליוור ישראל שיווק בע`מ,,רוטב לסלט קיסר הלמנס,,295.00,100 גרם,false,,14.90,0.0505,true,1,246925
7290116532219,false,קורנפלקס תות תלמה אלופים 448 גרם,"יוניליוור ישראל שיווק בע""מ",,קורנפלקס בטעם תות תל,,448.00,100 גרם,false,,17.90,0.0400,true,1,248634
7290116532387,false,"אל סבון ידיים נוזלי חמאת שיאה 950 מ""ל פינוק",יוניליוור ישראל שיווק בע`מ,,פינוק סבון ידיים חמא,,950.00,"100 מ""ל",false,,11.90,0.0125,true,1,248288
7290116532394,false,"אל סבון ידיים נוזלי חמאת קקאו 950 מ""ל פינוק",יוניליוור ישראל שיווק בע`מ,,פינוק סבון ידיים חמא,,950.00,"100 מ""ל",false,,11.90,0.0125,true,1,248289
7290116532462,false,גלידת שמנת קליק בטעמי שוקולד בננה 384 ג' שטראוס,"גלידת שטראוס בע""\מ, רחוב",,גלידה פיינט קליק שוק,,520.00,"100 מ""ל",false,,18.90,0.0363,true,1,248839
7290116532486,false,גלידת שמנת קליק בטעמי וניל קרמל מלוח 384 ג' שטראוס,"גלידת שטראוס בע""\מ, רחוב",,גלידה פיינט קליק וני,,520.00,"100 מ""ל",false,,18.90,0.0363,true,1,248841
7290116532721,false,רוטב הלמנס ישראלי לסלט לימון וזעתר 305 ג,יוניליוור ישראל שיווק בע`מ,,הלמנס לסלט רוטב לימו,,295.00,100 גרם,false,,14.90,0.0505,true,1,249961
7290116532738,false,רוטב איטלקי לסלט בזיליקום ואורגנו 305 גרם,יוניליוור ישראל שיווק בע`מ,,רוטב איטלקי 295 גר,,295.00,100 גרם,false,,14.90,0.0505,true,1,249962
7290116532868,false,פינוק בייבי שמפו אל דמע לתינוקות 900 מל,יוניליוור ישראל שיווק בע`מ,,פינוק שמפו בייבי 900,,900.00,"100 מ""ל",false,,19.90,0.0221,true,1,249952
7290116532875,false,פינוק בייבי אל סבון לתינוקות 970 מל-משאבה,יוניליוור ישראל שיווק בע`מ,,פינוק סבון נוזלי ביי,,900.00,"100 מ""ל",false,,19.90,0.0221,true,1,249953
7290116532899,false,נישנושים איירביס טעם פלאפל 155 גר`,יוניליוור ישראל שיווק בע`מ,,נשנושים איירביס טעם,,260.00,100 גרם,false,,13.90,0.0535,true,1,249958
7290116532905,false,נישנושים איירביס טעם ברביקיו 155 גר`,יוניליוור ישראל שיווק בע`מ,,נשנושים איירביס טעם,,260.00,100 גרם,false,,13.90,0.0535,true,1,249959
7290116533063,false,דגני בוקר שוגי קרטיב ענבים 400 גרם,יוניליוור ישראל שיווק בע`מ,,שוגי קרטיב ענבים 400,,400.00,100 גרם,false,,19.90,0.0497,true,1,249039
7290116533100,false,"פינוק מרכך שיער בניחוח ורדים לבנים 700 מ""ל",יוניליוור ישראל שיווק בע`מ,,פינוק מרכך לשיער ניח,,700.00,"100 מ""ל",false,,13.90,0.0199,true,1,249565
7290116851365,false,יעה + מקל,עולם הבית שיווק והפצה בעמ,,יעה+מקל,יחידה,0.00,יחידה,false,,13.90,0.0000,true,1,248172
7290116851372,false,כף אשפה קטן ע. הבית,עולם הבית שיווק והפצה בעמ,,כף אשפה קטן,יחידה,0.00,יחידה,false,,5.90,0.0000,true,1,248173
7290116914497,false,מארז סוכריות על מקל 12 גרם בטעמי פירות ליגת הצדק 50 יח',Unknown,,מארז סוכריות על מקל,,600.00,100 גרם,false,,19.90,0.0332,true,1,249823
7290116915814,false,בקבוק טריטן עם צמידים -700גיימרים,שמחה זה אנחנו בעמ,,בקבוק טריטן עם צמידי,,700.00,"100 מ""ל",false,,19.90,0.0284,true,1,249813
7290116930015,false,GO חטיף חלבון חטיף בוטנים קריספי 20 גרם חלבון,"בלמונט קונפקציות בע""\מ.",,חטיף חלבון גו בטעם ק,,60.00,100 גרם,false,,11.90,0.1983,true,1,248750
7290116930282,false,ארוחה בקטנה לאבנה עם קרקרים 150ג' תנובה,"תנובה בע""מ ***",,ארוחה בקטנה לאבנה עם,,150.00,100 גרם,false,,7.90,0.0527,true,1,249933
7290116930435,false,יופלה גו במרקם סמיך עם דובדבן 0% 200מל,תנובה מרכז שיתופי לש,IL,יוגורט גו סמיך 0% דו,,200.00,100 גרם,false,,5.90,0.0295,true,1,248938
7290116930459,false,"יופלה שייק מנגו בננה אננס וקוקוס 230 מ""ל",קבוצת המזון אקטשלאר,,יופלה שייק בננה אננ,,230.00,100 גרם,false,,8.50,0.0370,true,1,249045
7290116930466,false,"משקה SHAKE בננה מנגן פסיפלורה והל 230 מ""ל יופלה",קבוצת המזון אקטשלאר,,יופלה שייק מנגו בננ,,230.00,100 גרם,false,,8.50,0.0370,true,1,249046
7290116930480,false,"משקה SHAKE בננה קיווי תפוח 230 מ""ל יופלה",קבוצת המזון אקטשלאר,,יופלה שייק בננה קיו,,230.00,100 גרם,false,,8.50,0.0370,true,1,249044
7290116930718,false,מעדן תנובה דיאט בטעם שוקולד וקרמל מלוח 0% 150ג' תנובה,"תנובה בע""\מ",,מעדן תנובה דיאט שוקו,,150.00,"100 מ""ל",false,,4.30,0.0287,true,1,249444
7290116930725,false,סויה BIO קוקוס גביע 150 גרם אלטרנטיב,תנובה בעמ ***,,סויה ביו קוקוס 150ג,,150.00,100 גרם,false,,4.70,0.0313,true,1,249645
7290116931074,false,צהובה פרוסות טל העמק 32% 300 גר,"תנובה בע""מ ***",,פרוסות טל העמק 32% 3,,300.00,100 גרם,false,,28.90,0.0963,true,1,249930
7290116931081,false,מעדן סויה - טופי קרמל 125 גרם אלטרנטיב,תנובה מרכז שיתופי לש,,מעדן סויה בטעם טופי,,125.00,100 גרם,false,,3.90,0.0312,true,1,249643
7290116931104,false,יופלה GO במרקם סמיך עם אננס 0% תנובה 200 גרם,"תנובה בע""מ ***",IL,יוגורט גו סמיך עם אנ,,200.00,"100 מ""ל",false,,5.90,0.0295,true,1,249646
7290117260005,false,קונפיטורה תות שדה ויליפוד 380 גרם,גסאס גנל גידה,,קונפיטורה תות שדה 38,,380.00,100 גרם,false,,9.90,0.0261,true,1,249081
7290117260036,false,קונפיטורה משמש ויליפוד 380 גרם,גסאס גנל גידה,,קונפיטורה משמש 380 ג,,380.00,100 גרם,false,,9.90,0.0261,true,1,249084
7290117260074,false,שעועית ירוקה חתוכה ויליפוד 800 גרם,ג. וילי-פוד אינטרנשיונל בע`מ,,שעועית ירוקה חתוכה מ,,800.00,"100 מ""ל",false,,9.90,0.0124,true,1,250016
7290117260449,false,גבינה בולגרית מעודנת למריחה בטעם טבעי 5% שומן 200 ג' יורו,ג.וילי-פוד אינטרנשיונל **גבינו,,גבינה בולגרית מעודנת,,200.00,"100 מ""ל",false,,9.90,0.0495,true,1,249072
7290117260463,false,גבינה בולגרית מעודנת למריחה עם חלפיניו 5% שומן 200 ג' יורו,ג.וילי-פוד אינטרנשיונל **גבינו,,גבינה בולגרית מעודנת,,200.00,100 גרם,false,,9.90,0.0495,true,1,249075
7290117260470,false,גבינה בולגרית מעודנת למריחה עם שום 5% שומן 200 ג' יורו,ג.וילי-פוד אינטרנשיונל **גבינו,,גבינה בולגרית מעודנת,,200.00,"100 מ""ל",false,,9.90,0.0495,true,1,249073
7290117260500,false,מיני ניוקי תפוחי אדמה מצונן 500 גרם קהילות,ג.וילי-פוד אינטרנשיונל **גבינו,,מיני ניוקי תפוחי אדמ,,500.00,100 גרם,false,,14.90,0.0298,true,1,250328
7290117260562,false,חמאה כפרית מסורתית בגביע,ג.וילי-פוד אינטרנשיונל **גבינו,,חמאה בגביע 225 גרם,,225.00,"100 מ""ל",false,,17.90,0.0796,true,1,250554
7290117260685,false,תן בו וניל ציפויים בטעמים שונים 230 גרם,ג. וילי-פוד אינטרנשיונל בע`מ,,תן בו מיקס בציפויים,,230.00,100 גרם,false,,19.90,0.0865,true,1,247830
7290117260890,false,פופקורן בציפוי בטעם קוקוס 90 גרם,ג. וילי-פוד אינטרנשיונל בע`מ,,פופקורן בציפוי בטעם,,90.00,100 גרם,false,,6.90,0.0767,true,1,248324
7290117261057,false,זוג קינוחים בטעם קרם עוגיות 140 גרם,ג.וילי-פוד אינטרנשיונל **גבינו,,זוג קינוחים בטעם קרם,,140.00,100 גרם,false,,11.90,0.0850,true,1,249507
7290117261101,false,זוג קינוחים בטעם שוקולד ואגוזי לוז 140 גרם,ג.וילי-פוד אינטרנשיונל **גבינו,,זוג קינוחים בטעם שוק,,140.00,100 גרם,false,,11.90,0.0850,true,1,249508
7290117261118,false,זוג קינוחים בטעם שוקולד בציפוי שוקולד חלב 140 גרם,ג.וילי-פוד אינטרנשיונל **גבינו,,זוג קינוחים בטעם שוק,,140.00,100 גרם,false,,11.90,0.0850,true,1,249505
7290117261125,false,זוג קינוחים בטעם וניל בציפוי שוקולד לבן 140 גרם,ג.וילי-פוד אינטרנשיונל **גבינו,,זוג קינוחים בטעם וני,,140.00,100 גרם,false,,11.90,0.0850,true,1,249506
7290117261132,false,זוג קינוחים בטעם קרמל מלוח 70*2 גרם יור,ג.וילי-פוד אינטרנשיונל **גבינו,,זוג קינוחים בטעם קרמ,,140.00,100 גרם,false,,11.90,0.0850,true,1,249504
7290117261163,false,פיתה יוונית מוקפאת - מארז 10 יחידות,ג.וילי-פוד אינטרנשיונל **גבינו,,פיתה יוונית מוקפאת 7,,750.00,100 גרם,false,,14.90,0.0199,true,1,249077
7290117261170,false,פיתה יוונית עם קמח תירס מוקפאת - מארז 8 יחידות,ג.וילי-פוד אינטרנשיונל **גבינו,,פיתה יוונית עם קמח,,680.00,100 גרם,false,,14.90,0.0219,true,1,249078
7290117261422,false,euro cheese יוגורט פרוביוטי תות שדה 2% שומן 125 גרם,ג.וילי-פוד אינטרנשיונל **גבינו,,יוגורט פרוביוטי עם ת,,125.00,100 גרם,false,,3.50,0.0280,true,1,250593
7290117261439,false,EURO יוגורט פרוביוטי עם פירות יער 2% 125 גרם,ג.וילי-פוד אינטרנשיונל **גבינו,,יוגורט פרוביוטי עם פ,,125.00,100 גרם,false,,3.50,0.0280,true,1,250594
7290117261446,false,euro cheese יוגורט פרוביוטי אפרסק 2% שומן 125 גרם,ג.וילי-פוד אינטרנשיונל **גבינו,,יוגורט פרוביוטי עם א,,125.00,100 גרם,false,,3.50,0.0280,true,1,250595
7290117261514,false,סלמון אטלנטי בשמן קנולה ולימון 120 גרם ויליפוד,ג.וילי-פוד אינטרנשיונל בעמ,,סלמון אטלנטי בשמן קנ,,120.00,100 גרם,false,,11.90,0.0992,true,1,249905
7290117261521,false,סלמון אטלנטי בשמן קנולה 120 גרם ויליפוד,ג. וילי-פוד אינטרנשיונל בע`מ,,סלמון אטלנטי בשמן קנ,,120.00,"100 מ""ל",false,,11.90,0.0992,true,1,249903
7290117261538,false,סלמון אטלנטי בשמן קנולה וצילי 120 גרם ויליפוד,ג. וילי-פוד אינטרנשיונל בע`מ,,סלמון אטלנטי בשמן קנ,,120.00,100 גרם,false,,11.90,0.0992,true,1,249908
7290117261545,false,סלמון אטלנטי ברוטב טריאקי 120 גרם ויליפוד,ג.וילי-פוד אינטרנשיונל בעמ,,סלמון אטלנטי ברוטב ט,,120.00,100 גרם,false,,11.90,0.0992,true,1,249909
7290117261552,false,סלמון אטלנטי ברוטב עגבניות 120 גרם ויליפוד,ג.וילי-פוד אינטרנשיונל בעמ,,סלמון אטלנטי ברוטב ע,,120.00,100 גרם,false,,11.90,0.0992,true,1,249910
7290117261569,false,סלמון אטלנטי מעושן בשמן קנולה 120 גרם ויליפוד,ג. וילי-פוד אינטרנשיונל בע`מ,,סלמון אטלנטי מעושן ב,,120.00,100 גרם,false,,11.90,0.0992,true,1,249904
7290117261576,false,סרדינים בריסלינג מעושנים ברוטב עגבניות 185 גרם צנצנת,ג. וילי-פוד אינטרנשיונל בע`מ,,סרדינים בריסלינג מעו,,185.00,100 גרם,false,,13.90,0.0751,true,1,250334
7290117261583,false,סרדינים בריסלינג מעושנים בשמן קנולה 129 גרם (צנצנת),ג. וילי-פוד אינטרנשיונל בע`מ,,סרדינים בריסלינג מעו,,185.00,100 גרם,false,,13.90,0.0751,true,1,250332
7290117261590,false,סרדינים בריסלינג מעושנים בשמן זית 185 גרם צנצנת,ג. וילי-פוד אינטרנשיונל בע`מ,,סרדינים בריסלינג מעו,,185.00,100 גרם,false,,13.90,0.0751,true,1,250335
7290117261705,false,חמאת עיזים 200 גרם ויליפוד,ג.וילי-פוד אינטרנשיונל **גבינו,,חמאת עיזים 200גר,,200.00,100 גרם,false,,14.90,0.0745,true,1,249076
7290117262221,false,"משקה יוגורט פרוביוטי עם אננס 200מ""ל 2.3%שומן יורו",ג.וילי-פוד אינטרנשיונל **גבינו,,משקה יוגורט פרוביוטי,,200.00,"100 מ""ל",false,,5.90,0.0295,true,1,249838
7290117262238,false,"משקה יוגורט פרוביוטי עם תות שדה 200מ""ל 2.3%שומן יורו",ג.וילי-פוד אינטרנשיונל **גבינו,,משקה יוגורט פרוביוטי,,200.00,"100 מ""ל",false,,5.90,0.0295,true,1,249837
7290117262245,false,"משקה יוגורט פרוביוטי עם אפרסק ומשמש 200מ""ל 2.3%שומן יורו",ג.וילי-פוד אינטרנשיונל **גבינו,,משקה יוגורט פרוביוטי,,200.00,"100 מ""ל",false,,5.90,0.0295,true,1,249839
7290117382318,false,סלים דליס - חטיף חלבון מצופה שוקולד מריר 60 גרם,"י. מרבה ישראל בע""\מ",,סלים דליס פרו 33 חטי,,60.00,100 גרם,false,,12.90,0.2150,true,1,250133
7290117382325,false,סלים דליס - פרו 33 חטיף חלבון מצופה שוקולד חלב 60 גרם,"י. מרבה ישראל בע""\מ",,סלים דליס פרו 33 חטי,,60.00,100 גרם,false,,12.90,0.2150,true,1,250134
7290117382332,false,סלים דליס - חטיף חלבון מצופה שוקולד בטעם עוגיות 60 גרם,"י. מרבה ישראל בע""\מ",,סלים דליס פרו 33 חטי,,60.00,100 גרם,false,,12.90,0.2150,true,1,250135
7290117383179,false,מארז משחות שיניים 3 טריפל אקשן 3 מברשות שיניים אקסטרה קלין,,,מארז 3 טריפל אקשן+3,,150.00,100 ליטר,false,,19.90,0.1327,true,1,250798
7290117821381,false,ביצת הפתעה פלסטיק עם סוכריות קשות 10 גרם קפיץ,PAZARLAMA GIDA GLOBAL,,ביצת הפתעה פלסטיק עם,,10.00,"100 מ""ל",false,,7.90,0.7900,true,1,249015
7290117821398,false,ביצת הפתעה פלסטיק עם סוכריות קשות 10 גרם כבאית,PAZARLAMA GIDA GLOBAL,,ביצת הפתעה פלסטיק עם,,10.00,100 גרם,false,,7.90,0.7900,true,1,249016
7290117860038,false,"הוואי - תחליב רחצה יוגורט בניחוח אוכמניות 700 מ""ל","טרופיקל דגיל בע""\מ",,הוואי תחליב רחצה יוג,,700.00,"100 מ""ל",false,,14.90,0.0213,true,1,250624
7290117860045,false,שמפו תמציות אלוורה ותה ירוק לשיער רגיל,"טרופיקל גליל בע""מ",,הוואי שמפו מטפח לשיע,,700.00,"100 מ""ל",false,,14.90,0.0213,true,1,250602
7290117860083,false,"הוואי קרם רחצה יוגורט בניחוח אירוס זהוב ודבש 700 מ""ל","טרופיקל דגיל בע""\מ",,הוואי קרם בניחוח איר,,700.00,"100 מ""ל",false,,14.90,0.0213,true,1,250627
7290117860090,false,מרכך תמציות אלוורה ותה ירוק לשיער רגיל,"טרופיקל דגיל בע""\מ",,הוואי מרכך מטפח לשיע,,700.00,"100 מ""ל",false,,14.90,0.0213,true,1,250610
7290117860137,false,"הוואי קרם רחצה יוגורט בניחוח פרח הקמליה 700 מ""ל","טרופיקל גליל בע""מ",,הוואי קרם רחצה בניחו,,700.00,"100 מ""ל",false,,14.90,0.0213,true,1,250626
7290117860144,false,הוואי שמפו פירות אקזוטיים וקלנדולה 700,"טרופיקל גליל בע""מ",,הוואי שמפו למניעת קש,,700.00,"100 מ""ל",false,,14.90,0.0213,true,1,250604
7290117860182,false,"הוואי - תחליב רחצה בניחוח מגנוליה ושמן שקדים 700 מ""ל","טרופיקל דגיל בע""\מ",,הוואי תחליב רחצה בני,,700.00,"100 מ""ל",false,,14.90,0.0213,true,1,250622
7290117860199,false,שמפו שמן ורד הבר ושמן מקדמיה לשיער יבש,"טרופיקל דגיל בע""\מ",,הוואי שמפו מעניק לחו,,700.00,"100 מ""ל",false,,14.90,0.0213,true,1,250603
7290117860236,false,"הוואי - קרם רחצה בניחוח ויולה ורודה 700 מ""ל","טרופיקל דגיל בע""\מ",,הוואי קרם רחצה בניחו,,700.00,"100 מ""ל",false,,14.90,0.0213,true,1,250623
7290117860243,false,"הוואי - מרכך מעניק לחות לשיער יבש 700 מ""ל","טרופיקל גליל בע""מ",,הוואי מרכך מעניק לחו,,700.00,"100 מ""ל",false,,14.90,0.0213,true,1,250611
7290117860298,false,שמפו קומפלקס קרטין לשיער עדין או חלש,"טרופיקל גליל בע""מ",,הוואי שמפו קרטין מחז,,700.00,"100 מ""ל",false,,14.90,0.0213,true,1,250605
7290117860342,false,מרכך קומפלקס קרטין לשיער עדין או חלש,"טרופיקל גליל בע""מ",,הוואי מרכך קרטין מחז,,700.00,"100 מ""ל",false,,14.90,0.0213,true,1,250612
7290117860380,false,"תחליב רחצה יוגורט בניחוח אלוורה 700 מ""ל הוואי","טרופיקל דגיל בע""\מ",,הוואי תחליב רחצה יוג,,700.00,"100 מ""ל",false,,14.90,0.0213,true,1,250628
7290117860397,false,שמפו תמצית פריחת הדובדבן לשיער רגיל,"טרופיקל גליל בע""מ",,הוואי שמפו לשיער פרי,,700.00,"100 מ""ל",false,,14.90,0.0213,true,1,250600
7290117860441,false,"מרכך הוואי פריחת הדובדבן 700 מ""ל","טרופיקל גליל בע""מ",,הוואי מרכך לשיער פרי,,700.00,"100 מ""ל",false,,14.90,0.0213,true,1,250613
7290117860496,false,"הוואי שמפו + מרכך 2 ב-1 לגבר 700 מ""ל-חדש","טרופיקל גליל בע""מ",,הוואי שמפו+מרכך 2 ב-,,700.00,"100 מ""ל",false,,14.90,0.0213,true,1,250601
7290117860540,false,הוואי שמפו לילדים רוזמרין מנגו ומשמש 700,"טרופיקל דגיל בע""\מ",,הוואי שמפו ילדים 700,,700.00,"100 מ""ל",false,,14.90,0.0213,true,1,250606
7290117860595,false,הוואי מרכך לילדים רוזמרין מנגו ומשמש 700,"טרופיקל גליל בע""מ",,הוואי מרכך ילדים מתי,,700.00,"100 מ""ל",false,,14.90,0.0213,true,1,250614
7290117860649,false,הוואי שמפו קרטין קיק ללא סולפטים 700 מל,"טרופיקל גליל בע""מ",,הוואי שמפו ללא סולפט,,700.00,"100 מ""ל",false,,14.90,0.0213,true,1,250607
7290117860694,false,הוואי מרכך קרטין קיק ללא סולפטים 700 מל,"טרופיקל גליל בע""מ",,הוואי מרכך ללא סולפט,,700.00,"100 מ""ל",false,,14.90,0.0213,true,1,250616
7290117860748,false,הוואי שמפו תמצית יסמין מעניק נפח 700 מל,"טרופיקל גליל בע""מ",,הוואי שמפו מעניק נפח,,700.00,"100 מ""ל",false,,14.90,0.0213,true,1,250608
7290117860793,false,הוואי מרכך תמצית יסמין מעניק נפח 700 מל,"טרופיקל דגיל בע""\מ",,הוואי מרכך מעניק נפח,,700.00,"100 מ""ל",false,,14.90,0.0213,true,1,250615
7290117860847,false,"הוואי רעננות מושלמת לגבר לשיער, גוף, פנים וזקן","טרופיקל גליל בע""מ",,הוואי שמפו 4 ב-1 לגב,,700.00,"100 מ""ל",false,,14.90,0.0213,true,1,250609
7290117860892,false,"הוואי - תחליב רחצה יוגורט בניחוח וניל ודבש 700 מ""ל","טרופיקל דגיל בע""\מ",,הוואי תחליב רחצה יוג,,700.00,"100 מ""ל",false,,14.90,0.0213,true,1,250620
7290117860946,false,"תחליב רחצה יוגורט בניחוח קוקוס 700 מ""ל הוואי","טרופיקל דגיל בע""\מ",,הוואי תחליב רחצה יוג,,700.00,"100 מ""ל",false,,14.90,0.0213,true,1,250621
7290117901250,false,ממרח עגבניות מיובשות בתוספת זיתים ירוקים שקדיה 290 גרם,דין שיווק וקליה 2021 בעמ,,ממרח עגבניות מיובשות,,290.00,100 גרם,false,,14.90,0.0514,true,1,250113
7290118420071,false,במבה ביסלי ברביקיו מיקס 80גר אסם{,קבוצת אוסם סחר שותפות מוגבלת,,במבה ביסלי ברביקיו,,80.00,"100 מ""ל",false,,4.90,0.0613,true,1,250308
7290118420378,false,פתיבר פינוקים בטעם תותים בשמנת - חלבי,קבוצת אוסם סחר שותפות מוגבלת,,פתי בר פינוקים תותים,,220.00,100 גרם,false,,12.70,0.0577,true,1,250311
7290118420477,false,אסם בייגלה שטוחים בטעם ביסלי בצל 300 גרם,קבוצת אוסם סחר שותפות מוגבלת,,בייגלה שטוחים בטעם ב,,300.00,100 גרם,false,,11.90,0.0397,true,1,250310
7290118420514,false,אינסטנט פודינג בטעם נוגט אסם 75 גרם,קבוצת אוסם סחר שותפות מוגבלת,,אסם אינסטנט פודינג נ,,75.00,100 גרם,false,,5.90,0.0787,true,1,250305
7296049224603,false,ניקולטי -סט מגבות מט,,,ניקולטי סט 3 מגבות מ,יחידה,0.00,יחידה,false,,10.90,0.0000,true,1,249998
7296049226904,false,ספל מאג זכוכית מרסיי,,,לקיטשן מאג זכוכית מר,יחידה,0.00,יחידה,false,,6.90,0.0000,true,1,250000
7296077003102,false,מפיץ ריח בקבוק,,,מפיץ ריח בקבוק,יחידה,0.00,יחידה,false,,9.90,0.0000,true,1,224864
7296082000035,false,"ביצים ""פלוס"" 6 יחידות",המכון למיון ושיווק ב,,ביצים פלוס אומגה3 6י,,6.00,גרם,false,,15.90,2.6500,true,1,174073
7296082000066,false,ביצה פלוס L תריסר,,,ביצים פלוס 12יח L,,12.00,100 מ'ל,false,,16.90,1.4083,true,1,174074
7296082000080,false,ביצי חופש 12 יחידות,המכון למיון ושיווק ביצים,,ביצים חופש 12יח,,12.00,גרם,false,,21.90,1.8250,true,1,189976
7296082000103,false,ביצים סופר טריות מדי,,,ביצים סופר טריות מדי,,30.00,100 מ'ל,false,,27.87,0.9290,true,1,189977
7296082000110,false,ביצים סופר טריות 30י,,,ביצים סופר טריות 30י,,30.00,גרם,false,,30.12,1.0040,true,1,189978
7296082000127,false,ביצים רגילות אקסטרא,,,ביצים רגילות אקסטרא,,12.00,גרם,false,,13.10,1.0917,true,1,189979
7296082000134,false,ביצים רגילות לארג' 1,המכון למיון ושיווק ב,,ביצים רגילות לארג' 1,,12.00,100 מ'ל,false,,12.05,1.0042,true,1,189980
7296082000141,false,ביצים רגילות מדיום 1,המכון למיון ושיווק ב,,ביצים רגילות מדיום 1,יחידה,0.00,יחידה,false,,11.15,0.0000,true,1,189981
7296082000165,false,ביצים אורגניות תריסר,המכון למיון ושיווק ב,,ביצים אורגניות 12יח,,12.00,100 מ'ל,false,,25.90,2.1583,true,1,189982
7296102108260,false,מתקן כביסה מתכת,הום פרפקט ק.ד.מ בעמ,,מתקן כביסה מתכת,יחידה,0.00,יחידה,false,,69.90,0.0000,true,1,242942
7296102109182,false,"סיר יציקה 20"" לגנו",,,"סיר יציקה 20"" לגנו",יחידה,0.00,יחידה,false,,69.90,0.0000,true,1,243854
7296102121269,false,סט 3 קופסאות מלבן 1.,,,סט 3 קופסאות מלבן 1.,יחידה,0.00,יחידה,false,,10.90,0.0000,true,1,248862
7296102191354,false,קוצץ ירקות ידני 3 לה,,,קוצץ ירקות ידני 3 לה,יחידה,0.00,יחידה,false,,24.90,0.0000,true,1,249144
7296102210239,false,סט קופסאות אחסון 4 יח,,,סט קופסאות עגול 4יח,יחידה,0.00,יחידה,false,,14.90,0.0000,true,1,245118
7296102266076,false,קרש חיתוך פלסטיק קשי,,,קרש חיתוך פלסטיק קשי,יחידה,0.00,יחידה,false,,24.90,0.0000,true,1,245116
7296102551073,false,מפת פלנל איכותית 220,,,מפת פלנל איכותית 220,יחידה,0.00,יחידה,false,,19.90,0.0000,true,1,249122
7296102619650,false,קערת נירוסטה איכותית,,,קערת נירוסטה איכותית,יחידה,0.00,יחידה,false,,19.90,0.0000,true,1,245973
7296102619667,false,"מסננת נירוסטה 24 ס""מ",,,"מסננת נירוסטה 24 ס""מ",יחידה,0.00,יחידה,false,,19.90,0.0000,true,1,245968
7296102619780,false,זוג סכינים מדורגות,,,זוג סכינים מדורגות,יחידה,0.00,יחידה,false,,19.90,0.0000,true,1,246736
7296102673201,false,"סיר סוטאז יציקה 28ס""",,,"סיר סוטאז יציקה 28ס""",יחידה,0.00,יחידה,false,,149.90,0.0000,true,1,248701
7296102673225,false,"מחבת יציקה 24ס""מ פרס",,,"מחבת יציקה 24ס""מ פרס",יחידה,0.00,יחידה,false,,69.90,0.0000,true,1,248696
7296102673508,false,"מחבת יציקה שחור 22ס""",,,"מחבת יציקה שחור 22ס""",יחידה,0.00,יחידה,false,,59.90,0.0000,true,1,248684
7296102730508,false,"מחבת יציקה שיש 20ס""מ",,,"מחבת יציקה שיש 20ס""מ",יחידה,0.00,יחידה,false,,44.90,0.0000,true,1,246928
7296107000002,false,מלפפון 9-7 במלח 600 ג' פרי חן,פרי חן,,מלפפון במלח 7-9 20%,,670.00,"100 מ""ל",false,,6.90,0.0103,true,1,233200
7296107000033,false,פרי חן מלפפונים בחומץ 600 גרם +תוספת,פרי חן,,מלפפון חמוץ 7-9 בחומ,,670.00,"100 מ""ל",false,,6.90,0.0103,true,1,231895
7296107000439,false,זיתים חרוזית ירוק 56,פרי חן,,זיתים חרוזית ירוק 56,,560.00,"100 מ""ל",false,,9.90,0.0177,true,1,233206
7296107000958,false,קוקטייל זיתים פרי חן,פרי חן,,קוקטייל זיתים פרי חן,,560.00,"100 מ""ל",false,,9.90,0.0177,true,1,233222
7296155150698,false,דלי פיה סופר,עולם הבית שיווק והפצה בעמ,,דלי פיה סופר,יחידה,0.00,יחידה,false,,9.90,0.0000,true,1,212999
7297529239100,false,גרב ספורט גבר לבן (4,,,גרב ספורט גבר לבן (4,יחידה,0.00,יחידה,false,,14.90,0.0000,true,1,244368
7297529242582,false,חמישיית גרבי גברים פ,,,חמישיית גרבי גברים פ,יחידה,0.00,יחידה,false,,19.90,0.0000,true,1,244278
7312040017683,false,מארז אבסולוט רגיל(וודקה {}{700 עם כוס,טמפו משקאות בע`מ,,*מבצע* וודקה אבסולוט,,700.00,100 גרם,false,,60.00,0.0857,true,1,173258
7394376123337,false,"משקה שיבולת שועל אורגני מפוקח ע""י סקאל",טרנסומס פוד איי.בי,,משקה שיבולת שועל אור,,1000.00,"100 מ""ל",false,,13.90,0.0139,true,1,242736
7501013122039,false,ג'ומקס מיץ מנגו קרטונית ליטר תריסר,חומקס קומר קומרסאליזדורה,,נקטר ג'ומקס מנגו קרט,,1000.00,"100 מ""ל",false,,9.90,0.0099,true,1,233838
7501013122053,false,ג'ומקס מיץ אפרסק קרטונית ליטר תריסר,חומקס קומר קומרסאליזדורה,,נקטר ג'ומקס אפרסק קר,,1000.00,"100 מ""ל",false,,9.90,0.0099,true,1,233839
7501013122114,false,"נקטר משקה אננס בקרטונית ג'ומקס, 1 ל'",חומקס קומר קומרסאליזדורה,,נקטר ג'ומקס אננס קרט,,1000.00,"100 מ""ל",false,,9.90,0.0099,true,1,233840
7501013122190,false,ג'ומקס מיץ תפוחים קרטונית ליטר תריסר,חומקס קומר קומרסאליזדורה,,נקטר ג'ומקס תפוחים ק,,1000.00,"100 מ""ל",false,,9.90,0.0099,true,1,233841
7501013122992,false,ג'ומקס מיץ קוקוס אננס קרטונית ליטר תריסר,חומקס קומר קומרסאליזדורה,,נקטר ג'ומקס קוקוס אנ,,1000.00,"100 מ""ל",false,,9.90,0.0099,true,1,233842
7501064191398,false,שישיית בירה קורונה אקסטרא *355 מל,קריניציה ויטמינה אס,,בירה קורונה בקבוק שי,,2130.00,"100 מ""ל",false,,35.90,0.0169,true,1,227727
7509546057545,false,ליידי ספיד סטיק דרמה פנינה סטיק,קולגייט פלמוליב,,ליידי ספיד סטיק פרו,,45.00,100 גרם,false,,14.90,0.3311,true,1,246774
7509546663135,false,קולגייט משחת שיניים זירו פפרמינט 98 מל,ש.שסטוביץ בעמ,,קולגייט זירו משחת שי,,98.00,"100 מ""ל",false,,12.90,0.1316,true,1,244559
7610008059073,false,רגוזה-קלאסיק שוק' במילוי פרלין אגוז לוז 100 גרם,RAGUSA,,שוקולד רגוסה קלאסי 1,,100.00,100 גרם,false,,15.90,0.1590,true,1,243832
7610008059080,false,רגוזה-שוקולד מריר טראפל אגוזי לוז 100 גרם,RAGUSA,,שוקולד רגוסה מריר 10,,100.00,"100 מ""ל",false,,15.90,0.1590,true,1,243833
7610008059097,false,רגוזה-בלונד שוק לבן טרפל א.חלב מקורמלת 100 גרם,RAGUSA,,שוקולד רגוסה בלונד 1,,100.00,100 גרם,false,,15.90,0.1590,true,1,243834
7610008059103,false,טבלת שוקולד טורינו חלב 100 גר,קמיל בלוך,,טורינו שוקולד חלב 1,,100.00,"100 מ""ל",false,,15.90,0.1590,true,1,243835
7610113011652,false,בריזר - משקה כוהלי מוגז בטעם תפוח,בקרדי בריזר Bacardi Breezer,,בקרדי בריזר בטעם תפו,,275.00,"100 מ""ל",false,,15.90,0.0578,true,1,242503
7610243004463,false,"דורגול - מרסס להסרת אבנית במקלחון 600 מ""ל","יעקב יעקבי ובניו בע""מ",,דורגול מסיר אבן מרסס,,500.00,"100 מ""ל",false,,19.90,0.0398,true,1,183622
7610400010481,false,לינדט אקסלנס שוקולד חלב 100 גרם,לינדט ושפרונגלי קילשברג,,שוקולד לינדט אקסלנס,,100.00,100 גרם,false,,15.90,0.1590,true,1,228275
7610400068529,false,לינדט לינדור בונבוניירה כדורי שוקולד מטעמים 200 גרם,לינדט ושפרונגלי קילשברג,,לינדור בונבוניירה אס,,200.00,100 גרם,false,,25.90,0.1295,true,1,190969
7610400074155,false,לינדט לינדור קוביות במילוי קרם שוקולד 60% מוצקי קקאו 100 גרם,לינדט ושפרונגלי קילשברג,,שוקולד לינדור 60% 10,,100.00,100 גרם,false,,16.90,0.1690,true,1,190981
7613030979647,false,דגני בוקר טריקס פירות עולם היורה 480 ג',קבוצת אוסם סחר שותפות מוגבלת,,דגני טריקס פירות נסט,,480.00,100 מ'ל,false,,26.90,0.0560,true,1,224710
7613032045753,false,פיטנס דגנים מחיטה מלאה שוקולד 375גרם,קבוצת אוסם סחר שותפות מוגבלת,,פיטנס שוקולד 375 גרם,,375.00,"100 מ""ל",false,,23.90,0.0637,true,1,178222
7613033548192,false,פיטנס - דגני בוקר שוקולד מריר 375 גרם,קבוצת אוסם סחר שותפות מוגבלת,,פיטנס דגני בוקר שוקו,,375.00,"100 מ""ל",false,,23.90,0.0637,true,1,178264
7613034146502,false,מזון לכלבים קטנים בטעם עוף פורינה ONE,שחורי אריה ואנסטסיה,,פורינה מיני אקטיב עו,,1500.00,100 גרם,false,,54.90,0.0366,true,1,234380
7613035378643,false,דנטלייף חטיף דנטלי לכלבים מגזע גדול - 4 יחידות,קבוצת אוסם סחר-שות.מוגבלת,,דנטלייף גזע גדול,,142.00,100 גרם,false,,14.90,0.1049,true,1,249614
7613035379817,false,דנטלייף חטיף דנטלי לכלבים מגזע קטן - 4 יחידות,קבוצת אוסם סחר-שות.מוגבלת,,דנטלייף גזע קטן 11,,115.00,100 גרם,false,,14.90,0.1296,true,1,249616
7613035548374,false,דגני בוקר גולדן מיניס מחיטה מלאה ותירס,קבוצת אוסם סחר-שות.מוגבלת,,דגני גולדן מיניס נסט,,570.00,100 גרם,false,,26.90,0.0472,true,1,178285
7613035622623,false,פיטנס גרנולה שקדים ודבש נסטלה (300 גרם),קבוצת אוסם סחר-שות.מוגבלת,,פיטנס גרנולה שקדים ו,,300.00,100 גרם,false,,15.90,0.0530,true,1,178286
7613035807778,false,פרפקטו רוטב עגבניות לבולונז אסם 400 גרם,קבוצת אוסם סחר שותפות מוגבלת,,רוטב עגבניות לבולונז,,400.00,"100 מ""ל",false,,9.90,0.0248,true,1,178289
7613035809109,false,פרפקטו רוטב עגבניות ובזיליקום אסם 400 גרם,קבוצת אוסם סחר שותפות מוגבלת,,רוטב עגבניות ובזיליק,,400.00,100 גרם,false,,9.90,0.0248,true,1,178290
7613035809123,false,פרפקטו רוטב עגבניות עם פלפלים אסם 400 גרם,קבוצת אוסם סחר שותפות מוגבלת,,רוטב עגבניות עם פלפל,,400.00,100 גרם,false,,9.90,0.0248,true,1,178291
7613035809857,false,פרפקטו רוטב עגבניות לפסטה ולבישול אסם 400 גרם,קבוצת אוסם סחר שותפות מוגבלת,,רוטב עגבניות לפסטה ו,,40.00,"100 מ""ל",false,,9.90,0.2475,true,1,178292
7613036105545,false,"דוגלי גזע קטן 4*3 קילו ""אסם""",קבוצת אוסם סחר שותפות מוגבלת,,דוגלי גזע קטן 3קג,קילוגרמים,3.00,"ק""ג",false,,54.90,18.3000,true,1,221731
7613036105651,false,"דוגלי בקר לכלבים בוגרים 12 ק""ג",קבוצת אוסם סחר-שות.מוגבלת,,דוגלי בוגר בקר 12קג,קילוגרמים,12.00,"ק""ג",false,,139.90,11.6583,true,1,221734
7613036387798,false,פיטנס דגנים מלאים ואורז פתיתים ויוגורט 350ג',קבוצת אוסם סחר-שות.מוגבלת,,פיטנס יוגורט 350 גרם,,350.00,"100 מ""ל",false,,23.90,0.0683,true,1,222702
7613036520492,false,פרפקטו רוטב עגבניות לפיצה אסם 400 גרם,קבוצת אוסם סחר-שות.מוגבלת,,רוטב עגבניות לפיצה פ,,400.00,100 גרם,false,,9.90,0.0248,true,1,223675
7613036880534,false,גרבר מחית ירקות מעורבים מטרנה 190 גר',קבוצת אוסם סחר שותפות מוגבלת,,גרבר מחית מרק ירקות,,190.00,100 גרם,false,,5.90,0.0311,true,1,242031
7613036976657,false,מזון לחתולים פריסקיז פאוצ' הודו,קבוצת אוסם סחר-שות.מוגבלת,,פריזקיס פאוצ' הודו 8,,85.00,100 גרם,false,,4.50,0.0529,true,1,243701
7613036976695,false,פריסקיז - פאוץ בקר ברוטב 85 גרם,קבוצת אוסם סחר שותפות מוגבלת,,פריסקיז פאוצ' בקר 85,,85.00,100 גרם,false,,4.70,0.0553,true,1,243574
7613036976732,false,פריסקיז פאוצ`סלמון ברוטב 85גר,קבוצת אוסם סחר-שות.מוגבלת,,פריזקיס פאוצ' סולומו,,85.00,100 גרם,false,,4.50,0.0529,true,1,243700
7613037012200,false,גרבר מחית תפוח גזר ומנגו 90 גרם פאוץ,קבוצת אוסם סחר שותפות מוגבלת,,גרבר מחית תפוח מנגו,,90.00,100 מ'ל,false,,6.10,0.0678,true,1,240846
7613037204889,false,סטארבקס - פולי קפה אספרסו 450 גרם,קבוצת אוסם סחר-שות.מוגבלת,,סטארבקס פולי קפה אספ,,450.00,100 גרם,false,,49.90,0.1109,true,1,245674
7613037276091,false,נסטלה מיקס מיני אריזות דגני בוקר 200 גרם,קבוצת אוסם סחר שותפות מוגבלת,,נסטלה מיקס מיני אריז,יחידה,0.00,יחידה,false,,21.90,0.0000,true,1,229552
7613037686906,false,פיטנס שקדים ודבש 355 גרם מופחת סוכר,קבוצת אוסם סחר שותפות מוגבלת,,פיטנס שקדים ודבש 355,,355.00,100 גרם,false,,23.90,0.0673,true,1,240837
7613037811629,false,קורנפלקס גו פרי ללא גלוטן 500 גר`,קבוצת אוסם סחר שותפות מוגבלת,,קורנפלקס גו פרי 500ג,,500.00,100 גרם,false,,15.90,0.0318,true,1,241210
7613038268262,false,דגני בוקר צ'יריוס דבש ושקדים במתיקות מעודנת,קבוצת אוסם סחר שותפות מוגבלת,,דגני האני נאט צ'יריו,,410.00,100 גרם,false,,20.90,0.0510,true,1,240839
7613038451954,false,דגני בוקר שוקולד מופחת סוכר 410 ג' קראנץ',קבוצת אוסם סחר-שות.מוגבלת,,קראנץ שוקולד דגני בו,,410.00,"100 מ""ל",false,,23.90,0.0583,true,1,240840
7613039547632,false,גרבר מחית תפוח בננה ותות 90 גרם פאוץ,קבוצת אוסם סחר שותפות מוגבלת,,גרבר מחית תפוחבננה ת,,90.00,100 גרם,false,,6.10,0.0678,true,1,242902
7613039547922,false,גרבר מחית אגס תפוח ובננה 90 גרם פאוץ,קבוצת אוסם סחר-שות.מוגבלת,,גרבר מחית תפוח בננה,,90.00,100 גרם,false,,6.10,0.0678,true,1,242903
7613039770450,false,טבעול סנסשיונל בורגר צמחוני 226 גרם,קבוצת אוסם סחר שותפות מוגבלת,,טבעול סנסשיונל בורגר,,226.00,100 גרם,false,,38.90,0.1721,true,1,243675
7613039771174,false,טבעול סנסשיונל מינס טחון צמחוני 400 גרם,קבוצת אוסם סחר שותפות מוגבלת,,טבעול סנסשיונל מינס,,400.00,"100 מ""ל",false,,38.90,0.0972,true,1,243676
7613039880807,false,גרבר מחית תפוח וגזר 190 גרם,קבוצת אוסם סחר שותפות מוגבלת,,גרבר מחית תפוח גזר 1,,190.00,100 גרם,false,,5.90,0.0311,true,1,244646
7613039881965,false,גרבר מחית גזר תפוח ומנגו 190 גרם,קבוצת אוסם סחר שותפות מוגבלת,,גרבר מחית גזר תפוח מ,,190.00,100 גרם,false,,5.90,0.0311,true,1,244647
7613287121783,false,סמארטיס מיני 16*187 גרם,קבוצת אוסם סחר שותפות מוגבלת,,סמארטיס מיני 187גרם,,187.00,"100 מ""ל",false,,10.90,0.0583,true,1,245701
7613287155832,false,מחית תפוח פאוץ 90 גר`גרבר כשלפ,קבוצת אוסם סחר שותפות מוגבלת,,גרבר מחית תפוח פאוץ,,90.00,100 גרם,false,,6.10,0.0678,true,1,246200
7613287155863,false,מחית אגס פאוץ 90 גר`גרבר כשלפ,קבוצת אוסם סחר שותפות מוגבלת,,גרבר מחית אגס פאוץ 9,,90.00,100 גרם,false,,6.10,0.0678,true,1,248344
7613287155894,false,"גרבר מחית אפרסק פאוץ כשל""פ 90 גרם",קבוצת אוסם סחר שותפות מוגבלת,,גרבר מחית אפרסק פאוץ,,90.00,"100 מ""ל",false,,6.10,0.0678,true,1,248345
7613287181411,false,ויטמינציק מחית סלט פירות 110 גרם,קבוצת אוסם סחר שותפות מוגבלת,,ויטמינצ'יק פאוץ סלט,,110.00,"100 מ""ל",false,,5.90,0.0536,true,1,250013
7613287182326,false,ויטמינציק מחית בננה תפוח 110 גרם,קבוצת אוסם סחר-שות.מוגבלת,,ויטמינצ'יק פאוץ בננ,,110.00,"100 מ""ל",false,,5.90,0.0536,true,1,250010
7613287182425,false,ויטמינציק מחית תפוח בננה ותות 110 גרם,קבוצת אוסם סחר שותפות מוגבלת,,ויטמינצ'יק פאוץ תפו,,110.00,"100 מ""ל",false,,5.90,0.0536,true,1,250011
7613287186928,false,קפסולות קפה סומטרה (10 יח) סטארבקס (56 ג,קבוצת אוסם סחר שותפות מוגבלת,,סטארבקס קפסולות ברקפ,יחידה,0.00,יחידה,false,,21.90,0.0000,true,1,246321
7613287325808,false,אוסם - דיפ אנד ספרד מטבל איולי שום 295 גרם,קבוצת אוסם סחר שותפות מוגבלת,,רוטב איולי שום לחיץ,,295.00,100 גרם,false,,15.90,0.0539,true,1,246982
7613287325853,false,אוסם - דיפ אנד ספרד מטבל איולי ספייסי 295 גרם,קבוצת אוסם סחר שותפות מוגבלת,,רוטב ספייסי איולי לח,,295.00,100 גרם,false,,15.90,0.0539,true,1,246984
7613287325952,false,אוסם - דיפ אנד ספרד מטבל ברבקיו 345 גרם,קבוצת אוסם סחר שותפות מוגבלת,,רוטב ברביקיו לחיץ אס,,345.00,100 גרם,false,,15.90,0.0461,true,1,246987
7613287394323,false,דגני בוקר מולטי צ'יריוס 600 גרם,קבוצת אוסם סחר שותפות מוגבלת,,דגני מולטי ציריוס 60,,600.00,100 גרם,false,,26.90,0.0448,true,1,246418
7613287476494,false,אוסם - דיפ אנד ספרד מיונז בסגנון צרפתי 280 גרם,קבוצת אוסם סחר שותפות מוגבלת,,מיונז לחיץ אסם 280 ג,,280.00,"100 מ""ל",false,,15.90,0.0568,true,1,246986
7613287821348,false,נתחוני עוף טבעוני סנסשיונל טבעול 350 גרם,קבוצת אוסם סחר-שות.מוגבלת,,נתחוני עוף טבעוני סנ,,350.00,100 גרם,false,,38.90,0.1111,true,1,246412
7613287855640,false,סטארבקס קפסולות קפה גוואטמלה 10 יחידות,קבוצת אוסם סחר שותפות מוגבלת,,סטארבקס קפסולות גווא,,52.00,"100 מ""ל",false,,21.90,0.4212,true,1,249632
7614500010013,false,טובלרון - שוקולד חלב קלאסי 100 גרם,,,טובלרון בר חלב 100 ג,,100.00,100 גרם,false,,8.90,0.0890,true,1,232138
7622010001858,false,עוגיות אוראו ממולאות קרם וניל 176 גרם.,דיפלומט מפיצים (1968) בעמ**,,אוראו עוגיות ממולאות,,176.00,"100 מ""ל",false,,9.90,0.0563,true,1,179714
7622201050757,false,מילקה שוקולד חלב במילוי קרם קרמל 100 ג,דיפלומט מפיצים (1968) בעמ**,,שוקולד מילקה חלב עם,,100.00,100 גרם,false,,7.90,0.0790,true,1,179718
7622201137052,false,אוראו מיני קוקיס - עוגיות שוקולד צ'יפס ותחתית מצופה שוקולד חלב,דיפלומט מפיצים (1968) בעמ**,,מילקה מיני קוקיז 110,,110.00,100 גרם,false,,9.90,0.0900,true,1,245766
7622201401900,false,עוגיות סנסיישן אוראו מילקה 156 גרם,דיפלומט מפיצים (1968) בעמ**,,מילקה עוגיות סנסיישן,,156.00,100 גרם,false,,12.90,0.0827,true,1,243883
7622201801809,false,מילקה שוקולד חלב עם אגוזים 100 גרם חדש,מנדלז דויצ'\לנד סנקס פרו,,שוקולד חלב מילקה אגו,,100.00,100 גרם,false,,7.90,0.0790,true,1,246282
7622201802394,false,שוקולד מילקה חלב מסרונים 100 גרם,מנדלז דויצ'\לנד סנקס פרו,,שוקולד מילקה חלב 100,,100.00,100 גרם,false,,7.90,0.0790,true,1,246280
7622201808631,false,אוראו מיני עוגיות ממולאות קרם וניל 67גרם,דיפלומט מפיצים (1968) בעמ**,,אוראו מיני כוסות בטע,,67.00,100 גרם,false,,8.90,0.1328,true,1,246285
7622201819170,false,שוקולד מילקה דרק שקדים 85 גרם.,דיפלומט מפיצים (1968) בעמ**,,שוקולד מילקה דארק שק,,85.00,100 גרם,false,,7.90,0.0929,true,1,246913
7622201819552,false,מילקה דארק שוקולד 85 גרם חדש,מונדלז דויטשלנד סנאק,,שוקולד מילקה דארק 85,,85.00,100 גרם,false,,7.90,0.0929,true,1,246915
7622210078131,false,שוקולד חלב עם שבבי קרמל מילקה דיים 100 גרם,מנדלז דויצ'\לנד סנקס פרו,,שוקולד מילקה חלב עם,,100.00,100 גרם,false,,7.90,0.0790,true,1,220364
7622210163899,false,שוקולד חלב במילוי סוכריות עדשים,דיפלומט מפיצים (1968) בעמ**,,שוקולד מילקה חלב עם,,100.00,100 גרם,false,,7.90,0.0790,true,1,224479
7622210392589,false,טובלרון טייני שוקולד חלב 200 גרם,מונדלז סוויצרלנד פרודקשן,,טובלרון טייני חלב 20,,200.00,100 גרם,false,,14.90,0.0745,true,1,249995
7622210453327,false,עוגיות שוקוצ'יפס במילוי שוקולד סנסיישן,דיפלומט מפיצים (1968) בעמ**,,מילקה עוגיות סנסיישן,,156.00,100 גרם,false,,12.90,0.0827,true,1,221886
7622210680969,false,טובלרון שוקולד חלב 360 גרם,דיפלומט,,טובלרון חלב מסרונים,,360.00,100 גרם,false,,19.90,0.0553,true,1,248486
7622210826053,false,מילקה שוקולד אוראו סנדוויץ 100 גרם,דיפלומט מפיצים (1968) בעמ**,,שוקולד מילקה אוראו ס,,92.00,100 גרם,false,,7.90,0.0859,true,1,243886
7622300107949,false,טובלרון חלב צימוק 100גר,,,טובלרון שוקולד חלב ע,,100.00,100 גרם,false,,8.90,0.0890,true,1,249751
7622300200237,false,שוקולד מילקה שוקולד חלב 250 גרם,דיפלומט מפיצים (1968) בעמ**,,שוקולד מילקה חלב250ג,,250.00,100 גרם,false,,10.90,0.0436,true,1,179730
7622300270506,false,מילקה גריינס - עוגיות שיבולת שועל מצופות שוקולד 168 ג',דיפלומט מפיצים (1968) בעמ**,,מילקה גריינס עוגיות,,168.00,100 גרם,false,,12.90,0.0768,true,1,179732
7622300489427,false,עוגיות אוראו בציפוי בטעם שוקולד לבן 246 גרם,דיפלומט מפיצים (1968) בעמ**,,אוראו עוגיות בציפוי,,246.00,100 גרם,false,,14.90,0.0606,true,1,223470
7622300489434,false,"עוגיות אוראו פאדג' בציפוי שוקולד חלב, 246 גרם",דיפלומט מפיצים (1968) בעמ**,,אוראו עוגיות בציפוי,,246.00,100 גרם,false,,14.90,0.0606,true,1,223469
7622300495046,false,מילקה שוקולד חלב עם אקסטרה קקאו 100 גרם,מנדלז דויצ'\לנד סנקס פרו,,שוקולד מילקה אקסטרה,,100.00,100 גרם,false,,7.90,0.0790,true,1,179741
7622300503079,false,עוגיות ביסקוויט מצופה שוקולד חלב מילקה 200 גרם,דיפלומט מפיצים (1968) בעמ**,,מילקה מוו ביסקוויט מ,,200.00,100 גרם,false,,12.90,0.0645,true,1,179743
7622300617820,false,מילקה שוקולד חלב במילוי קרם חלב ווניל ושבבי עוגיות אוראו 100 גרם,מנדלז דויצ'\לנד סנקס פרו,,שוקולד מילקה אוראו 1,,100.00,100 גרם,false,,7.90,0.0790,true,1,179744
7622400005190,false,שוקולד חלב נגיעות שוקולד לבן מילקה 100 ג,מנדלז דויצ'\לנד סנקס פרו,,שוקולד מילקה 100גר,,100.00,100 גרם,false,,7.90,0.0790,true,1,179750
7630477891592,false,סטארבקס קפסולות קפה האוס בלנד 10 יחידות,קבוצת אוסם סחר שותפות מוגבלת,,סטארבקס קפסולות האוס,יחידה,0.00,יחידה,false,,21.90,0.0000,true,1,242886
7630477891615,false,סטארבקס קפסולות קפה סומטרה 10 יחידות,קבוצת אוסם סחר שותפות מוגבלת,,סטארבקס קפסולות סומט,יחידה,0.00,יחידה,false,,21.90,0.0000,true,1,242889
7630477891639,false,קפסולות קפה סומטרה (10 יח) סטארבקס ( 55,קבוצת אוסם סחר שותפות מוגבלת,,סטארבקס קפסולות האוס,יחידה,0.00,יחידה,false,,21.90,0.0000,true,1,242896
7630477891653,false,סטארבקס קפסולות קפה אספרסו נטול 10 יחידו,קבוצת אוסם סחר שותפות מוגבלת,,סטארבקס קפסולות אספר,יחידה,0.00,יחידה,false,,21.90,0.0000,true,1,242887
7630477891677,false,סטארבקס קפסולות קפה פייק פלייס 10 יחידות,קבוצת אוסם סחר שותפות מוגבלת,,סטארבקס קפסולות פייק,יחידה,0.00,יחידה,false,,21.90,0.0000,true,1,242888
7630477891691,false,קפסולות קפה קולומביה (10 יח) סטארבקס ( 5,קבוצת אוסם סחר שותפות מוגבלת,,סטארבקס קפסולות קולו,יחידה,0.00,יחידה,false,,21.90,0.0000,true,1,242897
7630477891714,false,סטארבקס קפסולות קפה אספרסו 10 יחידות,קבוצת אוסם סחר שותפות מוגבלת,,סטארבקס קפסולות אספר,יחידה,0.00,יחידה,false,,21.90,0.0000,true,1,242898
7630477891738,false,סטארבקס קפסולות קפה אספרסו בלונד 10 יחיד,קבוצת אוסם סחר שותפות מוגבלת,,סטארבקס קפסולות אספר,יחידה,0.00,יחידה,false,,21.90,0.0000,true,1,242890
7702018405145,false,גילט סירייס גל גילוח להגנה גבוהה,דיפלומט מפיצים 1968 בעמ,,גילט גל גילוח סירייס,,200.00,100 גרם,false,,19.90,0.0995,true,1,224824
7702018457762,false,"ג'ל גילוח ג'ילט סירייס לעור תחושה קרירה 200 מ""ל",דיפלומט מפיצים (1986) בע`מ,,גילט גל גילוח סירייס,יחידה,0.00,יחידה,false,,14.90,0.0000,true,1,242851
7702018462032,false,סכיני גילוח גילט מאך 3 רביעייה,דיפלומט מפיצים (1986) בע`מ,,מאך 3 סכיני גילוח רב,יחידה,0.00,יחידה,false,,29.90,0.0000,true,1,245622
7702018471423,false,גילט פיוזן סטארט סכיני גילוח 4יח,דיפלומט מפיצים {1968}בעמ,,גילט פיוזן סכיני גיל,יחידה,0.00,יחידה,false,,59.90,0.0000,true,1,242869
7702018514472,false,גילט מאך 3 טורבו מכשיר גילוח,פרוקטר אנד גמבל,,גילט מאך 3 טורבו מכש,יחידה,0.00,יחידה,false,,19.90,0.0000,true,1,243842
7702018980833,false,"ג'ילט ג'ל גילוח סירייס מועשר בלחות - 200 מ""ל",פרוקטר אנד גמבל,,גילט גל גילוח מועשר,,200.00,"100 מ""ל",false,,19.90,0.0995,true,1,203775
7702024074625,false,פיטנס - חטיפי קרקר חיטה מלאה 234 גרם,קבוצת אוסם סחר שותפות מוגבלת,,פיטנס חטיפי קרקר חיט,,234.00,100 גרם,false,,12.90,0.0551,true,1,224876
7702024258322,false,"חטיפי קרקר עם חיטה מלאה, צ'יה וזרעי פשתן פיטנס",קבוצת אוסם סחר שותפות מוגבלת,,פיטנס חטיפי קרקר צ'י,,234.00,"100 מ""ל",false,,12.90,0.0551,true,1,243465
7702174066631,false,לקקן יוגטה פין פופ במילוי מסטיק 170 גר,קומסטיבלס לה רוזה אס.איי,,לקקן פינפופ מהדרין י,,180.00,"100 מ""ל",false,,7.90,0.0439,true,1,191964
7702174068826,false,יוגטה מבחר סוכריות לקקן קשות ממולאות טופי בטעמי יוגורט ופירות 204 גרם,הדקלאים אגודת שיתופי,,לקקן עם סוכריות טופי,יחידה,0.00,יחידה,false,,11.90,0.0000,true,1,191967
7702174068833,false,יוגטה סוכריות קשות על מקל ממולאות טופי בטעמי גלידת פירות 12 יח' 204 גרם,הדקלאים אגודת שיתופי,,לקקן בטעם גלידה יוגט,יחידה,0.00,יחידה,false,,11.90,0.0000,true,1,191968
7702174073783,false,סוכריות על מקל בטעם קולה במילוי גומי לעיסה,הדקלאים אגודת שיתופי,,לקקן פינפופ קולה יוג,,180.00,100 גרם,false,,7.90,0.0439,true,1,191972
7798132720233,false,אוכמניות 125גרם,,,אוכמניות 125גרם,,125.00,100 גרם,false,,9.90,0.0792,true,1,250541
7798382150019,false,אוכמניות טריות 125גרם,ביכורי השדה צפון 1994 ג.ד. בעמ,,אוכמניות טריות 125 ג,יחידה,0.00,יחידה,false,,11.90,0.0000,true,1,250766
7891024030974,false,"קולגייט משחת שיניים טריפל אקשן 75 מ""ל",הנסיך- מפעל לייצור ט,,קולגייט טריפל אקשן מ,,75.00,"100 מ""ל",false,,7.90,0.1053,true,1,186084
8000113003402,false,"קמח תירס בוואקום 1 ק""ג",גורי מוצרי צריכה (1991) בעמ,,קמח תירס בוואקום 1 ק,,1000.00,100 גרם,false,,15.90,0.0159,true,1,193017
8000380003723,false,וופלים גרנד פטיסרי במילוי קרם אגוזים 100,קריניציה ויטמינה אס,,גרנד פטיסרי וופל אגו,,100.00,100 גרם,false,,13.90,0.1390,true,1,191974
8000380003761,false,וופל גרנד פטיסרי שוקולד וקוקוס לואקר 100 גרם,קריניציה ויטמינה אס,,גרנד פטיסרי קוקוס 10,,100.00,100 גרם,false,,13.90,0.1390,true,1,191975
8000380004669,false,וופל לואקר סנדוויץ קוביות ושוקולד 200ג',"א. לואקר, קונפקט ג'י",,וופל לואקר קוביות סנ,,200.00,100 גרם,false,,13.90,0.0695,true,1,191977
8000380004676,false,קוביות וופל סנדוויץ Sandwich עם וניל וחלב,"א. לואקר, קונפקט ג'י",,וופל לואקר קוביות סנ,,200.00,"100 מ""ל",false,,13.90,0.0695,true,1,191978
8000380004881,false,וופל קוארדטיני לואקר קוביות טרמיסו 220ג',קריניציה ויטמינה אס,,וופל קואדרטיני טרמיס,,220.00,100 גרם,false,,14.90,0.0677,true,1,191980
8000380004911,false,קוביות וופל קואדרטיני Quadratini קרם אגוזים,קריניציה ויטמינה אס,,וופל קואדרטיני אגוז,,250.00,"100 מ""ל",false,,14.90,0.0596,true,1,191981
8000380004942,false,וופל לואקר קוארדטיני קוביות ווניל 250ג',ליימן שליסל בע`מ,,וופל קואדרטיני וניל,,250.00,100 גרם,false,,14.90,0.0596,true,1,191983
8000380004966,false,וופל קוארדטיני לואקר קוביות שוקולד 250ג',קריניציה ויטמינה אס,,וופל לואקר קוביות קק,,250.00,"100 מ""ל",false,,14.90,0.0596,true,1,191984
8000380005598,false,מארז וופל שוקולד טורטינה Tortina שוקולד מריר,א. לואקר אס. פי. אי-אי.,,טורטינה שישיה מריר 1,,125.00,"100 מ""ל",false,,18.90,0.1512,true,1,191985
8000380007219,false,וופל לואקר ממולא קרם אגוזים 175 גרם,ליימן שליסל בע`מ,,וופל לואקר אגוז 175ג,,175.00,"100 מ""ל",false,,11.90,0.0680,true,1,191988
8000380007257,false,וופל גרדנה במילוי קרם אגוזים מצופה,קריניציה ויטמינה אס,,וופל גרדנה אגוז 200ג,,200.00,"100 מ""ל",false,,14.90,0.0745,true,1,191990
8000380007264,false,וופל לואקר ממולא קרם קקאו 175 גרם,קריניציה ויטמינה אס,,וופל לואקר קקאו 175ג,,175.00,100 גרם,false,,11.90,0.0680,true,1,191991
8000380007271,false,וופל במילוי קרם חלב לואקר (175 גרם),ליימן שליסל בע`מ,,וופל לואקר חלב 175גר,,175.00,100 גרם,false,,11.90,0.0680,true,1,191992
8000380106028,false,טורטינה לואקר וופל שוקולד ואגוזים שישיה 125ג',קריניציה ויטמינה אס,,טורטינה שישיה חלב 12,,125.00,100 גרם,false,,18.90,0.1512,true,1,191994
8000380142484,false,קוביות וופל קואדרטיני Quadratini בטעם שוקולד מריר,ליימן שליסל בע`מ,,וופל קואדרטיני שוקול,,250.00,100 גרם,false,,14.90,0.0596,true,1,191996
8000380144044,false,גרדנה וופל מצופה שוקולד חלב לואקר 200 גרם,ליימן שליסל בע`מ,,וופל גרדנה שוקולד 20,,200.00,100 גרם,false,,14.90,0.0745,true,1,191998
8000380152704,false,מארז חטיפי אצבעות גרדנה אגוז לואקר 125 גרם,ליימן שליסל בע`מ,,לואקר גרדנה אצבעות ו,,125.00,100 גרם,false,,15.90,0.1272,true,1,192007
8000380152728,false,מארז חטיפי אצבעות גרנדה שוקולד 125 גרם,ליימן שליסל בע`מ,,לואקר גרדנה אצבעות ו,,125.00,100 גרם,false,,15.90,0.1272,true,1,192008
8000380153534,false,מארז וופל שוקולד טורטינה Tortina שוקולד לבן,א. לואקר אס. פי. אי-אי.,,טורטינה לבן 125גר,,125.00,100 גרם,false,,18.90,0.1512,true,1,192012
8000380157570,false,וופלים לואקר קלאסיק אגוז 262.5 גר,ליימן שליסל בע`מ,,וופל קלאסי לואקר 262,,262.50,"100 מ""ל",false,,13.90,0.0530,true,1,221995
8000380157587,false,וופלים לואקר קלאסיק קקאו 262.5 גר,ליימן שליסל בע`מ,,וופל שוקולד לואקר 26,,262.50,"100 מ""ל",false,,13.90,0.0530,true,1,221997
8000380180721,false,לואקר וופל קקאו במילוי קרם חלבי 175 גר,קריניציה ויטמינה אס,,וופל לואקר קלאסיק שו,,175.00,100 גרם,false,,11.90,0.0680,true,1,192025
8000380180745,false,וופל קוביות קקאו במילוי קרם חלב לואקר 250 גרם,"א. לואקר, קונפקט ג'י",,וופל קואדרטיני שוקו,,250.00,"100 מ""ל",false,,14.90,0.0596,true,1,192026
8000380180837,false,וופל גרנד פטיסרי קוקוס לבן מצופה שוקולד לבן לואקר 100 גרם,ליימן שליסל בע`מ,,גרנד פטיסרי במילוי ק,,100.00,100 גרם,false,,13.90,0.1390,true,1,192027
8000380181032,false,"לואקר גרדנה חטיפי אצבעות אגוזים ושוקולד לבן, 125 גרם",ליימן שליסל בע`מ,,וופל לואקר גרדנה אצב,,125.00,100 גרם,false,,15.90,0.1272,true,1,192028
8000380184644,false,לואקר מיניס טעמים שונים 150 גרם,ליימן שליסל בעמ,,וופל לואקר מיניס טעמ,,150.00,"100 מ""ל",false,,12.90,0.0860,true,1,241486
8000380192199,false,וופל בטעם דאבל שוקולד לואקר (175 גרם),ליימן שליסל בעמ,,וופל לואקר דאבל שוקו,,175.00,100 גרם,false,,11.90,0.0680,true,1,226732
8000380192243,false,וופלים מלבנים פריכיים בטעם אגוז 200 גר`,ליימן שליסל בע`מ,,לואקר מקסי טעם אגוז,,200.00,100 גרם,false,,12.90,0.0645,true,1,233679
8000380192250,false,וופלים מלבנים פריכיים בטעם שוקולד 200 גר,ליימן שליסל בע`מ,,וופל לואקר מקסי שוק,,200.00,100 גרם,false,,12.90,0.0645,true,1,233680
8000380192588,false,וופלים קואדרטיני דאבל שוקולד לואקר 250 גרם,קריניציה ויטמינה אס,,וופל קואדרטיני דאבל,,250.00,100 גרם,false,,14.90,0.0596,true,1,227081
8000380198221,false,"וופל לואקר מקסי דאבל שוקולד 200 גרם בד""צ",ליימן שליסל בעמ,,לואקר מקסי טעם דאבל,,200.00,100 גרם,false,,12.90,0.0645,true,1,245993
8000380205400,false,וופלים קואדרטיני חמאת בוטנים לואקר 250 גרם,ליימן שליסל בע`מ,,וופל קואדרטיני חמאת,,250.00,100 גרם,false,,14.90,0.0596,true,1,248707
8000380205523,false,וופלים בטעם חמאת בוטנים לואקר 175 גרם,ליימן שליסל בעמ,,וופל לואקר קלאסיק חמ,,175.00,100 גרם,false,,11.90,0.0680,true,1,248710
8000380207183,false,שוקולד לואקר טורטינה חמאת בוטנים 126 גר,ליימן שליסל בע`מ,,טורטינה חמאת בוטנים,,126.00,100 גרם,false,,18.90,0.1500,true,1,248709
8000500023624,false,חטיפי הפי היפו Happy Hippo במילוי קרם חלב וקקאו,פרימיום-חברה לדברי מתיקה ולמסח,,קינדר הפי היפו חמישי,,102.00,100 גרם,false,,14.90,0.1461,true,1,213280
8000500023976,false,בונבוניירת רפאלו פררו (150 גרם),פרימיום-חברה לדברי מתיקה ולמסח,,בונבוניירת רפאלו 150,,150.00,100 גרם,false,,17.90,0.1193,true,1,213281
8000500026731,false,ביצי שוקולד קינדר מארז 3 יח סופרייז,פרימיום-חברה לדברי מתיקה ולמסח,,קינדר ביצי שוקולד 3*,,60.00,100 גרם,false,,15.90,0.2650,true,1,213282
8000500028124,false,קינדר גוי ביצת הפתעה מארז שלישיה,פרימיום-חברה לדברי מתיקה ולמסח,,קינדר ג'וי שלישייה 3,,60.00,100 גרם,false,,15.90,0.2650,true,1,250017
8000500029350,false,מארז וופל מצופה 3יח' *43 גרם קינדר בואנו,פרימיום-חברה לדברי מתיקה ולמסח,,*מבצע* קינדר בואנו ש,,129.00,100 גרם,false,,10.90,0.0845,true,1,213284
8000500037874,false,בונבונרייה פררו רושר 200 גרם,פרימיום-חברה לדברי מתיקה ולמסח,,פררו רושר בונבוניירה,,200.00,100 גרם,false,,27.90,0.1395,true,1,213287
8000500071083,false,אצבעות שוקולד קינדר Kinder שש עשרה יחידות,פרימיום-חברה לדברי מתיקה ולמסח,,קינדר אצבעות שוקולד,,200.00,100 גרם,false,,14.90,0.0745,true,1,213289
8000500121436,false,מארז קינדר בואנו Kinder Bueno לבן שלוש יחידות,פרימיום-חברה לדברי מתיקה ולמסח,,*מבצע* קינדר בואנו ל,,117.00,100 גרם,false,,10.90,0.0932,true,1,213293
8000500227848,false,נוטלה - בי רדי אצבעות ביסקוויט במילוי שוקולד 6 יח' * 22 גרם,פרימיום-חברה לדברי מתיקה ולמסח,,נוטלה בי רדי 132 גרם,,132.00,100 גרם,false,,12.90,0.0977,true,1,224533
8000500249352,false,קינדר בואנו מיני מיקס שקית 205 ג',פרימיום-חברה לדברי מתיקה ולמסח,,קינדר בואנו מיני מיק,,205.00,100 גרם,false,,21.90,0.1068,true,1,222425
8000500256213,false,קינדר שוקולד חלב במילוי קרם חלבי,פרימיום-חברה לדברי מתיקה ולמסח,,קינדר שוקולד מיני 12,,120.00,100 גרם,false,,11.90,0.0992,true,1,226227
8000500267103,false,קינדר דליס עוגת ספוג קקאו במילוי חלבי*10,פרימיום-חברה לדברי מתיקה ולמסח,,קינדר דליס 390 גרם,,390.00,"100 מ""ל",false,,19.90,0.0510,true,1,226215
8000500269169,false,קינדר קארדס Kinder Cards - חמישייה,פרימיום-חברה לדברי מתיקה ולמסח,,קינדר קארדס חמישייה,,128.00,"100 מ""ל",false,,14.90,0.1164,true,1,249658
8000500353738,false,רביעיה סוכריות בטעם מנטה חזק 4 * 16 ג' טחק טק,פרימיום-חברה לדברי מתיקה ולמסח,,טיק טק מנטה חזק רביע,,64.00,100 גרם,false,,11.90,0.1859,true,1,243991
8000500386941,false,נוטלה ממרח קקאו עם אגוזי לוז 900 גר`,פרימיום-חברה לדברי מתיקה ולמסח,,נוטלה ממרח קקאו עם א,,900.00,100 גרם,false,,29.90,0.0332,true,1,249659
8000570283607,false,"מרטיני אסטי מבעבע כשר 750 מ""ל קרטונית",מ. אקרמן בעמ,,מרטיני אסטי מבעבע 75,,750.00,100 מ'ל,false,,64.90,0.0865,true,1,244751
8001010062844,false,"פונטי חומץ בלסמי כשר 500 מ""ל",מודנצטי ויה פראדה,,חומץ בלסמי פונטי 500,,500.00,"100 מ""ל",false,,19.90,0.0398,true,1,224740
8001090222848,false,"הרבל אסנסס - שמפו שיקום שמן ארגן 400 מ""ל",דיפלומט מפיצים (1968) בעמ,,הרבל אסנסס שמפו שיקו,,400.00,"100 מ""ל",false,,18.90,0.0472,true,1,229518
8001090222879,false,"הרבל אסנסס - מרכך שיקום שמן ארגן 400 מ""ל",דיפלומט מפיצים (1968) בעמ,,הרבל אסנסס מרכך שיקו,,400.00,"100 מ""ל",false,,18.90,0.0472,true,1,229519
8001090336408,false,חיתולים בייבי דריי מידה 3 38 יח' פמפרס,דיפלומט מפיצים (1986) בע`מ,,פמפרס בייבי דריי מיד,יחידה,0.00,יחידה,false,,32.90,0.0000,true,1,240422
8001090336446,false,חיתולי ביביי דריי מידה 4 ( 34 יח) פמפרס,דיפלומט מפיצים (1986) בע`מ,,פמפרס בייבי דריי מיד,יחידה,0.00,יחידה,false,,32.90,0.0000,true,1,240423
8001090336491,false,פמפרס בייבי דריי חיתולים מידה +4 31 יח,דיפלומט מפיצים (1986) בע`מ,,פמפרס בייבי דריי מיד,יחידה,0.00,יחידה,false,,32.90,0.0000,true,1,240424
8001090336521,false,חיתולי פמפרס בייבי דריי מידה 5 30 יח` `,דיפלומט מפיצים (1986) בע`מ,,פמפרס בייבי דריי מיד,יחידה,0.00,יחידה,false,,32.90,0.0000,true,1,240425
8001090336606,false,פמפרס בייבי דריי חיתולים מידה 6 26 יח,דיפלומט מפיצים (1986) בע`מ,,פמפרס בייבי דריי מיד,יחידה,0.00,יחידה,false,,32.90,0.0000,true,1,240426
8001090375186,false,"מרכך מרוכז 200 מ""ל לצבע מלא חיים ""פנטן""",דיפלומט מפיצים (1986) בע`מ,,פנטן מרכך מרוכז לצבע,,200.00,"100 מ""ל",false,,21.90,0.1095,true,1,222415
8001090580122,false,"הד אנד שולדרס שמפו סופרים משקם 400 מ""ל",דיפלומט מפיצים 1968 בעמ,,הד&שולדרס שמפו סופרי,,400.00,"100 מ""ל",false,,19.90,0.0497,true,1,226843
8001090737847,false,אולוויז מגן תחתון סלים מולטיפורם 74 יח,,,אולוויז מגן תחתון נו,יחידה,0.00,יחידה,false,,17.90,0.0000,true,1,246066
8001090802385,false,קפסולות גל לכביסה טייד בניחוח לנור 26 יח,דיפלומט מפיצים (1986) בע`מ,,טייד קפסולות לכביסה,,26.00,100 מ'ל,false,,29.90,1.1500,true,1,226851
8001090810083,false,"פנטן קונדישנר נוסחה קלאסית 500 מ""ל",דיפלומט מפיצים (1968) בעמ,,פנטן קונדישנר נוסחה,,500.00,"100 מ""ל",false,,17.90,0.0358,true,1,225189
8001090810120,false,"פנטן קונדישנר שמן מרוקאי משקם 500 מ""ל",פרוקטר אנד גמבל,,פנטן מרכך שמן מרוקאי,,500.00,"100 מ""ל",false,,17.90,0.0358,true,1,225197
8001090810205,false,"פנטן שמפו נוסחה קלאסית 500 מ""ל",פנטן שמפן/מרכך 500 מ,,פנטן שמפו נוסחה קלאס,,500.00,100 גרם,false,,17.90,0.0358,true,1,225190
8001090810281,false,"שמפו שמן מרוקאי משקם פנטן 500 מ""ל",דיפלומט מפיצים 1968 בעמ,,פנטן שמפו שמן מרוקאי,,500.00,"100 מ""ל",false,,17.90,0.0358,true,1,225198
8001090899194,false,תחבושות אולוויז פלטינום נורמל 24 יחידות,דיפלומט מפיצים (1986) בע`מ,,תחבושות אולוויז פלטי,יחידה,0.00,יחידה,false,,19.90,0.0000,true,1,233597
8001090899224,false,תחבושות אולוויז פלטינום לונג 20 יחידות,דיפלומט מפיצים (1986) בע`מ,,תחבושות אולוויז פלטי,יחידה,0.00,יחידה,false,,19.90,0.0000,true,1,233598
8001090899255,false,תחבושות אולוויז פלטינום לילה 16 יחידות,דיפלומט מפיצים (1986) בע`מ,,תחבושות אולוויז פלטי,יחידה,0.00,יחידה,false,,19.90,0.0000,true,1,233599
8001090988362,false,"שמפו פאנטן לחות מוגברת 500 מ""ל",דיפלומט מפיצים {1968}בעמ,,פנטן שמפו לחות מוגבר,,500.00,"100 מ""ל",false,,17.90,0.0358,true,1,225187
8001090988843,false,"פנטן קונדישנר לחות מרכך מוגברת 500 מ""ל",דיפלומט מפיצים (1968) בעמ,,פנטן קונדישנר לחות מ,,500.00,100 גרם,false,,17.90,0.0358,true,1,225188
8001100011752,false,וופלים בלוקו במילוי שוקולד 175 גר,אבאל יזמות בעמ,,וופל שכבות175ג באלוק,,175.00,100 גרם,false,,9.90,0.0566,true,1,250208
8001100011769,false,וופלים במילוי קרם אגוזים 175 ג בלוקו,אבאל יזמות בעמ,,וופל שכבות 175 ג באל,,175.00,100 גרם,false,,9.90,0.0566,true,1,250207
8001100011776,false,וופל במילוי קרם חלב 175 גרם בלוקו,אבאל יזמות בעמ,,וופל שכבות 175ג באלו,,175.00,100 גרם,false,,9.90,0.0566,true,1,250209
8001100059242,false,בלוקו וופלים ממולאים קרם קקאו 250 גרם,אבאל יזמות בעמ,,וופל קוביות 250 ג בא,,250.00,100 גרם,false,,12.90,0.0516,true,1,250202
8001100059259,false,קוביות וואפל בטעם אגוזי לוז באלוקו 250 ג',אבאל יזמות בעמ,,וופל קוביות 250ג באל,,250.00,100 גרם,false,,12.90,0.0516,true,1,250201
8001100059266,false,קוביות וואפל בטעם חלב וניל באלוקו 250 ג',אבאל יזמות בעמ,,וופל קוביות 250ג באל,,250.00,100 גרם,false,,12.90,0.0516,true,1,250203
8001100067940,false,וופל קוביות בטעם קקאו 125 גר` Balocco,אבאל יזמות בעמ,,וופל קוביות 125ג באל,,125.00,100 גרם,false,,8.90,0.0712,true,1,250205
8001100067957,false,וופל קוביות בטעם אגוזי לוז 125 גר` Baloc,אבאל יזמות בעמ,,וופל קוביות125ג באלו,,125.00,100 גרם,false,,8.90,0.0712,true,1,250204
8001100067964,false,וופל קוביות בטעם וניל 125 גר` Balocco,אבאל יזמות בעמ,,וופל קוביות 125ג באל,,125.00,"100 מ""ל",false,,8.90,0.0712,true,1,250206
8001250152015,false,פסטה דורום פפרדלה דה,דה צ'אקו DE CECCO,,פסטה דורום פפרדלה דה,,500.00,100 גרם,false,,14.90,0.0298,true,1,250532
8001620011935,false,"סן בנדטו- מים מינרלים מוגז - מארז שישיית 500 מ""ל",אקווה מינרלה סאן בנד,,סאן בנדטו מוגז שישיי,,3000.00,100 גרם,false,,14.90,0.0050,true,1,173274
8001841096889,false,"נוזל לניקוי כלים לימון קלאסי 900 מ""ל",דיפלומט מפיצים (1968) בעמ,,פיירי לבן לימון 900,,900.00,"100 מ""ל",false,,9.90,0.0110,true,1,224851
8001841198347,false,"דאו ספריי לגבר קול וייב ג'ילט 150 מ""ל",פרוקטר אנד גמבל,,גילט דאורדורנט CW ספ,,150.00,"100 מ""ל",false,,14.90,0.0993,true,1,242090
8001841400662,false,טייד א. כביסה קולור 10קג,פרוקטור אנד גמבל,,טייד אבקת כביסה קולו,קילוגרמים,10.00,"ק""ג",false,,59.90,5.9900,true,1,233593
8001841502601,false,"הרבל אסנסס - מרכך ללא סולפטים אלוורה ובמבוק 275 מ""ל",דיפלומט מפיצים (1968) בעמ,,הרבל אסנסס מרכך ללא,,380.00,"100 מ""ל",false,,18.90,0.0497,true,1,244480
8001841941929,false,אולוויז וליו פק לילה בטוח אקסטרא 16 יחידות,דיפלומט מפיצים (1986) בע`מ,,אולוויז תחבושות פלטי,,14.00,גרם,false,,19.90,1.4214,true,1,246120
8002205319835,false,מזון לחתולים בוגרים בטעם סלמון פורינה ONE,קבוצת אוסם סחר-שות.מוגבלת,,פורינה חתול בוגר סלמ,,800.00,"100 מ""ל",false,,35.90,0.0449,true,1,234384
8002205319903,false,מזון לחתולים בוגרים בטעם עוף פורינה ONE,קבוצת אוסם סחר-שות.מוגבלת,,פורינה חתול בוגר עוף,,800.00,"100 מ""ל",false,,35.90,0.0449,true,1,234385
8002450006559,false,שרדונה קאזה דה לואיג`י (750 מל),הכרם - משקאות חריפים בעמ,,קזה די לואיג'י שרדונ,,750.00,"100 מ""ל",false,,29.90,0.0399,true,1,192510
8002450204009,false,משקה כהלי וורדי רספברי אפרסק,הכרם - משקאות חריפים בעמ,,ורדי משקה כהלי מוגז,,750.00,"100 מ""ל",false,,24.90,0.0332,true,1,192513
8004030103399,false,טונה בשמן זית רביעיו,BOLTON GROUP- RIO,,ריו מארז טונה בשמן,,320.00,100 גרם,false,,32.90,0.1028,true,1,250130
8004030177000,false,ריו מארה טונה בשמן זית עם צ`לי שלישיות 8,ש. שסטוביץ בע`מ,,טונה ריו מרה בשמן זי,,240.00,100 גרם,false,,28.90,0.1204,true,1,234156
8004030344938,false,"ריו מרה טונה בשמן זית 3X80 גרם מתכון חדש כשל""פ","בולטון אלימנטרי בע""\מ",,טונה ריו מרה שמן זית,,240.00,100 גרם,false,,28.90,0.1204,true,1,234149
8004690050507,false,L.M פסטה איטלקית פטוצ'יני 500 גרם,לה מוליסנה,,פסטה לאמוליזנה פטוצ',,500.00,100 גרם,false,,8.90,0.0178,true,1,224738
8004690052600,false,פסטה לאמוליזנה קונכי,למוליזנה,,פסטה לאמוליזנה קונכי,,500.00,100 גרם,false,,8.90,0.0178,true,1,241451
8004690053195,false,L.M פסטה איטלקית ריגטוני 500 גרם,לה מוליזנה קמפובאסן,,פסטה לאמוליזנה ריגטו,,500.00,100 גרם,false,,8.90,0.0178,true,1,224998
8004690055601,false,L.M פסטה איטלקית צ'ינסי 500 גרם,למוליזנה,,פסטה לאמוליזנה צ'ינס,,500.00,"100 מ""ל",false,,8.90,0.0178,true,1,241452
8004690057308,false,L.M פסטה איטלקית רדיאטורי 500 גרם,לה מוליסנה,,פסטה לאמוליזנה רדיאט,,500.00,"100 מ""ל",false,,8.90,0.0178,true,1,225000
8004690058008,false,L.M פסטה איטלקית ג'מלי 500 גרם,לה מוליזנה קמפובאסן,,פסטה לאמוליזנה גמלי,,500.00,"100 מ""ל",false,,8.90,0.0178,true,1,219232
8004690106600,false,L.M פסטה איטלקית פרפאלה 500 גרם,לה מוליזנה קמפובאסן,,פסטה לאמוליזנה פארפא,,500.00,"100 מ""ל",false,,8.90,0.0178,true,1,224739
8004800004802,false,לאגו פלאסיר גליליוופל קרם דומדמניות 100 גרם,תה ויסוצקי (ישראל) בעמ,,לאגו גלילי וופל במיל,,100.00,100 גרם,false,,10.90,0.1090,true,1,250412
8004800005526,false,וופל מיני רול גלילי ופל במילוי קרם קוקוס- 125 ג' לאגו,תה ויסוצקי (ישראל) בעמ,,לאגו גלילי ופל במילו,,125.00,100 גרם,false,,9.90,0.0792,true,1,250392
8005110002243,false,רכז עגבניות Doppio Concentr בשפופרת 185 ג' MUTTI,רסטרטו יבוא ושיווק בעמ*אין החז,,רכז עגבניות מוטי בשפ,,185.00,"100 מ""ל",false,,9.90,0.0535,true,1,244058
8005110170300,false,עגבניות מרוסקות חתוכות מוטי MUTTI שלישיה *400,רסטרטו יבוא ושיווק בעמ*אין החז,,עגבניות מרוסקות מוטי,,1200.00,"100 מ""ל",false,,18.90,0.0157,true,1,213898
8005110200014,false,רסק עגבניות 210 ג' CONCENTRATO MUTTI,רסטרטו יבוא ושיווק בעמ,,רכז עגבניות מוטי 210,,210.00,"100 מ""ל",false,,9.90,0.0471,true,1,213900
8005110550508,false,עגבניות שרי MUTTI 400 גרם,רסטרטו יבוא ושיווק בעמ,,מוטי עגבניות שלמות ב,,400.00,100 גרם,false,,9.90,0.0248,true,1,250525
8005110551253,false,רוטב לפיצה להכנת פיצה איטלקית קלאסית,רסטרטו יבוא ושיווק בעמ*אין החז,,רוטב לפיצה מוטי 400ג,,400.00,100 גרם,false,,9.90,0.0248,true,1,242126
8005200256587,false,נסטי - תה קר בטעם אפרסק 1.5 ליטר,מפעל סאנפלגרינו S.P.A,,נסטי אפרסק 1.5ליטר,,1500.00,100 גרם,false,,9.50,0.0063,true,1,247516
8005200286584,false,תה קר נסטי מנגו אננס 1.5 ליטר פיקדון,מפעל סאנפלגרינו S.P.A,,נסטי מנגו אננס 1.5לי,,1500.00,"100 מ""ל",false,,9.50,0.0063,true,1,247517
8005803010357,false,גריסיני קלאסי - מקלות אפויים עם שמן זית ומלח,ליימן שליסל בע`מ,,גריסיני אמור די פאן,,125.00,100 גרם,false,,7.90,0.0632,true,1,220804
8005803010371,false,"גריסיני רוזמרין - מקלות אפויים עם שמן זית, מלח ורוזמרין",ליימן שליסל בע`מ,,גריסיני אמור די פאן,,125.00,100 גרם,false,,7.90,0.0632,true,1,220805
8005803010586,false,"מקלות אפויים עם שמן זית, מלח, עגבניות ואורגנו, 125 גרם, אמור די פאן","הוסטה איטליה, ס.ר.ל.",,גריסיני אמור די פאן,,125.00,100 גרם,false,,7.90,0.0632,true,1,220806
8005803010661,false,"מקלות אפויים עם שמן זית, מלח, ושומשום, 125 גרם, אמור די פאן","הוסטה איטליה, ס.ר.ל.",,גריסיני אמור די פאן,,125.00,"100 מ""ל",false,,7.90,0.0632,true,1,220807
8006227000399,false,מנצאטו-לחם פרוס לבן 400 גרם,,,סמנצאטו לחם מחמצת פר,,400.00,100 גרם,false,,15.90,0.0398,true,1,249034
8006227000405,false,סמנצאטו-לחם פרוס חיטה מלאה 400 גרם,,,סמנצאטו לחם מחמצת פר,,400.00,100 גרם,false,,15.90,0.0398,true,1,249032
8006227000412,false,סמנצאטו לחם מחמצת פרוס חיטה דורום 400 גרם,,,סמנצאטו לחם מחמצת פר,,400.00,100 גרם,false,,15.90,0.0398,true,1,249035
8006227000733,false,סמנצאטו-טראמציני ח.מלאה 250 גרם,רו. מאר ס.ר.ל,,סמנצאטו- טראמציני לח,,250.00,100 גרם,false,,15.90,0.0636,true,1,249036
8006540027042,false,"לנור מרכך כביסה בניחוח פרחי בר 897 מ""ל",דיפלומט מפיצים (1968) בעמ,,לנור מרכך כביסה בניח,,897.00,100 גרם,false,,15.90,0.0177,true,1,245385
8006540112793,false,"מרכך כביסה מרוכז בניחוח יסמין לנור 900 מ""ל",דיפלומט מפיצים (1986) בע`מ,,לנור מרכך מרוכז בניח,,900.00,"100 מ""ל",false,,15.90,0.0177,true,1,245645
8006540221068,false,מגן תחתון אלוויז וליופק לונג פלוס 40 יחי',פרוקטר & גמבל,,אולוויז מגני תחתון ל,יחידה,0.00,יחידה,false,,17.90,0.0000,true,1,249200
8006540221341,false,אולוויז מגן תחתון וליופק לארג' 48 יחידות,,,אולוויז מגן תחתון אק,יחידה,0.00,יחידה,false,,17.90,0.0000,true,1,248197
8006540221464,false,מגן תחתון אולוויז וליופק נורמל 56 יחידות,,,אולוויז מגני תחתון נ,יחידה,0.00,יחידה,false,,17.90,0.0000,true,1,247803
8006540302538,false,הד&שולדרס שמפו קלאסי,,,הד&שולדרס שמפו קלאסי,,350.00,100 גרם,false,,18.90,0.0540,true,1,250084
8006540495186,false,לנור מרכך כביסה מרוכז רגיש בייבי 900 מל,דיפלומט מפיצים (1986) בע`מ,,לנור מרכך כביסה בייב,,900.00,"100 מ""ל",false,,15.90,0.0177,true,1,249455
8006540495216,false,"לנור מרכך כביסה מרוכז בניחוח אמאטיסט 900 מ""ל",דיפלומט מפיצים (1986) בע`מ,,לנור מרכך כביסה בניח,,900.00,"100 מ""ל",false,,15.90,0.0177,true,1,249456
8007178223547,false,ג`קובזי קרם בלסמי מצומצם ממודנה 250 מל,דיפלומט מפיצים (1968) בעמ**,,קרם בלסמי מצומצם ג'ק,,250.00,100 גרם,false,,25.90,0.1036,true,1,179795
8008660210052,false,מעדן פרי תפוז מנז אנד גאסר ויסוצקי 320 גרם,תה ויסוצקי (ישראל) בעמ,,מעדן פרי תפוז 320 גר,,320.00,100 גרם,false,,16.90,0.0528,true,1,225852
8008857200057,false,פסטה רג`ייה ספגטי שטוח 500 גר`,תומר ייבוא ושיווק מוצרי מזון [,,פסטה רג'ייה ספגטי שט,,500.00,100 גרם,false,,6.90,0.0138,true,1,175429
8008857200200,false,פסטה רגיה 20 ספגטי דק תומר 500 גרם,תומר ייבוא ושיווק מוצרי מזון [,,פסטה רג'ייה ספגטי דק,,500.00,100 גרם,false,,6.90,0.0138,true,1,175431
8008857300238,false,פסטה רגיה 23 גליל תומר 500 גרם,תומר ייבוא ושיווק מוצרי מזון [,,פסטה רג'ייה גליל 500,,500.00,100 גרם,false,,6.90,0.0138,true,1,175432
8008857300344,false,פסטה רגיה 34. צינור תומר 500 גרם,תומר ייבוא ושיווק מוצרי מזון [,,פסטה רג'ייה צינור 50,,500.00,100 גרם,false,,6.90,0.0138,true,1,175433
8008857300481,false,פסטה רגיה 48 בורג תומר 500 גרם,תומר ייבוא ושיווק מוצרי מזון [,,פסטה רג'ייה בורג 500,,500.00,100 גרם,false,,6.90,0.0138,true,1,175434
8008857300603,false,פסטה רגיה 60 קונכיה 500 גרם,תומר ייבוא ושיווק מוצרי מזון [,,פסטה רג'ייה קונכיה 5,,500.00,100 גרם,false,,6.90,0.0138,true,1,175437
8008857300627,false,פסטה רג`ייה 62 צדף 500 גר`תומר,תומר ייבוא ושיווק מוצרי מזון [,,פסטה רג'ייה צדף 500,,500.00,"100 מ""ל",false,,6.90,0.0138,true,1,175438
8008857300634,false,פסטה רג`ייה 63 תלתל 500 גר`תומר,תומר ייבוא ושיווק מוצרי מזון [,,פסטה רג'ייה תלתל 500,,500.00,100 גרם,false,,6.90,0.0138,true,1,175439
8008857500003,false,פסטה רגיה אטריות עגולות דקות תומר 500 גרם,תומר ייבוא ושיווק מוצרי מזון [,,פסטה רג'ייה אטריות ע,,500.00,100 גרם,false,,7.90,0.0158,true,1,175446
8008857601052,false,פסטה לזניה דפים רג'יה 500ג',פסטה רג'יה Pasta Reggia,,*מבצע* לזניה רגיה 50,,500.00,100 גרם,false,,7.90,0.0158,true,1,225369
8008857601090,false,פסטה קנלוני רג'יה 250 גר',תומר ייבוא ושיווק מוצרי מזון [,,קנלוני רג'יה 250 גרם,,250.00,100 גרם,false,,9.90,0.0396,true,1,225370
8008912010300,false,LIGUORI פסטה פרפלה 500 גרם מספר 30,תה ויסוצקי (ישראל)בעמ,,פסטה פרפלה מספר 30-,,500.00,100 גרם,false,,8.90,0.0178,true,1,247369
8011033011279,false,קוסקוס אמיתי 1 קג מר,דין שיווק וקליה 2021 בעמ,,קוסקוס 1 קג,,1000.00,100 גרם,false,,12.90,0.0129,true,1,200680
8015997000638,false,מאריני איטליה אצבעות מאפה מסוכרות 200 גרם,Biscottificio Verona,,אצבעות מאפה מסוכרות,,200.00,100 גרם,false,,6.90,0.0345,true,1,206070
8015997000911,false,מאריני- בישקוטים פריכים 200 גרם,Biscottificio Verona,,מאריני בישקוטים פריכ,,200.00,"100 מ""ל",false,,6.90,0.0345,true,1,222773
8023492004518,false,טבלת שוקולד מריר שקדים 225 גר DJ3,Dg3 dolciaria,,טבלאות שוקולד מריר ע,,225.00,100 גרם,false,,12.90,0.0573,true,1,249360
8032880800243,false,פיקניק הפתעה - אגוזי לוז ומקלות אפויים,"הוסטה איטליה, ס.ר.ל.",,פיקניק הפתעה 50גר,,50.00,100 גרם,false,,7.90,0.1580,true,1,192053
8076800195057,false,ברילה - צ.א ספגטי מס5 חדש 500 גרם,ברילה גי.אי.אר פרטלי ס.פ,,פסטה ספגטיני מס 5 בר,,500.00,100 גרם,false,,8.90,0.0178,true,1,186107
8076800195071,false,ספגטי מס 7 ברילה 500,,,ספגטי מס 7 ברילה 500,,500.00,"100 מ""ל",false,,8.90,0.0178,true,1,248064
8076802085738,false,ברילה צ.ק פנה רגטה מס' 73 500 גרם,ברילה גי.אי.אר פרטלי ס.פ,,פסטה פנה רגטה ברילה,,500.00,"100 מ""ל",false,,8.90,0.0178,true,1,186112
8076808150072,false,ברילה - צ.א ספגטוני מס7 חדש 500 גרם,ברילה גי.אי.אר פרטלי ס.פ,,פסטה ספגטי מס 7 בריל,,500.00,100 גרם,false,,8.90,0.0178,true,1,186123
8076809513395,false,ברילה פומודורו רוטב עגבניות קלאסי 400 גר,ברילה גי.אי.אר פרטלי ס.פ,,רוטב פורמודרו ברילה,,400.00,100 גרם,false,,15.50,0.0388,true,1,186127
8076809513654,false,בסיס רוטב עגבניות לבולונז ברילה 400 גרם,ברילה גי.אי.אר פרטלי ס.פ,,רוטב עגבניות לבולונז,,400.00,"100 מ""ל",false,,15.50,0.0388,true,1,186128
8076809513692,false,רוטב עגבניות נפולטנה בתוספת ירקות,ברילה גי.אי.אר פרטלי ס.פ,,רוטב נפוליטנה ברילה,,400.00,100 גרם,false,,15.50,0.0388,true,1,186129
8076809523561,false,ברילה - רוטב פסטה בטעם טוסקנה 400 גרם,ברילה גי.אי.אר פרטלי ס.פ,,רוטב טוסקנה ברילה400,,400.00,100 גרם,false,,15.50,0.0388,true,1,186139
8076809523738,false,דפי לזניה ברילה 500 גרם,ברילה גי.אי.אר פרטלי ס.פ,,לזניה ברילה 500 גר,,500.00,100 גרם,false,,24.90,0.0498,true,1,186142
8410076600622,false,חטיפי גרנולה קראנצ'י עם שוקולד מריר נייצ'ר ואלי 210 גרם,ג'נרל מילס סאן אדריאן,,ניטשר וואלי חטיף קרא,,210.00,100 גרם,false,,21.90,0.1043,true,1,192059
8410076610379,false,"חטיף בוטנים, חלבון סויה ושוקולד מריר עם ציפוי בטעם שוקולד",סריילטו ספיין פודס,,נייטשר וואלי פרוטאין,,160.00,"100 מ""ל",false,,24.90,0.1556,true,1,192066
8410076610386,false,נייטשר ואלי פרוטאין בוטנים עם ציפוי בטעם קרמל מלוח 160 ג',ג'\נרל מילס סאן אדריאן S,,נייטשר וואלי פרוטאין,,160.00,100 גרם,false,,24.90,0.1556,true,1,192067
8410076610508,false,"חטיף שיבולת שועל מלאה עם בוטנים, שקדים ושוקולד מריר בציפוי בטעם שוקולד",נייצ'ר ואלי Nature Valley,,ניטשר וואלי צ'אוי חט,,150.00,100 גרם,false,,21.90,0.1460,true,1,192069
8410076620507,false,חטיף שיבולת שועל מלאה עם שעורה מלאה במילוי קרם אגוזי לוז וקקאו,"סרלטו סינטרה מזון בע""\מ",,נייטשר וואלי חטיף קר,,152.00,100 גרם,false,,21.90,0.1441,true,1,225708
8410076621009,false,עוגות אישיות בטעם קרמל עם חתיכות בטעם קרמל מלוח,ליימן שליסל בע`מ,,פייבר וואן חטיף בטעם,,120.00,100 גרם,false,,16.90,0.1408,true,1,243921
8410104039134,false,"מנקה ומחדש מדיח כלים פיניש 250 מ""ל",רקיט בנקיזר (ניר איסט) בעמ,,פיניש מנקה ומחדש מדי,,250.00,"100 מ""ל",false,,21.90,0.0876,true,1,200000
8410104045111,false,"פיניש מלח למדיח כלים 2ק""ג",רקיט בנקיזר (ניר איסט) בעמ,,"פיניש מלח למדיח 2 ק""",,2000.00,"100 מ""ל",false,,14.90,0.0075,true,1,237431
8410104437268,false,מפיג ריח רגיל למדיח פיניש 1 יחידה,רקיט בנקיזר (ניר איסט) בעמ,,פיניש מפיץ ריח רגיל,,27.00,100 גרם,false,,21.90,0.8111,true,1,200012
8410376027273,false,עוגיות מצופות שוקולד לבן גולון טווינס252,,,גולון עוגיות טווינס,,252.00,100 גרם,false,,9.90,0.0393,true,1,249756
8410376031898,false,ביסקויט טווינז סנדוו,,,ביסקויט טווינז סנדוו,,176.00,100 גרם,false,,5.90,0.0335,true,1,207744
8410376052633,false,גולון-עוגיות שוקוצ'יפס ללא תוספת סוכר 150 ג 1/12,VIRGINIAS INDUSTRIAS,,גולון עוגיות שוקוצ'י,,150.00,100 גרם,false,,11.90,0.0793,true,1,249761
8410376056334,false,עוגיות גולון ויטאל ג,,,גולון ויטאל גריין שו,,220.00,100 גרם,false,,7.90,0.0359,true,1,249758
8410721443611,false,פלפל שחור שלם-מטחנת זכוכית 45 גרם,ליימן שליסל,,פלפל שחור שלם במטחנה,,45.00,"100 מ""ל",false,,10.00,0.2222,true,1,242216
8410721443659,false,תערובת פלפלים לתיבול-מטחנת זכוכית-40 גרם,ליימן שליסל,,תערובת פלפלים לתיבול,,40.00,"100 מ""ל",false,,10.00,0.2500,true,1,242218
8410721443680,false,מלח ים מרקדו טייסט 425ג',,,מלח ים במטחנה 425גר,,425.00,100 גרם,false,,19.90,0.0468,true,1,242220
8410721443734,false,כורכום טחון מרקדו טייסט 45ג',ליימן שליסל,,כורכום טחון צנצנת 45,,45.00,100 גרם,false,,6.90,0.1533,true,1,242223
8410721443765,false,פפריקה חריפה מרקדו טייסט 40ג',ליימן שליסל,,פפריקה חריפה צנצנת 4,,40.00,100 גרם,false,,6.90,0.1725,true,1,242224
8410721443802,false,כמון טחון מרקדו טייסט 45ג',ליימן שליסל,,כמון טחון צנצנת 45 ג,,45.00,100 גרם,false,,6.90,0.1533,true,1,242226
8412497595327,false,בקבוק פלסטיק 450מל,,,בקבוק פלסטיק 450מל,יחידה,0.00,יחידה,false,,19.90,0.0000,true,1,187118
8412497944545,false,קערה עם קש-דורה,,,קערה עם קש-דורה,יחידה,0.00,יחידה,false,,9.90,0.0000,true,1,187142
8413376022965,false,גבינת עיזים רכה 29% ויליפוד 110 גרם,ג.וילי-פוד אינטרנשיונל **גבינו,,גבינת עיזים רכה 29%,,110.00,"100 מ""ל",false,,12.90,0.1173,true,1,222993
8420822130624,false,"ספריי סופר מסיר כתמים 750מ""ל יעקבי","יעקב יעקבי ובניו בע""מ",,סופר מסיר כתמים יעקב,,750.00,100 גרם,false,,15.90,0.0212,true,1,248398
8420822131263,false,"יעקבי - מרסס סופר מסיר שומנים KH7 410 מ""ל",,,סופר מסיר שומנים 410,,410.00,"100 מ""ל",false,,11.90,0.0290,true,1,250073
8423207206488,false,סלים דליס חטיף דגנים מצופה שוקולד חלב מרבה 6*20 גרם,אף.סי תבליני בגליל ב,,סלים דליס חטיף דגנים,,120.00,"100 מ""ל",false,,15.90,0.1325,true,1,186164
8423207206495,false,סלים דליס חטיף דגנים מצופה שוקולד מריר מרבה 6*20 גרם,אף.סי תבליני בגליל ב,,סלים דליס חטיף דגנים,,1200.00,100 גרם,false,,15.90,0.0133,true,1,186165
8423207206501,false,סלים דליס חטיף דגנים עם שוקולד חלב מרבה 6*13 גרם,סלים דליס Slim Delis,,סלים דליס חטיף דגנים,,120.00,100 גרם,false,,15.90,0.1325,true,1,186166
8423207207362,false,חטיפי סלים דליס שוקולד לבן מרבה 6 יחידות,ביסנצ'ורי אס.אל.יו,,סלים דליס חטיף שוקול,,120.00,100 גרם,false,,15.90,0.1325,true,1,186168
8423207208697,false,חטיפי סלים דליס לילדים שוקולד לבן מרבה 6 יחידות,ביסנצ'ורי אס.אל.יו,,סלים דליס קידס חטיף,,120.00,100 גרם,false,,15.90,0.1325,true,1,186177
8423207208871,false,פריכיות תירס בטעם טבעי סלים דליס 130 גרם,גורי מוצרי צריכה (1991) בעמ,,פריכיות תירס בטעם טב,,123.00,100 גרם,false,,9.90,0.0805,true,1,193041
8423207208888,false,פריכיות תירס בטעם עגבניות ועשבי תיבול סלים דליס 123 ג',גורי מוצרי צריכה (1991) בעמ,,פריכיות תירס בטעם עג,יחידה,0.00,יחידה,false,,10.90,0.0000,true,1,193042
8423207208895,false,פריכיות תירס בטעם זיתים ועירית סלים דליס 123 ג',גורי מוצרי צריכה (1991) בעמ,,פריכיות תירס בטעם זי,יחידה,0.00,יחידה,false,,10.90,0.0000,true,1,193043
8423207210287,false,מרבה סלים דליס שוקולד לבן בטעם יוגורט 120 ג',סלים דליס Slim Delis,,סלים דליס שוקולד לבן,,120.00,100 גרם,false,,15.90,0.1325,true,1,234155
8423207210928,false,חטיף דגנים מצופה שוקולד חלב ואגוזי לוז - 5 במארז,נוטרישן אנד סנטה קוב,,סלים דליס טופינג אגו,,0.00,100 גרם,false,,15.90,0.0000,true,1,243629
8423207210942,false,חטיף דגנים מצופה שוקולד לבן ופירות יער,נוטרישן אנד סנטה קוב,,סלים דליס טופינג פיר,,0.00,100 גרם,false,,15.90,0.0000,true,1,243630
8423207210966,false,חטיף רב דגנים מצופה שוקולד לבן קוקוס ולימון,נוטרישן אנד סנטה קוב,,סלים דליס טופינג קוק,,0.00,100 גרם,false,,15.90,0.0000,true,1,243631
8423207210980,false,סלים דליס טופינג קליפת תפוז 90 גרם,נוטרישן אנד סנטה קוב,,סלים דליס טופינג קלי,,0.00,100 גרם,false,,15.90,0.0000,true,1,243632
8425206000081,false,ריבת חלב מרדל 450 גרם,גורי מוצרי צריכה (1991) בעמ,,ריבת חלב מרדל 450גר,,450.00,100 גרם,false,,19.90,0.0442,true,1,193045
8435495805168,false,"תינוקלין לכביסה לעור רגיש אולימפיק 1.25ק""ג",מולינו ניקולי s.p.a,,תינוקלין אבקת כביסה,קילוגרמים,1.25,"ק""ג",false,,21.90,17.5200,true,1,224008
8435495805199,false,אבקת כביסה תינוקלין- 66 כביסות (3 קג),מולינו ניקולי s.p.a,,תינוקלין 3 קג,,3.00,100 ליטר,false,,39.90,13.3000,true,1,229628
8435495807636,false,תינוקלין ג`ל כביסה בייבי סנסטיב היפואל,ליימן שליסל בע`מ,,תינוקלין ג'ל כביסה ב,ליטרים,2.00,ליטר,false,,28.90,14.4500,true,1,226377
8436562150013,false,"וודקה מון בלאן 700 מ""ל",סארל אי.אל.אס,,וודקה מון בלאן 700מל,,700.00,"100 מ""ל",false,,99.90,0.1427,true,1,247906
8436575292205,false,ארטיק חמשושים מאגדת 15*12 גר',נגה גלידות שותפות מוגבלת,,חמשושים מאגדת 15יח,,180.00,100 גרם,false,,22.90,0.1272,true,1,227659
8437000906209,false,"עלי טורטיה קמח חיטה 20ס""מ 8יח' אזטקה 325ג'",Azteca foods europe,,עלי טורטיה 320ר,,325.00,100 גרם,false,,10.90,0.0335,true,1,175463
8445290341617,false,פנסי פיסט פטה עוף וסלמון 85 גרם,קבוצת אוסם סחר-שות.מוגבלת,,פנסי פיסט פטה עוף וס,,85.00,100 גרם,false,,6.50,0.0765,true,1,249987
8445290341655,false,פנסי פיסט פטה עוף 85 גרם,קבוצת אוסם סחר-שות.מוגבלת,,פנסי פיסט פטה עוף 85,,85.00,100 גרם,false,,6.50,0.0765,true,1,249989
8445290427120,false,דגני פיטנס Fitness שוקולד מריר ובננה,קבוצת אוסם סחר שותפות מוגבלת,,פיטנס שוקולד מריר בנ,,330.00,100 גרם,false,,23.90,0.0724,true,1,249631
8606018615827,false,גלידת וניל עם שברי עוגיות אוראו 480 גרם,נגה גלידות שותפות מוגבלת,,פיינט אוראו,,480.00,"100 מ""ל",false,,18.90,0.0394,true,1,250320
8606018615841,false,גלידה וניל עם ליבת שוקולד חלב מעולה 480 גרם,נגה גלידות שותפות מוגבלת,,פיינט מילקה וניל ליב,,480.00,"100 מ""ל",false,,18.90,0.0394,true,1,250321
8606018615865,false,פיינט מילקה קרמל ליבת שוקולד 480 גרם,נגה גלידות שותפות מוגבלת,,פיינט מילקה קרמל ליב,,480.00,"100 מ""ל",false,,18.90,0.0394,true,1,250322
8680530572660,false,"רייבר מי סודה 200 מ""ל מארז 6 יח'",,,מי סודה ריבר מארז 6*,,1200.00,"100 מ""ל",false,,10.90,0.0091,true,1,249993
8683130008935,false,"הלמנס קטשיונז 425 גר{הרב רלב""ג}",יוניליוור ישראל שיווק בע`מ,,הלמנס קטשיונז 425 גר,,425.00,100 גרם,false,,15.90,0.0374,true,1,247334
8683130025574,false,"מרכך כביסה מרוכז אקסטרה לבנדר בדין 960 מ""ל",יוניליוור ישראל שיווק בע`מ,,בדין אקסטרא לבנדר 96,,960.00,"100 מ""ל",false,,17.90,0.0186,true,1,248639
8683130025581,false,"מרכך כביסה מרוכז אקסטרה ענבר בדין 960 מ""ל",יוניליוור ישראל שיווק בע`מ,,בדין אקסטרא ענבר 960,,960.00,"100 מ""ל",false,,17.90,0.0186,true,1,248640
8683323063024,false,יוגטה שטיחים בטעם תותי פרוטי 220 גרם,ליימן שליסל בע`מ,,סוכריות יוגטה שטיחים,,220.00,100 גרם,false,,7.90,0.0359,true,1,192078
8686868600051,false,המותג אביזרי שיער,אל האופק שיווק וסחר,,המותג אביזרי שיער,יחידה,0.00,יחידה,false,,7.90,0.0000,true,1,203139
8686868600068,false,אביזרי שיער סרטים וקשתות,אל האופק שיווק וסחר,,המותג אביזרי שיער,יחידה,0.00,יחידה,false,,8.90,0.0000,true,1,203140
8686868600075,false,אביזרי שיער סיכות פפיון גדולות,אל האופק שיווק וסחר,,המותג אביזרי שיער,יחידה,0.00,יחידה,false,,9.90,0.0000,true,1,203141
8686868600112,false,המותג אביזרי שיער,אל האופק שיווק וסחר,,המותג אביזרי שיער,יחידה,0.00,יחידה,false,,13.90,0.0000,true,1,203145
8686868600129,false,המותג אביזרי שיער,אל האופק שיווק וסחר,,סרט לשיער,יחידה,0.00,יחידה,false,,12.90,0.0000,true,1,203146
8686868600150,false,המותג אביזרי שיער,אל האופק שיווק וסחר,,המותג אביזרי שיער,יחידה,0.00,יחידה,false,,17.90,0.0000,true,1,203149
8686868600174,false,המותג אביזרי שיער,אל האופק שיווק וסחר,,המותג אביזרי שיער,יחידה,0.00,יחידה,false,,19.90,0.0000,true,1,203150
8686868600235,false,אביזרי מניקור טל טל,אל האופק שיווק וסחר,,המותג אביזרי שיער,יחידה,0.00,יחידה,false,,12.90,0.0000,true,1,203155
8690504153740,false,גודייבה שוקולד מריר במילוי קרם גנאש 86 גרם,תה ויסוצקי (ישראל) בעמ,,טבלת שוקולד מריר עם,,86.00,100 גרם,false,,13.90,0.1616,true,1,229535
8690504153849,false,גודייבה שוקולד חלב במילוי קרם בטעם פרלין אגוזים 83 גרם,תה ויסוצקי (ישראל)בעמ,,טבלת שוקולד חלב קרם,,83.00,100 גרם,false,,13.90,0.1675,true,1,229536
8690504156543,false,טבלת שוקלד חלב ממולא בקרם גנאש שוקולד חלב 88 גר',ביסקוט ביסקווי סילברי,,שוקולד חלב מעולה ממו,,88.00,100 גרם,false,,13.90,0.1580,true,1,240743
8690521016882,false,דאב תארפי שמפו לשיער 400 רגיל מל,יוניליוור ישראל שיווק בע`מ,,דאב תארפי שמפו רגיל,,400.00,"100 מ""ל",false,,13.90,0.0348,true,1,183272
8690521017124,false,"מרכך דאב דמג תרפי לשיער רגיל 400 מ""ל",יוניליוור ישראל שיווק בעמ,,דאב תארפי מרכך רגיל,,400.00,"100 מ""ל",false,,13.90,0.0348,true,1,183277
8690526019147,false,אי טי אי - וופל במילוי קרם אגוזי לוז 142 גרם,"GIDA ETI , טורקיה n\",,וופל במילוי קרם אגוז,,142.00,100 גרם,false,,6.90,0.0486,true,1,241786
8690526019178,false,אי טי אי - וופל קקאו במילוי קרם קוקוס 142 גרם,מולינו ניקולי s.p.a,,וופל במילוי קרם קוקו,,142.00,100 גרם,false,,6.90,0.0486,true,1,241785
8690526019185,false,אי טי אי - וופל במילוי קרם שוקולד חלב 142 גרם,מולינו ניקולי s.p.a,,וופל במילוי קרם שוקו,,142.00,100 גרם,false,,6.90,0.0486,true,1,241787
8690531032377,false,פלפלים קטנים חריפים במי מלח 340 גרם,דין שיווק וקליה 2021 בעמ,,פלפל שיפקונית צנצנת,,350.00,100 גרם,false,,9.90,0.0283,true,1,200691
8690531401722,false,פלפל אדום קלוי פרוס שקדיה 550 גרם,דין שיווק וקליה 2021 בעמ,,פלפל אדום קלוי צנצנת,,550.00,100 גרם,false,,9.90,0.0180,true,1,244962
8690572784303,false,שמפו גליס Gliss לשיער ארוך Supreme Length,שוורצקופף והנקל,,גליס שמפו לאורך מושל,,400.00,"100 מ""ל",false,,15.90,0.0398,true,1,224962
8690572785102,false,סאיוס שמפו תמצית קפא,,,סאיוס שמפו לחיזוק שו,,600.00,100 גרם,false,,11.90,0.0198,true,1,222841
8690572785928,false,"שמפו סאיוס לתלתלים 600 מ""ל",שוורצקופף והנקל,,סאיוס שמפו לשיער גלי,,600.00,"100 מ""ל",false,,11.90,0.0198,true,1,224964
8690572789551,false,גליס שמפו שיקום עמוק,,,גליס שמפו שיקום עמוק,,525.00,"100 מ""ל",false,,10.00,0.0190,true,1,247447
8690572789636,false,גליס שמפו לאורך מושל,,,גליס שמפו לאורך מושל,,525.00,"100 מ""ל",false,,10.00,0.0190,true,1,247448
8690572799482,false,"סאיוס מרכך לשיער גלי ומתולתל 500 מ""ל","הובי קוסמטיק, אנקרה, תור",,סאיוס מרכך קרטין לשי,,500.00,"100 מ""ל",false,,12.90,0.0258,true,1,248252
8690572799512,false,"מרכך לחיזוק שורשי סיב השערה סאיוס 500מ""ל","הובי קוסמטיק, אנקרה, תור",,סאיוס מרכך לשיער גלי,,500.00,"100 מ""ל",false,,12.90,0.0258,true,1,248253
8690572799536,false,"סאיוס שמפו שמני הזנה 500 מ""ל","הובי קוסמטיק, אנקרה, תור",,סאיוס שמפו שמני הזנה,,500.00,"100 מ""ל",false,,12.90,0.0258,true,1,248256
8690572799543,false,סאיוס שמפו לחיזוק שורשי סיב השערה 500 מל,"הובי קוסמטיק, אנקרה, תור",,סאיוס שמפו לחיזוק שו,,500.00,"100 מ""ל",false,,12.90,0.0258,true,1,248254
8690572799550,false,"סאיוס שמפו לשיער גלי ומתולתל 500 מ""ל","הנקל סוד בע""מ",,סאיוס שמפו לשיער גלי,,500.00,"100 מ""ל",false,,12.90,0.0258,true,1,248255
8690637503856,false,ממרח הלמנס כ- 40% פחות שומן לעומת מיונז,יוניליוור ישראל שיווק בע`מ,,הלמנס ממרח לחיץ 355,,355.00,100 גרם,false,,15.90,0.0448,true,1,243929
8690637555084,false,"מרכך כביסה מרוכז אקסטרה פריחת התפוז בדין 960 מ""ל",יוניליוור ישראל שיווק בע`מ,,בדין אקסטרא לבן 960מ,,960.00,100 גרם,false,,17.90,0.0186,true,1,183328
8690637858734,false,ג'ל לניקוי כללי בתוספת אקונומיקה בניחוח לימון,יוניליוור ישראל שיווק בע`מ,,סיף ג'ל אקונומיקה לי,,750.00,"100 מ""ל",false,,13.90,0.0185,true,1,225556
8690637858741,false,ג'ל לניקוי כללי בתוספת אקונומיקה בניחוח רוח ים,יוניליוור ישראל שיווק בע`מ,,סיף ג'ל אקונומיקה רי,,750.00,"100 מ""ל",false,,13.90,0.0185,true,1,225557
8690637858758,false,ג'ל לניקוי כללי בתוספת אקונומיקה בניחוח אורנים,יוניליוור ישראל שיווק בע`מ,,סיף ג'ל אקונומיקה או,,750.00,100 גרם,false,,13.90,0.0185,true,1,225558
8690637946301,false,"בדין - מרכך כביסה אקסטרא בייביי כחול 960 מ""ל",יוניליוור ישראל שיווק בע`מ,,בדין אקסטרא בייביי מ,,960.00,100 גרם,false,,17.90,0.0186,true,1,241293
8690637946318,false,"מרכך כביסה בדין מרוכז אקסטרה בייבי טלק 960 מ""ל",יוניליוור ישראל שיווק בע`מ,,בדין אקסטרא בייבי בנ,,960.00,"100 מ""ל",false,,17.90,0.0186,true,1,241294
8690637971310,false,"מרכך כביסה מרוכז אקסטרה בניחוח יערת הדבש בדין 960 מ""ל",יוניליוור ישראל שיווק בע`מ,,בדין אקסטרא יערת הדב,,960.00,"100 מ""ל",false,,17.90,0.0186,true,1,243645
8690637976995,false,"מרכך כביסה מרוכז אקסטרה ורוד סחלבים פראי בדין 960 מ""ל",יוניליוור ישראל שיווק בע`מ,,בדין אקסטרא ורוד סחל,,960.00,100 גרם,false,,17.90,0.0186,true,1,243644
8690637977794,false,תחליב רחצה לידיים בניחוח חמאת שיאה ווניל,קוסטר אירוסול ולף סנ,,דאב סבון ידיים חמאת,,500.00,"100 מ""ל",false,,13.90,0.0278,true,1,245335
8690766156374,false,גודייבה שוקולד מריר מעולה 72% מוצקי קקאו 72גרם,תה ויסוצקי (ישראל) בעמ,,שוקולד מריר מעולה 7,,90.00,100 גרם,false,,14.90,0.1656,true,1,240745
8690766156381,false,גודייבה שוקולד מריר 90% מוצקי קקאו 90 גרם,תה ויסוצקי (ישראל) בעמ,,שוקולד מריר מעולה 90,,90.00,"100 מ""ל",false,,14.90,0.1656,true,1,240746
8690766156404,false,שוקולד מריר מעולה גודייבה תפוז אדום 90 גרם,תה ויסוצקי (ישראל) בעמ,,שוקולד מריר מעולה ב,,90.00,100 גרם,false,,14.90,0.1656,true,1,240748
8690770322598,false,שמרים יבשים פוליבה הנמל 125 גרם,הנמל אריזות ושיווק (1984) בעמ,,"שמרים יבשים 125 ג""ר.",,125.00,100 גרם,false,,4.90,0.0392,true,1,191441
8690777203012,false,פלפלים ירוקים כבושים לא חריפים סרה ויליפוד 600 גרם,ג. וילי-פוד אינטרנשיונל בע`מ,,פלפל ירוק כבוש לא חר,,600.00,"100 מ""ל",false,,12.90,0.0215,true,1,178954
8690777204071,false,פלפלים כבושים חריפים סרה 320 גרם,ג. וילי-פוד אינטרנשיונל בע`מ,,פלפל חריף ויליפוד 64,,640.00,100 גרם,false,,12.90,0.0202,true,1,178955
8690777206051,false,חציל קלוי על האש סרה ויליפוד 650 גרם,ג. וילי-פוד אינטרנשיונל בע`מ,,חציל קלוי על האש ויל,,650.00,"100 מ""ל",false,,12.90,0.0198,true,1,178957
8690777221405,false,פלפל אדום קלוי על האש 650 גר` ויליפוד,ג. וילי-פוד אינטרנשיונל בע`מ,,פלפל אדום קלוי על הא,,650.00,"100 מ""ל",false,,12.90,0.0198,true,1,178959
8691058141238,false,ערמונים שלמים קלויים וקלופים 100 גר` Ave,אבאל יזמות בעמ,,ערמונים שלמים 100 גר,,100.00,"100 מ""ל",false,,6.90,0.0690,true,1,233586
8693323085100,false,גומי יוגטה שטיחים חמוצים טעם פירות 100 ג,ליימן שליסל בע`מ,,ממתק חמוץ שטיחים חמו,,100.00,100 גרם,false,,4.90,0.0490,true,1,225403
8693807238992,false,טוסטר גריל 4 פרוסות,,,טוסטר גריל 4 פרוסות,יחידה,0.00,יחידה,false,,179.90,0.0000,true,1,246993
8697420697914,false,זיתים שחורים יבשים במלח 700גר.,דין שיווק וקליה 2021 בעמ,,זיתים שחורים בפח 700,,700.00,100 גרם,false,,19.90,0.0284,true,1,225062
8697431460378,false,קונפיטורה 70% שזיף פרופה 450 גרם,פרוטנגו Fruitango,,קונפיטורה 70% פרי -,,450.00,100 גרם,false,,13.90,0.0309,true,1,175494
8697431921701,false,קונפיטורה תות שדה 70% פרי פרופה 454 גר',תומר יבוא ושיווק מוצרי מזון (1,,קונפיטורה תות שדה פר,,450.00,100 גרם,false,,13.90,0.0309,true,1,175497
8697431921718,false,קונפיטורה דובדבן חמוץ 70% פרי פרופה 454 גר',תומר יבוא ושיווק מוצרי מזון (1,,קונפיטורה 70 % דובדב,,450.00,100 גרם,false,,13.90,0.0309,true,1,175498
8697431925143,false,קונפיטורה 70% פירות יער 450 גר`תומר,תומר ייבוא ושיווק מוצרי מזון [,,קונפיטורה פירות יער,,450.00,100 גרם,false,,13.90,0.0309,true,1,228055
8697530910743,false,סיגריות פאל מאל כחול קצר מטאליק,גלוברנדס בעמ - שיווק סיגריות,,פאל מאל כחול קצר,יחידה,0.00,יחידה,false,,28.00,0.0000,false,1,202604
8697530910750,false,סיגריות פאל מאל כחול ארוך האוס,גלוברנדס בעמ - שיווק סיגריות,,פאל מאל כחול ארוך,יחידה,0.00,יחידה,false,,28.00,0.0000,false,1,202605
8697530910781,false,סיגריות פאל מאל אדום מטאליק,גלוברנדס בעמ - שיווק סיגריות,,פאל מאל אדום האוס,יחידה,0.00,יחידה,false,,28.00,0.0000,false,1,202608
8697530911276,false,סיגריות קנט קצר חפיס,גלוברנדס בעמ - שיווק סיגריות,,קנט קצר חפיסה,יחידה,0.00,יחידה,false,,35.00,0.0000,false,1,202618
8697659224035,false,מטהר אוויר AQUA אטק 400 מל,יעקובי,,מטהר אוויר אקווה 400,,400.00,"100 מ""ל",false,,9.90,0.0248,true,1,183624
8697659224066,false,מטהר אוויר 400 מ'ל TROPICAL,יעקובי,,מטהר אוויר טרופיקל,יחידה,0.00,יחידה,false,,9.90,0.0000,true,1,183627
8697826469092,false,טורטיה קטנה שקדיה 540 גרם 12 יחידות,דין שיווק וקליה 2021 בעמ,,טורטיה קטנה 540גר,,540.00,100 גרם,false,,9.90,0.0183,true,1,200693
8699250035041,false,"זיתים שחורים טבעיים יבשים 700 גרם ""תומר""",מנסווי גידה,,זית שחור טבעי יבש במ,,700.00,100 גרם,false,,19.90,0.0284,true,1,224091
8710447224311,false,מרכך בוטניק בתוספת שמן קוקוס ואלוורה,"יוניליוור ישראל שיווק בע""מ",,טרזמה מרכך בוטניק 40,,400.00,"100 מ""ל",false,,17.90,0.0447,true,1,227051
8710502139017,false,עוגיות טריפל שוקולד צ`יפס מרבה (180 גרם),בנקטבקריי מרבה בי.וי,,עוגיות טריפל שוקולד,,180.00,100 גרם,false,,11.90,0.0661,true,1,186202
8710502194801,false,"עוגיות שוקלד ציפס רכה פירות יער ""מרבה"" 175 גרם",בנקטבקריי מרבה בי.וי,,עוגיות שוקולד ציפס פ,,175.00,100 גרם,false,,11.90,0.0680,true,1,186204
8710522584200,false,דאב תחליב רחצה אלוורה ומי ורדים 500 מל,"יוניליוור ישראל שיווק בע""מ",,דאב תחליב רחצה ורדים,,500.00,"100 מ""ל",false,,13.90,0.0278,true,1,248845
8710800027573,false,סוכריות מיני בטעם פירות מנטוס 178 גרם,פרפטי ואן מלה ברדה,,מיני מנטוס פירות שקי,,178.00,"100 מ""ל",false,,14.90,0.0837,true,1,192122
8710847860829,false,"רקסונה - דאודורנט רול און לאישה כותנה 50 מ""ל",יוניליוור פארם,,רקסונה רול און כותנה,,50.00,100 גרם,false,,14.90,0.2980,true,1,233207
8710847942693,false,טרזמה מרכך לשיער יבש שמן המפ 400 מל,"יוניליוור ישראל שיווק בע""מ",,טרזמה מרכך שמן המפ 4,,400.00,"100 מ""ל",false,,17.90,0.0447,true,1,245912
8710908693809,false,"TRESSEMME מסיכה טיפולית עם קרטין 300מ""ל","יוניליוור ישראלשיווק בע""מ",,טרזמה מסכה טיפולית ע,,300.00,"100 מ""ל",false,,29.90,0.0997,true,1,224155
8711000360606,false,קפסולות קפה אספרסו רוז) (952 גר`לור,דיפלומט מפיצים (1968) בעמ**,,קפסולות אספרסו לור ר,יחידה,0.00,יחידה,false,,19.90,0.0000,true,1,242414
8711000371176,false,ג'ייקובס קפסולות קפה אספרסו קלאסיקו עוצמה 7,ג'ייקובס דאו אגברטס צרפת,,גקובס קפסולות קפה אס,,52.00,100 גרם,false,,16.90,0.3250,true,1,226597
8711000371206,false,ג'ייקובס קפסולות קפה אספרסו ריסטרטו עוצמה 12,ג'ייקובס דאו אגברטס צרפת,,גקובס קפסולות קפה אס,,52.00,100 גרם,false,,16.90,0.3250,true,1,226599
8711000371244,false,"ג'ייקובס קפסולות אספרסו (8) 10 יח', 52ג' לונגו",דיפלומט מפיצים (1968) בעמ**,,גקובס קפסולות קפה אס,,52.00,100 גרם,false,,16.90,0.3250,true,1,234318
8711000472040,false,קפסולות קפה אספרסו סלקשיין גייקובס 52 גר,דיפלומט מפיצים (1968) בעמ**,,ג'ייקובס קפסולות קפה,,52.00,100 גרם,false,,16.90,0.3250,true,1,246016
8712000051099,false,"שישיית בירה היינקן 0% אלכוהל בקבוק 330 מ""ל","מבשלת היינקן, ריטבלדנברג",,בירה היינקן שישייה 0,,1980.00,"100 מ""ל",false,,29.90,0.0151,true,1,227601
8712400802499,false,תרכובת מזון המשך לפעוטות על בסיס חלב שלב 1,דיפלומט מפיצים (1968) בעמ**,,נוטרילון -טבע שלב 1,,800.00,100 גרם,false,,64.90,0.0811,true,1,179820
8712400802512,false,תרכובת מזון המשך לפעוטות על בסיס חלב שלב 2,דיפלומט מפיצים (1968) בעמ**,,נוטרילון -טבע שלב 2,,800.00,100 גרם,false,,64.90,0.0811,true,1,179822
8712400802536,false,תרכובת מזון המשך לפעוטות על בסיס חלב שלב 3,דיפלומט מפיצים (1968) בעמ**,,נוטרילון -טבע שלב 3,,800.00,100 גרם,false,,64.90,0.0811,true,1,179824
8712561594240,false,"דאב תחליב רחצה להזנה עמוקה500 מ""ל-מרכז",יוניליוור ישראל שיווק בע`מ,,דאב תחליב רחצה 500 מ,,500.00,"100 מ""ל",false,,13.90,0.0278,true,1,183407
8712561609647,false,"דאב - תחליב רחצה חמאת שיאה 500 מ""ל",יוניליוור ישראל שיווק בעמ,,דאב תחליב רחצה חמאת,,500.00,"100 מ""ל",false,,13.90,0.0278,true,1,249964
8712561611183,false,דאב סבון נוזלי 500 תמציות מלפפונים ותה,יוניליוור ישראל שיווק בע`מ,,דאב תחליב רחצה תה יר,,500.00,"100 מ""ל",false,,13.90,0.0278,true,1,183409
8714599104330,false,ג'ייקובס קפה שחור 85 גרם קלוי וטחון טורקי,דיפלומט מפיצים (1968) בעמ**,,גקובס קפה שחור טורקי,,85.00,100 גרם,false,,6.90,0.0812,true,1,242250
8714599513781,false,"קפה נמס מיובש בהקפאה זהב צנצנת ג'ייקובס 200 גרם לל""ס",דיפלומט מפיצים (1968) בעמ**,,גקובס קפה גולד 200 ג,,200.00,100 גרם,false,,24.90,0.1245,true,1,224741
8714599513866,false,"קפה נמס מיובש בהקפאה קרונג צנצנת ג'ייקובס 200 גרם לל""ס",דיפלומט מפיצים (1968) בעמ**,,גקובס קפה קרונונג 20,,200.00,100 מ'ל,false,,24.90,0.1245,true,1,179826
8714789218465,false,מברשת שיניים 360 סופט קולגייט 2 יחידות,הנסיך- מפעל לייצור ט,,קולגייט 360 מברשת שי,יחידה,0.00,יחידה,false,,33.90,0.0000,true,1,186239
8714789303925,false,מברשת שיניים 360 סנסטיב רכה במיוחד קולגייט 2 יחידות,קולגייט- פלמוליב,,קולגייט 360 מברשת שי,יחידה,0.00,יחידה,false,,33.90,0.0000,true,1,186244
8714789582764,false,אג'קס ספריי לניקוי חלונות ומשטחים,הנסיך- מפעל לייצור ט,,אגקס לניקוי חלונות 7,,750.00,100 גרם,false,,15.90,0.0212,true,1,186264
8714789930848,false,"משחת שיניים אופטיק וייט הלבנה מיידית קולגייט 75 מ""ל",איינשטיין-צור יבוא-יצוא וסחר ב,,קולגייט אופטיק וויט,,75.00,100 גרם,false,,21.90,0.2920,true,1,186286
8715700110141,false,מיונז קרמי היינץ צנצנת 460ג',דיפלומט מפיצים (1968) בעמ**,,*מבצע* מיונז היינץ צ,,460.00,100 גרם,false,,10.90,0.0237,true,1,221884
8715700110158,false,היינץ ממרח במרקם קרמי צנצנת 490 גרם,דיפלומט מפיצים (1968) בעמ**,,*מבצע* מיונז היינץ ל,,490.00,100 גרם,false,,10.90,0.0222,true,1,221885
8715700115344,false,"מתבל עגבניות היינץ 460 גר' כשל""פ",דיפלומט מפיצים (1968) בעמ**,,קטשופ היינץ 460גר,,460.00,100 גרם,false,,8.90,0.0193,true,1,221632
8715700115641,false,ממרח מיונז לחיץ לייט במרקם קרמי 420 ג' היינץ,דיפלומט מפיצים (1968) בעמ**,,ממרח היינץ במרקם קרמ,,420.00,100 גרם,false,,14.90,0.0355,true,1,250005
8715700120874,false,מתבל עגבניות היינץ בתוספת שום,דיפלומט מפיצים (1968) בעמ**,,היינץ קטשופ שום 460,,460.00,100 גרם,false,,11.90,0.0259,true,1,246454
8715700419732,false,מתבל עגבניות היינץ (700 גרם),דיפלומט מפיצים (1968) בעמ**,,קטשופ היינץ 700גר,,700.00,"100 מ""ל",false,,12.90,0.0184,true,1,179830
8715700422473,false,ממרח לכריכים וסלטים ללא ח. משמרים היינץ 395 גרם,דיפלומט מפיצים (1968) בעמ**,,ממרח היינץ לחיץ 395,,395.00,"100 מ""ל",false,,14.90,0.0377,true,1,250006
8715700423906,false,היינץ מתבל עגבניות מופחת סוכר ומלח 50/50 550 גרם,דיפלומט מפיצים (1968) בעמ**,,היינץ מתבל עגבניות 5,,555.00,"100 מ""ל",false,,11.90,0.0214,true,1,223512
8717163607305,false,דאב סבון מוצק גרגירים לעיסוי עדין *4,יוניליוור ישראל שיווק בע`מ,,דאב סבון מוצק דאב גר,,400.00,100 גרם,false,,17.90,0.0447,true,1,183443
8717163647240,false,"אקס דאודורנט ספריי גוף לגבר שוקולד 150 מ""ל",יוניליוור ישראל שיווק בע`מ,,אקס ספריי גוף שוקולד,,150.00,100 גרם,false,,14.90,0.0993,true,1,227019
8717163655764,false,"רקסונה - דאודורנט ספריי לאישה שוואר פרש 150 מ""ל","יוניליוור ישראל שיווק בע""מ",,רקסונה ספריי שוואר פ,,150.00,100 גרם,false,,14.90,0.0993,true,1,233435
8717163655825,false,"רקסונה דאו' ספריי לנשים בניחוח כותנה, 150 מ""ל","יוניליוור ישראל שיווק בע""מ",,רקסונה ספריי כותנה 1,,150.00,"100 מ""ל",false,,14.90,0.0993,true,1,233436
8717163658314,false,תחליב רחצה מים מיסלריים היפואלרגני לעור רגיש,יוניליוור ישראל שיווק בעמ,,דאב תחליב רחצה מיסלר,,500.00,"100 מ""ל",false,,13.90,0.0278,true,1,226610
8717163663493,false,"רקסונה - דאודורנט ספריי לגבר קובלט דריי 150 מ""ל","יוניליוור ישראל שיווק בע""מ",,רקסונה מן ספריי קובל,,150.00,"100 מ""ל",false,,14.90,0.0993,true,1,233216
8717163842669,false,"תחליב רחצה דאב חימר ירוק 500 מ""ל purifying",יוניליוור ישראל שיווק בעמ,,דאב תחליב רחצה חימר,,500.00,"100 מ""ל",false,,13.90,0.0278,true,1,241627
8717163947692,false,"אקס ג'ל רחצה לגבר פרש ברגמוט ופינק פפר 400 מ""ל",יוניליוור ישראל שיווק בע`מ,,אקס גל רחצה לגבר ברג,,400.00,"100 מ""ל",false,,14.90,0.0373,true,1,241189
8718951030206,false,"קולגייט סנסיטיב פרוטקשן משחת שיניים לשיניים רגישות 75 מ""ל",קולגייט-פלמוליב,,קולגייט סנסטיב מולטי,,75.00,"100 מ""ל",false,,21.90,0.2920,true,1,241871
8718951076372,false,"קולגייט משחת שיניים תמציות צמחים לשיניים 100 מ""ל",קולגייט פלמוליב,,קולגייט הרבל משחת או,,100.00,"100 מ""ל",false,,11.90,0.1190,true,1,226025
8718951076402,false,"קולגייט משחת שיניים הרבל להלבנה 100 מ""ל",קולגייט פלמוליב,,קולגייט הרבל להלבנה,,100.00,"100 מ""ל",false,,11.90,0.1190,true,1,225182
8718951079205,false,"קולגייט סנסיטיב פרו רליף רפיר אנד פריוונט 75 מ""ל",קולגייט-פלמוליב,,קולגייט משחת שיניים,,75.00,"100 מ""ל",false,,24.90,0.3320,true,1,222007
8718951159402,false,"קולגייט משחת שיניים אופטיק וויט - אקסטרה פאוור 75 מ""ל",איינשטיין-צור יבוא-יצוא וסחר ב,,קולגיט אופטיק אקסטרא,,75.00,"100 מ""ל",false,,19.90,0.2653,true,1,247951
8718951166561,false,משחת שיניים לרעננות מוגברת max fresh cooling crystals,הנסיך- מפעל לייצור ט,,קולגייט משחת שיניים,,125.00,"100 מ""ל",false,,21.90,0.1752,true,1,225887
8718951175600,false,"משחת שיניים קולגייט אוטאל קליין מינט 75 מ""ל",ש.שסטוביץ בעמ,,קולגייט משחת טוטל קל,,75.00,גרם,false,,14.90,0.1987,true,1,242958
8718951226715,false,"משחת שיניים טוטל קלין מינט 75 מ""ל קולגייט",איינשטיין-צור יבוא-יצוא וסחר ב,,קולגייט טוטל אוריגינ,,75.00,"100 מ""ל",false,,10.90,0.1453,true,1,248108
8718951226807,false,"קולגייט משחת שיניים טוטל פסים הלבנה 75 מ""ל",איינשטיין-צור יבוא-יצוא וסחר ב,,קולגייט טוטל הלבנה 7,,75.00,100 גרם,false,,10.90,0.1453,true,1,248109
8718951236790,false,"קולגייט טוטאל משחת שיניים קלין מינט לפה בריא 100 מ""ל",קולגייט פלמוליב,,קולגייט טוטל משחת שי,,100.00,"100 מ""ל",false,,18.90,0.1890,true,1,226401
8718951240742,false,"קולגייט טוטאל משחת שיניים פסים מרעננים 100 מ""ל",איינשטיין-צור יבוא-יצוא וסחר ב,,קולגייט טוטל משחת שי,,100.00,100 גרם,false,,13.90,0.1390,true,1,226404
8718951247871,false,"מרסס אגקס טריגר לשירותים 500 מ""ל",ש.שסטוביץ בעמ,,אגקס טריגר שירותים 5,,500.00,"100 מ""ל",false,,13.90,0.0278,true,1,241337
8718951278851,false,קולגייט משחת שיניים הלבנה מתקדמת פחם 75,איינשטיין-צור יבוא-יצוא וסחר ב,,קולגייט הלבנה פחם 10,,100.00,100 גרם,false,,13.90,0.1390,true,1,249720
8718951286733,false,"קולגייט אופטיק וייט לסטינג וייט משחת שיניים 75 מ""ל",ש. שסטוביץ בע`מ,,קולגייט אופטיק וייט,,75.00,"100 מ""ל",false,,19.90,0.2653,true,1,250119
8718951313576,false,קולגייט משחת שיניים מקס פרש קול קריסטל 100 מל,איינשטיין-צור יבוא-יצוא וסחר ב,,קולגייט משחת שיניים,,100.00,100 גרם,false,,10.00,0.1000,true,1,247436
8718951334090,false,"סופלין מרכך כביסה מרוכז כחול 650 מ""ל",ש.שסטוביץ בעמ,,סופלין מרכך כביסה כח,,650.00,100 גרם,false,,7.90,0.0122,true,1,243761
8718951338395,false,מרסס אגקס טריגר פיור הום סמבוק שחור 500,קולגייט פלמוליב,,אגקס טריגר פיור הום,,500.00,"100 מ""ל",false,,13.90,0.0278,true,1,244097
8718951345119,false,נוזל לניקוי רצפות וכללי היביסקוס 2 ליטר,הנסיך- מפעל לייצור ט,,אגקס לניקוי כללי עוצ,,2000.00,"100 מ""ל",false,,24.90,0.0124,true,1,244685
8718951382640,false,פלמוליב גל רחצה חימר דיטוקס משאבה 750,קולגייט פלמוליב,,פלמוליב סבון גוף חימ,,750.00,"100 מ""ל",false,,18.90,0.0252,true,1,250654
8718951385290,false,אג`קס ניקוי כללי עוצמת ב -7כחול 2 ליטר,קולגייט פלמוליב,,אגקס לניקוי כללי ניח,,2000.00,"100 מ""ל",false,,24.90,0.0124,true,1,244693
8719200997998,false,מרגרינה למריחה בישול וטיגון 200 ג' בלו בנד,דיפלומט מפיצים (1968) בעמ**,,בלו בנד לבישול וטיגו,,200.00,100 גרם,false,,4.90,0.0245,true,1,233811
8719200998001,false,מרגרינה לאפיה ובישול בלי מלח 200 ג' בלו בנד,יוניליוור ישראל מזון בע\,,בלו בנד בלי מלח 200ג,,200.00,"100 מ""ל",false,,4.90,0.0245,true,1,233814
8719200998018,false,מחמאה מרגרינה בטעם חמאה בלובנד 200 גרם,"מיוצר ע""\י יוניליוור ישר",,בלו בנד טעם חמאה 200,,200.00,100 מ'ל,false,,4.90,0.0245,true,1,233812
8719200998094,false,"מרגרינה מזולה לאפיה ללא תוספת מלח 200גר - 40 יח' -כשל""פ","מיוצר ע""\י יוניליוור ישר",,מזולה אפייה ללא מלח,,200.00,"100 מ""ל",false,,6.90,0.0345,true,1,233817
8719200998100,false,מרגרינה מזולה לאפיה טעם חמאה 200גר - 40 יח',דיפלומט מפיצים (1968) בעמ**,,מזולה אפייה טעם חמאה,,200.00,100 גרם,false,,6.90,0.0345,true,1,233818
8720181046605,false,דאב - דאודורנט ספריי לאישה אורגינל כחול 150מל,יוניליוור ישראל שיווק בע`מ,,דאב ספריי אוריגינל ל,,150.00,"100 מ""ל",false,,14.90,0.0993,true,1,243959
8720181046612,false,"דאב - דאודורנט רול און לאישה אורגינל 50 מ""ל",יוניליוור ישראל שיווק בע`מ,,דאב רולאון אוריגינל,,50.00,"100 מ""ל",false,,14.90,0.2980,true,1,245217
8720181123955,false,"אקס - ג'ל רחצה ריצארג קריד 400 מ""ל","יוניליוור ישראלשיווק בע""מ",,אקס ג'ל רחצה ריצארג,,400.00,"100 מ""ל",false,,14.90,0.0373,true,1,247232
8720181201332,false,דאב אל סבון מוצק גרגרים 90 גרם רביעייה,יוניליוור ישראל טיפוח אי,,דאב סבון מוצק דאב גר,,360.00,100 גרם,false,,17.90,0.0497,true,1,249951
8720182253156,false,דאב אל סבון מוצק מלפפונים 90 גרם רביעייה,יוניליוור ישראל טיפוח אי,,דאב סבון מוצק דאב יר,,360.00,100 גרם,false,,17.90,0.0497,true,1,249949
8720182256850,false,דאב אל סבון מוצק קלאסי 90 גרם רביעייה,יוניליוור ישראל שיווק בע`מ,,דאב סבון מוצק דאב לב,,360.00,100 גרם,false,,17.90,0.0497,true,1,249950
8723400756552,false,מארז סוכריות מנטוס Mentos ריינבואו,פרפטי ואן מלה ברדה,,סוכריות מנטוס רביעיי,,37.50,100 גרם,false,,12.90,0.3440,true,1,192133
8801055707966,false,קפה טייסטרס צ`ויס בריסטה נסקפה (180 גרם),קבוצת אוסם סחר שותפות מוגבלת,,טסטרס צויס בריסטה 18,,180.00,100 גרם,false,,34.90,0.1939,true,1,178323
8801055709427,false,קפה נמס טסטר'ס צ'ויס אלטה ריקה 100 גרם,קבוצת אוסם סחר שותפות מוגבלת,,טסטרס צ'ויס קפה נמס,,100.00,100 גרם,false,,19.90,0.1990,true,1,247017
8801055709434,false,קפה נמס טסטר'ס צ'ויס קולומביה 100 גרם,קבוצת אוסם סחר שותפות מוגבלת,,טסטרס צ'ויס קפה נמס,,100.00,100 גרם,false,,19.90,0.1990,true,1,247018
8801055709458,false,אבקה להכנת משקה קפה בטעם קפוצ'ינו קרמל,קבוצת אוסם סחר שותפות מוגבלת,,נסקפה קפוצינו קרמל 1,,170.00,100 גרם,false,,21.90,0.1288,true,1,248915
8801055709465,false,אבקה להכנת משקה קפה בטעם קפוצ'ינו וניל,קבוצת אוסם סחר שותפות מוגבלת,,נסקפה קפוצינו וניל 1,,185.00,100 גרם,false,,21.90,0.1184,true,1,248916
8801055709472,false,נסטלה - נסקפה קפוצ'ינו קלאסי 12.50 גרם * 10,קבוצת אוסם סחר שותפות מוגבלת,,נסקפה קפוצ'ינו קלאסי,,125.00,100 גרם,false,,21.90,0.1752,true,1,248918
8801055709489,false,אבקה להכנת משקה קפה בטעם קפוצ'ינו אגוזים,קבוצת אוסם סחר שותפות מוגבלת,,נסקפה קפוצינו אגוזים,,180.00,100 גרם,false,,21.90,0.1217,true,1,248919
8801055709526,false,אבקה להכנת משקה קפה בטעם קפוצ'ינו שוקולד לבן,קבוצת אוסם סחר שותפות מוגבלת,,נסקפה קפוצ'ינו שוקול,,185.00,100 גרם,false,,21.90,0.1184,true,1,248917
8809168840471,false,חטיף אצות מיובשות 9יח 4.5גרם.,מזרח ומערב יבוא ושיווק,,חטיף אצות מיובשות 4.,,40.00,100 גרם,false,,24.90,0.6225,true,1,245079
8850180040028,false,קמח טמפורה להכנת בלי,מזרח ומערב יבוא ושיווק,,טמפורה 500גר,,500.00,"100 מ""ל",false,,10.90,0.0218,true,1,205021
8850206250592,false,רוטב צ'ילי סריראצ'ה 540 גרם (מזרח ומערב),מזרח ומערב יבוא ושיווק,,רוטב צ'ילי סריראצ'ה,,540.00,100 גרם,false,,19.90,0.0369,true,1,222893
8850367992164,false,קרם קוקוס 250 מל 20-22% ללא חומר משמר,מזרח ומערב יבוא ושיווק,,קרם קוקוס 20-22% 250,,250.00,"100 מ""ל",false,,8.90,0.0356,true,1,205026
8850389105825,false,משקה אלוורה בטעם ענבים סאפה 1 ליטר,סאפה פובליק קומפני לימיט,,סאפה משקה אלוורה ענב,,1000.00,"100 מ""ל",false,,15.90,0.0159,true,1,173291
8850389105832,false,סאפה משקה אלוורה בטעם תפוח עם קוביות אלוורה 1 ליטר,סאפה פובליק קומפני לימיט,,סאפה משקה אלוורה תפו,,1000.00,"100 מ""ל",false,,15.90,0.0159,true,1,173292
8850389105849,false,סאפה משקה אלוורה מופחת קלוריות בטעם אפרסק 1 ליטר,סאפה פובליק קומפני לימיט,,סאפה משקה אלוורה אפר,,1000.00,"100 מ""ל",false,,15.90,0.0159,true,1,173293
8850389115336,false,משקה אלוורה בטעם מלון סאפה 1 ליטר,סאפה פובליק קומפני לימיט,,סאפה משקה אלוורה מלו,,1000.00,"100 מ""ל",false,,15.90,0.0159,true,1,223429
8850632604259,false,"יוגטה, חיספוסים, ממתק חמוץ בצורת מקלות בטעם תות שדה,50 גרם",ליימן שליסל בע`מ,,חמצוצים מקלות בטעם ת,,50.00,100 גרם,false,,4.90,0.0980,true,1,192137
8850632604266,false,"יוגטה, ממתק חמוץ בצורת מקלות בטעם קולה, 50 גרם",ליימן שליסל בע`מ,,חמצוצים מקלות בטעם ק,,50.00,100 גרם,false,,4.90,0.0980,true,1,192138
8850632604372,false,"יוגטה, חיספוסים בצורת שטיח בטעם תות שדה 50 גרם",ליימן שליסל בע`מ,,חמצוצים שטיח בטעם תו,,50.00,"100 מ""ל",false,,4.90,0.0980,true,1,192139
8850632604402,false,יוגטה חיספוסים בטעם מעורב תות שדה אבטיח ענבים בננה 50 גרם,ליימן שליסל בע`מ,,חמצוצים שטיח בטעם מע,,50.00,100 גרם,false,,4.90,0.0980,true,1,192140
8850632605201,false,"יוגטה, חיספוסים, ממתק חמוץ בצורת שטיח, בטעם מעורב- תות בננה, תפוח, תפוז, 50 גרם",הדקלאים אגודת שיתופי,,חספוסים תות בננה תפו,,50.00,100 גרם,false,,4.90,0.0980,true,1,192141
8850632606390,false,"יוגטה, חיספוסים, ממתק חמוץ בצורת שטיח בטעם אבטיח, 50 גרם",ליימן שליסל בע`מ,,חיספוסים בטעם אבטיח,,50.00,100 גרם,false,,4.90,0.0980,true,1,192146
8858271002870,false,רוטב פאד תאי 250 מ'ל - מקסצ'אפ,מזרח ומערב יבוא ושיווק,,רוטב פאד תאי 250מל,,2500.00,"100 מ""ל",false,,11.90,0.0048,true,1,205034
8858271002887,false,"רוטב טרייאקי 250 מ""ל מקסצ`אפ",מזרח ומערב יבוא ושיווק,,רוטב טריאקי 250מל,,250.00,"100 מ""ל",false,,11.90,0.0476,true,1,205035
8858271003020,false,רוטב סויה פורמולה 1 - 700 מ'ל מקסצ'אפ,מזרח ומערב יבוא ושיווק,,רוטב סויה פורמולה מק,,700.00,"100 מ""ל",false,,15.90,0.0227,true,1,205036
8858271003068,false,"רוטב סויה מתוקה כהה 250 מ""ל מקסצאפ",מזרח ומערב יבוא ושיווק,,רוטב סויה מתוק כהה 2,,250.00,100 גרם,false,,11.90,0.0476,true,1,205038
8858271004034,false,רוטב צ'ילי חריף 700 מ'ל מקסצ'אפ,מזרח ומערב יבוא ושיווק,,רוטב צילי חריף מקסצ,,700.00,"100 מ""ל",false,,15.90,0.0227,true,1,205045
8858271004126,false,רוטב חמוץ מתוק 700 מ'ל - מקסצ'אפ,מזרח ומערב יבוא ושיווק,,רוטב חמוץ מתוק מקסצא,,700.00,100 גרם,false,,15.90,0.0227,true,1,205047
8858271004799,false,"רוטב צילי מתוק אל פורפסיס 700 מ""ל",מזרח ומערב יבוא ושיווק,,רוטב צילי מתוק 700 מ,,700.00,"100 מ""ל",false,,11.90,0.0170,true,1,205050
8858271005451,false,"רוטב סויה פורמולה 1 - 250 מ""ל מקסצ'אפ",מזרח ומערב יבוא ושיווק,,רוטב סויה פורמולה מק,,250.00,"100 מ""ל",false,,10.90,0.0436,true,1,205051
8888111030053,false,"מיץ אננס SW טבעי מארז 240X4מ""ל פרימיום",בני פאוזי שמשום (2009) בעמ,,מיץ אננס רביעיית 4*2,,960.00,"100 מ""ל",false,,15.90,0.0166,true,1,226771
8901138825591,false,"משחת שיניים הימלאיה מלבינה 75 מ""ל",הימלאיה Himalaya,,משחת שיניים הימלאיה,,75.00,"100 מ""ל",false,,19.90,0.2653,true,1,221515
8901537024014,false,"אורז בסמטי מובחר 1 ק""ג - דוואט) יורה דיעה",ג. וילי-פוד אינטרנשיונל בע`מ,,אורז בסמטי דאווט 1קג,,1000.00,"100 מ""ל",false,,12.90,0.0129,true,1,178984
8901537076679,false,אורז בסמטי חום מלא 1 קג`DAAWAT וילי פוד,ג. וילי-פוד אינטרנשיונל בע`מ,,אורז בסמטי חום מלא ד,,1.00,100 גרם,false,,14.90,14.9000,true,1,224071
8906118240388,false,קורנישונים כבושים קן,אנגל קמצ'ו אלימנטסיו,,קורנישונים כבושים 68,,680.00,100 גרם,false,,10.90,0.0160,true,1,249221
8908000959361,false,קורנישונים כבושים בחומץ 680 גר,,,מלפפון קורנישונים כב,,680.00,100 גרם,false,,10.90,0.0160,true,1,234177
8934878081811,false,"דפי אורז 22 ס""מ 400 גר'(Trav) ללא גלוטן",מזרח ומערב יבוא ושיווק,,"דפי אורז 22 ס""מ 400ג",,400.00,"100 מ""ל",false,,14.90,0.0373,true,1,227450
8938535541366,false,"דפי אורז 22ס""מ צבעוני 400גר ללא גלוטן",מזרח ומערב יבוא ושיווק,,דפי אורז צבעוניים לל,,400.00,100 גרם,false,,14.90,0.0373,true,1,248114
9000101329322,false,סבון אסלה בניחוח מתחלף תפוח נופר 50 ג' ברף,גורי שיווק בעמ,,ברף כדוריות לאסלה 50,,50.00,100 גרם,false,,9.90,0.1980,true,1,247703
9000101375268,false,ברף דלקס שלישייה ניחוח יסמין,הנקל,,ברף דקלס בניחוח יסמי,יחידה,0.00,יחידה,false,,16.90,0.0000,true,1,250479
9000101375299,false,ברף דלקס שלישייה ניחוח מגנוליה,הנקל,,ברף דלקס בניחוח מגנו,יחידה,0.00,יחידה,false,,16.90,0.0000,true,1,250478
9000101418163,false,שלישיית סבון אסלה בניחוח מתחלף תפוח ירוק ברף,גורי שיווק בעמ,,סבון אסלה שלישייה-בר,יחידה,0.00,יחידה,false,,16.90,0.0000,true,1,248658
9000101515817,false,קפסולות ג'ל כביסה לבנה וצבעונית 56 יח' פרסיל,גורי שיווק בעמ,,פרסיל פאוור קאפס קפס,יחידה,0.00,יחידה,false,,54.90,0.0000,true,1,247700
9000101520965,false,"סבון אסלה בניחוח מתחלף לוטוס עדין במבוק, 3 יחידות",גורי שיווק בעמ,,סבון אסלה שלישייה -ב,יחידה,0.00,יחידה,false,,16.90,0.0000,true,1,248659
9000101537550,false,פרסיל קאפסולות לכביסה לבנה וצבעונית 52 יח',גורי שיווק בעמ,,פרסיל פאוור קאפס יונ,יחידה,0.00,יחידה,false,,54.90,0.0000,true,1,248660
9000101537581,false,פרסיל קאפסולות לכביסה צבעונית 52 יחידו,גורי שיווק בעמ,,פרסיל פאוור קאפס לכב,יחידה,0.00,יחידה,false,,54.90,0.0000,true,1,248661
9001395807015,false,שוקולד בננית בטעם שוקו בננה 300 גרם,פרנס הואו סווירט,,בננית 300 ג,,300.00,100 גרם,false,,10.90,0.0363,true,1,173756
9002859053849,false,גונץ-שוקולד סטיקס מריר תפוז 75 גרם,,,אצבעות שוקולד סטיקס,,75.00,100 גרם,false,,9.90,0.1320,true,1,206139
9002859054099,false,גונץ- מוצרט משושה 300 גרם,GUNZ WARENHANDELS,,בונבונירה מוצרט משוש,,300.00,100 גרם,false,,29.90,0.0997,true,1,206140
9002859058172,false,בונבוניירה בננה ציפוי שוקולד מריר 300 גר,GUNZ WARENHANDELS,,בננה ציפוי שוקולד מר,,300.00,100 גרם,false,,14.90,0.0497,true,1,206141
9002859100536,false,בונבוניירה אצבעות שוקולד מוצרט 200 גרם,GUNZ WARENHANDELS,,בונבוניירה אצבעות שו,,200.00,"100 מ""ל",false,,14.90,0.0745,true,1,222954
9005835312626,false,קלרו 50 טבליות למדיח ללא פוספטים,"יעקב יעקבי ובניו בע""מ",,טבליות למדיח כלים קל,יחידה,0.00,יחידה,false,,45.90,0.0000,true,1,242779
9005835312718,false,"קלרו פירמידה מלח למדיח כלים 1 ק""ג CLARO","יעקב יעקבי ובניו בע""מ",,מלח למדיח כלים קלאר,,1000.00,100 גרם,false,,13.90,0.0139,true,1,242780
9005835312732,false,"קלרו נוזל הברקה למדיח כלים 500 מ""ל CLARO","יעקב יעקבי ובניו בע""מ",,נוזל הברקה למדיח כלי,,500.00,"100 מ""ל",false,,13.90,0.0278,true,1,242781
9005835312756,false,"קלרו ניקוי יסודי למדיח כלים 250 מ""ל CLARO","יעקב יעקבי ובניו בע""מ",,ניקוי יסודי למדיח כל,,250.00,"100 מ""ל",false,,13.90,0.0556,true,1,242782
9005835313609,false,קלרו טבליות למדיח כלים 15 יחידות CLARO,יעקב יעקבי ובניו בעמ,,טבליות למדיח כלים קל,יחידה,0.00,יחידה,false,,10.00,0.0000,true,1,248386
9005835313661,false,טבליות ניקוי וחיטוי למדיח99.9% קלרו 30 יח',יעקב יעקבי ובניו בעמ,,טבליות למדיח כלים קל,יחידה,0.00,יחידה,false,,28.90,0.0000,true,1,246713
9044400822320,false,מארז פז בובה + 10 סוכריות 85 גר,פז פרודוקשיין,,שקית סוכריות פז 10+,יחידה,0.00,יחידה,false,,15.90,0.0000,true,1,248968
9310072028743,false,טים טם ביסקוויט במילוי שוקולד 200 גרם,"ארנוטס ביסקוויטס בע""",,ביסקויט טים טם במילו,,200.00,100 גרם,false,,19.90,0.0995,true,1,191036
9310072028750,false,חטיף שוקולד דאבל קרם טים טם (200 גרם),"ארנוטס ביסקוויטס בע""",,עוגיות טים טם דאבל 2,,200.00,100 גרם,false,,19.90,0.0995,true,1,191037
9322969000015,false,פריכיות תירס בטעם אורגינל ריל פודס 150 ג',אף.סי תבליני בגליל ב,,פריכיות תירס טעם אור,,150.00,100 גרם,false,,13.90,0.0927,true,1,207274
9720188050109,false,ממרח על בסיס סויה בסגנון גבינה טופוטי 225 גרם,החברה המרכזית טלהפצת משקאות בע,,טופוטי ממרח טופו בטע,,227.00,100 גרם,false,,21.90,0.0965,true,1,185042
9771565051066,false,עיתון ידיעות אחרונות,ידיעות אחרונות בעמ,,ידיעות שבת,יחידה,0.00,יחידה,false,,11.90,0.0000,true,1,172822
