code,internal_code,name,manufacturer_name,manufacture_country,manufacturer_item_description,unit_qty,quantity,unit_of_measure,weighted,qty_in_package,price,unit_of_measure_price,allow_discount,status,item_id
80001485,false,חטיף גרדנה קוקוס 38 גרם,קריניציה ויטמינה אס,IT,חטיף גרנדה קוקוס,גרמים,38.00,100 גרם,false,0,4.90,12.89,true,1,
80001911,false,וופל גרדנה במילוי קרם אגוזי לוז ובציפוי שוקולד לבן,ליימן מותגים,IT,גרדנה שוקולד לבן,גרמים,38.00,100 גרם,false,1,4.90,12.89,true,1,
13495113513,false,קליק שוקולד חלב 75 גרם,יוניליוור ישראל מזון בע\,IL,קליק שוקולד,גרמים,75.00,100 גרם,false,0,7.90,10.53,true,1,
16000281684,false,חטיפי גרנולה קראנצ'י עם פקאן נייצ'ר ואלי 5*42 גרם,ליימן מותגים,US,חטיף נייטשר ואלי,גרמים,210.00,100 גרם,false,0,19.90,9.48,true,1,
16000548503,false,חטיפי גרנולה קראנצ'י עם מייפל וסוכר חום נייצ'ר ואלי 5*42 גרם,ג'נרל מילס סאן אדריאן,ES,חטיף נייטשר ואלי,גרמים,210.00,100 גרם,false,0,19.90,9.48,true,1,
35000689535,false,מברשת שיניים קולגייט מקס וייט סופט זוג,קולגייט-פלמוליב,CN,מברשות שיניים2X,יחידה,1.00,יחידה,false,0,15.90,15.90,true,1,
36000258295,false,קלינקס לושן עם אלוורה 75,קלינקס,US,קלינקס לושן,יחידה,1.00,יחידה,false,0,10.90,10.90,true,1,
309976790015,false,קולרסטיי עפרון עיניים יח,רבלון,US,קולרסטיי עפרון,יחידה,1.00,יחידה,false,1,29.90,29.90,true,1,
3349668572045,false,"EMPIRE אדפ 50 מ""ל",לילית בישום,FR,EMPIRE אדפ,מיליליטרים,50.00,"100 מ""ל",false,1,299.00,598.00,true,1,
3386460032681,false,"לג'נד אדט לגבר 100 מ""ל - מונט בלאנק",מונט בלנק MONT BLANC,FR,LEGEND אדט לגבר,מיליליטרים,100.00,"100 מ""ל",false,1,189.00,189.00,true,1,
3423474889556,false,"איסי מיאקי ל'או מאג'ור דיסי - א.ד.ט 100 מ""ל",איסימיאקי.,IL,איסימיאקי מג'ור,מיליליטרים,100.00,"100 מ""ל",false,0,198.00,198.00,true,1,
3574660696028,false,נטרוגינה קרם ידיים 50 מל,שסטוביץ,FR,קרם ידיים,מיליליטרים,50.00,"100 מ""ל",false,0,24.90,49.80,true,1,
3574661236445,false,נטרוגינה מסיר איפור עיניים 125 מל,שסטוביץ,GR,מסיר איפור,מיליליטרים,125.00,"100 מ""ל",false,1,38.90,31.12,true,1,
3838824127644,false,צבע לשיער פאלטה חציל זוהר 4-89,שוורצקופף והנקל,SI,צבע לשיער פלטה,יחידה,1.00,יחידה,false,0,19.90,19.90,true,1,
4009900403023,false,אורביט וויט בטעם מנטה בקבוקון 46 מלבניות,"מרס ריגלי ישראל בע""מ",PL,אורביט בקבוקון,גרמים,64.00,100 גרם,false,0,11.90,18.59,true,1,
4011800632519,false,חטיף קורני שישייה שוקולד חלבי וקוקוס,מיוצר עי קונדיטוריית,DE,קורני חטיף דגנים,גרמים,150.00,100 גרם,false,0,9.90,6.60,true,1,
4015400755241,false,תחבושות היגייניות אולוויז אולטרה נורמל - 28 יח',דיפלומט מפיצים (1986) בע`מ,UA,תחבושות אולוייז,יחידה,1.00,יחידה,false,1,24.90,24.90,true,1,
4015600763251,false,"הד שולדרס שמפו קלאסי 600מ""ל",דיפלומט מפיצים (1968) בעמ,RO,שמפו הד&שולדרס,מיליליטרים,600.00,"100 מ""ל",false,0,21.90,3.65,true,1,
4056800943739,false,קרם חמצן וולוקסון Welloxon 6%,דיפלומט מפיצים 1968 בעמ,FR,חמצן וולה 6%,מיליליטרים,60.00,"100 מ""ל",false,0,5.50,9.17,true,1,
5052197038033,false,רפידות ג'ל לנעלי יומיום,רקיט בית מרקחת,CN,רפידות גל אקטיב,יחידה,1.00,יחידה,false,1,141.90,141.90,true,1,
5900020024770,false,פיטנס - דליס חטיף דגנים שוקולד אגוז 22.50 גרם * 6,קבוצת אוסם סחר שותפות מוגבלת,PL,חטיף דגנים פיטנס,גרמים,135.00,100 גרם,false,1,14.90,11.04,true,1,
5900020024817,false,פיטנס דליס Fitness Delice חטיף דגנים עם שוקולד לבן,קבוצת אוסם סחר שותפות מוגבלת,PL,חטיף דגנים פיטנס,גרמים,135.00,100 גרם,false,1,14.90,11.04,true,1,
5900020025647,false,חטיף דגנים פיטנס שוקולד חלב 135 גרם מארז 6 יחידות,קבוצת אוסם סחר שותפות מוגבלת,PL,חטיף דגנים פיטנס,גרמים,135.00,100 גרם,false,1,14.90,11.04,true,1,
7290000193649,false,תחבושות עם כנפיים נורמל פלוס לילי 24 יחידות,קימברלי קלארק ישראל שיווק בעמ,ES,תחבושות לילי,יחידה,1.00,יחידה,false,0,13.90,13.90,true,1,
7290000193793,false,לילי תחבושות אינטימי נורמל אולט' 24 יח',קימברלי קלארק ישראל שיווק בעמ,ES,תחבושות לילי,יחידה,1.00,יחידה,false,0,13.90,13.90,true,1,
7290000199313,false,תחבושות עם כנפיים נורמל פלוס קוטקס 30 יחידות,קימברלי קלארק ישראל שיווק בעמ,CN,קוטקס תחבושות,יחידה,1.00,יחידה,false,0,21.90,21.90,true,1,
7290000292687,false,סנובון מוצק לניקוי אסלה קלאסיק כחול סנו 3 יחידות,החברה הדרומית לשיווק בעמ,IL,סנובון כחול 3 יח,גרמים,165.00,100 גרם,false,0,13.90,8.42,true,1,
7290002002857,false,"מגע הדבש, ניירות להסרת שיער בשעווה, 50 יחידות","איטיליאן פוד, אס.פי.",IL,נייר שעווה,יחידה,1.00,יחידה,false,0,19.90,19.90,true,1,
7290002730354,false,תחבושת הגיינית וניה מקסי לילה 12 יח',ש.שסטוביץ בעמ,BE,תחבושות הגיינה,יחידה,1.00,יחידה,false,0,24.90,24.90,true,1,
7290002730675,false,"קולגייט משחת שיניים אדומה משפחתי 100 מ""ל",קולגייט-פלמוליב,BE,משחת שיניים,מיליליטרים,100.00,"100 מ""ל",false,0,7.90,7.90,true,1,
7290004078942,false,ליידי ספיד סטיק - דאודורנט ג'ל לאישה 65 גרם,קולגייט-פלמוליב,US,דאודורנט,גרמים,65.00,100 גרם,false,0,19.90,30.62,true,1,
7290005427923,false,קרמה תח.רחצה פסיפלורה750,קוסמופארם,IL,קרמה תחליב רחצ,מיליליטרים,750.00,"100 מ""ל",false,0,15.90,2.12,true,1,
7290005427985,false,"קרמה תחליב רחצה לפנים בתוספת גרגירי פילינג 180 מ""ל",גוד פוד פרודקטס S.p,IL,ת.רחצה לפנים+ג,מיליליטרים,180.00,"100 מ""ל",false,0,12.90,7.16,true,1,
7290008464192,false,פיקסי תפוח למונגראס275מל,"טמפו משקאות בע""\מ",IL,פיקסי תפוח,מיליליטרים,275.00,"100 מ""ל",false,1,5.00,1.82,true,1,
7290008894166,false,MOIST SUBLIME HYDRA קרם,גייד,IL,MO SUBLIME HYDRA,מיליליטרים,50.00,"100 מ""ל",false,0,108.90,217.80,true,1,
7290010237548,false,"פפסי מקס דל קלוריות 500 מ""ל בקבוק",טמפו משקאות בע`מ,IL,פפסי מקס,מיליליטרים,500.00,"100 מ""ל",false,0,5.00,1.00,true,1,
7290012352034,false,"נטורל - קרם לחות עם שמן אגוז מקדמיה לשיער מתולתל 400 מ""ל",החברה הדרומית לשיווק בעמ,IL,קרם לחות נטורל,מיליליטרים,400.00,"100 מ""ל",false,0,21.90,5.48,true,1,
7290012367823,false,"ד""ר פישר - אמול לתינוק שמן רחצה טיפולי לעור יבש במיוחד 200 מ""ל",פישר מעבדות פרמצבטיות בע,IL,אמול שמן אמבט,מיליליטרים,200.00,"100 מ""ל",false,0,56.00,28.00,true,1,
7290012938740,false,משחת שיניים סנסודיין פרש מינט מנטה 75 מל,גלקסו סמית קליין,GB,משחת סנסודיין,מיליליטרים,75.00,"100 מ""ל",false,0,16.90,22.53,true,1,
7290013652836,false,קרם ידיים לעור רגיל Natural care,פישר מעבדות פרמצבטיות בע,IL,קרם ידיים נטורל,מיליליטרים,150.00,"100 מ""ל",false,0,13.90,9.27,true,1,
7290016094008,false,אולטרסול קרם פנים 50 75 מל,פישר תעשיות פרמבצטיות בעמ,IL,אולטרסול,מיליליטרים,75.00,"100 מ""ל",false,1,49.90,66.53,true,1,
7290016866650,false,"פרודונטקס - משחת שיניים אוריג'ינל 75 מ""ל",פרודונטקס Parodontax,SK,משחה פרודונטקס,מיליליטרים,75.00,"100 מ""ל",false,1,24.90,33.20,true,1,
7290016866667,false,"משחת שיניים פרודונטקס ללא פלואוריד 75 מ""ל",פרודונטקס Parodontax,SK,משחה פרודונטקס,מיליליטרים,75.00,"100 מ""ל",false,1,24.90,33.20,true,1,
7290016912500,false,"ד""ר פישר - אפקטיב קר תרחיץ פנים לעור רגיש 180 מ""ל","פישר תעשיות פרמצביטות בע""מ",IL,תרחיץ פנים,מיליליטרים,180.00,"100 מ""ל",false,1,16.90,9.39,true,1,
7290103128739,false,בלונס מקלות אוזניים לתינוק 56 יחידות,הנסיך- מפעל לייצור ט,GR,קיסמי אוזניים,יחידה,1.00,יחידה,false,0,6.90,6.90,true,1,
7290103332136,false,COLLAGEN GOLD סרום,גייד,IL,GOLD סרום,מיליליטרים,30.00,"100 מ""ל",false,0,138.90,463.00,true,1,
7290103333713,false,G MUSK ICON תחליב לאשה,גייד בישום,IL,G MUSK ICONתחליב,מיליליטרים,200.00,"100 מ""ל",false,0,48.90,24.45,true,1,
7290106293168,false,גייד גולד פרימיום סרום 30 מל,דניה,IL,Gold סרום,מיליליטרים,30.00,"100 מ""ל",false,0,198.90,663.00,true,1,
7290106658479,false,וופל טורטית שוקלד מגדים 40ג',"שטראוס גרופ בע""\מ",IL,טורטית מגדים,גרמים,40.00,100 גרם,false,1,4.90,12.25,true,1,
7290111340871,false,דיפנד תחתון סופג נשים XL,חוגלה קימברלי,CZ,תחתוני לייקרה,יחידה,1.00,יחידה,false,1,52.90,52.90,true,1,
7290111351648,false,בייגלה בתוספת מלח 80 גר`צוקטה,ליימן שליסל בעמ,RO,בייגלה בתוספת מל,גרמים,80.00,100 גרם,false,1,2.90,3.63,true,1,
7290111427565,false,HAVE SHOULDNT YOU קיטM,CHILL,IL,S.Have YOU קיטM,יחידה,1.00,יחידה,false,1,99.00,99.00,true,1,
7296073332565,false,קליפס בינוני 4 יח חום,BE NOW,CN,4קליפס M חום,יחידה,1.00,יחידה,false,0,14.90,14.90,true,1,
7296073332855,false,ספוג פלא ספוגים טורקיז,BE NOW,CN,ספוג פלא טורקיז,יחידה,1.00,יחידה,false,0,8.90,8.90,true,1,
7296073333272,false,סט בקבוקוני מילוי,BE NOW,CN,סט בקבוקי מילוי,יחידה,1.00,יחידה,false,0,19.90,19.90,true,1,
7296073334347,false,"אציטון בי 115 מ""ל",,IL,אציטון BE,מיליליטרים,115.00,"100 מ""ל",false,1,5.90,5.13,true,1,
7296073343301,false,קסמי אזניים פלסטיק 200 י,BE NOW,IL,קסמי אזניים פלסט,יחידה,1.00,יחידה,false,1,4.90,4.90,true,1,
7296073343493,false,כדורי צמר גפן 100 יח',BE NOW,IL,כדורי צמר גפן,יחידה,1.00,יחידה,false,1,9.90,9.90,true,1,
7296073343813,false,מגבונים להסרת איפור פחם,,IL,מגבונים להסרת אי,יחידה,1.00,יחידה,false,1,10.90,10.90,true,1,
7616500553460,false,שוקולד פריי מהודר מריר תפוז 100 ג',צוקולאט פריי אייץגיץ,CH,שוקולד מריר,גרמים,100.00,100 גרם,false,0,8.90,8.90,true,1,
7702018321582,false,דאודורנט סטיק מתקדם ג`ילט (45 מל),דיפלומט מפיצים (1968) בעמ,US,דאודורנט סטיק,מיליליטרים,45.00,"100 מ""ל",false,0,19.90,44.22,true,1,
7702018349869,false,גילט מארז 16 סכיני פיוזן ידני,פרוקטר & גמבל,DE,סכיני גילוח,יחידה,1.00,יחידה,false,1,159.00,159.00,true,1,
8001090066046,false,תחבושות אולוויז לבריחת שתן לילה 6 יח,דיפלומט מפיצים (1968) בעמ,IL,תחבושות לילה,יחידה,1.00,יחידה,false,1,16.90,16.90,true,1,
8001090222848,false,"הרבל אסנסס - שמפו שיקום שמן ארגן 400 מ""ל",דיפלומט מפיצים (1968) בעמ,FR,שמפו הרבל אסנס,מיליליטרים,400.00,"100 מ""ל",false,1,19.90,4.98,true,1,
8001090899286,false,אולוויז תחבושות פלטינום לילה בטוח 14 יח',דיפלומט מפיצים (1986) בע`מ,UA,תחבושות אולוויז,יחידה,1.00,יחידה,false,1,24.90,24.90,true,1,
8001841053684,false,תחבושות אולוויז עבה לונג פלוס 12 יחידות,פרוקטר אנד גמבל )ראה קוד,UA,תחבושות אולוויז,יחידה,1.00,יחידה,false,1,13.90,13.90,true,1,
8011003825745,false,VERSACE DYLAN BLUE MAN EDT 100ML,לילית בישום,IL,BLU BLUE DYLAN,מיליליטרים,100.00,"100 מ""ל",false,0,248.00,248.00,true,1,
8034097959721,false,פאראגמו סיגנוריה מיס 100,אלפא בישום,IL,פאראגמו סיגנוריה,מיליליטרים,100.00,"100 מ""ל",false,0,399.00,399.00,true,1,
8410076620613,false,קאפס נאט קרים בוטנים140ג,ליימן מותגים,PT,קאפס נאט בוטנים,גרמים,140.00,100 גרם,false,1,14.90,10.64,true,1,
8411061853160,false,קרול.הררה212 גבר אדט100מ,לילית בישום,ES,קרולינה הררה 212,מיליליטרים,100.00,"100 מ""ל",false,0,189.00,189.00,true,1,
8436037791505,false,"חלב פנים אלוורה 250 מ""ל",RNB,ES,חלב פנים אלוורה,מיליליטרים,250.00,"100 מ""ל",false,1,19.90,7.96,true,1,
8436037791550,false,קרם ליפטינג לפניםSPF30 3,RNB,ES,קרם ליפטינג לפני,מיליליטרים,50.00,"100 מ""ל",false,1,49.90,99.80,true,1,
8436037792397,false,"קרם גוף קמומיל 400 מ""ל",RNB,ES,קרם גוף,מיליליטרים,400.00,"100 מ""ל",false,1,19.90,4.98,true,1,
8690604460663,false,מייק אפ בכיסוי מלא 011,PRETTY,TR,מייקאפ כיסוי 011,מיליליטרים,30.00,"100 מ""ל",false,0,26.90,89.67,true,1,
8690604461899,false,ליפסטיק במראה משי 024,PRETTY,TR,ליפסטיק משי 024,יחידה,1.00,יחידה,false,0,15.90,15.90,true,1,
8690604462384,false,ליפסטיק עמיד 005,PRETTY,TR,ליפסטיק עמיד 005,יחידה,1.00,יחידה,false,0,15.90,15.90,true,1,
8690604464517,false,אייליינר ג'ל שחור,PRETTY,TR,אייליינר ג'ל,יחידה,1.00,יחידה,false,0,31.90,31.90,true,1,
8690604466122,false,צללית MATTE SINGLE 001,PRETTY,TR,צללית SINGLE 001,יחידה,1.00,יחידה,false,0,11.90,11.90,true,1,
8690604468263,false,לק זוהר ונוצץ 011,PRETTY,TR,לק זוהר ונוצץ 11,יחידה,1.00,יחידה,false,0,5.90,5.90,true,1,
8690604468317,false,לק זוהר ונוצץ 016,PRETTY,TR,לק זוהר ונוצץ 16,יחידה,1.00,יחידה,false,0,5.90,5.90,true,1,
8690604468379,false,לק זוהר ונוצץ 020,PRETTY,TR,לק זוהר ונוצץ 20,יחידה,1.00,יחידה,false,0,5.90,5.90,true,1,
8690604468386,false,לק זוהר ונוצץ 021,PRETTY,TR,לק זוהר ונוצץ 21,יחידה,1.00,יחידה,false,0,5.90,5.90,true,1,
8690604468409,false,לק זוהר ונוצץ 023,PRETTY,TR,לק זוהר ונוצץ 23,יחידה,1.00,יחידה,false,0,5.90,5.90,true,1,
8690604468485,false,לק במראה מט 006,PRETTY,TR,לק במראה מט 006,יחידה,1.00,יחידה,false,0,5.90,5.90,true,1,
8690604468959,false,סומק במרקם קטיפתי 004,PRETTY,TR,סומק קטיפתי 004,יחידה,1.00,יחידה,false,0,25.90,25.90,true,1,
8690604468973,false,סומק במרקם קטיפתי 006,PRETTY,TR,סומק קטיפתי 006,יחידה,1.00,יחידה,false,0,25.90,25.90,true,1,
8690604599578,false,מסקרה היי דפינשין שחור י,PRETTY,TR,מסקרה היי דפינשי,יחידה,1.00,יחידה,false,1,16.90,16.90,true,1,
8690604599592,false,מסקרה אקסטרה ווליום שחור,PRETTY,TR,מסקרה אקסטרה וול,יחידה,1.00,יחידה,false,1,16.90,16.90,true,1,
8710908778230,false,דאב ת. גוף שמן קוקוס 400 מל,יוניליוור גרמניה,DE,תחליב גוף דאב,מיליליטרים,400.00,"100 מ""ל",false,1,19.90,4.98,true,1,
8718951240742,false,"קולגייט טוטאל משחת שיניים פסים מרעננים 100 מ""ל",איינשטיין-צור יבוא-יצוא וסחר ב,PL,קולגייט טוטל,מיליליטרים,100.00,"100 מ""ל",false,1,15.90,15.90,true,1,
